3958 6166
1484 301 2135 401 ΤΒΑΒΙΤΙΟ
2270 300 3073 408 CATHQLICA.

1747 462 2152 529 SECULUM
2190 464 2293 528 IV.
2340 460 2599 528 ANNUS
2638 461 2776 525 397.

1876 762 2658 880 ELENCIIUS

778 1072 1310 1147 AUCTORUM
1363 1070 1479 1145 ET
1527 1069 1917 1145 OPEBUM
1970 1071 2126 1155 QUI
2175 1071 2265 1145 IN
2319 1071 2509 1146 HOC
2552 1072 2818 1148 TOMO
2880 1075 3009 1146 XV
3055 1072 3730 1151 OONTlNENTUB

1741 1314 2675 1351 ——-——-.0¢-————

2686 1331 2780 1339 ο-..ο

1373 1621 1439 1686 s.
1493 1621 1952 1687 AMBROSIUS
2003 1612 2652 1689 MEDIOLANENSIS
2698 1612 3165 1694 EPISCOPUS.

1820 1763 2125 1858 (OPEBUM
2201 1769 2717 1864 CONTINUATIO.)

683 2001 749 2062 In
806 2000 966 2061 Psal.
999 1998 1238 2061 CXVIII
1269 2000 1579 2077 expositio.

682 2108 1088 2186 Expositionis
1118 2110 1178 2168 in
1207 2106 1595 2183 Evangelium
1627 2106 1957 2166 secundum
1986 2105 2208 2167 Lucam
2242 2109 2375 2167 libri
2407 2105 2482 2167 Χ.

683 2214 1158 2277 Commentarius
1201 2216 1262 2273 in
1308 2211 1550 2273 Cantica
1596 2210 1975 2273 Canticorum
2019 2230 2051 2272 e
2098 2215 2335 2291 scriptis
2376 2211 2436 2273 S.
2485 2211 2809 2289 Ambrosii,
2860 2232 2895 2275 θ.
2939 2213 3255 2277 Guillelmo

768 2324 1068 2399 quondam
1099 2323 1315 2381 abbate
1345 2318 1408 2379 S.
1440 2317 1791 2380 Theodorici
1821 2320 2125 2380 collectus.

685 2429 988 2491 Monitum
1030 2426 1305 2489 editoris.

684 2535 767 2595 De
819 2536 1053 2595 excidio
1104 2535 1269 2592 urbis
1318 2530 1868 2608 Hicrosolymitanaz
1914 2532 2051 2591 libri
2097 2533 2379 2608 quinque.

685 2641 1204 2717 Anacephalzcosis
1233 2640 1493 2699 historica
1522 2640 1593 2698 de
1621 2639 1846 2698 excidio
1878 2639 2045 2697 urbis
2082 2636 2647 2714 Hierosolymitanaa.

687 2745 1153 2809 Concordantiw
1178 2743 1242 2807 S.
1277 2742 1583 2806 Ambrosii
1610 2747 1670 2805 et
1696 2740 1939 2822 Josephi
1974 2741 2050 2804 de
2080 2741 2317 2805 excidio
2340 2740 2508 2805 urbis
2538 2743 3122 2822 Hierosolymitanaa.

687 2852 988 2917 Elenchus
1016 2852 1576 2931 manuscriptorum
1604 2866 1843 2912 necnon
1861 2848 2163 2912 editorum
2183 2847 2474 2923 codicum,
2526 2848 2607 2912 ad
2647 2866 2793 2930 quos
2836 2851 3134 2931 castigata
3161 2855 3305 2914 sunt

759 2977 948 3041 opera
979 2977 1109 3038 qua:
1139 2959 1207 3020 in
1238 2958 1347 3020 hoc
1379 2963 1540 3019 tomo
1586 2956 2003 3019 continentur.

1439 4930 1512 4962 ..υ
1564 4930 1637 4963 ..ο
1682 4936 1701 4951 .

3400 2002 3529 2070 Col.

3698 2006 3725 2067 I
3741 2004 3876 2066 257

3699 2110 3878 2174 1603

3698 2322 3877 2384 1945

3691 2427 3870 2491 2059

3695 2533 3864 2598 2061

3695 2639 3863 2703 23M

3692 2744 3865 2808 2327

3693 2956 3863 3020 2333
