3958 6166
37 5398 87 5523 ῒ

132 236 145 243 ,
238 232 317 243 ,η
591 233 603 239 -
662 236 667 237 ,
820 233 849 241 ν,
904 231 941 237 .7
1032 236 1041 241 _
1228 232 1253 237 7.
1304 232 1321 239 ἦ
1416 232 1424 290 ἑ
1618 232 1625 237 .
1726 238 1731 241 Δ
1838 232 1873 241 ς,
2004 232 2012 291 ἐ
2338 234 2343 237 ς
2408 240 2413 243 ,
2546 236 2554 243 ,
2710 236 2715 240 .
2780 244 2783 247 γ
2879 237 2883 240 .
2934 243 2939 246 _
3418 248 3419 251 η

410 481 584 605 IN
681 479 1282 606 PSALMI
1376 374 1902 605 CXVIII
2001 442 3265 609 EXPOSITIONEM

1474 752 2207 847 ADMONITIO.

1657 963 2022 991 σψ-

221 1142 441 1210 Aperte
469 1154 537 1194 ex
571 1141 685 1192 tota
716 1137 863 1192 serie
891 1136 1063 1207 hujus
1090 1136 1279 1208 operis
1307 1136 1682 1208 intelligimus
1705 1136 1939 1191 beatum
1966 1137 2349 1205 Ambrosium,
2379 1154 2510 1193 cum
2550 1137 2900 1195 Christianos
2928 1154 3043 1197 suae
3073 1156 3223 1197 curas
3248 1140 3514 1200 commis-

146 1243 248 1282 sos
288 1227 592 1299 praeceptis
626 1227 697 1282 ad
734 1226 1150 1297 perfectionem
1191 1225 1535 1281 conditionis
1574 1244 1689 1280 suae
1730 1228 2013 1280 cumulate
2052 1228 2496 1299 comparandam
2537 1229 2871 1284 necessariis
2896 1232 3122 1285 munire
3161 1231 3517 1300 decrevisset,

147 1317 295 1370 nihil
336 1315 406 1369 ad
450 1316 592 1371 illud
631 1316 983 1371 existimasse
1012 1315 1453 1381 conducibilius,
1482 1331 1657 1387 quam
1695 1314 1743 1369 si
1780 1317 2136 1386 psalmorum
2168 1317 2425 1370 omnium
2460 1318 2905 1388 pulcherrimum
2940 1336 3004 1374 ac
3034 1320 3341 1375 moralibus
3373 1321 3515 1393 dog-

148 1406 328 1459 matis
379 1405 820 1460 refertissimum
866 1408 1141 1477 (Pra’fut)
1186 1405 1319 1477 ipsis
1356 1407 1687 1476 exponeret.
1740 1405 2124 1469 Quamobrem
2166 1422 2295 1461 cum
2338 1410 2449 1460 tam
2490 1406 2676 1461 nobile
2713 1415 3120 1479 argumentum
3161 1412 3517 1482 propositum

147 1493 399 1547 haberet
421 1498 648 1548 sanctus
668 1495 891 1561 Doctor,
915 1511 1151 1549 omnem
1180 1494 1400 1566 ingenii
1428 1494 1561 1562 vim,
1586 1511 1818 1550 onmem
1842 1496 1944 1549 sibi
1973 1495 2243 1550 divinitus
2271 1511 2596 1550 concessam
2627 1496 2945 1552 facultatem
2968 1498 3153 1553 eidem
3182 1500 3515 1555 illustrando

146 1583 440 1639 adhibuit.
480 1585 768 1657 Quidquid
808 1585 865 1639 in
907 1602 974 1640 eo
1016 1585 1124 1641 fuit
1162 1585 1525 1658 eloquentiae,
1567 1585 1849 1658 quidquid
1889 1585 2128 1653 ardoris,
2173 1586 2499 1653 modestiae,
2541 1587 2892 1655 humilitatis,
2934 1587 3205 1658 scientiae,
3250 1589 3303 1643 id
3343 1605 3514 1645 omne

144 1677 312 1727 tanto
348 1688 483 1727 cum
519 1674 821 1745 splendore
859 1675 918 1729 in
957 1675 1062 1729 hac
1100 1674 1585 1730 commentatione
1623 1674 1826 1744 elucet,
1854 1677 1919 1729 ut
1947 1691 2014 1729 ea
2044 1675 2337 1730 communi
2368 1675 2827 1731 doctissimorum
2859 1677 3111 1731 virorum
3143 1682 3313 1749 atque
3343 1678 3513 1735 etiam

146 1763 642 1819 heterodoxorum
678 1764 951 1837 suffragio
988 1765 1140 1820 inter
1177 1765 1580 1838 praestantiora
1619 1765 1906 1821 Ambrosii
1948 1764 2127 1821 nostri
2161 1782 2336 1837 opera
2372 1771 2730 1822 numeretur.

221 1853 508 1925 Principio
541 1855 789 1926 quadam
813 1854 1250 1928 praefatiuncula
1278 1855 1436 1929 quasi
1464 1855 1748 1928 praeludit,
1778 1854 1834 1909 in
1878 1872 1992 1927 qua
2028 1855 2365 1927 compendio
2404 1856 2651 1928 explicat
2689 1856 2963 1928 quidquid
2992 1857 3309 1929 generatim
3335 1858 3512 1931 perti-

156 1946 257 1996 net
282 1943 354 1997 ad
380 1943 539 1998 hunc
567 1945 872 2016 psalmum.
908 1946 1046 2000 Hinc
1072 1944 1274 2000 transit
1301 1946 1372 2000 ad
1403 1944 1819 2000 enarrationem
1847 1946 2300 2012 octonariorum,
2332 1946 2391 1999 in
2422 1962 2664 2018 quorum
2704 1945 2898 2001 limine
2926 1945 3227 2002 Hebraicas
3261 1963 3517 2020 quasque

152 2032 376 2086 litteras
415 2033 722 2101 enucleat,
761 2050 889 2105 quae
929 2039 1094 2104 sunt,
1136 2034 1439 2106 ipsiusmet
1472 2034 1827 2104 testimonio,
1872 2035 2021 2090 velut
2075 2035 2227 2089 tituli
2268 2050 2447 2089 eorum
2483 2049 2763 2101 versuum,
2807 2050 2929 2104 qua
2963 2036 3060 2089 sub
3096 2026 3285 2091 iiSdem
3324 2037 3522 2093 litteris

152 2108 510 2177 ascribuntur
546 2122 741 2193 (serm.
787 2124 895 2195 14).
938 2126 1047 2179 Hoc
1086 2127 1280 2178 autem
1322 2123 1564 2195 dignum
1606 2128 1690 2178 est
1728 2123 1882 2195 quod
1930 2123 2281 2188 observetur,
2325 2123 2601 2178 nimirum
2650 2129 2909 2179 sanctum
2955 2124 3281 2180 Antistitem
3328 2125 3517 2196 palam

152 2210 343 2265 facere
384 2227 448 2266 ea
491 2211 611 2283 ipsa
647 2229 778 2284 quae
816 2213 907 2268 hic
946 2230 980 2268 a
1018 2213 1228 2269 Davide
1255 2213 1358 2268 sub
1384 2212 1624 2286 singulis
1656 2212 1912 2269 Hebraici
1937 2213 2222 2285 alphabeti
2254 2213 2554 2268 elementis
2584 2214 2902 2279 traduntur,
2931 2213 3036 2267 sub
3064 2213 3259 2269 iisdem
3288 2230 3518 2286 quoque

151 2316 187 2353 a
214 2300 469 2355 leremia
501 2302 561 2356 in
592 2302 830 2359 Threnis
856 2303 974 2358 suis
1004 2304 1269 2359 describi.
1299 2304 1702 2359 Verumtamen
1737 2308 1869 2359 ante
1902 2320 2224 2360 sermonem
2256 2309 2517 2359 octavum
2546 2320 2671 2359 eam
2702 2319 2817 2359 non
2848 2306 3031 2374 aperit
3060 2305 3518 2375 consensionem,

148 2406 327 2460 quam
355 2390 628 2463 deinceps
657 2393 1083 2449 accuratissime
1115 2392 1189 2448 ad
1216 2393 1387 2449 tinem
1428 2394 1615 2465 operis
1656 2393 2040 2465 prosequitur.
2072 2396 2137 2450 Et
2168 2394 2224 2449 in
2260 2395 2361 2449 hac
2399 2394 2631 2449 demum
2672 2398 2834 2465 parte
2862 2393 3150 2466 copiosius
3179 2394 3518 2450 earumdem

153 2481 483 2535 litterarum
525 2498 757 2537 sensum
797 2483 1078 2539 edisserit.

218 2573 351 2625 Post
390 2572 737 2644 explicatum
773 2574 1228 2647 unumquodque
1268 2576 1689 2631 elementorum
1727 2575 1797 2631 ad
1838 2574 2372 2648 interpretationem
2402 2579 2591 2631 textus
2624 2573 2865 2643 accedit,
2894 2576 2953 2629 et
2982 2576 3174 2629 exacte
3204 2572 3520 2629 admodum

158 2664 281 2714 octo
322 2661 454 2715 illos
494 2678 693 2717 versus
732 2663 829 2734 qui
867 2664 1108 2737 singulis
1145 2664 1250 2720 sub
1289 2665 1591 2721 elementis
1629 2666 2021 2734 continentur,
2062 2665 2264 2720 ordine
2305 2680 2595 2737 quemque
2632 2680 2737 2719 suo
2777 2663 3074 2735 expendit;
3129 2662 3355 2719 tametsi
3395 2662 3521 2720 aliis

160 2749 388 2817 diutius,
420 2751 549 2806 aliis
576 2751 805 2808 brevius
840 2753 1220 2811 immoretur.‘
1242 2755 1430 2810 Primo
1460 2755 1733 2827 proponit
1763 2755 1886 2826 ipsa
1917 2755 2090 2811 verba
2118 2755 2392 2825 cujusque
2422 2770 2629 2822 versus,
2661 2759 2718 2809 et
2745 2754 2792 2808 si
2819 2753 2957 2825 quid
2985 2758 3245 2808 occurrat
3274 2753 3518 2808 varieta-

161 2840 253 2905 tis,
282 2841 399 2895 sive
429 2840 490 2896 in
520 2842 727 2898 Graecis
755 2843 871 2898 sive
899 2844 957 2899 in
989 2844 1199 2900 Latinis
1237 2844 1678 2917 exemplaribus,
1718 2844 1834 2899 sive
1866 2845 2039 2899 etiam
2080 2845 2139 2898 in
2179 2843 2403 2899 diversa
2434 2842 2965 2916 interpretantibus,
2999 2842 3109 2896 hoc
3150 2840 3247 2895 ille
3287 2842 3519 2897 nomine

159 2945 373 3001 magna
413 2930 738 2987 eruditione
777 2934 952 2989 oculis
992 2933 1229 3005 subjecit
1261 2936 1450 3003 (serm.
1485 2936 1536 3003 4,
1571 2938 1655 3003 10,
1694 2938 1755 2990 12
1787 2938 1846 2989 et
1871 2935 1988 3006 al.),
2024 2938 2083 2989 et
2108 2933 2269 3006 quasi
2298 2933 2479 3005 digito
2508 2932 2720 2988 indicat
2751 2922 2936 2987 fontes
2965 2929 3283 2986 istiusmodi
3315 2929 3519 2985 discri-

161 3019 354 3087 minis,
387 3021 544 3093 quod
581 3038 1000 3095 nonnunquam
1030 3024 1436 3080 dissidentibus
1466 3025 1843 3097 interpretum
1876 3023 2265 3096 opinionibus,
2298 3022 2503 3094 smpius
2531 3037 2665 3077 vero
2689 3020 3141 3093 antiquariorum
3169 3019 3519 3091 Scripturam

162 3109 451 3181 imperitia
478 3112 566 3166 vel
596 3112 952 3185 indiligentia
988 3130 1091 3169 sua
1130 3114 1621 3187 corrumpentium
1663 3114 1846 3186 culpae
1884 3115 2147 3169 attribuit
2186 3114 2375 3185 (serm.
2411 3115 2464 3181 4,
2497 3117 2527 3168 5
2554 3118 2611 3167 et
2639 3112 2757 3185 al.).
2799 3113 3034 3184 Insuper
3070 3110 3208 3183 quid
3246 3110 3329 3165 de
3356 3109 3522 3164 variis

163 3198 469 3272 Scriptura:
509 3202 863 3258 versionibus
900 3204 1126 3275 sentiat,
1170 3204 1409 3261 candide
1451 3206 1505 3259 in
1548 3204 1804 3260 medium
1845 3204 2069 3272 profert
2106 3204 2297 3273 (serm.
2332 3207 2385 3270 9,
2420 3207 2504 3271 l7,
2535 3205 2605 3257 20
2645 3205 2704 3257 et
2731 3202 2840 3271 22),
2882 3201 3159 3273 docetque
3199 3200 3391 3270 (serm.
3435 3201 3518 3269 l3)

170 3293 302 3342 tunc
329 3290 606 3360 temporis
643 3290 703 3344 in
741 3291 989 3347 Ecclesia
1026 3294 1387 3364 potissimum
1420 3294 1662 3349 valuisse
1694 3294 1822 3349 LXX
1862 3308 2064 3348 senum
2094 3291 2650 3364 interpretationem.
2685 3290 3061 3345 Nihilominus
3100 3293 3292 3343 tamen
3333 3286 3518 3342 liben-

163 3376 273 3431 tius
313 3378 563 3450 ipsemet
598 3379 865 3436 utebatur
888 3384 1197 3455 exemplari
1225 3400 1327 3439 suo
1356 3384 1550 3439 Graeco
1581 3386 1772 3451 (serm.
1809 3382 1915 3454 l7),
1946 3382 2208 3453 quamvis
2234 3381 2411 3436 etiam
2445 3379 2682 3435 minime
2712 3378 3031 3451 negligeret
3060 3383 3116 3432 et
3146 3377 3256 3431 alia
3279 3377 3521 3433 subinde

164 3468 480 3536 consulere,
511 3471 568 3524 et
597 3469 848 3525 diversas
878 3475 1062 3527 textus
1093 3473 1593 3546 interpretationes
1617 3490 1746 3546 quae
1773 3471 2000 3528 defendi
2027 3487 2195 3544 posse
2224 3470 2415 3543 aliqua
2440 3470 2658 3525 ratione
2686 3468 3038 3535 videbantur,
3069 3481 3412 3539 proponere.

234 3556 349 3610 Etsi
390 3557 581 3613 statim
622 3558 694 3614 ab
734 3560 968 3617 exordio
1009 3562 1180 3634 hujus
1218 3564 1407 3635 operis
1447 3564 1643 3634 (serm.
1694 3563 1742 3635 1)
1774 3578 1888 3617 non
1937 3577 2101 3616 secus
2137 3564 2309 3632 atque
2341 3559 2399 3615 in
2449 3559 2572 3614 aliis
2601 3558 2717 3613 suis
2760 3556 3244 3612 lucubrationibus
3286 3555 3407 3625 (tib.
3450 3560 3523 3612 De

166 3649 316 3702 Isaac
352 3651 405 3702 et
444 3650 582 3711 An.,
620 3665 747 3722 cap.
789 3653 841 3719 4,
882 3667 1043 3706 num.
1086 3654 1178 3719 23,
1220 3654 1445 3720 Praefat.
1486 3655 1544 3707 in
1582 3656 1730 3715 Luc.,
1773 3653 1905 3721 etc.)
1945 3651 2232 3722 triplicem
2267 3649 2571 3720 Scriptura!
2612 3664 2842 3703 sensum
2883 3650 3173 3718 agnoscat,
3203 3646 3522 3699 naturalem

167 3737 278 3791 sive
319 3736 675 3808 historicum,
716 3741 1042 3811 mysticum,
1075 3747 1131 3797 et
1158 3743 1458 3810 moralem,
1501 3742 1754 3814 primum
1785 3747 1979 3797 tamen
2013 3742 2106 3796 hic
2146 3758 2263 3795 non
2297 3740 2578 3811 sequitur,
2620 3738 2933 3794 secundum
2968 3736 3249 3808 percurrit
3277 3734 3408 3789 satis
3436 3735 3519 3789 le-

170 3826 328 3897 viter,
356 3826 458 3880 sed
499 3828 883 3900 exsculpendo
918 3830 1376 3903 illustrandoque
1418 3832 1584 3887 tertio
1621 3834 1776 3886 totus
1815 3830 2116 3887 incumbit.
2145 3830 2335 3901 Neque
2366 3845 2499 3884 vero
2530 3844 2709 3883 causae
2740 3827 2848 3881 illa:
2877 3825 3081 3898 quibus
3107 3824 3179 3878 ad
3206 3823 3521 3878 ineundum

168 3914 271 3969 hoc
298 3915 596 3971 consilium
628 3917 894 3974 inductus
922 3920 1028 3976 fuit
1054 3921 1113 3977 S.
1140 3921 1495 3986 Ambrosius,
1530 3921 1833 3976 difﬁculter
1861 3920 2052 3976 aﬂ'erri
2084 3923 2342 3992 possunt,
2370 3917 2653 3991 siquidem
2685 3917 2804 3988 ipse
2843 3931 2960 3970 non
3000 3911 3179 3968 semel
3218 3911 3523 3967 afﬁrmavit

172 4010 360 4071 tserm.
408 4009 457 4071 l,
505 4008 567 4061 l3
606 4011 663 4061 et
700 4006 823 4075 al.‘,
862 4009 1116 4080 quamvis
1156 4011 1429 4081 mysticus
1468 4026 1665 4065 sensus
1701 4009 1917 4065 acutior
1965 4009 2058 4079 sit,
2099 4008 2375 4063 moralem
2416 4010 2611 4061 tamen
2654 4003 2837 4060 multo
2878 4004 3197 4059 suaviorem
3238 3999 3520 4072 acceptio-

177 4110 404 4166 remque
442 4112 564 4151 esse
604 4099 817 4170 pOpulo
857 4101 1048 4170 (serm.
1094 4104 1201 4170 13),
1241 4100 1335 4173 qui
1380 4099 1702 4156 uberiorem
1749 4101 1808 4155 in
1854 4116 1921 4155 eo
1966 4098 2069 4153 sibi
2121 4097 2358 4171 praeberi
2407 4096 2669 4152 utilitatis
2715 4098 2973 4167 segetem
3021 4088 3418 4163 cognoscebat.
3461 4090 3521 4145 In

172 4186 322 4240 hunc
359 4186 537 4257 igitur
573 4203 803 4242 sensum
842 4205 1041 4245 omnes
1080 4190 1297 4261 ingenii
1337 4191 1422 4245 sui
1462 4207 1661 4245 nervos
1701 4188 1966 4256 intendit,
2013 4187 2459 4260 Christianisque
2513 4185 2770 4258 praecipit
2815 4200 2929 4257 qua
2968 4183 3186 4237 ratione
3223 4179 3521 4251 pervenire

166 4273 395 4330 valeant
422 4275 494 4329 ad
525 4291 859 4348 suprenmm
888 4279 1128 4350 gradum
1160 4279 1548 4352 perfectionis.
1585 4280 1701 4336 Illic
1729 4277 2046 4335 incredibili
2076 4277 2278 4332 ardore
2307 4277 2484 4332 animi
2512 4276 2569 4330 in
2600 4273 2885 4347 praecipua
2915 4276 2969 4328 et
2996 4270 3243 4325 maxime
3272 4283 3523 4323 commu-

165 4364 260 4418 nia
301 4363 662 4436 temporibus
698 4366 815 4421 suis
850 4368 988 4423 vitia
1026 4368 1334 4423 invehitur.
1375 4368 1483 4424 Sed
1521 4386 1626 4423 nec
1664 4368 1801 4441 ipsis
1838 4367 1984 4423 sacri
2013 4367 2205 4424 altaris
2232 4367 2419 4439 parcit
2449 4365 2727 4421 ministris
2757 4380 2769 4418 :
2798 4379 2939 4435 quos
2965 4359 3199 4432 quidem
3229 4358 3301 4414 ob
3325 4355 3524 4429 culpas

165 4470 298 4527 qua!
337 4469 450 4508 non
489 4454 570 4509 ita
607 4472 806 4527 graves
845 4456 1204 4525 videbantur,
1246 4458 1367 4514 loco
1408 4475 1510 4513 suo
1551 4476 1617 4514 ac
1654 4458 1932 4530 dignitate
1968 4457 2221 4512 abdicari
2252 4456 2472 4511 volebat
2509 4456 2704 4526 (serm.
2737 4457 2770 4508 2
2809 4458 2866 4507 et
2903 4452 3018 4522 aL),
3052 4448 3285 4503 nimiam
3324 4461 3522 4502 eorum

164 4542 265 4614 qui
317 4558 376 4596 se
418 4542 574 4614 justo
626 4545 908 4601 molliores
955 4546 1349 4619 peccatoribus
1400 4548 1735 4604 exhiberent
1780 4546 2230 4619 indulgentiam,
2270 4544 2373 4600 sed
2422 4544 2572 4599 haud
2613 4544 2803 4599 minus
2842 4541 3071 4596 illorum
3108 4537 3202 4611 qui
3244 4534 3347 4591 sibi
3385 4536 3522 4607 ipsis

164 4632 390 4685 remissi
445 4631 780 4703 rigidiorem
828 4633 1099 4691 adversus
1148 4637 1287 4692 alios
1342 4653 1643 4692 censuram
1700 4638 2063 4703 exercerent,
2119 4635 2477 4689 severitatem
2525 4633 2809 4689 damnans
2848 4630 3038 4704 (serm.
3080 4631 3146 4698 4,
3188 4631 3260 4700 5).
3303 4628 3525 4684 [bidem

160 4724 333 4778 etiam
363 4722 603 4789 Judaaos,
638 4729 807 4796 atque
838 4724 1137 4782 haereticos
1165 4732 1223 4783 et
1249 4727 1491 4784 Arianos
1526 4727 1814 4801 imprimis
1841 4726 2195 4799 aggreditur,
2228 4724 2694 4796 demonstratque
2730 4722 2918 4795 (serm.
2946 4723 3032 4789 22)
3066 4719 3293 4775 illorum
3336 4719 3521 4775 haeres

162 4815 267 4866 sim
304 4811 437 4866 hinc
475 4813 772 4882 scaturire,
815 4813 970 4886 quod
1006 4816 1482 4889 philosophorum
1521 4834 1584 4872 ac
1630 4817 1875 4872 maxime
1918 4814 2403 4871 Aristotelicorum
2450 4814 2703 4885 argutias
2738 4817 2795 4867 et
2836 4810 3289 4883 vitilitigationes
3331 4811 3524 4864 essent

162 4903 358 4957 secuti.
400 4902 651 4974 Denique
689 4919 890 4960 eorum
929 4905 1029 4977 qui
1067 4906 1246 4979 plagii
1286 4907 1633 4964 accusabant
1669 4906 1975 4979 scriptores
2014 4909 2260 4972 nostros,
2308 4903 2465 4977 quod
2501 4903 2778 4959 librorum
2815 4916 3047 4957 suorum
3084 4896 3522 4971 praeclarissima

168 5008 404 5064 quaeque
442 4993 498 5047 in
538 4992 806 5063 operibus
843 4993 1315 5067 philosOphorum
1358 4996 1776 5068 compilassent,
1808 4993 2177 5050 mendacium
2217 4992 2371 5066 quod
2407 4991 2541 5049 alibi
2580 4993 2773 5064 (serm.
2817 4994 2871 5062 2,
2910 4994 2967 5048 et
2995 4987 3145 5059 alibi)
3184 5003 3298 5042 non
3339 4983 3519 5042 semel

172 5083 498 5154 impugnat,
541 5081 632 5137 hic
669 5081 840 5138 etiam
880 5083 1089 5140 refellit
1130 5084 1245 5157 (lib.
1286 5089 1361 5141 De
1398 5087 1680 5142 Abraham
1731 5085 2037 5141 Patriarch.
2079 5088 2137 5139 et
2176 5089 2341 5156 seq.).

244 5170 446 5226 lntexit
468 5172 622 5227 hisce
645 5173 913 5228 omnibus
940 5174 1112 5247 longe
1142 5175 1461 5232 maximam
1494 5176 1710 5235 Cantici
1744 5176 2097 5231 canticorum
2126 5181 2371 5247 partem,
2400 5175 2560 5249 cujus
2586 5174 2679 5231 hic
2710 5173 3000 5247 mysteria,
3030 5169 3174 5225 sicut
3195 5165 3328 5222 alibi
3355 5165 3517 5223 dixe-

170 5261 260 5314 rat
296 5259 412 5331 (lib.
450 5264 521 5317 De
548 5263 701 5319 Isaac
729 5269 782 5319 et
807 5264 944 5330 Am,
970 5280 1096 5337 cap.
1127 5266 1181 5335 4,
1209 5282 1373 5321 num.
1408 5268 1517 5340 17),
1558 5266 1919 5340 potissimum
1959 5265 2031 5321 de
2071 5265 2314 5322 Ecclesia
2350 5266 2779 5339 interpretatur.
2814 5265 3018 5319 Verum
3060 5273 3174 5314 non
3203 5254 3518 5311 admodum

164 5356 420 5405 accurate
456 5349 587 5408 huic
624 5351 829 5408 insistit
855 5354 1215 5427 expositioni.
1246 5354 1543 5428 Siquidem
1575 5359 1960 5430 prmterquam
1986 5355 2140 5428 quod
2168 5354 2227 5410 in
2256 5353 2516 5428 pluribus
2557 5355 2716 5410 illam
2750 5348 3102 5407 sermonibus
3132 5345 3303 5419 plane
3343 5344 3516 5400 omit-

168 5440 251 5507 tit,
284 5440 543 5513 ejusdem
583 5442 726 5498 sacri
764 5444 1065 5502 voluminis
1102 5461 1220 5502 non
1271 5446 1377 5501 nisi
1422 5447 1569 5504 circa
1615 5447 1841 5503 initium
1878 5462 1942 5501 ac
1980 5446 2153 5501 tinem
2192 5446 2376 5501 ordini
2416 5446 2677 5501 inhaeret.
2720 5444 2783 5497 In
2820 5438 3053 5511 reliquis
3090 5434 3351 5509 praedicti
3389 5432 3521 5490 libri

168 5533 487 5591 testimonia
521 5535 654 5592 hinc
692 5536 827 5595 inde
865 5555 937 5594 ex
975 5539 1141 5595 variis
1178 5540 1456 5613 capitibus
1494 5541 1676 5613 petita
1712 5556 1781 5596 eo
1820 5542 2043 5596 tantum
2082 5538 2306 5607 laudat,
2348 5541 2411 5593 ut
2450 5536 2672 5592 illorum
2719 5527 3054 5585 auctoritate
3093 5543 3185 5583 res
3222 5524 3519 5598 proposita

172 5626 475 5682 astruatur.
503 5625 870 5700 Quapropter
895 5627 1137 5685 minime
1164 5627 1387 5687 dubitat
1417 5629 1620 5688 eadem
1650 5630 1861 5687 iterum
1889 5646 1955 5685 ac
1985 5628 2154 5685 tertio
2181 5628 2443 5701 allegare.
2485 5625 2625 5681 Cum
2664 5634 2798 5676 vero
2836 5618 3172 5676 Christiane.-
3211 5613 3515 5689 perfectioo

172 5711 257 5768 nis
281 5715 840 5775 consummationem
868 5719 1073 5777 eodem
1105 5721 1327 5795 psalmo
1366 5720 1645 5781 contineri
1684 5725 2058 5779 asseverasset
2099 5720 2287 5791 (serm.
2333 5719 2419 5782 13.
2460 5714 2571 5788 21),
2610 5711 2759 5770 hanc
2794 5707 3247 5767 lucubrationem
3285 5702 3516 5760 concluo

176 5800 253 5859 dit
290 5808 481 5871 (serta.
506 5806 597 5878 22)
626 5809 959 5882 exponendo
1007 5811 1265 5868 ultimam
1307 5816 1530 5887 partem
1558 5811 1939 5882 Canticorum,
1970 5812 2026 5869 in
2058 5825 2170 5885 qua
2208 5807 2420 5884 nuptice
2463 5803 2745 5883 spiritales
2782 5800 2947 5873 Verbi
2989 5814 3119 5859 cum
3150 5796 3363 5887 ερρωε
3394 5807 3514 5865 "1°:

407 5897 658 5971 ΡΑτιιοι.
705 5898 806 5966 xv
850 5901 1007 5991 (le
1053 5920 1189 5974 PARS
1232 5881 1362 5994 IL).
1926 5881 1930 5882 ί

1926 5881 2094 5885 ί’
2295 5881 2306 5884 ⁷
2503 5881 2508 5883 ’
3179 5881 3254 5953 40

54 5978 272 6134 θεῖ’)Κ

3600 1996 3617 2025 /
