3958 6166
502 259 636 311 4259
1308 234 1311 235 ⁷
1642 288 1647 293 .
1967 244 2065 299 ς..

2293 200 2419 299 διι’
3296 282 3299 289 .
3394 319 3403 325 ⁵
3712 210 3856 297 αῆυο’

496 395 601 434 nec
641 391 756 432 non
801 372 1003 429 intima
1046 369 1301 441 ejusdem
1328 384 1458 425 cum
1488 367 1585 423 illa
1626 366 1983 438 conjunctio;
2019 383 2145 438 quae
2185 383 2274 422 res
2313 367 2545 439 plenam
2587 364 3047 437 cumulatamque
3083 362 3493 437 perfectionem
3534 364 3838 433 constituit,

496 465 913 523 describuntur.
944 459 1063 525 Qua
1091 458 1325 531 quidem
1350 457 1619 513 coronide
1647 462 1762 512 tam
1790 456 2063 528 praeclaro
2088 456 2246 528 operi
2277 472 2390 511 non
2416 458 2645 526 poterat
2675 456 2887 528 apponi
2922 454 3185 510 nobilior.

566 555 743 626 Hujus
767 550 894 606 libri
918 548 1308 606 excellentiam
1343 546 1602 618 agnoscit
1628 546 1872 603 Dallzeus
1900 546 2016 617 (lib.
2050 549 2123 601 De
2158 550 2263 603 Usu
2301 548 2550 609 Patrum,
2580 560 2714 617 pag.
2748 545 2894 617 248),
2926 544 3023 601 ubi
3048 545 3130 599 ait
3158 562 3171 601 :
3204 545 3351 615 Opus
3381 546 3522 601 alias
3550 551 3835 618 prmstuns,

402 700 412 715 ,
494 649 545 702 et
568 644 875 714 eloquentia
910 655 1153 709 saneque
1183 638 1431 693 doctrina
1469 639 1752 705 refertum,
1790 638 2035 708 lectaque
2072 637 2206 691 adeo
2245 637 2618 707 dignissimum
2650 654 2666 690 :
2697 635 2878 691 nihilo
2914 637 3109 690 tamen
3153 636 3335 691 secius
3369 635 3557 690 eidem
3585 636 3694 690 alio
3717 636 3837 690 loco

492 734 704 789 erroris
749 734 944 786 notam
979 728 1152 783 audet
1187 727 1433 794 inurere,
1474 742 1732 781 asserens
1758 727 1939 797 (ibid.,
1985 742 2133 798 pag..
2156 726 2281 795 270)
2319 725 2434 781 illic
2470 724 2830 780 Ambrosium
2866 725 3119 797 vestigiis
3150 725 3343 780 Hilarii
3378 728 3606 781 sanctos
3643 741 3837 780 omnes

492 830 805 895 antequam
849 819 949 875 Dei
991 818 1254 873 frnantur
1302 822 1627 888 conspectu,
1664 816 1913 871 ﬂammis
1958 814 2266 887 expiandos
2296 831 2417 870 esse
2449 815 2812 888 praedicantis
2840 814 3122 871 insistere.
3149 815 3317 871 Addit
3343 814 3524 887 (ibid,
3555 830 3683 887 pag.
3718 817 3835 885 248)

492 929 697 986 parum
733 910 1052 966 modestam
1090 906 1241 961 illius
1269 905 1407 960 dum
1443 906 1503 959 in
1545 906 1863 979 allegoricis
1891 904 2466 978 interpretationibus
2497 905 2659 976 ludit,
2700 905 2993 961 licentiam
3039 920 3180 960 esse.
3224 906 3515 961 Postremo
3557 904 3741 976 ipsum
3781 905 3835 959 in

490 1000 837 1076 explicandis
860 998 1062 1055 litteris
1106 995 1390 1053 Hebraicis
1430 1012 1663 1051 narrare
1710 996 1888 1067 (ibid,
1931 1011 2067 1067 pag.
2098 997 2222 1066 244)
2250 995 2557 1051 lectoribus
2596 995 2713 1050 suis
2742 1011 2899 1052 mera
2927 996 3165 1051 somnia.
3209 996 3415 1051 Verum
3442 994 3535 1049 ille
3571 993 3631 1049 in
3658 992 3837 1049 tribus

490 1094 644 1149 hisce
671 1089 947 1163 capitibus
973 1102 1134 1160 aeque
1162 1087 1393 1159 iniquus
1421 1089 1522 1141 est.
1564 1086 1723 1151 Quod
1762 1085 1917 1140 enim
1959 1086 2029 1141 ad
2075 1085 2351 1157 primum,
2381 1089 2553 1142 erunt
2586 1086 2823 1142 fortasse
2861 1086 2960 1158 qui
3000 1102 3134 1141 eum
3164 1102 3281 1141 non
3320 1085 3456 1140 satis
3490 1083 3836 1139 cohaerentia

488 1186 747 1241 locutum
775 1181 983 1249 dicant,
1019 1178 1228 1251 quippe
1257 1177 1356 1249 qui
1384 1194 1525 1248 opus
1552 1176 1691 1232 illud
1720 1193 1860 1232 sana
1888 1175 2147 1232 doctrina
2185 1177 2462 1232 refertum
2502 1177 2693 1250 palam
2731 1176 2802 1231 sit
2838 1176 3144 1248 professus.
3179 1177 3288 1231 Nos
3325 1191 3460 1230 vero
3498 1190 3626 1246 quae
3665 1173 3837 1229 fuerit

491 1273 667 1334 sancti
696 1271 811 1326 Viri
835 1271 905 1327 de
937 1270 1040 1325 hoc
1066 1270 1188 1341 ipso
1219 1266 1401 1340 capite
1432 1267 1732 1337 sententia,
1756 1266 1877 1338 jam
1907 1265 2331 1322 declaravimus.
2361 1269 2645 1324 Caeterum
2689 1266 2737 1321 si
2773 1267 2879 1322 hoc
2906 1267 2966 1322 in
3002 1282 3173 1338 opere
3218 1266 3423 1322 Dallaao
3464 1269 3672 1337 praeter
3715 1280 3833 1319 me-

488 1368 778 1419 moratum
819 1375 1077 1416 errorem
1114 1357 1254 1413 nihil
1297 1356 1577 1428 displicet,
1610 1372 1742 1412 eum
1781 1361 1950 1429 atque
1990 1356 2131 1412 alios
2169 1356 2425 1433 ejusdem
2465 1373 2594 1412 cum
2636 1358 2756 1428 ipso
2780 1357 3217 1413 communionis
3257 1356 3637 1424 obsecramus,
3663 1362 3729 1411 ut
3767 1356 3835 1411 de

489 1453 661 1509 sacris
701 1449 904 1506 nostris
943 1447 1247 1521 mysteriis,
1287 1462 1351 1501 ac
1388 1445 1672 1519 imprimis
1712 1445 1782 1501 de
1823 1452 2181 1503 sacrosancta
2220 1447 2571 1502 Eucharistia
2612 1448 2804 1518 (serm.
2836 1450 2890 1515 8,
2934 1448 3020 1514 14,
3056 1451 3140 1516 15,
3178 1450 3240 1502 16
3270 1452 3326 1503 et
3360 1447 3442 1519 18)
3488 1444 3596 1518 ipsi
3634 1445 3835 1501 eadem

490 1559 620 1615 quae
659 1540 853 1596 doctor
887 1542 1105 1605 noster,
1146 1539 1204 1591 et
1241 1535 1499 1606 credant,
1541 1541 1598 1592 et
1634 1536 1965 1609 loquantur.
1998 1538 2239 1593 Tantum
2279 1536 2513 1591 demum
2552 1534 2804 1608 profecto
2835 1536 3212 1608 contingeret,
3246 1540 3307 1592 ut
3331 1536 3516 1592 soluto
3548 1534 3836 1590 divisionis

488 1642 653 1687 muro
691 1630 919 1701 utrique
959 1626 1163 1683 eadem
1202 1625 1314 1681 fide
1345 1625 1745 1697 jungeremur.
1786 1626 1944 1691 Quod
1983 1632 2180 1681 autem
2218 1626 2289 1682 ad
2326 1626 2634 1682 secundam
2672 1626 3118 1695 accusationem,
3158 1626 3405 1682 fatemur
3439 1624 3672 1698 quidem
3704 1641 3833 1681 cum

465 1716 761 1793 ‘Gregorio
790 1718 1023 1773 Nazian.
1052 1731 1338 1772 excessum
1370 1714 1820 1787 improbandum
1860 1731 1980 1771 esse
2013 1715 2071 1771 in
2106 1715 2427 1787 allegoriis;
2458 1716 2558 1772 sed
2582 1716 2674 1793 vix
2701 1716 2878 1772 ullum
2909 1732 2979 1772 ex
3008 1715 3391 1771 Ambrosianis
3416 1714 3682 1787 operibus
3714 1732 3833 1771 esse

488 1810 912 1877 contendimus,
945 1808 1003 1863 in
1042 1808 1189 1881 quod
1230 1822 1344 1861 non
1384 1806 1544 1862 cadat
1566 1806 1774 1878 justius
1811 1823 1987 1879 quam
2030 1807 2089 1861 in
2128 1807 2257 1878 hoc,
2298 1806 2619 1863 istiusmodi
2647 1806 2990 1863 criminatio.
3024 1807 3083 1862 Id
3122 1823 3253 1863 sane
3280 1805 3413 1862 hinc
3440 1806 3832 1879 planissimum

390 1964 399 1975 κ
486 1904 568 1971 ﬁt,
602 1900 756 1974 quod
792 1914 1078 1970 nusquam
1118 1896 1271 1965 alibi,
1315 1899 1377 1951 ut
1406 1896 1529 1967 jam
1571 1895 1783 1951 dictum
1823 1904 1928 1967 est,
1968 1896 2140 1952 latius
2188 1896 2248 1953 in
2297 1896 2502 1952 morali
2544 1897 2896 1969 expositione
2935 1898 3211 1969 spatietur
3247 1898 3302 1955 S.
3341 1898 3607 1965 Antistes,
3648 1914 3832 1970 neque

488 1992 793 2063 mysticum
821 1990 935 2044 sive
964 1986 1333 2058 allegoricum
1361 2001 1592 2041 sensum
1619 1986 1727 2041 nisi
1756 1986 1941 2043 obiter
1967 1987 2232 2058 attingat,
2262 1988 2401 2060 quin
2430 1987 2547 2044 imo
2589 2004 2658 2044 ex
2698 1988 2834 2061 ipsis
2867 1988 3108 2044 Canticis
3145 1987 3561 2060 pulcherrimas
3606 2005 3830 2045 morum

463 2079 972 2136 instituendorum
1015 2081 1179 2131 eruat
1214 2075 1650 2147 praeceptioues.
1691 2075 1949 2147 Denique
1990 2077 2142 2147 quod
2177 2075 2442 2148 objicitur
2480 2077 2551 2133 de
2590 2079 3012 2134 elementorum
3047 2064 3450 2134 Hebraicorum
3493 2077 3829 2151 interpreta-

478 2174 656 2243 tione,
684 2172 794 2227 boc
821 2185 933 2224 non
963 2167 1234 2221 validiore
1266 2164 1368 2220 niti
1397 2156 1759 2221 firmamento
1786 2166 1855 2220 ad
1883 2165 2131 2221 litteram
2163 2166 2339 2238 Aleph
2360 2167 2901 2224 demonstrabimus.

555 2265 711 2320 Hunc
750 2260 958 2316 librum
999 2260 1256 2313 constare
1294 2256 1666 2312 concionibus
1705 2273 1845 2329 quas
1881 2256 2208 2313 Ambrosius
2236 2258 2307 2313 ad
2346 2258 2826 2315 Mediolanensem
2855 2261 3129 2332 populum
3161 2259 3322 2329 dixit,
3356 2260 3588 2317 minime
3629 2261 3827 2317 obscu-

480 2360 607 2413 rum
650 2356 753 2409 est.
794 2350 1071 2406 Evincunt
1099 2347 1204 2402 hoc
1232 2346 1350 2419 ipse
1378 2345 1636 2402 dictionis
1665 2347 1864 2418 stylus,
1900 2348 2152 2403 locorum
2180 2346 2387 2403 iisdem
2414 2348 2613 2405 diebus
2642 2366 2707 2405 ex
2742 2353 2985 2422 utnoque
3024 2351 3384 2406 Testamento
3424 2352 3483 2406 in
3521 2351 3829 2423 synaxibus

481 2448 851 2505 recitatorum
878 2439 1179 2495 citationes
1206 2438 1396 2508 (serm.
1431 2440 1483 2505 3,
1516 2442 1572 2492 et
1598 2437 1730 2493 alibi
1762 2438 2015 2510 passim),
2049 2437 2473 2510 expressissima
2509 2440 2740 2495 tandem
2780 2440 2947 2495 verba
2983 2440 3246 2495 Prcesulis
3282 2441 3457 2495 nostri
3498 2444 3686 2511 (serm.
3725 2444 3822 2513 14).

479 2540 687 2593 Verum
718 2530 1002 2588 difﬁcilius
1027 2527 1202 2583 fuerit
1227 2530 1489 2595 statuere,
1516 2531 1711 2581 utrum
1735 2526 1960 2598 singula
1987 2527 2278 2584 octonaria
2305 2528 2515 2600 singuli
2542 2545 2836 2585 sermones
2864 2530 3331 2601 complectantur.
3364 2530 3423 2587 Si
3447 2532 3825 2603 quorumdam

476 2625 861 2701 prolixitatem
908 2634 1041 2674 cum
1087 2616 1360 2672 brevitate
1412 2616 1653 2670 aliorum
1708 2632 2142 2689 componamus,
2183 2618 2584 2690 rationemque
2622 2624 2743 2674 tum
2784 2619 3120 2675 diversitatis
3166 2622 3657 2692 argumentorum,
3702 2625 3819 2676 tum

474 2717 763 2773 variarum
804 2707 1290 2780 interruptionum
1329 2705 1899 2780 resumptionumque
1939 2707 2265 2763 habendam
2305 2712 2592 2780 putemus,
2632 2708 2792 2764 haud
2830 2709 3027 2781 iniquo
3061 2709 3254 2764 animo
3293 2709 3384 2765 his
3422 2710 3819 2780 assentiemur,

458 2792 571 2880 'qui
611 2801 1032 2861 octonariorum
1073 2795 1349 2852 nonnulla
1386 2812 1501 2851 non
1541 2795 1709 2851 unico
1746 2812 2011 2852 sermone
2052 2801 2290 2853 tractata
2326 2798 2521 2867 fuisse,
2563 2797 2989 2854 existimabunt.
3030 2798 3141 2854 Sed
3174 2815 3319 2855 cum
3344 2815 3477 2855 mss.
3521 2816 3722 2856 omnes
3759 2817 3819 2855 ac

472 2895 607 2953 edit.
648 2892 898 2964 antiquas
937 2887 1165 2945 eosdem
1217 2901 1507 2942 sermones
1561 2887 1872 2942 secundum
1923 2887 2324 2943 Hebraicorum
2376 2889 2793 2944 elementorum
2850 2888 3181 2944 divisionem
3232 2888 3560 2945 distributos
3613 2890 3818 2962 ubique

472 2972 801 3050 exhibeant,
829 2984 1001 3052 atque
1027 2977 1170 3033 adeo
1197 2976 1555 3031 simillimum
1580 2977 1697 3032 veri
1724 2978 1797 3031 sit
1821 2977 2185 3033 Ambrosium
2212 2977 2404 3050 ipsum
2433 2979 2643 3045 hancce
2671 2980 3234 3048 commentationem,
3261 2995 3392 3034 cum
3429 2979 3583 3035 illam
3615 2980 3817 3036 descri-

469 3077 649 3145 beret,
688 3072 798 3127 hoc
835 3069 1034 3125 ordine
1071 3066 1449 3134 constituisse,
1488 3066 1632 3121 nihil
1671 3066 1778 3122 hac
1815 3067 1875 3122 in
1912 3071 2077 3140 parte
2126 3071 2416 3124 mutatum
2462 3068 2763 3125 voluimus.
2805 3071 3086 3125 Caeterum
3133 3068 3438 3126 dicendum
3486 3070 3597 3125 erit
3637 3070 3821 3144 operis

468 3166 643 3237 hujus
680 3158 1195 3235 praefatiunculam,
1241 3172 1370 3228 quae
1409 3161 1561 3213 certe
1600 3156 1828 3213 brevior
1866 3162 1970 3228 est,
2021 3174 2194 3231 quam
2235 3161 2299 3214 ut
2343 3158 2683 3215 concionem
2720 3175 2879 3214 suam
2918 3159 3034 3214 sola
3069 3159 3375 3229 contineat,
3413 3160 3501 3215 vel
3542 3176 3658 3215 una
3694 3176 3818 3215 cum

400 3252 409 3253 ί
468 3254 643 3331 primi
683 3249 960 3309 octonarii
992 3247 1373 3320 explicatione
1402 3246 1830 3319 pronuntiatam
1864 3248 2060 3319 fuisse,
2091 3246 2181 3303 vel
2218 3250 2417 3321 postea
2455 3247 2701 3304 aliorum
2738 3264 3072 3304 sermonum
3113 3248 3286 3321 capiti
3309 3248 3379 3304 ab
3408 3248 3654 3320 ipsomet
3689 3254 3817 3307 Am-

464 3344 651 3404 brosio
689 3341 1135 3416 superadditam.

540 3432 953 3509 Inquirendum
976 3431 1101 3503 jam
1132 3445 1377 3503 quonam
1408 3432 1666 3502 tempore
1694 3430 1921 3487 eosdem
1951 3428 2023 3485 ad
2053 3430 2329 3503 populum
2368 3430 2638 3487 habuerit
2674 3430 2730 3488 S.
2772 3430 3098 3506 Episcopus.
3140 3431 3373 3487 Constat
3412 3431 3608 3504 procul
3650 3431 3816 3489 dubio

468 3526 608 3585 illud
636 3529 949 3596 antequam
982 3521 1191 3576 librum
1224 3523 1297 3577 De
1333 3522 1488 3576 Isaac
1525 3525 1576 3576 et
1614 3524 1805 3577 Anima
1833 3520 2051 3575 ibidem
2088 3519 2399 3593 allegatum
2442 3522 2586 3594 (cap.
2620 3522 2674 3589 4,
2707 3538 2869 3577 num.
2905 3522 2989 3594 17)
3019 3521 3311 3591 scriberet,
3340 3522 3589 3578 evenisse
3623 3540 3637 3578 :
3669 3523 3816 3577 hunc

464 3623 657 3674 autem
687 3615 897 3671 librum
925 3629 1075 3669 anno
1102 3611 1330 3668 circiter
1353 3613 1455 3667 387
1484 3610 1544 3667 in
1573 3611 1757 3667 lucem
1786 3610 2005 3668 editum
2039 3611 2404 3683 probavimus
2432 3612 2742 3683 (Admonit.
2774 3613 2833 3667 in
2860 3611 2959 3668 lib.
2994 3615 3068 3668 De
3094 3615 3248 3669 Isaac
3284 3617 3334 3668 et
3371 3612 3620 3685 Anima).
3666 3614 3813 3668 Prae-

463 3714 621 3766 terea
659 3705 868 3761 ibidem
908 3702 1070 3760 citari
1097 3702 1366 3758 videntur
1400 3703 1594 3773 (serm.
1631 3704 1711 3771 14)
1745 3702 1922 3773 ipsius
1949 3702 2009 3758 in
2041 3704 2413 3775 Evangelium
2443 3703 2604 3759 Lucae
2635 3703 3040 3759 commentarii
3067 3719 3209 3776 quos
3240 3704 3436 3776 opinio
3466 3705 3816 3777 probabilior

460 3799 532 3855 ad
558 3812 773 3854 annum
800 3797 904 3850 386
933 3793 1129 3848 refert.
1156 3791 1240 3848 Ad
1266 3792 1390 3847 haec
1416 3791 1589 3847 etiam
1616 3793 1831 3849 mentio
1863 3793 1925 3847 fit
1950 3792 2144 3865 (serm.
2179 3796 2227 3864 6)
2257 3793 2626 3850 anniversarii
2664 3794 2794 3849 festi
2833 3799 3152 3866 martyrum
3181 3793 3427 3850 Gervasii
3464 3798 3640 3867 atque
3678 3798 3809 3851 Pro-

463 3888 612 3960 tasii,
639 3901 882 3959 quorum
916 3900 1073 3939 sacra
1104 3881 1325 3954 lipsana
1353 3882 1457 3937 sub
1485 3899 1702 3937 annum
1729 3885 1831 3939 385
1864 3887 1963 3938 aut
1990 3882 2251 3954 proxime
2277 3887 2613 3956 sequentem
2646 3884 2874 3940 inventa
2905 3888 3056 3939 sunt.
3089 3883 3251 3941 Unde
3282 3885 3510 3956 colligas
3538 3885 3807 3941 eximium

461 3982 612 4036 hunc
651 3978 834 4032 fetum
875 3974 1024 4030 circa
1062 3973 1217 4028 idem
1247 3974 1475 4045 tempus
1500 3972 1799 4045 prodiisse.
1832 3974 1942 4027 Hoc
1971 3972 2157 4044 ipsum
2183 3972 2316 4029 hinc
2342 3990 2571 4046 quoque
2600 3974 2822 4030 videtur
2846 3973 3188 4045 confirmari,
3217 3974 3368 4047 quod
3393 3974 3802 4030 inflammatum

460 4066 723 4140 martyrii
761 4063 1107 4120 desiderium
1146 4063 1241 4117 Vir
1278 4066 1506 4118 sanctus
1556 4080 1673 4134 prce
1724 4081 1784 4118 se
1834 4063 1974 4119 ferat
2009 4063 2077 4118 iis
2116 4063 2297 4119 verbis
2344 4065 2534 4134 (serm.
2591 4066 2701 4137 21),
2757 4081 2885 4136 quae
2940 4071 3165 4137 tempus
3202 4064 3338 4120 illud
3379 4065 3513 4120 satis
3553 4065 3807 4121 indicent

458 4154 736 4229 ejusmodi
775 4154 970 4220 fuisse,
998 4169 1099 4224 per
1127 4151 1279 4224 quod
1309 4152 1568 4223 martyrii
1601 4152 1795 4224 palma
1826 4152 1997 4208 etiam
2034 4158 2157 4209 tum
2195 4153 2494 4225 obtingere
2531 4148 2722 4226 posset
2751 4171 2763 4208 :
2794 4154 2945 4226 quod
2984 4159 3113 4226 apte
3141 4170 3509 4226 congrueque
3545 4155 3617 4211 ad
3657 4156 3805 4210 insa-

455 4248 668 4305 nientis
693 4247 753 4301 in
782 4244 968 4317 ipsum
993 4241 1229 4299 Iustinae
1256 4241 1709 4314 persecutionem
1749 4244 1877 4315 quis
1912 4243 2142 4315 referat,
2175 4245 2280 4300 hoc
2317 4248 2419 4312 est,
2450 4245 2525 4299 ad
2561 4248 2662 4302 385
2701 4250 2799 4301 aut
2835 4245 3180 4317 proximum.
3212 4247 3281 4300 At
3319 4261 3450 4300 vero
3492 4244 3806 4302 admodum

456 4336 723 4395 credibile
761 4337 846 4391 est
881 4332 1110 4389 easdem
1151 4332 1457 4387 conciones
1496 4349 1682 4404 neque
1719 4348 1836 4387 una
1873 4336 1931 4387 et
1967 4334 2236 4389 continua
2275 4334 2441 4403 serie,
2481 4351 2669 4407 neque
2708 4352 2825 4390 uno
2857 4335 3172 4408 eodemque
3213 4352 3361 4390 anno
3400 4351 3522 4392 esse
3559 4335 3802 4390 habitas.

456 4427 722 4483 Videmus
751 4424 963 4497 quippe
989 4421 1353 4477 Ambrosium
1385 4421 1694 4493 aliquando
1736 4422 1906 4478 verba
1934 4423 2134 4479 fecisse
2164 4440 2291 4479 cum
2327 4424 2715 4479 anniversaria
2746 4424 2997 4481 Gervasii
3028 4430 3085 4481 et
3127 4424 3383 4493 Protasii,
3422 4426 3486 4479 ut
3505 4423 3628 4495 jam
3658 4424 3767 4479 dixi
3779 4453 3799 4464 -

452 4532 602 4585 mus,
631 4515 770 4571 festa
796 4516 1175 4579 recurrerent,
1210 4528 1337 4584 quae
1370 4511 1515 4567 festa
1549 4511 1844 4584 probabile
1875 4518 1959 4568 est
1987 4512 2046 4568 in
2074 4530 2164 4569 xm
2191 4513 2425 4569 Kalend.
2458 4515 2674 4569 mensis
2696 4514 2827 4570 Julii
2858 4514 3151 4585 incidisse;
3179 4513 3483 4586 aliquando
3508 4529 3644 4569 vero
3673 4528 3798 4569 cum

450 4607 571 4663 dies
596 4604 923 4661 Sebastiano
953 4619 1111 4659 sacer
1146 4606 1419 4675 ageretur
1460 4603 1650 4675 (serm.
1689 4605 1801 4676 20),
1845 4620 2017 4676 quem
2064 4604 2239 4661 etiam
2280 4610 2417 4660 tunc
2452 4605 2631 4661 moris
2674 4609 2795 4661 erat
2836 4621 2928 4661 xm
2978 4604 3099 4660 Kal.
3140 4603 3473 4660 Februarias
3503 4602 3799 4659 celebrari.

447 4695 810 4755 Advertimus
836 4693 1009 4749 etiam
1035 4695 1290 4748 sanctum
1322 4693 1477 4749 hunc
1509 4696 1773 4749 nostrum
1801 4693 1974 4749 modo
1996 4694 2197 4765 (Ir-Junii
2228 4693 2446 4763 diebus,
2475 4695 2647 4750 modo
2672 4694 2797 4749 aliis
2825 4694 3219 4750 concionatum
3253 4710 3392 4749 esse.
3422 4692 3801 4749 Observamus

448 4787 696 4858 denique
736 4784 843 4839 hoc
882 4786 997 4839 toto
1034 4783 1094 4838 in
1131 4799 1300 4856 opere
1338 4784 1484 4839 nihil
1513 4784 1664 4856 quod
1705 4785 1778 4841 ad
1815 4784 2261 4841 catechumenos
2292 4785 2592 4857 pertineat,
2619 4784 3012 4857 deprehendi:
3046 4799 3241 4841 verum
3268 4783 3380 4838 illic
3405 4781 3601 4838 omnia
3627 4780 3801 4837 videri

448 4878 601 4952 apud
641 4875 904 4933 homines
942 4874 1282 4931 Christianis
1311 4877 1482 4931 sacris
1512 4877 1637 4948 jam
1679 4875 1951 4946 initiatos,
1982 4878 2153 4950 atque
2187 4877 2331 4933 adeo
2361 4880 2689 4933 nostrorum
2732 4876 2993 4933 omnium
3033 4876 3436 4949 mysteriorum
3475 4874 3796 4946 cognitione

446 4965 915 5035 instructissimos
940 4964 1335 5038 pronuntiata.
1358 4966 1518 5021 lllum
1538 4971 1732 5022 autem
1759 4970 1980 5022 constat
2006 4965 2081 5021 ad
2103 4983 2197 5022 eos
2224 4982 2339 5022 non
2364 4966 2561 5023 diebus
2588 4967 2845 5040 singulis,
2873 4967 2973 5024 sed
2992 4972 3213 5023 tantum
3236 4964 3539 5021 Dominicis
3564 4963 3795 5032 aliisque

444 5056 882 5115 solemnioribus
910 5071 1238 5111 sermonem
1266 5055 1476 5111 habere
1505 5055 1879 5113 consuevisse.
1910 5057 2034 5112 Non
2074 5056 2229 5113 enim
2272 5060 2407 5113 tunc
2437 5062 2686 5130 emptum
2719 5062 3148 5130 argumentum,
3176 5058 3241 5112 ut
3275 5056 3344 5112 de
3372 5056 3519 5111 festo
3561 5053 3792 5119 diceret,

444 5147 766 5217 omittebat,
812 5145 910 5202 sed
959 5144 1250 5202 interdum
1289 5145 1554 5202 nonnihil
1593 5147 1663 5203 de
1702 5162 1768 5203 eo
1806 5162 1908 5219 per
1945 5146 2462 5220 digressiunculam
2499 5146 2749 5204 delibare
2801 5149 2934 5204 satis
2980 5146 3256 5217 habebat,
3305 5142 3793 5220 quemadmodum

445 5237 516 5292 de
548 5237 934 5309 superioribus
977 5235 1342 5292 observatum
1380 5240 1481 5293 est.

513 5328 666 5383 Hanc
714 5344 882 5400 porro
929 5327 1344 5400 expositionem
1395 5327 1470 5383 ad
1523 5329 1842 5386 multorum
1882 5327 2142 5386 codicum
2181 5328 2269 5386 sin
2308 5328 2505 5387 minus
2541 5328 3101 5403 antiquissimorum,
3143 5328 3341 5386 saltem
3378 5326 3785 5402 elegantissime

433 5418 597 5491 juxta
634 5420 806 5488 atque
843 5416 1261 5473 accuratissime
1301 5432 1474 5472 manu
1513 5419 1896 5489 exaratorum,
1934 5417 2114 5475 ﬁdem
2151 5417 2473 5491 exegimus.
2513 5421 2577 5475 In
2616 5436 2818 5476 omnes
2856 5419 3062 5491 editos,
3104 5425 3229 5475 tum
3265 5418 3639 5491 antiquiores,
3672 5421 3786 5473 tum

438 5505 812 5577 recentiores,
854 5522 969 5562 non
1007 5507 1190 5563 solum
1228 5507 1575 5580 irrepserant
1603 5507 1809 5564 menda
1838 5506 2102 5580 plurima,
2127 5525 2330 5565 verum
2363 5510 2541 5566 etiam
2570 5510 2902 5583 frequentes
2940 5509 3411 5582 interpolationes
3440 5509 3562 5563 sine
3592 5508 3786 5561 aucto-

435 5598 607 5670 ritate
649 5596 884 5652 intrusaz
935 5596 1189 5667 fuerant,
1239 5614 1384 5671 quas
1434 5598 1647 5671 partim
1703 5598 2094 5670 resecuimus,
2144 5599 2360 5672 partim
2408 5600 2470 5655 iu
2522 5600 2690 5657 variis
2736 5600 3108 5673 lectionibus,
3149 5616 3279 5657 cum
3318 5616 3413 5656 eas
3463 5609 3785 5669 expungere

433 5687 705 5746 subveriti
740 5703 958 5757 sumus,
998 5688 1394 5748 indicavimus.
1422 5692 1715 5747 Postremo
1744 5707 1907 5747 suam
1936 5692 2097 5765 operi
2127 5693 2560 5765 inscriptionem
2596 5692 2949 5749 restituimus
2975 5709 3091 5750 non
3125 5691 3299 5749 modo
3327 5691 3667 5765 scriptorum
3692 5703 3782 5743 co-

434 5780 627 5838 dicum
664 5780 1098 5853 editionumque
1135 5783 1396 5838 veterum
1434 5780 1793 5854 testimonio,
1833 5783 1933 5840 sed
1986 5783 2159 5841 etiam
2210 5781 2481 5857 suﬂ‘ragio
2530 5782 2928 5858 Lugdunensis
2976 5783 3238 5844 Ecclesiae
3279 5781 3407 5859 (lib.
3448 5783 3519 5843 De
3553 5777 3785 5838 tenenda

429 5888 558 5930 vera
597 5871 840 5959 δαίμ),
879 5886 943 5929 ac
979 5872 1235 5931 veterum
1273 5877 1568 5934 auctorum
1604 5874 1754 5951 apud
1792 5890 1937 5954 quos
1974 5875 2230 5952 ejusdem
2268 5875 2486 5936 mentio
2523 5874 2828 5953 reperitur.

3738 5999 3763 6021 ι

3750 6032 3837 6074 ,ο
