4082 6186
210 283 301 336 titil
1277 269 1625 335 EXI’OSI'I‘IO
1667 273 1731 335 IN
1771 281 2083 336 PSALMUM
2118 280 2346 337 CXVIII.

3358 290 3490 347 i262

2303 513 2622 522 .——_—-——_—..

3159 516 3486 531 Ἥ

612 743 1539 947 SANCTI
1738 747 3054 954 AMBROSII

1275 1056 1932 1122 MEDIOLANENSIS
2001 1058 2364 1124 EPISCOPI

888 1231 1070 1329 IN
1148 1238 1749 1330 PSALMUM
1828 1239 2219 1332 DAVID
2297 1241 2688 1333 CXVIII

1505 1449 2138 1569 EXPOSITIO.

759 1894 1146 1950 PROLOGUS.

237 1990 395 2068 971
448 2001 495 2051 i.
545 1997 705 2051 Licet
749 1999 982 2068 mystica
1028 2015 1269 2069 quasque
1313 1998 1382 2069 (i)
1429 2000 1582 2054 velut
1619 1998 1770 2054 tubas

183 2089 492 2160 increpuerit
521 2107 662 2144 sono
690 2090 867 2146 David
895 2092 1193 2162 propheta,
1232 2096 1423 2146 tamen
1469 2093 1770 2147 moralium

181 2197 386 2252 magnus
426 2185 705 2256 magister
740 2185 798 2238 in
842 2201 908 2238 eo
950 2188 1227 2255 quantum
1272 2186 1512 2240 excellat
1554 2186 1768 2254 Ethice,

180 2278 346 2346 psalmi
375 2278 540 2347 hujus
569 2294 793 2332 summa
820 2277 1065 2332 declarat
1091 2279 1294 2349 gratia.
1321 2279 1614 2351 Siquidem
1641 2297 1769 2334 cum

181 2372 331 2424 suavis
377 2373 562 2425 omnis
617 2373 871 2426 doctrina
924 2373 1159 2426 moralis
1207 2374 1298 2441 sit,
1352 2379 1471 2426 tum
1528 2376 1772 2428 maxime

179 2465 413 2519 suavitate
455 2465 727 2520 carminis
776 2469 832 2519 et
873 2465 1150 2536 psallendi
1193 2466 1490 2520 dulcedine
1534 2466 1775 2521 delectat

181 2573 338 2627 aures,
379 2559 751 2630 animumque
788 2557 1088 2613 demulcet.
1129 2559 1435 2631 Meritoque
1487 2559 1772 2631 plerisque

179 2651 294 2705 locis
351 2653 647 2706 mox-alium
715 2653 1028 2707 sententias
1086 2653 1435 2724 psalmorum
1494 2659 1768 2724 tanquam

178 2745 440 2800 stellarum
466 2745 737 2800 diffundit
766 2745 1004 2813 lumina,
1043 2763 1170 2817 qua:
1206 2748 1400 2800 lucent
1428 2750 1598 2818 atque
1631 2747 1768 2800 emi-

176 2845 288 2892 rant
325 2840 385 2908 (ἓ)
425 2858 438 2893 :
476 2840 852 2895 centesimum
900 2856 1032 2894 vero
1081 2845 1138 2894 et
1179 2844 1438 2895 octavum
1486 2840 1771 2894 decimum

178 2933 446 3003 psalmum,
469 2933 628 2988 velut
658 2933 810 3004 pleni
844 2932 1077 2987 luminis
1103 2933 1279 2987 solem
1311 2933 1628 2988 meridiano
1660 2934 1770 2988 fcr-

179 3030 369 3080 rentem
390 3029 601 3095 calore,
623 3027 680 3082 in
703 3043 970 3099 processa
999 3026 1129 3081 libri
1157 3028 1448 3081 constituit
1474 3031 1637 3082 mtate
1666 3028 1736 3099 (3)
1759 3045 1770 3094 ;

179 3126 220 3170 nt
251 3136 415 3192 neque
441 3121 715 3175 matutini
756 3125 914 3176 ortus
951 3119 1266 3191 semiplena
1299 3120 1556 3184 exordia,
1587 3137 1774 3191 neque

177 3214 443 3284 vespertini
475 3231 710 3268 occasus
739 3214 974 3285 quidam
1004 3212 1192 3268 senilis
1223 3214 1495 3282 deiectus,
1528 3215 1772 3268 claritati

176 3306 352 3378 aliquid
394 3307 636 3379 perfecti
677 3284 1000 3379 splendoris
1041 3307 1415 3378 decerperent
1452 3307 1544 3378 (4).
1591 3307 1770 3370 Quem
1795 3284 1849 3354 Β

176 3417 255 3471 per
275 3401 519 3472 singulas
555 3400 924 3456 Hebrreornm
955 3401 1191 3472 digessit
1214 3401 1448 3470 litteras,
1486 3403 1548 3454 ut
1573 3417 1770 3471 quem-

177 3492 447 3549 admodum
503 3495 878 3566 parvulorum
931 3495 1159 3566 ingenia
1210 3494 1405 3564 primis
1459 3494 1773 3549 litterarum

175 3587 438 3643 elementis
478 3591 815 3642 assuescnnt
857 3587 1114 3642 discendi
1147 3604 1316 3643 nsum
1359 3604 1668 3656 assumere,
1696 3588 1776 3642 ita

177 3681 320 3735 etiam
347 3699 448 3737 nos
493 3682 826 3752 hujusmodi
866 3683 936 3753 (5)
970 3681 1267 3736 elementis
1297 3698 1460 3736 usum
1499 3682 1776 3736 discamus

174 3776 384 3830 vivendi.

230 3865 406 3943 972
432 3874 486 3925 2.
522 3869 751 3925 Litteris
782 3873 971 3925 autem
1004 3870 1240 3942 singulis
1277 3872 1509 3925 octonos
1542 3869 1778 3925 versicu-

219 4063 277 4122 (t)
316 4063 560 4126 Quidam
609 4077 760 4124 mss,
811 4065 943 4114 Licet
993 4064 1224 4128 mystica:
1264 4076 1490 4130 quoque.
1539 4063 1776 4126 Quidam

174 4146 276 4183 cum
302 4142 409 4186 ant.
446 4136 610 4197 edit.,
638 4138 774 4185 Licet
813 4138 1030 4200 mystico
1055 4149 1279 4202 quoque.
1312 4137 1424 4187 Alii
1456 4137 1681 4186 demum
1726 4140 1780 4186 et

176 4203 306 4255 Rom.
347 4207 500 4268 edit,
547 4213 612 4256 ut
657 4209 711 4257 in
751 4211 924 4258 textu.
970 4208 1178 4258 Iterum
1218 4207 1409 4258 eadem
1455 4208 1582 4258 edit.
1640 4208 1776 4268 sola,

175 4280 318 4328 tamen
361 4281 417 4328 in
469 4294 534 4329 eo
581 4284 840 4342 quantum
885 4279 1108 4330 excellat
1152 4280 1358 4329 etlmica
1393 4279 1588 4344 psalmi
1623 4280 1780 4343 hujus

175 4350 379 4401 declarat
407 4353 621 4415 gratia.
649 4353 829 4414 Quem
858 4353 1048 4403 locum
1086 4358 1150 4402 ut
1193 4353 1268 4402 ita
1307 4351 1636 4412 decurtaret,
1662 4355 1780 4415 ejus

177 4419 315 4471 dubio
343 4422 549 4486 procul
585 4423 923 4474 obscuritate
961 4423 1222 4474 eﬁ‘ectum
1264 4428 1365 4473 est.
1399 4423 1469 4473 Ut
1497 4427 1681 4473 autem
1728 4425 1780 4473 ei

178 4490 330 4542 lucem
366 4495 625 4558 aliquam
665 4494 981 4556 aﬂ‘eramus,
1008 4493 1350 4545 monendum
1389 4494 1653 4544 duximus
1689 4507 1782 4543 vo-

175 4573 262 4622 ces,
287 4565 338 4611 in
363 4579 443 4625 eo,
472 4566 669 4614 referri
704 4569 954 4628 oportere
997 4566 1066 4615 ad
1100 4566 1242 4625 illas,
1274 4564 1414 4614 velut
1451 4566 1584 4614 tubae
1619 4577 1781 4628 sono;

175 4629 386 4724 hocvest,
417 4636 698 4724 sgavitate
728 4637 982 4724 carminis
1025 4641 1071 4687 et
1106 4635 1371 4701 psallendi
1406 4636 1696 4694 dulcedine,
1720 4640 1783 4685 ut
1803 4650 1857 4724 ρ

175 4707 408 4756 continuo
440 4705 687 4757 Sanctus
720 4707 974 4770 explicat.

175 4775 466 4907 ὧῖἢιὲρω.
516 4777 673 4840 edit,
715 4778 938 4828 emicant
973 4779 1029 4828 in
1071 4776 1212 4839 orbe,
1260 4782 1475 4829 sanctus
1523 4777 1784 4842 Propheta

203 4861 276 4895 tu
350 4855 408 4898 it.

203 4846 408 4898 iﬁundit.

184 4985 189 4991 ι
224 4917 276 4991 (3i
316 4919 448 4969 Mss.
497 4919 777 4984 nonnulli,
821 4921 879 4969 in
920 4933 1167 4985 processu
1214 4919 1338 4971 libri
1378 4921 1536 4985 quasi
1572 4920 1783 4984 plenam

178 4988 313 5048 ipsius
351 4991 631 5040 constituit
667 4996 886 5040 aetatem.
933 4991 1044 5040 Alii
1086 5005 1152 5041 ac
1190 4992 1318 5042 edit.
1355 4992 1496 5042 inter
1541 5004 1599 5040 se
1642 5004 1785 5040 con-

175 5059 410 5122 sentiunt,
443 5061 561 5110 nisi
592 5061 742 5125 quod
773 5074 872 5125 pro
907 5061 964 5109 in
1000 5075 1265 5126 processu,
1297 5063 1461 5126 pauci
1501 5062 1692 5126 legunt
1728 5062 1786 5109 in

175 5136 409 5188 prouecta,
439 5131 609 5180 Rom.
633 5131 784 5193 edit.,
806 5131 1129 5195 imperfecta.

225 5200 281 5262 (4)
313 5200 476 5252 Rom.
520 5201 672 5266 edit.,
707 5202 974 5254 claritatis
1021 5203 1234 5268 aliquid
1266 5203 1480 5268 perfecti
1515 5202 1786 5268 splendori

175 5268 506 5337 decerperent.

224 5343 280 5405 (ὅ)
324 5343 491 5394 Rom.
547 5344 697 5407 edit.,
751 5345 959 5410 legendi
1015 5344 1168 5396 usum
1215 5345 1523 5406 addiscunt,
1575 5347 1650 5396 ita
1690 5356 1786 5394 nos

179 5410 478 5475 huiusmodi,
503 5420 612 5467 etc.

225 5486 280 5556 et!)
325 5487 456 5538 Vet.
516 5487 647 5538 edit.
701 5494 758 5540 et
814 5502 946 5540 mss.
992 5503 1105 5540 non
1153 5489 1319 5556 pauci
1368 5487 1537 5540 verbo
1584 5488 1788 5540 doceret

180 5554 358 5608 addunt
401 5570 521 5609 non
563 5558 944 5623 pluralitatem.

183 5628 282 5747 uSi)
317 5629 480 5752 Ro‘m.
526 5630 651 5681 edit.
692 5632 818 5684 voci
853 5632 1288 5700 sanctiﬁcationis
1322 5632 1513 5686 subdit
1555 5632 1787 5685 verbum

245 5712 392 5752 ruere
420 5740 432 5752 .

245 5712 413 5752 αισι-σι
420 5740 432 5752 .

229 5769 283 5832 (8‘;
331 5769 552 5824 Eadem
602 5772 759 5827 Rom.
813 5774 970 5840 edit.,'
1011 5779 1262 5843 purgatio
1311 5791 1379 5829 ea:
1429 5775 1539 5843 lege
1588 5781 1690 5840 est;
1741 5779 1788 5828 et

185 5845 340 5895 aulaea
366 5843 521 5897 die...
541 5850 738 5900 statuta
761 5851 856 5912 est,
883 5849 1016 5918 quia
1041 5854 1194 5913 totus,
1221 5853 1324 5902 etc.

1793 1913 1849 1984 Α
1870 1906 1954 1960 los
1981 1906 2258 1978 ascripsit,
2289 1913 2351 1960 ut
2392 1906 2556 1961 simul
2586 1911 2640 1960 et
2672 1906 2950 1962 unitatem
2985 1907 3211 1964 doceret
3240 1910 3310 1981 (6)
3350 1911 3496 1979 (uni-

1875 2002 1958 2053 tas
1987 2001 2134 2054 enim
2164 2005 2386 2055 coercet
2407 2001 2602 2054 omnia
2631 2004 2689 2054 et
2717 2001 2881 2070 regit,
2906 2003 2996 2055 cui
3024 2003 3274 2073 subjecta
3303 2006 3501 2058 omnia

1873 2095 2019 2163 sunt)
2048 2097 2104 2147 et
2143 2093 2541 2165 purgationem
2585 2093 2857 2164 legitimae
2904 2096 3366 2151 sanctificationis
3405 2099 3496 2167 (7).

1872 2188 2079 2242 Octava
2107 2187 2258 2241 enim
2289 2187 2379 2240 die
2419 2187 2684 2242 solemnis
2714 2189 2979 2258 purgatio
3011 2190 3095 2243 vel
3128 2207 3196 2244 ex
3238 2192 3363 2261 lege
3392 2196 3496 2256 est,

1873 2281 2003 2352 quia
2051 2285 2243 2335 octava
2291 2281 2380 2334 die
2424 2281 2858 2334 circumcisiouis
2900 2283 3226 2338 solemnitas
3276 2285 3496 2356 impleri

1872 2378 2084 2429 statuta
2124 2380 2208 2429 est
2245 2376 2459 2443 (Levit.,
2493 2391 2589 2441 xu,
2618 2376 2668 2444 3)
2703 2391 2715 2428 :
2759 2375 2842 2428 vel
2887 2375 3019 2447 quia
3051 2380 3199 2431 totus
3229 2380 3297 2448 (8)
3329 2394 3495 2432 mun-

1873 2469 1977 2522 dus
2018 2467 2418 2538 coinquinatus
2461 2472 2582 2521 erat
2625 2469 2865 2538 peccatis
2907 2471 3130 2536 nostris,
3177 2474 3236 2523 et
3279 2475 3499 2542 septem

1874 2563 1983 2616 illis
2009 2561 2254 2632 pollutus
2279 2560 2496 2615 diebus.
2526 2561 2628 2615 Ubi
2655 2566 2847 2615 autem
2889 2564 3041 2618 venit
3068 2565 3500 2619 resurrectionis

1874 2657 2023 2721 dies,
2077 2654 2443 2708 conviviﬁcati
2507 2655 2746 2709 Domino
2792 2656 2917 2709 Jesu
2971 2657 3380 2712 resurreximus
3443 2663 3502 2711 et

1875 2747 2047 2802 erecti
2089 2763 2302 2815 sumus,
2346 2747 2402 2799 in
2444 2746 2692 2800 novitate
2734 2748 2864 2800 vita:
2904 2749 3209 2803 ablutionis
3250 2751 3500 2819 gratiam

1876 2840 2258 2912 praeferentes.
2296 2839 2604 2911 Meritoque
2649 2840 3032 2911 primogenita
3059 2841 3346 2897 offerimus
3371 2844 3496 2897 ani-

1874 2934 2088 2990 mantia
2117 2934 2172 2988 in
2211 2933 2397 3004 ﬁgura
2428 2933 2798 3005 primogeniti
2839 2934 2959 2987 Filii
2995 2935 3118 3002 Dei,
3147 2935 3420 2990 castitatis
3445 2941 3501 2991 et

1875 3026 2282 3098 simplicitatis,
2333 3025 2586 3098 spiritale
2629 3025 2966 3080 sacrificium
3023 3033 3316 3099 acceptum
3368 3031 3497 3097 Deo,

1875 3139 1991 3176 non
2049 3125 2251 3192 quarto
2307 3127 2406 3174 aut
2459 3120 2658 3192 quinto
2708 3119 2823 3185 die,
2870 3137 2942 3175 ne
2991 3121 3356 3176 immundum
3405 3129 3502 3177 aut

1877 3216 2398 3270 inconsummatum
2423 3213 2759 3268 sacrificium
2791 3215 2882 3284 sit,
2911 3214 3009 3269 sed
3036 3219 3232 3270 octava
3259 3216 3350 3270 die
3389 3232 3504 3288 qua

1875 3325 2076 3364 omnes
2107 3309 2162 3362 in
2192 3307 2397 3361 Christi
2439 3307 2846 3363 resurrectione
2885 3325 2997 3362 non
3040 3309 3221 3362 solum
3265 3311 3500 3364 resusci-

1876 3403 2000 3472 tati,
2030 3403 2123 3456 sed
2147 3401 2318 3456 etiam
2343 3400 2666 3455 confirmati
2692 3418 2907 3456 sumus.
2939 3401 3100 3456 Unde
3131 3402 3262 3457 licet
3289 3403 3344 3456 in
3370 3403 3504 3473 bap~

1876 3496 2104 3550 tismate
2132 3496 2301 3566 plena
2328 3493 2398 3550 sit
2424 3493 2612 3550 statim
2645 3494 2928 3565 purgatio,
2965 3497 3154 3549 tamen
3187 3495 3317 3566 quia
3350 3495 3504 3549 ablu-

1878 3590 2052 3644 tionis
2081 3589 2252 3660 ipsius
2283 3586 2654 3658 sacrificiique
2682 3588 2960 3642 rationem
2994 3587 3312 3658 baptizatus
3337 3587 3506 3644 debet

1877 3698 2237 3754 cognoscere,
2285 3698 2402 3736 non
2456 3681 2623 3736 otl'ert
2663 3681 3027 3750 sacrificium,
3077 3681 3185 3734 nisi
3240 3685 3504 3735 octavum

1879 3777 2232 3848 ingrediatur
2277 3775 2431 3829 diem
2465 3776 2560 3845 (9),
2592 3780 2655 3828 ut
2691 3775 3026 3828 informatus
3068 3774 3172 3844 (l0)
3211 3774 3505 3844 agnitione

1879 3876 2361 3926 sacramentorum
2397 3867 2705 3925 caelestium
2745 3865 2936 3939 973
2971 3883 3084 3922 non
3123 3867 3280 3938 quasi
3324 3866 3502 3937 rudis,

1945 4067 2007 4128 (9)
2037 4060 2328 4127 QuOdnam
2375 4064 2448 4113 sit
2483 4061 2624 4112 illud
2666 4061 3022 4124 sacriﬁcium,
3059 4062 3364 4126 Baptizatus
3396 4073 3507 4111 non

1880 4137 2146 4202 oﬂ'erebat,
2191 4136 2297 4186 nisi
2339 4139 2580 4185 octavum
2622 4131 2986 4197 ingrederetur
3021 4133 3178 4191 diem,
3224 4132 3375 4182 haud
3420 4132 3509 4182 fa-

1881 4211 1986 4259 cile
2017 4207 2161 4272 apud
2190 4208 2451 4270 antiquos
2479 4205 2738 4270 reperias.
2765 4203 3160 4254 Difﬁcultatem
3188 4217 3316 4254 vero
3342 4204 3508 4253 etiam

1880 4280 2018 4330 illud
2057 4283 2237 4342 auget,
2273 4277 2422 4342 quod
2461 4280 2674 4328 certum
2717 4279 2799 4324 est
2837 4274 3245 4324 Eucharistiam
3283 4275 3512 4324 initiatis

1881 4352 2064 4400 statim
2095 4355 2219 4413 post
2248 4353 2538 4413 acceptum
2563 4348 2835 4410 baptisma
2865 4347 3236 4396 administrari
3261 4346 3393 4396 olim
3421 4360 3512 4396 so—

1878 4422 2053 4471 lilam.
2087 4424 2348 4471 Attamen
2378 4433 2507 4470 cum
2535 4419 2862 4470 Ambrosius
2891 4417 2982 4467 hic
3012 4431 3122 4467 non
3167 4417 3235 4467 de
3269 4417 3509 4482 simplici

1881 4494 2294 4553 communione,
2331 4489 2426 4540 sed
2468 4490 2536 4539 de
2583 4489 2856 4539 sacrificio
2896 4488 3173 4553 loquatur,
3210 4490 3287 4537 ita
3332 4491 3513 4551 potest

1881 4566 1990 4616 hoc
2064 4565 2373 4628 disciplima
2439 4561 2833 4613 ecclesiasticas
2895 4563 3092 4623 caput,
3153 4558 3304 4624 quod
3370 4560 3510 4609 forte

1884 4635 2181 4687 Mediolani
2215 4640 2428 4685 tantum
2466 4632 2768 4693 obtinebat,
2795 4631 3061 4695 explicari
3104 4646 3114 4679 :
3154 4629 3512 4680 Praebebatur

1883 4707 2107 4770 quidem
2148 4705 2431 4769 neapbylo
2471 4705 2654 4754 statim
2705 4717 2735 4752 e
2779 4703 2950 4753 sacris
2997 4700 3245 4750 fontibus
3291 4713 3511 4764 egresso

1881 4779 2132 4828 divinum
2168 4778 2598 4834 sacramentum,
2622 4772 2719 4823 sed
2760 4773 2894 4822 forte
2923 4771 3311 4834 depromptum
3337 4783 3366 4818 e
3397 4773 3510 4817 tur-

1881 4850 2057 4900 ricula
2101 4860 2268 4911 super
2308 4847 2465 4896 altari
2508 4849 2690 4895 erecta
2732 4842 2819 4892 vel
2861 4856 2930 4892 ex
2975 4855 3140 4892 aurea
3187 4844 3511 4911 argenteave

1883 4919 2144 4972 columba
2172 4910 2397 4978 ibidem,
2431 4920 2527 4965 aut
2556 4916 2612 4964 in
2642 4914 2960 4978 baptisterio
2988 4925 3276 4976 suspensa,
3307 4912 3362 4960 in
3392 4910 3512 4972 qui—

1883 4991 1989 5041 bus
2014 4991 2146 5040 olim
2176 4989 2314 5038 illud
2353 4986 2758 5047 asservabatur,
2786 4987 2930 5035 sicut
2960 4998 3030 5034 ex
3073 4986 3198 5034 Vita
3237 4983 3295 5034 S.
3323 4980 3511 5030 Basilii

1881 5062 1952 5112 ab
1989 5058 2380 5124 Amphilochio
2425 5057 2642 5120 scripta,
2684 5068 2752 5105 ex
2798 5055 3036 5118 supplici
3089 5054 3279 5103 libello
3321 5053 3378 5100 in
3417 5063 3511 5124 ac-

1883 5135 2034 5184 tione
2063 5122 2296 5182 5_Conc.
2325 5128 2612 5180 Constant.
2643 5126 2750 5176 sub
2789 5125 2989 5176 Menna
3027 5123 3284 5175 celebrati
3323 5136 3352 5172 a
3391 5122 3512 5172 cle-

1882 5202 2012 5253 ricis
2037 5205 2093 5251 et
2118 5199 2403 5250 monachis
2437 5197 2806 5249 Antiochenis
2844 5197 3045 5256 oblato,
3079 5197 3207 5244 item
3253 5207 3319 5243 ex
3363 5193 3513 5244 Pau-

1883 5273 2015 5336 lino,
2057 5272 2322 5335 Gregorio
2365 5271 2494 5320 Tur.
2542 5272 2709 5333 atque
2752 5267 2876 5316 aliis
2925 5266 3085 5315 multi
3128 5263 3508 5336 observarunt.

1887 5333 2094 5394 Verum
2124 5333 2348 5392 interim
2382 5355 2412 5390 a
2438 5339 2714 5390 sacriﬁcio
2745 5351 2842 5402 per
2867 5336 2985 5386 dies
3012 5336 3222 5397 septem
3262 5333 3511 5395 aberant,

1886 5415 2018 5466 dum
2068 5414 2287 5479 plenius
2338 5411 2730 5476 mysteriorum
2779 5407 3095 5479 cognitione
3128 5405 3513 5479 informaren—

1885 5492 1991 5538 tur.
2020 5476 2182 5537 certe
2213 5485 2548 5549 prtecipuam
2589 5480 2787 5546 priscis
2815 5476 3292 5549 illisantistitibus
3321 5489 3512 5527 curam

1886 5559 2056 5610 fuisse
2076 5547 2274 5608 recens
2309 5547 2616 5620 baptizatos
2652 5547 2977 5620 instituendi
3010 5547 3262 5599 doctrina
3297 5549 3514 5620 myste-

1888 5631 2116 5692 riorum,
2143 5641 2270 5695 quas
2296 5618 2449 5694 prius
2477 5621 2702 5678 eosdem
2732 5620 2910 5674 celata
2935 5619 3168 5695 fuerant,
3194 5632 3305 5695 non
3332 5618 3514 5676 solum

3051 5690 3153 5744 PP.
3191 5689 3513 5743 Gmcornm

1954 5774 2052 5840 (10)
2106 5771 2262 5825 Rom.
2322 5769 2474 5834 edit,
2520 5767 2864 5836 ingrediatur
2912 5768 2966 5818 in
3011 5765 3168 5827 diem,
3218 5768 3268 5814 ut
3318 5762 3513 5813 innuas

1890 5844 2032 5914 quod
2057 5844 2396 5909 infamatus,
2421 5845 2522 5894 etc.
