3958 6166
529 281 659 333 1963

1995 270 2049 329 S.
2093 264 2402 326 AMBROSII

3739 262 3903 323 lQG-i

524 400 624 454 sed
651 398 808 470 quasi
840 397 1068 453 rationis
1094 411 1290 467 capax,
1321 400 1453 450 tunc
1487 395 1716 451 demum
1747 410 1909 448 suum
1947 410 2152 448 munus
2175 407 2228 477 Α
2253 393 2400 447 trina
2429 392 2732 464 quaerenda
2756 398 2857 448 est.
2889 390 3010 447 Vita
3033 389 3183 447 enim
3212 390 3360 446 bona
3387 393 3442 444 et
3473 390 3592 444 sine
3625 389 3904 444 doctrina

520 493 793 548 altaribus
834 491 1003 546 sacris
1045 491 1263 559 offerat,
1303 507 1430 544 cum
1475 489 1710 560 coeperit
1749 505 1865 543 esse
1907 488 2146 542 instruc-

525 587 652 652 tior,
701 603 776 641 ne
822 584 1113 640 offerentis
1169 584 1391 638 inscitia
1440 582 1792 638 contaminet
1847 581 2150 636 oblationis

524 679 877 751 mysterium.

591 777 642 828 3.
694 772 910 827 Titulus
960 777 1149 826 autem
1199 770 1401 825 Psalmi
1451 771 1693 826 Alleluia
1743 775 1846 837 est,
1891 769 1999 824 hoc
2043 772 2145 835 est,

521 869 644 923 laus
674 865 796 921 Dei.
827 867 887 920 In
929 865 1020 920 his
1047 864 1202 920 enim
1240 865 1467 935 hymnis
1508 881 1639 918 vere
1685 865 1832 917 Deus
1869 862 2147 929 laudatur,

523 963 581 1015 in
637 959 840 1032 quibus
894 963 978 1014 est
1027 961 1392 1028 peccatorum
1445 957 1722 1013 remissio.
1783 955 2036 1026 Denique
2092 955 2147 1008 in

523 1053 817 1126 superiore
849 1053 1066 1124 psalmo
1091 1052 1277 1123 passio
1308 1051 1541 1105 Domini
1567 1049 1860 1122 praemissa
1887 1053 1990 1114 est,
2020 1064 2147 1118 quae.

523 1145 804 1201 mundum
833 1145 982 1199 hunc
1012 1143 1198 1211 diluit,
1234 1151 1292 1198 ut
1317 1144 1521 1215 dignos
1549 1143 1760 1197 faceret
1788 1141 2025 1213 populos
2054 1140 2150 1211 qui

524 1241 703 1294 Deum
731 1239 1092 1294 immaculato
1121 1255 1216 1292 ore
1247 1237 1566 1292 laudarent.
1593 1238 1716 1308 Ipsa
1747 1251 1974 1306 quoque
1999 1234 2146 1288 litte-

523 1351 714 1388 rarum
765 1333 1074 1400 elementa,
1125 1337 1186 1386 ut
1221 1331 1408 1384 omnia
1452 1329 1685 1384 llebrtPa
1736 1328 1989 1396 nomina,
2035 1343 2148 1380 non

523 1431 656 1481 sunt
682 1424 1030 1481 rationabilis
1054 1423 1534 1494 interpretationis
1556 1439 1726 1476 vacua
1754 1426 1920 1492 atque
1947 1421 2150 1474 immuo

525 1522 640 1588 nia,
686 1534 931 1590 quorum
981 1515 1420 1588 significationes
1469 1517 1600 1570 locis
1645 1515 1757 1569 suis
1807 1513 2146 1584 aperiemus.

522 1611 873 1668 Centesimus
912 1616 968 1664 et
1004 1609 1339 1664 undecimus
1382 1610 1635 1679 psalmus
1662 1624 1764 1679 per
1794 1608 1892 1660 has
1923 1606 2026 1675 (tl)
2056 1605 2145 1658 lit-

524 1712 672 1760 teras
697 1705 753 1758 in
784 1703 1017 1758 Hebraeo
1047 1703 1102 1756 in
1137 1701 1428 1772 principiis
1456 1701 1862 1756 versiculorum
1891 1698 2148 1770 digestus

2252 486 2423 540 habet
2450 487 2695 556 gratiam
2733 487 3026 542 :doctrina
3056 486 3176 540 sine
3206 486 3317 539 vita
3349 484 3730 556 integritatem
3760 501 3902 538 non

2252 579 2443 634 habet.
2496 583 2556 634 In
2609 579 2944 635 malevolam
2995 580 3208 634 etenim
3253 579 3506 633 animam
3552 595 3664 632 non
3713 577 3908 631 cadet

2250 673 2544 744 sapientia.
2578 673 2819 745 Ideoque
2847 673 2928 728 ait
2957 691 2969 728 :
3008 693 3034 723 ς(
3059 673 3330 737 Quaerent
3359 689 3450 726 me
3479 672 3633 740 mali,
3677 678 3730 725 et
3761 688 3903 725 non

2254 767 2544 822 invenient
2571 767 2768 835 (Prov.,
2797 785 2832 835 ι,
2862 766 2979 838 28);
3016 790 3042 816 »
3073 766 3205 838 quia
3244 765 3604 838 improbitate
3637 769 3904 820 caecatur

2253 860 2462 914 mentis
2491 862 2704 928 oculus,
2735 869 2791 916 et
2818 861 3097 931 caligante
3124 861 3228 915 sibi
3257 860 3575 932 iniquitate,
3609 860 3904 930 mysteria

2251 955 2534 1025 profunda
2561 955 2815 1010 invenire
2851 971 2963 1009 non
3013 958 3218 1026 potest.
3258 953 3509 1008 Primum
3547 969 3682 1024 ergo
3709 968 3899 1007 exer-

2250 1048 2427 1102 cenda
2456 1053 2540 1103 est
2565 1047 2693 1102 vitae
2727 1048 2966 1115 malitia,
2995 1047 3315 1118 corrigendi
3344 1063 3551 1101 mores.
3584 1046 3726 1101 Cum
3755 1046 3899 1100 haec

2254 1141 2660 1197 instituerimus
2693 1142 2760 1196 ad
2797 1158 3024 1196 cursum
3064 1140 3338 1207 debitum,
3369 1144 3430 1195 ut
3457 1140 3527 1194 sit
3554 1139 3900 1194 otl‘ensionis

2251 1235 2552 1303 correctio,
2601 1236 2863 1307 puritatis
2907 1235 3120 1306 gratia,
3169 1238 3306 1289 tunc
3348 1235 3416 1289 ad
3463 1233 3647 1288 studia
3689 1234 3896 1304 perci-

2254 1329 2472 1400 pienda:
2523 1328 2866 1400 cognitionis
2917 1328 3212 1384 veniamus
3264 1344 3364 1382 suo
3415 1327 3612 1382 ordine
3664 1331 3722 1380 et
3772 1327 3894 1380 via.

2250 1423 2442 1476 Prima
2479 1422 2656 1492 igitur
2691 1427 2822 1477 sunt
2865 1423 3124 1488 moralia,
3167 1421 3474 1476 secundum
3515 1419 3777 1490 mystica.
3832 1422 3896 1474 In

2253 1515 2360 1569 illis
2405 1517 2538 1582 vita,
2588 1516 2645 1569 in
2686 1516 2775 1570 his
2822 1515 3102 1586 cognitio;
3150 1516 3226 1568 ita
3272 1521 3336 1570 ut
3378 1515 3423 1568 si
3464 1515 3896 1585 perfectionem

2251 1608 2526 1678 requiras,
2558 1625 2662 1663 nec
2683 1609 2795 1663 vita
2825 1609 2946 1663 sine
2976 1608 3323 1679 cognitione,
3349 1624 3449 1662 nec
3477 1608 3725 1677 cognitio
3759 1608 3895 1660 sine

2248 1701 2362 1755 vita
2406 1701 2521 1755 sit:
2570 1706 2876 1773 utrumque
2912 1703 3250 1772 astipuletur
3286 1702 3472 1756 alteri.
3523 1701 3770 1772 Ideoque
3815 1701 3898 1754 ait

522 1804 624 1865 est,
677 1802 736 1852 et
787 1802 871 1850 est
921 1800 1071 1849 totus
1119 1795 1360 1862 ethicus,
1411 1799 1469 1847 et
1513 1794 1856 1848 centesimus
1899 1774 2586 1866 decimusBScriptura:
2632 1816 2659 1843 ι(
2692 1795 2983 1850 Seminate
3023 1795 3175 1850 vobis
3220 1795 3292 1850 ad
3335 1795 3635 1866 justitiam,
3677 1795 3892 1848 vinde-

523 1890 666 1945 mihi
699 1892 776 1943 ita
803 1888 1043 1959 scriptus
1074 1887 1308 1942 videtur.
1349 1887 1600 1958 Denique
1637 1887 1864 1940 vicenos
1903 1892 1960 1940 et
1990 1885 2150 1939 binos

521 2000 714 2037 versus
757 1981 989 2047 habent,
1036 1985 1092 2034 et
1129 1980 1370 2052 singulis
1403 1980 1656 2033 versibus
1694 1979 1932 2046 singulis
1968 1979 2146 2049 expli-

523 2081 722 2131 cantur
747 2075 1060 2131 sententite.
1096 2074 1254 2128 Unde
1279 2079 1334 2128 et
1362 2089 1464 2144 per
1495 2079 1676 2128 metra
1699 2075 1803 2144 (t2)
1826 2078 2150 2128 asseruntur

522 2186 640 2224 esse
671 2168 952 2240 descripti.

1066 2261 1292 2316 SERMO
1331 2261 1598 2316 PRIMUS.

1185 2381 1224 2426 ts
1275 2363 1482 2444 Aleph.

519 2533 523 2538 -
554 2532 558 2535 -
594 2499 642 2550 1.
674 2495 860 2550 Prima
884 2493 1067 2549 littera
1096 2493 1271 2562 Aleph
1301 2492 1508 2546 dicitur
1533 2492 1660 2562 (l3),
1686 2491 1846 2561 cujus
1876 2491 2148 2562 interpre-

523 2589 662 2643 tatio
707 2589 958 2643 doctrina
999 2590 1102 2641 est.
1151 2585 1431 2640 Sollicitus
1479 2601 1616 2655 ergo
1661 2584 1908 2651 auditor,
1952 2584 2148 2655 plenos

520 2683 788 2738 doctrinae
831 2696 1021 2734 versus
1066 2695 1188 2734 esse
1221 2679 1318 2750 qui
1358 2684 1676 2750 sequuntur
1721 2677 1891 2732 debes
1930 2695 2144 2748 praesu-

521 2760 718 2830 mere.’

591 2873 642 2922 2.
677 2869 852 2938 (Vers.
900 2872 949 2934 t,
995 2870 1069 2937 2).
1115 2869 1267 2923 Beati
1301 2866 1657 2926 immaculati,
1699 2865 1902 2936 inquit,
1934 2869 1993 2920 in
2033 2868 2146 2927 via,

514 2966 618 3032 qui
653 2963 940 3017 ambulant
977 2963 1034 3014 in
1075 2962 1186 3028 lege
1223 2961 1452 3015 Domini.
1500 2962 1653 3014 Beati
1691 2960 1786 3027 qui
1831 2965 2151 3013 scrutantur

521 3057 822 3111 testimonia
856 3056 990 3123 ejus,
1028 3055 1085 3106 in
1127 3057 1234 3107 toto
1269 3052 1425 3106 corde
1460 3053 1756 3120 eatquirunt
1786 3067 1924 3106 eum.
1970 3052 2149 3114 Quam

2250 1889 2419 1942 miate
2447 1888 2520 1942 ad
2544 1889 2792 1943 fructum
2820 1889 2968 1956 vitae,
3001 1889 3319 1943 illuminate
3342 1888 3496 1942 vobis
3520 1888 3713 1942 lumen
3746 1904 3891 1959 cog-

2248 1982 2481 2036 nitionis
2517 1981 2680 2051 (Osee,
2726 1999 2781 2049 x,
2827 1984 2929 2051 t2).
2966 2005 2992 2032 ››
3037 1984 3154 2036 Non
3199 1982 3355 2053 prius
3399 1981 3744 2050 illuminate,
3783 1983 3892 2035 sed

2248 2076 2523 2131 seminata
2553 2093 2565 2130 :
2595 2091 2698 2130 nec
2734 2076 2919 2131 solum
2957 2076 3233 2130 seminate
3272 2075 3428 2146 prius
3465 2076 3532 2130 ad
3566 2076 3891 2145 justitiam,

2249 2169 2344 2224 sed
2367 2170 2536 2224 etiam
2558 2168 2922 2234 vindemiate,
2944 2169 3152 2240 inquit,
3173 2169 3242 2223 ad
3265 2169 3513 2224 fructum
3533 2169 3691 2238 vitae;
3720 2172 3786 2222 et
3809 2169 3891 2222 sic

2250 2262 2570 2317 illuminate
2615 2263 2808 2317 lumen
2851 2261 3213 2334 cognitionis,
3255 2260 3448 2334 974
3499 2265 3562 2316 ut
3604 2261 3894 2332 perfectio

2247 2371 2366 2410 non
2411 2355 2591 2410 solum
2645 2356 2896 2423 consitis,
2944 2357 3041 2410 sed
3087 2357 3258 2412 etiam
3309 2355 3550 2427 receptis
3597 2356 3890 2410 fructibus

2247 2449 2611 2520 approbetur.
2638 2452 2695 2504 lu
2729 2450 2917 2520 primo
2939 2467 3168 2520 quoque
3193 2451 3406 2522 psalmo
3437 2449 3587 2504 hunc
3613 2449 3888 2504 ordinem

2249 2542 2449 2610 tenuit,
2483 2548 2543 2597 ut
2570 2543 2626 2597 in
2657 2544 2742 2597 via
2769 2543 3172 2598 ambulandum
3205 2544 3428 2599 doceret
3454 2543 3628 2615 prius,
3655 2548 3711 2598 et
3745 2549 3889 2598 tunc

2250 2635 2305 2690 in
2335 2637 2456 2708 lege
2486 2637 2901 2691 meditandum.
2935 2638 3037 2712 Qui
3070 2638 3220 2693 enim
3246 2655 3357 2691 non
3386 2637 3524 2692 abiit
3555 2638 3609 2692 in
3635 2638 3887 2692 consilio

2249 2729 2581 2802 impiorum,
2615 2731 2805 2803 utique
2835 2731 2902 2786 de
2941 2731 3162 2802 pietatis
3199 2732 3282 2786 via
3327 2738 3382 2787 et
3405 2731 3636 2802 justitim
3664 2733 3885 2786 semita

2250 2840 2361 2878 non
2408 2824 2636 2879 recessit
2679 2842 2692 2879 :
2742 2825 3060 2896 meritoque
3111 2825 3166 2880 in
3210 2826 3291 2880 via
3339 2825 3635 2880 ambulans
3678 2825 3885 2880 beatus

2251 2917 2671 2987 pronuntiatur,
2713 2925 2768 2972 et
2814 2918 2903 2972 die
2945 2935 3006 2972 ac
3049 2922 3212 2974 nocte
3259 2919 3682 2975 meditationem
3737 2920 3885 2992 legis

2250 3026 2516 3065 exercens
2547 3011 2719 3066 habet
2745 3012 2988 3083 gratiam
3015 3012 3393 3068 beatitudinis.

521 3147 757 3218 pulcher
809 3147 979 3211 ordo,
1033 3161 1204 3216 quam
1251 3144 1452 3215 plenus
1494 3144 1767 3198 doctrina:
1811 3148 1869 3198 et
1918 3143 2144 3215 gratiast
2169 3137 2222 3208 C
2320 3143 2370 3194 3.
2407 3140 2591 3204 Quam
2630 3141 3048 3197 institutionem
3086 3147 3311 3198 secutus
3340 3144 3622 3210 Salomon,
3660 3144 3880 3200 librum

521 3241 641 3295 Non
673 3240 848 3311 prius,
877 3241 976 3309 qui
1001 3244 1275 3294 scrutatur
1306 3241 1609 3293 testimonia
1630 3238 1760 3306 ejus,
1783 3237 1924 3292 dixit
1947 3238 2150 3308 (potuit

519 3333 670 3388 enim
718 3333 1021 3387 convenire
1070 3330 1390 3387 secundum
1445 3332 1750 3401 litteram),
1806 3331 1899 3386 sed
1957 3332 2146 3403 prius,

519 3429 674 3483 Beati
697 3427 1037 3482 inmaculati
1063 3429 1120 3480 in
1148 3429 1258 3480 via.
1292 3428 1434 3481 Ante
1475 3424 1629 3479 enim
1663 3425 1771 3480 vita
1814 3441 1980 3496 quam
2012 3425 2144 3480 doc-

520 3621 620 3672 PP.
648 3621 968 3673 Graecorum
992 3619 1236 3672 homilim
1258 3622 1314 3670 in
1339 3621 1539 3670 diebus
1564 3619 1849 3670 Paschatis
1879 3625 1934 3670 et
1959 3621 2147 3684 plures

517 3692 817 3756 Augustini
860 3704 1165 3749 sermones,
1205 3692 1468 3741 nimirum
1517 3692 1628 3752 127,
1675 3691 1784 3752 129,
1824 3692 1920 3742 260
1959 3697 2014 3741 et
2053 3693 2147 3743 26!

519 3767 807 3823 testantur,
852 3761 945 3812 sed
984 3762 1313 3812 Ambrosius
1359 3763 1476 3826 ipse
1527 3764 1582 3811 in
1628 3761 1724 3812 lib.
1765 3763 1827 3812 de
1859 3764 2144 3826 Mysteriis,

516 3835 610 3899 qui
641 3847 671 3884 e
696 3832 1046 3883 sermonibus
1077 3832 1184 3883 hac
1223 3833 1339 3897 ipsa
1370 3833 1439 3882 de
1471 3846 1636 3883 causa
1670 3833 1874 3882 habit-is
1911 3837 2142 3894 constat,

515 3905 740 3970 planum
786 3905 958 3954 facit:
995 3923 1022 3950 «
1066 3905 1226 3956 Nune
1264 3905 1332 3956 de
1375 3905 1672 3969 mysteriis,
1713 3905 1916 3968 inquit,
1960 3905 2144 3957 dicere

518 3980 733 4039 tempus
779 3973 1058 4034 admonet,
1107 3979 1273 4038 atque
1319 3977 1492 4038 ipsam
1540 3981 2013 4026 sacramentorum
2058 3991 2143 4026 ra-

515 4047 718 4095 tionem
759 4044 940 4105 edere,
976 4059 1145 4108 quam
1181 4049 1307 4096 ante
1343 4046 1679 4109 baptismum
1711 4048 1755 4096 si
1791 4053 2145 4110 putassemus

514 4116 902 4166 insinuandam
969 4116 1217 4166 nondum
1278 4118 1535 4178 initiatis,
1595 4117 1901 4181 prodidisse
1963 4120 2145 4183 potius

512 4200 681 4251 quam
711 4185 950 4236 edidisse
981 4187 1399 4238 mstimaremur.
1430 4204 1458 4234 ››
1488 4188 1682 4238 Libros
1710 4203 1931 4252 quoque
1955 4190 2018 4239 de
2048 4194 2144 4240 Sa-

511 4257 816 4317 cramentis,
849 4269 990 4321 quos
1019 4261 1077 4306 ut
1106 4257 1382 4308 Ambrosii
1411 4264 1504 4308 aut
1534 4259 1729 4308 saltem
1763 4258 2005 4322 ejusdem
2038 4261 2142 4310 ωνὶ

513 4329 756 4378 auctoris
787 4340 907 4378 esse
947 4329 1002 4376 in
1044 4328 1300 4379 confesso
1335 4333 1436 4389 est,
1478 4329 1544 4378 ad
1583 4329 1988 4393 neophytorum
2026 4344 2143 4394 gre-

513 4413 636 4463 gem
675 4399 1058 4462 pronuntiatos
1097 4399 1268 4450 fuisse
1309 4400 1544 4462 probant
1589 4413 1657 4450 ex
1707 4400 1796 4450 lib.
1827 4414 1885 4461 v,
1921 4415 2039 4465 cap.
2066 4403 2097 4452 3
2129 4417 2138 4451 :

512 4486 542 4515 (ι
568 4469 786 4520 Gaudet
816 4469 1065 4520 Ecclesia
1091 4469 1160 4520 de
1197 4470 1575 4534 redemptione
1614 4471 1935 4530 multorum,
1969 4476 2022 4522 et
2061 4486 2145 4522 as-

515 4547 628 4592 tare
651 4541 757 4591 sibi
796 4541 1061 4591 familiam
1103 4541 1456 4593 candidatum
1493 4544 1763 4607 spirituali
1799 4543 2142 4595 exultatione

514 4612 749 4662 laetatur.
777 4630 804 4658 »
836 4611 977 4662 Cum
1005 4613 1084 4662 illi
1116 4612 1341 4664 demum
1370 4615 1752 4666 instructiores
1783 4615 1912 4666 facti
1938 4621 2138 4678 essent,

513 4687 630 4732 tum
663 4682 786 4732 illos
821 4682 1158 4734 oblationem
1197 4699 1378 4746 suam,
1414 4685 1467 4735 id
1505 4691 1606 4748 est,
1647 4700 1849 4749 panem
1889 4701 1918 4737 a
1952 4701 2143 4738 sacer-

511 4754 638 4804 dote
686 4753 1123 4804 consecrandum
1163 4755 1230 4804 ad
1271 4757 1465 4807 altaria
1498 4757 1690 4807 solitos
1730 4757 1921 4808 aﬂ‘erre
1964 4761 2139 4808 Οιϊ-..ἱ-

508 4825 620 4876 blle
659 4827 758 4876 est.
804 4825 940 4876 Nam
982 4828 1151 4877 moris
1187 4828 1374 4890 fuisse,
1409 4833 1470 4878 ut
1515 4831 1903 4894 unusquisque
1941 4843 2141 4893 panem

509 4895 656 4946 unde
687 4897 1203 4947 communicaturus
1225 4903 1359 4960 erat,
1390 4900 1506 4963 ipse
1536 4898 1774 4961 offerret,
1805 4913 1930 4950 cum
1969 4899 2140 4949 mira-

508 4968 697 5017 culum
724 4967 794 5018 de
828 4969 1060 5018 muliere
1091 4967 1294 5019 Christi
1326 4972 1679 5033 praesentiam
1707 4971 1762 5020 in
1794 4975 2140 5021 sacramento

505 5052 617 5089 non
660 5039 920 5089 credente
951 5039 1186 5088 relatum
1228 5041 1284 5089 in
1325 5041 1455 5090 Vita
1495 5041 1742 5104 Gregorii
1786 5042 1966 5105 Magni
2007 5042 2139 5091 satis

509 5109 770 5170 ostendit,
807 5115 922 5159 tum
961 5110 1118 5160 locus
1147 5123 1178 5160 e
1216 5110 1358 5160 libro
1393 5111 1456 5162 de
1499 5113 1698 5175 Septem
1741 5112 1980 5162 Ecclesia
2015 5126 2141 5175 gra-

507 5179 660 5231 dibus
710 5195 820 5230 non
874 5180 1109 5231 obscure
1158 5181 1450 5244 signiﬁcat.
1512 5182 1607 5234 Sic
1665 5188 1851 5233 autem
1907 5183 2076 5234 habet
2123 5199 2133 5230 :

507 5269 535 5296 «
566 5250 721 5301 Sicut
747 5253 798 5301 in
835 5252 1120 5303 sacerdote
1158 5255 1519 5314 consecratio,
1553 5255 1628 5304 ita
1662 5255 1718 5304 in
1758 5255 2013 5304 ministro
2056 5260 2139 5306 est

507 5323 837 5372 sacramenti
895 5323 1199 5386 dispositio.
1256 5324 1355 5373 Ille
1416 5323 1602 5375 oblata
1652 5325 1994 5385 sanctificat,
2045 5325 2139 5376 hic

507 5391 855 5442 sanctificata
895 5393 1194 5457 dispensat.
1238 5411 1265 5439 »
1313 5395 1480 5445 Porro
1520 5395 1830 5460 neopliytos
1863 5395 2137 5447 sacriﬁcio

507 5461 704 5512 adesse
725 5476 833 5512 non
857 5467 1231 5528 consuevisse,
1255 5465 1360 5517 hoc
1387 5465 1607 5518 videtur
1635 5466 1960 5518 conﬁrmare
1987 5468 2137 5532 quod

507 5532 836 5584 Ambrosius
864 5548 929 5586 ac
960 5538 1307 5602 Augustinus
1333 5537 1518 5588 citatis
1544 5537 1680 5588 locis
1706 5549 1800 5587 eos
1829 5551 2137 5588 sacramen-

508 5611 625 5655 tum
659 5602 884 5668 qutdem
921 5607 977 5656 in
1008 5610 1165 5660 altari
1202 5609 1406 5660 vidisse
1447 5613 1714 5671 asseram,
1755 5607 1822 5658 de
1863 5609 2136 5661 sacrificio

509 5680 695 5726 autem
720 5675 885 5740 plane
915 5677 1128 5728 sileant.
1163 5679 1323 5730 Addo
1351 5679 1586 5731 dubium
1616 5693 1736 5731 esse
1771 5681 1982 5730 nemini
2017 5693 2137 5731 eos-

508 5749 635 5799 dem
678 5761 789 5799 non
830 5749 983 5812 prius
1024 5752 1173 5815 gregi
1229 5753 1463 5806 aliorum
1512 5752 1762 5805 fidelium
1808 5755 2135 5819 conjunctos

508 5819 698 5884 fuisse,
731 5832 898 5888 quam
928 5820 1123 5876 stolam
1150 5823 1442 5876 candidam
1474 5823 1826 5894 deponerent.

2163 4508 2220 4580 D

2249 3235 2317 3289 de
2345 3234 2654 3290 Proverbiis
2689 3236 2928 3306 scripsit,
2969 3237 3024 3290 in
3055 3253 3166 3307 quo
3202 3237 3473 3291 moralem
3510 3239 3694 3292 locum
3729 3241 3879 3293 ube-

2249 3329 2367 3383 rius
2393 3328 2687 3398 expressit,
2731 3330 3051 3385 naturalem
3091 3331 3146 3384 in
3186 3330 3537 3401 Ecclesiaste,
3568 3332 3878 3403 mysticum

2249 3421 2304 3476 in
2335 3421 2579 3479 Canticis
2609 3423 2988 3491 canticorum;
3018 3439 3344 3496 quanquam
3372 3425 3416 3480 si
3438 3425 3750 3498 diligenter
3772 3426 3882 3481 dis-

2309 3618 2404 3679 (tl)
2466 3617 2621 3668 Rom.
2671 3617 2823 3679 edit.,
2876 3619 3115 3669 Psatmus
3159 3621 3463 3671 centesimus
3491 3619 3787 3672 decimus...
3834 3628 3880 3671 et

2245 3689 2551 3738 centesimus
2594 3690 2900 3740 undecimus
2940 3703 3037 3754 per
3079 3691 3196 3749 has,
3235 3696 3339 3742 etc.
3382 3691 3488 3742 Ubi
3524 3706 3657 3742 sane
3694 3693 3878 3744 voluit

2247 3758 2556 3822 legitimum
2594 3761 2924 3810 numerandi
2964 3761 3213 3812 ordinem
3257 3764 3564 3813 restituere.
3598 3761 3706 3813 Sed
3751 3778 3880 3814 ma—

2245 3829 2505 3880 nifestum
2545 3836 2626 3880 est
2669 3831 3022 3882 Ambrosium
3055 3834 3110 3883 id
3153 3834 3304 3899 quod
3335 3839 3548 3884 certum
3588 3833 3876 3896 credebat,

2245 3900 2422 3964 primo
2455 3900 2598 3962 loco,
2626 3901 2773 3966 quod
2801 3916 2930 3953 vero
2955 3917 3066 3954 non
3109 3905 3180 3954 ita
3213 3909 3445 3966 certum,
3477 3905 3724 3956 secundo
3771 3919 3877 3970 po-

2245 3983 2439 4020 suisse.

2308 4042 2406 4103 (12)
2432 4043 2591 4094 Hanc
2628 4043 2801 4094 fuisse
2844 4050 3094 4096 veterum
3131 4060 3487 4097 communem
3530 4049 3873 4112 Opinionem,

2244 4113 2342 4163 sed
2373 4113 2442 4164 ab
2469 4127 2530 4164 ea
2561 4116 2895 4166 recentiores
2919 4117 3191 4180 quosdam
3235 4118 3536 4169 descivisse
3573 4120 3873 4170 docuimus

2246 4185 2313 4234 ad
2351 4185 2561 4236 calcem
2587 4185 2692 4235 col.
2717 4187 2828 4247 759,
2870 4199 3037 4250 quam
3081 4187 3491 4240 adnotationem
3530 4189 3629 4240 tibi
3673 4203 3874 4240 consu-

2243 4257 2374 4317 lere,
2403 4257 2449 4306 si
2478 4256 2632 4317 libet,
2663 4257 2810 4307 licet.

2307 4328 2401 4390 (13)
2453 4327 2696 4377 Dallaaus
2743 4328 2797 4377 in
2840 4328 2980 4379 libro
3027 4330 3090 4380 de
3146 4333 3247 4381 Usu
3302 4331 3536 4391 Patrum,
3584 4345 3704 4397 pag.
3757 4335 3870 4393 244,

2243 4398 2437 4449 scribit
2460 4400 2514 4448 in
2547 4398 2698 4449 hunc
2728 4399 2954 4450 modum
2991 4416 3000 4449 :
3032 4420 3058 4447 «
3090 4403 3238 4452 Mera
3273 4405 3489 4453 somnia
3525 4410 3707 4454 narrat
3741 4409 3872 4455 Am-

2244 4469 2462 4519 brosius
2497 4469 2799 4520 lectoribus
2853 4472 3025 4520 suis...
3067 4473 3125 4521 in
3171 4473 3450 4524 Psalmum
3498 4486 3697 4538 cxvm,
3732 4478 3869 4528 dum

2244 4543 2469 4614 exponit
2504 4543 2730 4592 nomina
2779 4542 3180 4602 Hebraicorum
3216 4545 3635 4608 elementorum,
3677 4563 3706 4598 a
3740 4551 3874 4614 qui-

2244 4612 2348 4662 bus
2375 4617 2603 4662 sumunt
2634 4614 2850 4664 initium
2879 4616 3140 4666 versiculi
3166 4614 3513 4680 singulorum
3545 4612 3873 4670 Octonario-

2245 4697 2364 4732 rum
2390 4702 2436 4743 »,
2465 4690 2569 4734 etc.
2606 4685 2722 4734 Non
2764 4687 2935 4735 semel
2969 4688 3080 4749 jam
3117 4692 3248 4739 ante
3291 4689 3636 4739 ostendimus
3678 4691 3871 4741 docto-

2243 4768 2358 4804 rem
2407 4759 2658 4805 nostrum
2710 4757 2766 4804 in
2825 4757 3070 4808 eruenda
3121 4759 3523 4810 Hebraioorum
3579 4763 3870 4811 nominum

2241 4826 2641 4890 signiﬁcatione
2693 4828 2993 4891 aliquando
3039 4831 3224 4880 minus
3269 4831 3502 4882 feliciter
3547 4832 3868 4892 desudasse,

2241 4909 2433 4946 verum
2472 4899 2526 4946 et
2564 4896 2643 4946 illi
2683 4909 2801 4947 αξγο
2842 4911 2954 4961 quo
2992 4913 3101 4950 non
3145 4902 3216 4951 ita
3259 4904 3569 4952 communis
3603 4908 3720 4952 erat
3765 4902 3869 4952 He-

2242 4967 2442 5018 braicaa
2473 4967 2677 5030 lingum
2715 4970 2975 5032 cognitio,
3007 4969 3062 5019 id
3104 4971 3459 5022 tribuendum
3487 4979 3600 5034 est;
3632 4987 3738 5025 nec
3766 4972 3868 5037 ipsi

2240 5038 2641 5098 insultandum,
2675 5053 2802 5089 cum
2843 5054 3008 5104 super
3047 5054 3111 5092 ea
3142 5057 3199 5093 re
3233 5044 3529 5107 scriptores
3569 5057 3708 5108 quos
3751 5050 3866 5094 tum

2241 5109 2414 5169 licuit,
2447 5110 2805 5160 consuluerit.
2840 5111 3158 5175 Optandum
3195 5115 3418 5178 quidem
3459 5122 3605 5166 esset
3644 5128 3773 5166 eum
3812 5116 3864 5164 in

2239 5181 2419 5232 fontes
2445 5181 2632 5230 minus
2660 5186 2947 5244 corruptos
2984 5183 3264 5244 incidisse,
3300 5199 3431 5235 cum
3474 5187 3612 5236 forte
3649 5187 3863 5237 nullum

2238 5252 2411 5302 alium
2453 5253 2715 5315 repererit
2752 5258 2954 5317 praeter
2989 5253 3234 5305 Philonis
3277 5256 3655 5322 Etymologias
3688 5270 3862 5322 :quas

2239 5327 2318 5374 tot
2343 5324 2618 5388 tantisque
2644 5324 2919 5375 erroribus
2943 5329 3216 5378 scatentes
3257 5328 3430 5378 fuisse
3473 5329 3637 5381 docet
3675 5330 3864 5380 Hiero-

2239 5409 2460 5460 nymus,
2499 5400 2559 5445 ut
2596 5395 2724 5446 inde
2761 5396 2829 5446 ad
2867 5410 2961 5446 eas
2996 5399 3383 5461 expurgandas
3424 5401 3657 5464 ipsemet
3691 5400 3861 5450 indu-

2237 5471 2469 5518 ceretur.
2502 5467 2589 5517 Ad
2625 5467 2746 5518 haec
2774 5480 2884 5516 non
2921 5466 3208 5530 ignorabat
3251 5471 3496 5522 Dallaeus
3534 5485 3702 5536 quam
3737 5483 3857 5535 pro-

2238 5553 2371 5588 num
2423 5540 2493 5588 sit
2543 5539 2599 5588 in
2653 5538 2996 5603 explicandis
3042 5540 3330 5593 vocabulis
3381 5543 3520 5594 adeo
3571 5541 3858 5608 multiplici

2236 5611 2644 5675 signiﬁcatione
2670 5611 2826 5675 quasi
2853 5611 2978 5662 fetis
3002 5625 3202 5666 errare.
3237 5615 3375 5679 Quae
3415 5629 3550 5668 sane
3587 5630 3714 5668 eum
3755 5612 3857 5664 ad-

2236 5686 2644 5757 versustantaa
2688 5682 3030 5757 auctoritatis
3079 5684 3294 5738 Patrem
3341 5685 3648 5746 debuerant
3694 5685 3853 5757 paulo

2236 5755 2625 5809 modestiorem
2655 5754 2892 5809 efﬁcere.
