4082 6186
242 230 339 286 1265

1317 223 1672 283 EXPOSITIO
1712 224 1777 282 IN
1816 222 2129 283 PSALML’M
2168 225 2394 285 CXVIII.

3408 224 3540 285 1266

237 356 387 423 cutias,
416 357 469 408 et
512 350 572 407 in
613 347 924 407 Proverbiis
966 349 1199 423 mystica
1240 349 1513 422 pleraque
1542 350 1810 422 reperies,
1836 349 2146 436 Aniliouis
2187 348 2512 422 illuminat),
2561 352 2617 406 et
2657 356 2927 423 tauquam
2981 344 3299 423 despiciens
3345 368 3542 409 omnes

235 457 274 504 et
299 448 345 502 in
380 444 621 502 Canticis
661 443 971 500 moralium
1018 444 1372 500 suavitatem.
1422 446 1563 499 Nam
1617 445 1813 516 utique

232 541 485 614 mysticum
512 544 594 594 est
624 556 638 594 :
669 560 697 587 ‹‹
724 538 1012 610 Sapientia
1040 538 1333 594 aediﬁcavit
1362 538 1465 593 sibi
1499 538 1733 593 domum
1759 541 1815 593 et

228 634 435 690 subdidit
460 634 754 688 columnas
775 635 1012 704 septem,
1042 631 1326 687 interfecit
1365 648 1493 686 suas
1522 632 1751 699 hostias,
1783 655 1809 681 η

224 735 307 785 etc.
350 731 538 797 (Pror.,
590 744 662 794 rx,
712 728 779 798 1).
826 728 1057 798 Hocque
1110 725 1166 780 in
1210 725 1457 782 Canticis
1504 727 1649 780 lucet
1694 729 1810 780 tam

223 822 480 894 mysticum
527 837 700 892 quam
746 821 955 875 morale
993 820 1123 889 (14),
1154 819 1212 874 in
1251 836 1367 891 quo
1406 818 1813 873 blanditiarum

224 915 425 970 suavitas
451 919 507 969 et
530 914 765 968 affectus
786 912 1026 968 amantis
1046 913 1390 984 exprimitur
1421 931 1432 967 :
1461 935 1487 960 ‹‹
1519 912 1815 967 Osculetur

222 1026 293 1064 me
317 1008 379 1063 ab
415 1007 601 1063 osculo
644 1008 758 1063 oris
791 1008 897 1077 sui,
938 1006 1208 1079 quoniam
1248 1006 1467 1078 optima
1513 1005 1688 1061 ubera
1716 1009 1815 1059 tua

219 1119 364 1174 super
397 1101 604 1169 vinum,
651 1104 709 1156 et
740 1101 880 1155 odor
921 1104 1351 1172 unguentorum
1379 1105 1606 1155 tuorum
1644 1115 1815 1171 super

219 1196 381 1253 omnia
402 1200 656 1250 aromata
681 1195 887 1265 (Cant,
915 1210 953 1262 ι,
988 1196 1055 1265 1).
1091 1217 1118 1243 ››

274 1292 319 1345 ι.
358 1289 642 1344 Constitue
683 1305 822 1360 ergo
861 1287 1140 1361 virginem
1189 1288 1589 1360 desponsatam
1636 1287 1814 1343 multo

218 1387 466 1455 tempore,
508 1387 567 1438 et
609 1382 765 1454 justo
814 1383 1131 1438 ferventem
1186 1397 1406 1449 amore,
1455 1397 1584 1452 quae
1640 1381 1847 1435 multa‘

216 1478 424 1550 probata
470 1492 647 1548 opera
687 1475 873 1531 dilecti
923 1474 1303 1547 probabilium
1347 1474 1577 1531 testium
1627 1490 1813 1528 asser-

217 1571 343 1625 tione
382 1569 733 1642 cognoverit,
777 1568 1069 1639 desideriis
1110 1568 1396 1640 suspensis
1432 1568 1663 1623 dilatam
1700 1568 1812 1622 fre-

217 1669 447 1736 quenter,
489 1665 612 1735 jam
666 1679 781 1718 non
832 1663 1114 1718 ferentem
1169 1678 1391 1731 moras;
1447 1677 1576 1734 quae
1626 1662 1818 1716 omnia

1907 444 2288 515 jucunditates
2332 448 2388 500 et
2430 444 2835 501 delectationes
2880 461 3031 512 suas,
3077 444 3396 501 coelestibus
3440 462 3539 503 cu-

1915 538 2076 609 piens
2120 539 2399 593 inhaerere
2453 539 2753 607 mandatis,
2803 539 2883 594 ait
2931 555 2944 593 :
2991 539 3273 604 Quoniam
3328 541 3541 611 optima

1914 636 2200 703 priecepta
2255 636 2725 687 testamentorum
2790 638 3022 688 tuorum
3082 650 3252 704 super
3316 649 3540 688 omnem

1914 726 2298 795 appetentiam
2329 726 2512 781 carnis
2548 732 2606 780 et
2641 726 2829 781 saeculi
2866 727 3243 799 voluptatem.
3270 726 3541 781 Memine-

1915 825 2000 876 rat
2027 820 2178 874 enim
2206 836 2262 873 se
2290 819 2347 873 in
2374 821 2482 874 Eva
2509 825 2640 875 ante
2668 820 2747 874 sic
2772 821 3008 890 lapsam,
3032 820 3167 875 dum
3197 820 3543 890 voluptatem

1914 914 2165 984 corporis
2201 914 2435 984 praefert
2478 912 2765 967 mandatis
2803 913 3141 969 caelestibus.
3184 913 3275 967 Ait
3316 929 3329 967 :
3372 933 3397 961 ‹‹
3430 914 3540 966 Un-

1916 1014 2190 1078 guentum
2218 1006 2574 1062 exinanitum
2615 1022 2825 1061 nomen
2861 1012 3022 1062 tuum
3056 1007 3238 1076 (Ibid.,
3267 1006 3346 1075 2),
3381 1026 3408 1054 »
3437 1006 3545 1060 hoc

1916 1106 2020 1168 est,
2053 1105 2206 1156 totus
2232 1100 2547 1155 immundis
2572 1100 3000 1171 impuritatibus
3032 1099 3389 1155 diversorum
3416 1100 3544 1154 faci-

1916 1209 2119 1249 norum
2161 1194 2377 1249 fetebat
2418 1193 2510 1248 hic
2556 1193 2803 1248 mundus
2844 1210 2858 1249 :
2909 1210 3062 1248 nunc
3107 1192 3285 1265 spirat
3328 1194 3541 1265 ubique

1915 1288 2158 1343 suavitas
2199 1288 2505 1360 pudicitiae,
2547 1291 2906 1359 unguentum
2949 1288 3105 1355 fidei,
3150 1287 3254 1343 flos
3301 1287 3542 1357 integri-

1916 1382 2063 1437 tatis.
2106 1384 2172 1437 Et
2212 1399 2245 1436 a
2289 1381 2622 1437 mortalibus
2667 1381 2817 1436 venit
2862 1383 2930 1436 ad
2989 1381 3249 1453 mystica,
3295 1381 3539 1436 dicens:

1916 1498 1943 1523 ‹‹
1985 1475 2300 1531 Introduxit
2335 1491 2425 1530 me
2466 1476 2580 1529 Rex
2626 1474 2680 1529 in
2718 1474 3045 1529 cubiculum
3090 1491 3278 1542 suum,
3324 1475 3540 1530 exulte-

1917 1586 2046 1624 mus
2089 1574 2145 1625 et
2181 1570 2442 1624 laetemur
2479 1568 2537 1623 in
2581 1574 2655 1637 te,
2687 1568 2993 1639 diligamus
3029 1568 3210 1623 ubera
3241 1572 3335 1623 tua
3374 1572 3553 1639 super

1915 1663 2111 1718 vinum
2168 1663 2352 1731 (lbid.,
2401 1664 2475 1733 3).
2527 1685 2556 1712 ››
2612 1661 2864 1733 Simplex
2916 1666 3000 1717 est
3051 1661 3205 1715 enim
3263 1662 3539 1730 osculum,

216 1734 428 1825 fecisset,
463 1734 526 1811 ut
549 1773 824 1829 sponsum
865 1756 1081 1811 videret
1114 1772 1126 1810 :
1161 1755 1465 1828 aliquando
1495 1755 1636 1811 votis
1665 1754 1810 1827 poti-
1838 1734 1892 1807 Β
1920 1757 2279 1828 negotiosum
2310 1760 2501 1811 autem
2528 1754 2770 1810 cubiculi
2796 1758 3097 1811 secretum.

217 1857 308 1906 tam
331 1851 456 1919 suis,
494 1850 568 1905 ad
612 1850 981 1922 improvisum
1025 1849 1220 1921 sponsi
1259 1849 1563 1904 adventum
1607 1848 1812 1921 gaudio

216 1944 487 2013 turbatam,
517 1961 635 1999 non
665 1960 925 2015 quaerere
951 1942 1261 2016 primordia
1287 1942 1664 2011 salutationis,
1696 1958 1813 1997 non

217 2038 485 2093 verborum
531 2037 699 2105 vices,
731 2036 833 2092 sed
873 2037 1058 2092 statim
1102 2036 1256 2108 quod
1296 2036 1671 2092 desiderasset
1699 2036 1813 2090 exi-

220 2147 344 2202 gere.
375 2134 453 2186 ita
483 2148 625 2204 ergo
662 2132 721 2184 et
756 2135 952 2185 sancta
984 2130 1225 2185 Ecclesia
1250 2146 1377 2202 quin
1402 2130 1459 2185 in
1490 2128 1814 2201 primordiis

218 2226 383 2280 mundi
410 2225 749 2297 desponsata
773 2224 830 2279 in
863 2223 1143 2296 paradiso,
1178 2224 1543 2296 praeﬁgurata
1575 2224 1631 2277 in
1662 2223 1809 2278 dilu-

217 2319 304 2388 vio,
345 2319 676 2374 annuntiata
720 2334 824 2390 per
857 2318 1068 2389 legem,
1111 2321 1303 2373 vocata
1340 2333 1443 2390 per
1476 2317 1810 2390 prophetas,

217 2412 296 2467 diu
334 2411 793 2485 redemptionem
826 2411 1147 2482 hominum,
1190 2411 1475 2483 Evangelii
1520 2410 1810 2480 decorem,

219 2505 382 2560 dilecti
408 2510 793 2578 exspectasset
827 2505 1155 2573 adventum,
1186 2504 1489 2577 impatiens
1529 2520 1708 2560 moras
1752 2506 1811 2560 in

218 2601 376 2654 oscula
409 2599 520 2655 ruit
554 2599 753 2655 dicens
786 2615 799 2653 :
838 2619 866 2649 ‹‹
892 2598 1190 2654 Osculetur
1228 2615 1319 2654 me
1360 2599 1429 2653 ab
1476 2598 1669 2653 osculo
1701 2597 1814 2653 oris

217 2694 309 2747 sui.
354 2714 379 2742 ιι
427 2695 487 2748 Et
535 2693 821 2748 delectata
876 2692 1077 2747 osculis
1140 2691 1336 2764 adjicit
1388 2708 1400 2746 ε
1460 2714 1485 2740 α
1532 2691 1811 2757 Quoniam

217 2786 407 2858 Optima
437 2787 605 2841 ubera
631 2791 733 2841 tua
761 2803 936 2858 super
962 2786 1176 2841 vinum.
1213 2810 1239 2834 ››

273 2883 317 2934 5.
345 2881 403 2935 Et
433 2884 489 2934 ut
511 2880 789 2936 moralius
816 2880 1096 2947 dicamus,
1125 2879 1385 2952 intelligo
1416 2879 1556 2935 mihi
1582 2895 1813 2935 carnem

220 2975 363 3044 illam,
409 2992 536 3048 quas
590 2974 906 3030 madefacta
950 2974 1140 3030 fuerat
1188 2973 1245 3028 in
1303 2975 1481 3029 Adam
1536 2972 1814 3045 serpentis

218 3084 424 3139 veneno,
451 3085 580 3142 quae
618 3068 921 3123 criminum
961 3067 1246 3123 marcebat
1284 3068 1485 3135 fetore,
1525 3083 1653 3140 quae
1678 3084 1811 3140 pro-
1836 3106 1889 3179 Ο

217 3163 417 3218 cedebat
443 3164 499 3218 in
532 3162 757 3217 filiabus
787 3162 925 3218 Sion
950 3162 1065 3216 alta
1090 3161 1307 3217 cervice
1332 3165 1390 3217 et
1420 3160 1651 3217 nutibus
1678 3178 1811 3217 ocu-

216 3255 390 3325 lorum,
416 3262 471 3311 et
497 3257 703 3312 itinere
732 3256 939 3328 pedum
967 3256 1199 3311 trahens
1220 3256 1456 3323 tunicas,
1486 3260 1543 3311 et
1570 3255 1815 3328 pedibus

218 3349 307 3403 suis
334 3350 544 3418 ludens,
584 3349 827 3404 crinium
867 3349 1148 3404 cincinnis
1186 3354 1244 3405 et
1277 3349 1607 3422 compositis
1644 3349 1810 3405 vulti-

216 3441 316 3510 bus,
359 3448 525 3517 atque
583 3443 934 3499 redimicnlis
984 3446 1040 3499 et
1094 3443 1254 3499 omni
1302 3443 1561 3499 aifectato
1609 3443 1815 3498 decore

217 3538 317 3606 plus
356 3538 636 3593 dedecens
668 3560 678 3590 ε
727 3537 986 3593 eamdem
1029 3545 1221 3592 tamen
1263 3536 1519 3608 plurimis
1557 3537 1815 3593 eductam

214 3632 419 3686 oraculis
456 3631 611 3704 quod
663 3636 931 3686 venturus
968 3635 1131 3698 esset,
1176 3631 1277 3703 qui
1314 3631 1593 3704 serpentis
1628 3630 1810 3685 illece-

216 3722 308 3777 bris
327 3724 579 3793 exclusis,
609 3724 791 3779 sancti
817 3723 1060 3796 Spiritus
1089 3724 1422 3780 infunderet
1456 3724 1722 3795 gratiam,
1752 3729 1817 3779 ut

217 3818 369 3871 omnis
403 3835 537 3873 caro
594 3817 813 3873 videret
865 3817 1104 3873 salutare
1148 3818 1272 3888 Dei,
1322 3818 1512 3873 omnis
1558 3834 1688 3873 caro
1741 3818 1813 3873 ad

218 3907 362 3965 Deum
396 3912 639 3977 veniret,
673 3911 932 3966 inarsisse
972 3910 1256 3967 desiderio
1287 3929 1300 3966 :
1331 3912 1429 3967 sed
1458 3914 1814 3968 metuentem

218 4017 271 4055 ne
304 4007 359 4057 ut
393 4004 716 4078 impatiens,
758 4009 823 4059 ut
860 4005 1079 4074 lasciva,
1125 4009 1189 4059 ut
1224 4005 1535 4074 luxuriosa,
1569 4011 1632 4061 ut
1672 4023 1811 4079 que-

215 4095 332 4166 ruta,
381 4099 526 4154 sicut
578 4103 711 4154 ante
762 4099 977 4166 fuerat,
1039 4097 1379 4171 displiceret,
1436 4102 1495 4153 et
1554 4100 1814 4172 longiore

217 4204 355 4259 quam
380 4192 528 4247 ferre
551 4192 673 4263 jam
714 4194 958 4264 poterat,
999 4192 1278 4248 morantis
1319 4192 1594 4249 adventus
1630 4193 1810 4249 domi-

217 4283 302 4337 nici
325 4286 737 4358 exspectatione
771 4284 961 4359 975
993 4290 1325 4358 quateretur
1356 4304 1369 4341 :
1415 4304 1527 4342 non
1566 4287 1809 4342 immur-

218 4382 505 4435 murantem
537 4384 750 4446 tamen,
783 4395 889 4434 nec
919 4380 1457 4451 transgredientem,
1491 4380 1590 4435 sed
1627 4381 1815 4436 levan—

1983 1854 2036 1905 6.
2083 1853 2142 1904 In
2192 1850 2315 1922 ipso
2364 1866 2591 1921 quoque
2650 1849 2959 1921 Evangelio
3004 1849 3422 1920 pulcherrimus
3473 1849 3542 1902 de

1913 1944 2226 1999 moralibus
2253 1944 2408 1999 locus
2433 1948 2536 2010 est,
2564 1946 2628 1997 ut
2656 1943 3044 2015 unusquisque
3074 1958 3165 1996 vas
3190 1956 3354 1997 suum
3384 1957 3546 1997 mun-

1915 2037 2032 2106 det,
2082 2037 2308 2092 dicente
2361 2037 2594 2092 Domino
2642 2053 2654 2090 :
2709 2059 2735 2083 ‹‹
2779 2036 3059 2091 Pharisme
3110 2052 3276 2105 caece,
3329 2035 3547 2090 munda

1914 2130 2070 2203 prius
2097 2131 2247 2202 quod
2278 2132 2431 2186 intus
2459 2135 2543 2185 est
2577 2130 2767 2185 calicis
2799 2134 2857 2185 et
2896 2129 3236 2202 paropsidis,
3268 2136 3327 2183 ut
3362 2130 3457 2184 iiut
3492 2132 3545 2185 et

1915 2226 1973 2280 id
2022 2225 2174 2297 quod
2222 2226 2357 2280 foris
2406 2229 2491 2279 est
2539 2223 2821 2279 mundum
2872 2225 3113 2291 (Matth.,
3161 2239 3311 2290 xxm,
3359 2224 3469 2295 ‘26).
3516 2246 3542 2269 ››

1914 2321 2054 2375 Nam
2086 2319 2193 2374 nisi
2223 2335 2281 2373 se
2309 2317 2701 2390 unusquisque
2731 2318 2881 2372 intus
2910 2317 3285 2384 mundaverit,
3318 2317 3541 2371 etiamsi

1913 2413 2054 2468 foris
2094 2413 2380 2485 speciosus
2408 2411 2667 2467 videatur
2702 2416 2758 2466 et
2789 2411 2995 2482 justus,
3025 2410 3224 2465 similis
3254 2412 3364 2465 erit
3390 2409 3546 2464 deal-

1913 2506 2056 2562 batis
2107 2506 2412 2578 sepulcris;
2458 2509 2522 2560 ut
2572 2505 2707 2560 foris
2752 2505 2987 2577 quidem
3033 2505 3222 2575 justus
3267 2504 3547 2569 videatur,

1914 2602 2067 2656 intus
2107 2617 2237 2655 vero
2285 2600 2358 2654 sit
2397 2599 2624 2654 fetidus.
2672 2598 2762 2654 Sic
2808 2602 2893 2654 est
2938 2598 3200 2654 doctrina
3247 2597 3372 2652 sine
3418 2596 3547 2653 vitae

1912 2693 2255 2749 innocentia.
2289 2692 2397 2748 Sed
2432 2709 2538 2746 nec
2568 2693 2688 2763 ipsa
2718 2692 2969 2747 doctrina
3003 2695 3190 2762 potest
3224 2692 3545 2746 mercedem

1914 2788 2149 2854 habere,
2181 2786 2279 2840 ubi
2318 2787 2557 2857 gratiam
2598 2801 2711 2839 non
2749 2785 2923 2839 habet
2955 2784 3318 2839 innocentiae.
3354 2806 3380 2832 ‹‹
3411 2786 3547 2839 Pec-

1915 2881 2089 2935 catori
2119 2880 2271 2936 enim
2303 2879 2446 2934 dixit
2472 2880 2617 2933 Deus
2644 2893 2657 2932 :
2697 2897 2721 2927 α
2750 2879 2934 2942 Quare
2963 2882 3023 2932 tu
3055 2892 3284 2931 enarras
3302 2876 3548 2947 justiﬁes

1915 2991 2069 3031 meas
2104 2974 2270 3046 (Psal.
2300 2989 2443 3040 χιιι,
2480 2971 2606 3042 l6)?
2634 2991 2661 3023 ι)
2690 2970 2798 3027 Sed
2842 2973 3199 3026 revertamur
3233 2971 3302 3026 ad
3331 2986 3543 3043 pr0po-

1915 3069 2087 3124 situm
2117 3069 2427 3140 psalmum.
2991 3071 2995 3077 '

1986 3168 2040 3218 7.
2072 3164 2247 3224 Beati,
2277 3161 2481 3233 inquit,
2512 3161 2849 3216 immaculati
2888 3162 2944 3215 in
2980 3162 3090 3224 via,
3134 3162 3229 3231 qui
3263 3160 3547 3216 ambulant

1915 3260 1974 3313 in
1999 3258 2109 3326 lege
2131 3258 2360 3313 Domini.
2395 3257 2552 3312 Beati
2586 3257 2684 3325 qui
2721 3259 3038 3310 scrutantur
3078 3256 3387 3310 testimonia
3411 3254 3546 3324 ejus,

1915 3354 1976 3406 in
2002 3356 2109 3406 toto
2135 3350 2295 3405 corde
2323 3352 2622 3419 exquirunt
2654 3363 2790 3403 eum.
2821 3347 3041 3403 Primus
3070 3363 3261 3403 versus
3290 3347 3541 3414 moralis,

1915 3442 2195 3499 secundus
2229 3442 2521 3515 mysticus.
2570 3440 2706 3506 Quis
2745 3440 2853 3496 hoc
2897 3441 3071 3495 dicit?
3111 3441 3392 3512 Propheta
3434 3442 3551 3495 uti-‘

1917 3554 2049 3609 que,
2094 3537 2189 3609 qui
2235 3536 2580 3608 fungebatur
2623 3535 2807 3590 carnis
2845 3534 3093 3606 alloquio
3142 3536 3269 3604 (15),
3312 3539 3369 3590 et
3411 3534 3547 3589 dicit

1915 3632 2025 3687 hoc
2062 3635 2192 3703 post
2228 3646 2357 3685 eum
2397 3628 2681 3701 psalmum
2718 3645 2833 3699 quo
2874 3628 3157 3698 descripta
3197 3633 3283 3682 est
3322 3627 3544 3683 Domini

1915 3723 2095 3780 nostri
2160 3724 2289 3779 Jesu
2347 3722 2555 3778 Christi
2602 3721 2805 3793 passio.
2874 3720 2975 3777 Ubi
3038 3737 3176 3793 ergo
3244 3725 3301 3775 et
3352 3721 3545 3777 divina

1916 3823 2278 3874 sacramenta
2342 3816 2586 3871 revelata
2649 3819 2813 3882 sunt,
2867 3818 2923 3869 et
2987 3813 3171 3869 induit
3232 3814 3543 3871 Dominica:

1916 3909 2345 3968 resurrectionis
2385 3909 2660 3976 laetitiam,
2688 3912 2745 3963 et
2778 3906 3054 3979 passionis
3079 3907 3397 3979 degustavit
3426 3926 3546 3981 gra-

1916 4008 2087 4073 tiam;
2127 4005 2265 4060 vidit
2298 4004 2587 4076 justorum
2633 4001 3127 4073 congregationes,
3172 4001 3407 4073 populos
3450 4019 3542 4058 re-

1917 4100 2279 4171 demptorum
2319 4096 2451 4169 (16),
2483 4095 2837 4169 perditorum
2880 4095 3142 4163 salutem,
3185 4101 3546 4152 mortuorum

1916 4192 2426 4262 resurrectionem,
2476 4190 2979 4247 sanctiﬁcationem
3032 4196 3544 4257 sacramentorum,

1916 4293 1972 4344 et
2006 4286 2342 4343 exclamavit
2377 4285 2565 4340 dicens
2600 4301 2612 4339 :
2649 4287 2802 4341 Beati
2836 4286 3172 4339 immaculuti
3212 4286 3266 4338 in
3305 4288 3413 4347 via,
3443 4285 3549 4340 hoc

1914 4385 1999 4438 est
2042 4398 2055 4436 :
2099 4382 2240 4436 Ecce
2287 4379 2585 4435 maledicta
2620 4384 2770 4433 terra
2808 4378 2867 4433 in
2906 4378 3085 4433 Adam
3129 4378 3297 4450 coepit
3335 4378 3545 4434 habere

218 4473 305 4525 tem
330 4472 383 4527 in
413 4472 578 4528 omni
605 4475 730 4528 loco
763 4489 931 4545 puras
958 4490 1159 4528 manus
1185 4473 1307 4528 sine
1336 4475 1420 4529 ira
1451 4476 1507 4530 et
1534 4475 1809 4547 discepta-
1835 4478 1892 4549 D
1914 4475 2367 4541 beatitudinem;
2397 4472 2441 4528 si
2487 4478 2681 4528 tamen
2725 4472 2911 4544 legem
2956 4471 3183 4527 Domini
3220 4488 3335 4527 non
3378 4473 3542 4528 derc-

215 4560 336 4619 tione
359 4565 417 4620 in
438 4565 643 4621 habitu
669 4572 891 4636 ornato,
915 4582 1046 4622 cum
1069 4567 1416 4623 verecundia
1436 4572 1494 4623 et
1511 4567 1811 4624 sobrietate

217 4662 479 4715 ornautem
510 4675 589 4727 se,
629 4677 746 4715 non
785 4660 841 4714 in
885 4661 1046 4715 tortis
1084 4661 1356 4729 crinibus,
1386 4665 1486 4716 aut
1524 4678 1685 4730 auro,
1715 4669 1813 4718 aut

218 4754 525 4823 margaritis,
553 4755 653 4808 aut.
682 4757 835 4809 veste
866 4755 1133 4825 pretiosa,
1166 4754 1263 4809 sed
1292 4755 1358 4810 iis
1384 4771 1512 4827 quae
1539 4755 1812 4811 castitatis

218 4848 259 4895 et
290 4843 443 4901 bona;
494 4846 939 4903 conversationis
994 4848 1263 4904 decerent
1319 4849 1594 4920 gratiam,
1647 4866 1811 4905 orare

219 4934 460 4995 dicentem
491 4956 505 4995 :
542 4962 569 4987 α
600 4941 897 4997 Osculetur
921 4957 1017 4996 me
1056 4941 1126 4996 ab
1165 4942 1354 4998 osculo
1390 4943 1504 4998 oris
1534 4943 1639 5014 sui,
1670 4960 1808 5015 quo-

221 5027 341 5085 niam
362 5035 580 5106 optima
607 5034 785 5091 ubera
809 5039 908 5090 tua
934 5052 1108 5108 super
1136 5036 1355 5092 vinum.
1388 5055 1416 5088 ν
1439 5037 1561 5091 Jam
1590 5038 1814 5094 volebat

218 5121 475 5183 adhaerere
507 5128 730 5184 Christo
755 5145 907 5197 caro,
932 5129 1054 5200 jam
1089 5129 1397 5185 festinabat
1423 5130 1721 5197 innubere,
1749 5136 1814 5186 ut

220 5221 337 5271 esset
362 5236 507 5275 unus
539 5221 792 5293 spiritus,
823 5226 881 5277 et
908 5223 1070 5277 ﬁeret
1107 5239 1240 5277 caro
1280 5222 1504 5289 Christi,
1534 5241 1662 5295 qum
1695 5230 1814 5280 erat

222 5314 327 5364 ante
351 5314 675 5369 meretricis.
708 5316 1010 5379 Osculetur,
1038 5315 1244 5388 inquit,
1273 5332 1353 5372 mc
1380 5318 1687 5387 (osculatur
1712 5334 1813 5372 nos

223 5398 298 5456 Dei
321 5406 573 5475 Verbum,
607 5409 834 5481 quando
860 5426 1089 5466 sensum
1118 5413 1378 5466 nostrum
1406 5411 1637 5483 spiritus
1674 5428 1809 5483 cog-

269 5571 351 5632 (14)
380 5573 500 5623 Mss.
534 5574 787 5639 plerique
815 5589 882 5627 ac
899 5581 1006 5627 vet.
1035 5576 1187 5637 edit.,
1223 5578 1327 5628 Hoc
1352 5578 1410 5627 in
1441 5579 1673 5629 Canticis
1700 5578 1815 5630 licet

226 5640 601 5721 loupiyslicum
629 5661 793 5721 quam
822 5648 1024 5698 morale
1048 5650 1145 5721 sit.
1168 5649 1346 5711 Rom.,
1372 5651 1478 5700 Hoc
1496 5652 1555 5700 in
1582 5651 1815 5703 Canticis

225 5717 509 5766 canticorum
528 5724 576 5767 et
598 5719 872 5781 mysticum
901 5723 949 5769 et
970 5719 1191 5771 morale.
1218 5721 1330 5772 Nos
1357 5735 1488 5772 vero
1517 5723 1814 5776 lectionem

229 5781 323 5832 βοά.
375 5784 603 5854 Βθωὶε.,
655 5790 841 5855 Vind.,
892 5791 1123 5855 Theod.,
1169 5793 1364 5847 Navar.
1414 5794 1600 5860 uniu,
1649 5798 1816 5863 atque

1912 4570 2149 4641 linquat,
2181 4584 2307 4624 ecce
2335 4567 2737 4622 immaculatus
2775 4570 2862 4621 est
2885 4566 3083 4634 homo,
3117 4566 3214 4638 qui
3256 4572 3381 4622 erat
3413 4570 3545 4623 ante

1913 4663 2181 4735 pollutus.
2212 4663 2394 4727 Quam
2424 4660 2733 4733 pretiosum
2764 4665 2850 4714 est
2881 4659 3166 4716 custodire
3192 4665 3544 4733 praeceptum

1912 4756 2166 4813 Domini!
2222 4772 2392 4827 quam
2447 4754 2760 4826 pretiosum
2815 4754 2987 4809 etiam
3045 4754 3312 4827 prmeepti
3372 4753 3546 4825 ipsius

1913 4852 2054 4907 scire
2083 4850 2420 4922 mysterium
2441 4849 2453 4903 !

1984 4947 2037 5000 8.
2068 4944 2177 5000 Sed
2209 4942 2337 5016 quis
2376 4946 2463 4997 est
2501 4942 2939 4998 immaculatus?
2969 4942 3090 4997 Non
3130 4941 3324 5014 utique
3363 4938 3459 5012 qui
3485 4939 3543 4994 in

1915 5054 2273 5110 quacumque
2300 5036 2388 5091 via
2417 5036 2691 5104 ambulat,
2721 5037 2818 5092 sed
2857 5035 2957 5108 qui
2987 5035 3043 5090 in
3085 5034 3308 5091 Christo
3338 5033 3541 5088 ambu-

1914 5134 2011 5188 lat.
2046 5135 2166 5203 Ipse
2198 5131 2349 5186 enim
2380 5131 2523 5186 dixit
2551 5147 2564 5184 :
2594 5151 2619 5180 α
2644 5131 2761 5201 Ego
2789 5147 2914 5185 sum
2944 5129 3030 5183 via
3052 5129 3251 5197 (Joan.,
3280 5143 3392 5193 x1v,
3415 5129 3487 5197 6).
3513 5152 3539 5177 ››

1915 5229 1975 5283 In
2002 5226 2109 5280 hac
2135 5224 2329 5297 9'76
2356 5224 2443 5279 via
2472 5224 2568 5296 qui
2609 5223 2880 5289 ambulat,
2909 5238 3100 5277 errare
3136 5236 3254 5275 non
3282 5220 3465 5291 novit;
3496 5223 3543 5276 si

1914 5324 2105 5374 tamen
2137 5318 2205 5372 ab
2236 5320 2341 5373 hac
2367 5318 2455 5372 via
2493 5333 2788 5389 nunquam
2818 5315 3059 5371 recedat.
3091 5316 3184 5368 Est
3209 5317 3267 5368 et
3300 5314 3390 5370 via
3420 5315 3539 5384 lex;

1915 5418 1972 5469 et
1996 5412 2122 5468 ideo
2166 5412 2302 5468 dum
2331 5412 2730 5467 immaculatus
2772 5412 2875 5477 est,
2913 5407 2970 5461 in
3007 5408 3133 5479 lege
3164 5408 3390 5464 Domini
3428 5425 3543 5465 am-

1915 5580 2058 5631 Aud.
2091 5583 2567 5643 repraesenlamus.

1976 5654 2075 5716 (15)
2123 5653 2246 5703 Hoc
2296 5657 2396 5713 est,
2445 5650 2541 5715 qui
2588 5647 2739 5699 velut
2794 5648 2975 5700 carnis
3023 5648 3147 5702 vice
3202 5662 3269 5701 ac
3315 5648 3541 5701 nomine

1914 5725 2246 5792 loquebatur

1974 5796 2070 5861 (16)
2102 5796 2258 5850 Rom.
2286 5793 2436 5859 edit,
2461 5792 2779 5861 populorum
2802 5793 3225 5862 redemptionem.
