3958 6166
451 212 585 269 1267
628 224 641 233 '

1913 213 1969 270 S.
2010 211 2326 271 AMBROSII

3739 204 3892 261 £268

446 335 639 403 balet;
674 352 777 395 nec
799 335 1091 395 ambulare
1118 336 1176 396 in
1218 337 1307 395 via
1343 338 1447 396 hac
1486 338 1726 407 desinat,
1756 355 1830 396 ne
1867 339 2067 395 imma-
2095 337 2395 424 Aaudire,
2422 354 2552 395 cum
2576 336 2808 411 legitur,
2837 332 2969 411 quia
2995 338 3140 394 Deus
3167 335 3323 392 novit
3365 330 3637 390 occulta
3674 329 3887 386 homi-

448 430 665 486 culatus
690 447 811 487 esse
851 431 1101 490 desistat.
1133 434 1254 490 Non
1295 433 1541 490 declinet
1566 434 1624 490 in
1650 434 1945 491 dexteram
1974 437 2076 489 aut

449 523 668 592 laevam,
716 530 814 582 aut
858 526 1083 596 titubet,
1138 545 1254 583 non
1298 528 1542 598 resistat,
1588 544 1706 584 non
1753 531 2073 600 exspectet;

420 617 545 673 ‘sed
575 618 830 675 ambulet
856 622 1149 692 superiora
1192 622 1545 692 obliviscens,
1579 625 1638 678 et
1672 639 1739 678 ea
1775 638 1903 694 qua».
1944 623 2076 675 sunt

448 710 643 780 priora
686 716 961 784 appetens
1003 717 1131 786 (l7),
1164 717 1235 771 ad
1283 715 1632 772 destinatum
1672 721 1964 788 sequatur,
2003 713 2074 769 ad

449 803 705 860 brevium
748 808 996 876 festinet,
1032 811 1338 865 contendat
1371 828 1551 883 usque
1593 811 1652 865 in
1696 811 1901 874 linem;
1949 809 2077 862 linis

451 898 605 953 enim
645 899 786 972 legis
827 905 912 957 est
949 903 1220 959 Christus.
1265 904 1417 959 Multi
1456 906 1651 960 volunt
1689 904 1975 959 ambulare
2020 903 2075 956 in

451 995 561 1061 via,
589 994 688 1048 sed
717 1012 833 1050 non
871 1014 1048 1069 usque
1083 998 1153 1051 ad
1190 999 1386 1054 linem.
1418 1000 1538 1054 Non
1574 998 1869 1053 ambulant
1895 996 2075 1052 Judtei

452 1104 634 1161 usque
663 1089 731 1144 ad
763 1090 958 1159 tinem,
982 1091 1080 1162 qui
1110 1108 1225 1146 non
1260 1108 1435 1163 usque
1460 1091 1530 1146 ad
1561 1091 1848 1147 Christum
1877 1091 2074 1145 ambu-

452 1182 596 1237 lant.
640 1183 761 1237 Non
800 1183 1054 1238 ambulat
1100 1185 1442 1239 Manicheeus
1486 1186 1543 1239 in
1594 1184 1703 1250 via,
1750 1184 1848 1256 qui
1887 1184 2078 1256 legem

453 1276 686 1344 refutat,
716 1277 813 1330 sed
839 1277 1094 1333 ambulat
1122 1295 1254 1333 vera
1290 1279 1426 1333 fides
1460 1296 1589 1350 qua:
1630 1282 1688 1334 ct
1727 1280 1917 1350 legem
1951 1296 2076 1334 sus-

455 1369 609 1440 cipit,
642 1376 698 1425 et
730 1371 1138 1440 plenitudinem
1170 1373 1315 1442 legis
1338 1374 1619 1444 agnoscit.

526 1465 577 1518 9.
614 1462 667 1519 Si
694 1463 823 1535 quis
846 1480 983 1536 ergo
1012 1465 1069 1519 in
1099 1465 1186 1519 via
1215 1466 1484 1535 ambulat,
1512 1472 1793 1523 scrutetur
1819 1468 2075 1522 testimo-

454 1557 551 1612 nia
585 1557 829 1612 Domini.
871 1558 1003 1621 Quae
1044 1559 1173 1613 licet
1213 1561 1447 1631 mystica
1489 1562 1620 1629 sint,
1667 1565 1859 1618 tamen
1906 1562 2079 1616 etiam

456 1651 696 1706 moralia
722 1650 778 1705 in
817 1667 877 1706 se
917 1652 1158 1721 habent;
1189 1654 1462 1724 quoniam
1504 1655 1707 1710 melius
1741 1658 1933 1726 potest
1958 1672 2077 1709 am-

2174 448 2338 501 num,
2367 448 2439 489 ne
2466 432 2712 505 incipias
2749 431 2892 489 scire
2932 431 3087 504 quod
3130 431 3366 500 timeas,
3410 433 3479 485 et
3528 426 3769 482 timere
3808 440 3894 478 ne

2175 542 2395 598 pecces.
2427 526 2571 582 Audi
2601 542 2739 597 ergo
2767 525 3118 598 Scripturam
3151 524 3454 590 divinam,
3489 523 3572 576 ut
3619 534 3888 576 conver-

2178 620 2313 675 taris
2338 636 2371 675 a
2396 620 2487 675 via
2513 637 2687 692 prava
2714 623 2772 676 et
2801 619 3074 692 maligna.
3097 618 3223 675 Noli
3250 617 3413 674 sicut
3437 630 3656 671 caecus
3693 611 3893 668 oculis

2177 713 2585 785 corporalibus,
2630 716 2729 768 aut
2767 713 2912 768 sicut
2966 713 3192 780 surdus,
3239 710 3339 784 qui
3396 725 3480 765 eo
3526 705 3710 781 quod
3756 722 3888 762 non

2180 805 2366 878 9'77
2410 810 2595 878 potest
2636 807 2827 864 videre
2865 811 2963 862 aut
2999 806 3201 863 audire
3237 806 3626 878 praesentes,
3674 801 3889 856 solum

2178 918 2297 956 esse
2324 919 2382 954 se
2412 901 2632 956 credit:
2666 905 2724 957 et
2759 901 2817 956 in
2852 900 3236 972 plurimorum
3262 903 3452 965 coetu,
3492 896 3654 952 dum
3705 897 3889 966 putat

2178 995 2401 1049 nullum
2440 1012 2563 1052 esse
2606 998 2970 1066 praesentem,
3003 996 3329 1067 perpetrare
3370 990 3683 1046 adoritur
3715 987 3887 1060 quod

2178 1087 2483 1144 arbitratur
2513 1104 2635 1143 esse
2661 1091 2974 1157 secretum;
3008 1104 3122 1143 non
3153 1089 3338 1158 potest
3374 1084 3561 1141 enim
3594 1081 3882 1139 videntes

2179 1182 2369 1237 videre
2396 1183 2494 1255 qui
2527 1199 2636 1237 non
2668 1182 2851 1248 videt;
2879 1182 3139 1237 similiter
3164 1184 3220 1237 et
3244 1186 3306 1236 tu
3334 1177 3582 1235 mentis
3613 1179 3883 1232 emeatus

2179 1276 2355 1331 oculis
2406 1277 2524 1332 noli
2573 1275 2852 1331 aestimare
2900 1276 3055 1349 quod
3110 1274 3232 1330 sine
3278 1278 3437 1329 teste
3501 1271 3877 1343 delinquas,

2182 1372 2318 1442 quia
2343 1369 2593 1426 hominis
2618 1370 2981 1441 praesentiam
3010 1369 3298 1425 declinare
3328 1366 3626 1439 potuisti.
3662 1365 3879 1420 Plures

2180 1468 2316 1519 sunt
2352 1465 2452 1535 qui
2493 1464 2862 1535 redarguant,
2906 1479 3082 1534 quam
3122 1476 3263 1534 quos
3306 1476 3540 1517 cavere
3591 1457 3873 1531 potuisti.

2181 1560 2372 1630 Ipsum
2406 1562 2462 1612 te
2497 1559 2697 1628 fugere
2738 1557 2818 1612 tui
2855 1559 3241 1612 accusatorem
3276 1571 3400 1611 non
3431 1558 3648 1627 potes,
3683 1569 3874 1624 quem

2183 1650 2447 1708 convenit
2476 1654 2579 1721 (20)
2606 1651 2837 1723 propria
2871 1650 3237 1706 conscientia.
3274 1650 3343 1704 Et
3364 1648 3438 1703 si
3476 1664 3687 1720 negas
3714 1645 3870 1713 aliis,

453 1742 650 1797 balare
672 1743 728 1798 in
756 1744 864 1809 via,
888 1745 985 1816 qui
1010 1750 1292 1800 scrutatur
1320 1748 1542 1802 Domini
1571 1748 1918 1804 testimonia.
1943 1750 2079 1803 Nam
2102 1725 2157 1797 Β
2184 1744 2285 1800 tibi
2314 1761 2430 1799 non
2457 1761 2653 1816 negas.
2685 1746 2755 1802 Et
2790 1744 2838 1798 si
2876 1743 3096 1800 homini
3134 1742 3436 1813 inliciaris,
3471 1743 3605 1797 Deo
3637 1740 3867 1797 fateris.

454 1840 517 1891 ut
544 1837 671 1907 quis
698 1836 1307 1909 intemperantissimus
1334 1847 1529 1911 captus
1555 1842 1889 1897 adulterinae
1916 1841 2075 1913 cupi-

456 1928 643 1984 ditatis
672 1933 835 1998 aestu,
870 1936 927 1987 et
964 1932 1143 1987 victus
1178 1933 1433 2003 libidine,
1464 1936 1547 1990 vel
1583 1936 1883 2008 indulgens
1910 1935 2077 2006 ﬂagi-

455 2022 570 2090 tiis,
591 2024 687 2095 qui
716 2041 1039 2097 repugnare
1061 2028 1201 2082 nolit
1217 2029 1564 2100 appetentius
1589 2046 1702 2084 sua:
1723 2030 1931 2099 carnis,
1954 2046 2083 2085 con-

457 2132 650 2172 versus
675 2118 785 2173 huc
815 2126 983 2192 atque
1023 2122 1174 2190 illuc,
1207 2122 1252 2176 si
1289 2123 1580 2179 neminem
1610 2125 1754 2179 forte
1784 2124 1988 2193 videat,
2022 2124 2080 2179 in

455 2210 673 2266 facinus
719 2213 835 2267 ruit
883 2215 990 2286 (l8)
1035 2233 1047 2269 :
1096 2215 1247 2271 idem
1292 2222 1483 2272 tamen
1529 2218 1790 2289 quamvis
1832 2219 2086 2274 inveniat

455 2310 717 2374 paratam
761 2308 1111 2364 occasionem
1158 2310 1436 2381 potiendi,
1478 2312 1738 2384 explorat
1777 2311 2086 2384 diligenter

457 2399 673 2463 omnia.
702 2400 760 2455 in
806 2401 1094 2458 diversum
1134 2405 1325 2460 oculos
1366 2422 1515 2474 suos,
1556 2406 1872 2462 incuriosus
1911 2406 2079 2477 justi-

457 2492 569 2560 tite,
596 2494 865 2549 sollicitus
890 2498 1082 2566 fame,
1111 2497 1408 2570 detorquet
1433 2500 1782 2572 frequenter,
1806 2500 2086 2555 erubescit

458 2587 849 2644 testimonium
896 2590 1126 2658 erroris,
1170 2592 1268 2663 qui
1307 2609 1424 2648 non
1471 2592 1752 2648 erubescit
1785 2609 2035 2648 errorem
2068 2609 2081 2647 :

460 2697 525 2736 ac
559 2681 605 2736 si
640 2698 812 2754 quem
857 2684 1002 2739 forte
1042 2689 1423 2757 spectatorem
1452 2687 1783 2759 cognoverit
1818 2686 2088 2743 facinoris

460 2776 582 2842 sui,
635 2778 980 2832 verecundia
1042 2782 1365 2851 sequestrat
1402 2780 1964 2853 intemperantiam;
2030 2787 2090 2838 et

460 2869 719 2940 quamvis
772 2888 903 2927 cum
944 2873 1148 2928 ancilla
1194 2876 1285 2930 vel
1336 2876 1636 2929 meretrice
1683 2875 1899 2946 vulgari
1952 2875 2084 2945 (l9),

456 2962 557 3019 ubi
599 2964 819 3019 nullum
874 2965 949 3020 sit
988 2966 1459 3038 deprehendendi
1509 2969 1849 3039 perieulum,
1900 2972 2086 3023 tenta-

2182 1840 2251 1893 Et
2295 1838 2343 1892 si
2385 1838 2627 1894 volueris
2670 1854 2904 1910 negare,
2948 1840 3061 1893 tua:
3103 1842 3159 1892 te
3205 1835 3619 1909 cogitationes
3668 1834 3866 1890 revin-

2181 1937 2336 1988 cunt.

2257 2031 2342 2083 ll.
2385 2028 2582 2084 Elisaao
2622 2027 2959 2084 assistebant
3005 2027 3218 2100 angeli,
3258 2043 3409 2098 quos
3465 2026 3761 2093 videbat;
3812 2027 3872 2079 et

2182 2122 2313 2178 ideo
2363 2121 2597 2194 agmina
2651 2122 2900 2177 hostium
2945 2138 3062 2178 non
3106 2120 3383 2189 timebat;
3438 2121 3551 2177 sed
3606 2119 3868 2175 timebat

2184 2232 2329 2289 puer
2354 2216 2498 2287 ejus,
2534 2216 2631 2288 qui
2662 2216 2898 2288 angelos
2930 2232 3045 2271 non
3078 2214 3326 2271 videbat.
3362 2214 3642 2286 Aperuit
3668 2212 3868 2269 oculos

2184 2310 2307 2381 ejus
2331 2310 2404 2365 ad
2435 2325 2627 2365 vocem
2653 2310 2948 2382 propheta:
2976 2309 3158 2381 gratia
3184 2309 3299 2377 Dei,
3322 2309 3476 2365 vidit
3498 2308 3864 2380 angelorum

2186 2404 2485 2474 exercitus,
2525 2409 2581 2459 et
2624 2403 2863 2459 credidit
2908 2420 3029 2458 esse
3066 2408 3402 2475 praesentes,
3445 2420 3610 2474 quos
3661 2404 3862 2477 antea,

2185 2497 2323 2570 quia
2369 2513 2486 2552 non
2530 2495 2775 2565 videbat,
2821 2497 3057 2569 putabat
3099 2496 3363 2551 absentes
3415 2498 3515 2566 (IV
3565 2500 3733 2566 Reg.,
3784 2511 3859 2562 γι,

2191 2595 2253 2647 l6
2280 2596 2329 2646 et
2358 2595 2463 2661 Π).
2496 2591 2565 2645 Et
2594 2592 2653 2645 tu
2689 2590 2816 2661 lege
2856 2590 3197 2662 prophetam
3236 2596 3299 2645 ut
3335 2589 3573 2657 videas,
3614 2590 3754 2659 lege
3799 2592 3865 2641 ut

2187 2684 2405 2757 aperiat
2446 2684 2637 2740 oculos
2678 2689 2838 2752 tuos;
2888 2700 2992 2739 nec
3031 2689 3086 2739 te
3132 2684 3353 2740 hostilis
3403 2684 3576 2756 legio
3621 2689 3855 2756 perter-

2188 2784 2328 2849 reat,
2362 2782 2419 2834 et
2455 2779 2748 2833 obsessum
2790 2795 2913 2833 esse
2944 2783 3000 2833 te
3037 2778 3253 2845 credas,
3287 2777 3387 2851 qui
3436 2778 3599 2834 liber
3641 2794 3726 2844 es,
3756 2776 3858 2848 qui

2158 2872 2444 2939 emunitus
2480 2889 2541 2927 es
2584 2871 2930 2943 spiritalibus
2962 2871 3186 2939 turmis,
3227 2872 3272 2927 si
3316 2872 3688 2944 prophetam
3733 2886 3849 2925 non

2189 2966 2579 3038 derelinquas.
2608 2968 2750 3023 Cum
2781 2965 2887 3020 tibi
2911 2966 3188 3038 propheta
3212 2965 3500 3037 loquitur,
3535 2965 3677 3038 quia
3700 2965 3854 3018 Deus

459 3061 655 3113 menta
690 3059 960 3113 moliatur
1000 3059 1270 3127 libidinis,
1301 3062 1517 3131 pudore
1559 3067 1754 3117 tamen
1796 3062 2085 3133 inceptum
2189 3059 2329 3114 dixit
2367 3076 2380 3113 :
2428 3081 2457 3108 ‹‹
2494 3060 2610 3130 Ego
2654 3059 2860 3114 coelum
2912 3062 2972 3114 et
3018 3063 3227 3113 terram
3274 3058 3546 3130 compleo
3603 3061 3845 3129 (Jerem.,

461 3150 713 3206 deserit:
750 3156 960 3222 quanto
992 3154 1170 3225 magis
1211 3154 1255 3208 si
1294 3156 1420 3225 quis
1463 3154 1667 3209 allevat
1707 3155 1915 3210 mentis
1952 3172 2082 3209 ocu-

460 3244 566 3312 los,
618 3249 675 3300 et
722 3246 1044 3301 consideret
1094 3249 1264 3318 plena
1312 3265 1431 3303 esse
1477 3250 1811 3320 angelorum
1867 3249 2083 3313 omnia,

462 3354 616 3421 aera,
644 3344 841 3406 terras,
870 3357 1047 3408 mare,
1077 3341 1365 3409 ecclesias,
1393 3343 1599 3413 quibus
1620 3344 1809 3415 angeli
1835 3347 2088 3415 praesunt

462 3431 661 3500 (mittit
686 3434 839 3489 enim
878 3434 1152 3489 Dominus
1179 3438 1411 3507 angelos
1437 3454 1566 3491 suos
1592 3438 1664 3492 ad
1695 3437 2086 3492 defensionem

460 3542 662 3583 eorum
692 3528 788 3598 qui
815 3527 1070 3582 hmredes
1098 3529 1277 3583 futuri
1304 3536 1434 3584 sunt
1463 3532 1872 3603 promissorum
1901 3531 2090 3587 coeles-

460 3621 646 3691 tium),
695 3626 966 3693 concepto
1013 3626 1198 3694 potest
1243 3624 1571 3679 renuntiare
1619 3624 1877 3695 peccato!
1927 3624 2087 3679 Unde

459 3716 567 3771 ista
592 3716 761 3770 turba
800 3715 1211 3785 innocentium,
1256 3716 1363 3772 nisi
1405 3734 1471 3772 ex
1516 3717 1626 3772 illis
1662 3719 2087 3789 peccatoribus?

462 3808 675 3866 Eadem
716 3816 922 3864 natura
966 3813 1051 3865 est
1077 3810 1361 3879 omnium,
1390 3812 1487 3866 sed
1521 3812 1741 3868 diversa
1768 3812 2084 3885 disciplina.

459 3903 824 3960 Circumcisio
874 3903 1013 3959 nihil
1052 3909 1154 3971 est,
1200 3910 1257 3958 et
1294 3904 1586 3974 gentilitas
1625 3905 1769 3960 nihil
1806 3910 1892 3960 est
1933 3923 1944 3959 :
1988 3906 2088 3960 sed

459 3998 780 4054 observatio
830 3998 1225 4053 mandatorum
1280 3998 1377 4052 Dei
1421 4002 1641 4053 naturae
1694 3998 1867 4070 ipsius
1915 4003 2089 4069 auget

462 4092 724 4163 gratiam.
771 4091 965 4146 Merita
1005 4094 1319 4146 commutat
1360 4092 1453 4147 ille
1492 4092 1591 4163 qui
1629 4092 1806 4147 dicit:
1852 4114 1879 4141 ι(
1909 4094 2085 4147 Tene-

459 4188 580 4241 bras
624 4187 680 4241 in
727 4186 987 4254 circuitu,
1030 4188 1087 4239 et
1130 4184 1371 4255 parietes
1412 4202 1503 4240 me
1546 4186 1814 4257 operiunt
1845 4202 1858 4240 :
1890 4203 2084 4257 pecca-

461 4286 648 4335 torum
678 4296 937 4335 meorum
980 4296 1095 4334 non
1127 4278 1237 4334 erit
1272 4294 1498 4334 memor
1525 4278 1851 4334 Altissimus
1878 4278 2085 4350 (15ch:1,

461 4391 613 4444 χχιιι,
643 4374 752 4445 26).
784 4396 810 4423 ››

2188 3170 2341 3220 mn,
2372 3154 2490 3221 24);
2524 3176 2550 3203 ››
2582 3169 2712 3208 cum
2751 3153 2852 3207 tibi
2893 3153 3173 3224 propheta
3212 3152 3366 3221 dicit,
3403 3175 3437 3203 ‹‹
3473 3154 3617 3225 quia
3645 3152 3845 3224 plures

2187 3246 2479 3303 nobiscum
2516 3252 2648 3302 sunt
2687 3248 2772 3316 (IV
2807 3249 2960 3317 Reg.,
2987 3262 3064 3315 γι,
3102 3246 3208 3318 16),
3239 3268 3265 3296 ι»
3303 3245 3443 3316 quia
3492 3246 3557 3300 in
3595 3245 3842 3301 circuitu

2187 3344 2380 3396 nostro
2411 3341 2600 3413 angeli
2635 3345 2797 3407 sunt;
2833 3340 3025 3396 attolle
3066 3341 3258 3395 oculos
3298 3340 3542 3407 mentis,
3582 3344 3645 3395 et
3681 3337 3839 3392 vide-

2188 3436 2274 3490 bis
2310 3453 2424 3491 non
2455 3435 2645 3490 solum
2683 3435 2937 3506 angelos,
2975 3435 3073 3489 sed
3110 3434 3280 3489 etiam
3321 3435 3510 3490 Deum
3554 3435 3657 3506 qui
3693 3433 3841 3488 dicat

2189 3529 2289 3584 tibi
2317 3546 2330 3584 :
2362 3550 2389 3578 ‹‹
2416 3527 2581 3600 Aperi
2609 3528 2771 3596 mibi,
2799 3545 2964 3584 soror
2991 3545 3136 3595 mea,
3165 3527 3437 3599 proxima
3465 3545 3602 3583 mea
3625 3529 3838 3598 (Cant.

2192 3640 2239 3688 v,
2270 3622 2347 3692 2).
2376 3643 2404 3672 »
2434 3621 2624 3677 Pulsat
2660 3621 2731 3676 ad
2751 3621 2989 3692 januam
3020 3624 3077 3676 et
3116 3620 3348 3693 quando
3379 3625 3449 3676 tu
3487 3620 3715 3677 dormis
3745 3637 3759 3674 :
3790 3619 3833 3673 si

2187 3720 2377 3771 tamen
2402 3716 2489 3770 vel
2515 3714 2791 3771 excitatus
2817 3714 3068 3785 evigiles,
3097 3715 3182 3770 vel
3213 3719 3440 3768 vocatus
3464 3715 3717 3786 januam
3751 3712 3835 3767 tui

2190 3810 2427 3883 pectoris
2457 3809 2698 3881 aperias,
2730 3809 3004 3864 introibit.
3035 3808 3199 3873 Quod
3226 3807 3271 3862 si
3296 3808 3495 3880 fugias
3522 3809 3832 3864 lectionem

2189 3904 2598 3976 propheticum,
2632 3902 2678 3957 si
2706 3903 2865 3957 domi
2898 3919 3010 3959 non
3037 3902 3215 3972 legas,
3245 3902 3304 3956 in
3344 3903 3601 3959 Ecclesia
3631 3901 3831 3957 audire

2190 3997 2366 4066 nolis;
2398 4014 2593 4052 nonne
2620 3996 2764 4051 sicut
2802 3995 2895 4050 ille
2928 3996 3025 4066 qui
3064 4012 3261 4051 averso
3297 3997 3579 4052 connivet
3605 3997 3829 4057 obtutu,

2190 4108 2262 4146 ne
2291 4091 2479 4146 videat
2503 4091 2653 4163 quod
2685 4090 2856 4162 possit
2884 4090 3092 4155 videre,
3120 4090 3333 4145 claudit
3354 4093 3556 4146 oculos
3583 4108 3658 4146 ne
3686 4088 3831 4160 aspi-

2189 4186 2317 4253 ciat,
2360 4185 2450 4240 cui
2496 4189 2744 4256 potestas
2785 4183 3013 4239 videndi
3052 4189 3155 4250 est,
3197 4190 3297 4239 aut
3331 4183 3481 4239 sicut
3526 4184 3586 4239 in
3634 4185 3827 4238 furore

2189 4279 2449 4351 plerique
2475 4278 2721 4349 injecere
2755 4293 2961 4332 manus
2989 4278 3164 4332 oculis
3191 4279 3326 4346 suis,
3355 4277 3435 4333 ita
3463 4282 3526 4334 et
3551 4284 3610 4334 tu
3640 4276 3824 4349 primo

2190 4371 2460 4427 averteris
2508 4370 2831 4425 conniventi
2883 4370 3067 4442 magis
3119 4370 3600 4438 dissimulatione,
3651 4384 3821 4441 quam

536 4473 622 4525 l0.
666 4470 789 4523 Non
828 4468 1098 4523 reveritus
1136 4484 1285 4523 esses
1328 4466 1666 4538 angelorum
1706 4462 2574 4538 praesentiam,Drefragatione
2628 4465 2960 4536 praerupta?
3007 4466 3145 4520 Nam
3199 4482 3331 4520 cum
3385 4465 3456 4520 ad
3518 4462 3818 4520 Ecclesium

463 4565 508 4619 si
563 4568 876 4634 praesentes
928 4578 1049 4617 esse
1104 4560 1364 4617 crederes
1385 4562 1413 4615 ἶ)
1458 4562 1580 4616 Non
1634 4564 1933 4628 metueres,
1976 4578 2095 4615 non

462 4659 646 4715 dicam
689 4658 895 4725 facere,
938 4656 1038 4711 sed
1084 4656 1258 4727 loqui,
1300 4659 1400 4710 aut
1438 4655 1609 4709 etiam
1646 4655 1895 4726 cogitare
1938 4655 2091 4727 quod

463 4768 700 4826 pravum
730 4755 833 4816 est,
873 4750 918 4804 si
957 4749 1054 4804 tibi
1094 4749 1281 4804 divina
1309 4749 1598 4821 Scriptura
1636 4748 1923 4815 suasisset,
1957 4748 2094 4819 quia

463 4851 610 4904 Deus
662 4843 1078 4916 cogitationum
1122 4843 1356 4909 arbiter,
1399 4846 1745 4897 secretorum
1797 4843 1956 4897 testis
2008 4847 2095 4897 est

463 4958 650 5010 verax,
688 4939 833 4994 sicut
872 4937 993 5008 ipse
1024 4937 1143 4992 ait:
1192 4958 1220 4985 «
1250 4938 1435 4991 Estote
1477 4935 1620 4990 mihi
1661 4941 1847 5005 testes,
1887 4939 1946 4990 et
1984 4953 2091 5008 ego

467 5035 643 5102 testis,
690 5032 823 5088 dicit
878 5030 1152 5087 Dominus
1194 5032 1361 5098 Deus,
1407 5032 1465 5083 et
1520 5046 1661 5101 puer
1710 5045 1869 5084 meus
1920 5046 2093 5101 quem

465 5129 613 5201 elegi
652 5128 805 5198 (Ιδίιυ
848 5142 996 5194 XLIII,
1035 5124 1159 5195 10)?
1192 5144 1219 5172 »ι
1254 5122 1552 5177 Hominem
1595 5122 1802 5177 vereris
1842 5139 2090 5194 praesen-

466 5228 606 5290 tem,
653 5220 752 5276 Dei
792 5220 973 5275 Patris
1019 5222 1075 5274 et
1112 5216 1233 5272 Filii
1274 5234 1389 5271 non
1436 5216 1644 5271 vereris
1692 5215 2095 5287 praesentiam?

465 5315 576 5371 Sed
629 5332 744 5369 non
796 5315 876 5369 vis
923 5313 1173 5379 credere,
1221 5326 1291 5366 ne
1336 5310 1516 5382 possis
1554 5326 1754 5365 cavere
1793 5326 1805 5363 :
1853 5326 1966 5366 non
2013 5311 2096 5365 vis

530 5438 630 5499 (l7)
675 5435 836 5487 Rom.
880 5436 1034 5494 edit.,
1074 5441 1119 5485 et
1157 5433 1272 5484 ideo
1304 5432 1430 5482 dum
1473 5432 1568 5496 qui
1618 5432 1675 5480 in
1722 5431 1831 5496 lege
1886 5434 2098 5484 Domini

466 5508 729 5563 ambulat,
771 5508 1142 5558 immaculata:
1171 5511 1265 5565 est,
1304 5518 1395 5555 nec
1440 5503 1779 5554 ambulare...
1819 5519 1937 5569 qua:
1974 5513 2097 5557 sunt

468 5580 750 5631 anteriora
781 5585 1050 5642 appetens.

534 5653 630 5716 (l8;
657 5651 865 5702 Omnes
894 5650 1047 5710 edit.,
1073 5651 1331 5699 neniinem
1359 5648 1533 5698 videat
1559 5648 1751 5712 ﬂagitii
1783 5650 1869 5699 sui
1906 5655 2097 5713 testem,

468 5724 525 5773 in
549 5723 761 5787 facinus
785 5724 897 5773 ruit
913 5736 927 5783 ;
954 5734 1149 5775 omnes
1179 5735 1333 5787 mss,
1361 5720 1621 5774 nominem
1644 5720 1841 5783 videat,
1868 5722 1927 5774 in
1954 5722 2101 5790 faci-

470 5808 570 5847 nus
598 5794 730 5846 ruit.

2194 4559 2371 4625 venis,
2399 4562 2455 4613 et
2482 4558 2865 4614 Christianum
2895 4564 2951 4613 te
2978 4559 3202 4626 asseris,
3236 4576 3403 4614 sanus
3429 4557 3661 4623 videris,
3692 4571 3821 4626 ape-

2196 4655 2271 4709 ris
2308 4654 2519 4720 oculus,
2566 4652 2775 4723 quibus
2823 4654 3001 4724 possis
3046 4653 3260 4720 videre,
3308 4653 3405 4708 sed
3446 4654 3590 4708 dum
3628 4649 3819 4704 audire

2195 4747 2514 4803 dissimulas
2542 4764 2669 4819 quas
2700 4747 2988 4817 leguntur,
3012 4746 3227 4801 claudis
3250 4763 3324 4801 ne
3354 4747 3548 4803 videas
3575 4744 3698 4810 tibi,
3720 4739 3821 4797 etsi

2193 4843 2315 4897 aliis
2346 4842 2544 4895 videre
2572 4840 2808 4909 videris;
2839 4840 3026 4912 injicis
3060 4841 3233 4895 etiam
3264 4840 3542 4913 quasdam
3570 4834 3817 4911 pertidim

2194 4943 2251 4992 et
2303 4933 2759 5006 intemperantia:
2809 4951 3016 4988 manus
3066 4934 3243 4989 oculis
3303 4934 3511 4989 anima:
3580 4938 3711 4995 tute,
3763 4930 3819 4981 et

2196 5030 2506 5086 caecitatem
2538 5028 2717 5083 infers
2761 5027 2914 5083 cordi
2966 5034 3085 5095 tuo,
3121 5027 3275 5099 quod
3317 5031 3405 5082 est
3444 5026 3686 5099 gravius,
3716 5036 3809 5074 vo-

2196 5125 2525 5191 luntariam,
2554 5126 2619 5179 ut
2662 5121 2857 5177 videns
2900 5138 3015 5177 non
3058 5121 3267 5191 videas,
3304 5122 3543 5176 audiens
3572 5134 3685 5174 non
3714 5130 3810 5172 au-

2196 5220 2337 5276 dias.

2273 5317 2356 5369 t2.
2393 5315 2557 5369 Putas
2595 5319 2649 5367 te
2689 5312 2875 5367 solum
2913 5327 3033 5367 esse
3070 5328 3198 5365 cum
3241 5310 3568 5378 foruicaris,
3604 5308 3662 5362 et
3701 5316 3808 5358 non

2261 5437 2358 5501 (l9)
2392 5436 2599 5488 Confer
2626 5436 2777 5486 hunc
2813 5435 3001 5485 locum
3043 5446 3172 5483 cum
3214 5434 3282 5483 iis
3316 5448 3443 5498 quae
3479 5443 3637 5495 supra
3675 5426 3805 5476 lib.x

2197 5510 2260 5560 de
2303 5507 2594 5564 Abraham,
2623 5520 2742 5568 cap.
2783 5508 2833 5563 7,
2874 5518 3028 5554 num.
3063 5505 3145 5565 59,
3198 5505 3505 5562 traduntur,
3548 5515 3649 5551 nee
3700 5507 3805 5545 non

2198 5595 2328 5633 cum
2367 5583 2500 5628 nota
2537 5590 2704 5640 quam
2737 5577 2902 5637 capiti
2942 5577 2972 5626 4
3014 5576 3259 5640 ejusdem
3300 5577 3424 5627 libri
3459 5570 3799 5636 subjecimas.

2260 5651 2361 5774 (:3?)
2392 5648 2657 5709 Convenit,
2690 5648 2920 5699 verbum
2951 5662 2980 5700 c
3016 5649 3155 5711 foro,
3186 5650 3241 5700 id
3274 5652 3372 5711 est,
3395 5646 3605 5714 judicio
3638 5650 3805 5706 ρεδο-

2260 5737 2295 5774 ιι
2323 5735 2409 5774 ur.

2199 5735 2409 5791 quitur.
