3958 6166
417 256 543 316 l27t

1872 252 1928 310 S.
1970 242 2289 312 Αωβιιοειι

3627 249 3766 315 1272

412 378 716 451 adulterio;
746 376 948 453 utique
986 374 1048 436 in
1080 390 1200 436 uno
1239 375 1551 448 convictus,
1586 373 1820 450 punitur
1862 378 2037 435 etiam
2060 392 2231 466 Ανιι,
2270 380 2360 446 29,
2390 376 2503 449 30).
2536 397 2564 429 n
2591 375 2751 444 Quod
2790 372 2874 434 illi
2913 379 3269 450 spreverunt,
3312 393 3417 436 nos
3455 377 3769 452 eligamus,

411 474 633 548 legibus
658 472 1034 543 saecularibus,
1063 488 1166 530 nec
1200 471 1440 546 prodest
1476 470 1530 529 ei
1569 470 1798 527 alterius
1841 472 2036 528 crimi-

409 570 501 631 nis
523 567 884 638 abstinentia,
906 567 951 623 si
982 567 1040 623 in
1069 567 1251 624 altero
1278 566 1451 624 fuerit
1482 565 1895 639 deprehensus.

490 716 571 769 l6.
602 713 776 781 (Vers.
806 718 859 779 '7,
896 712 974 784 8.)
1005 712 1301 783 Conﬁtebor
1338 712 1454 777 tibi,
1502 713 1737 774 Domine,
1767 712 1827 764 in
1866 710 2037 766 αἰνεθ-

415 810 557 863 tione
581 808 759 863 cordis
799 806 1067 877 (advertis
1112 822 1253 879 quas
1292 805 1413 861 vias
1452 805 1684 877 dirigas)
1722 807 1779 859 in
1820 820 1879 859 eo
1922 820 2042 858 cum

412 901 649 957 didicero
662 901 878 970 judicia
892 901 1128 971 justitiae
1153 904 1274 955 tuae.
1303 901 1725 969 Justiﬁcationcs
1763 904 1886 952 tuus
1922 913 2039 951 cus-

415 994 619 1050 todiam
649 1013 666 1049 :
694 1011 801 1049 non
835 1010 916 1049 me
955 994 1299 1064 derelinquas
1335 1008 1741 1064 usquequaque.
1781 992 1895 1046 Hoc
1922 991 2043 1045 loco

416 1088 654 1161 mystica
707 1088 928 1160 plenius
980 1103 1326 1160 cognoscere
1380 1103 1440 1142 se
1490 1086 1630 1141 velle
1682 1088 1936 1150 testatur,
1981 1088 2047 1140 ut

414 1181 773 1256 ingrediatur
811 1181 1121 1252 penetralia
1166 1179 1567 1253 mysteriorum
1612 1178 1947 1244 cmlestium,
1988 1180 2046 1232 et

415 1276 744 1349 aperiantur
782 1275 892 1331 sibi
935 1275 1185 1330 thesauri
1231 1273 1530 1345 sapientiae
1579 1276 1636 1329 et
1689 1272 1937 1328 scientiae
1987 1271 2047 1327 in

416 1369 637 1427 Christo
663 1368 998 1425 absconditi.
1030 1370 1072 1422 II
1083 1367 1192 1423 nde
1221 1370 1279 1422 et
1309 1366 1579 1422 Salomon
1604 1366 1683 1422 ait
1710 1383 1725 1422 :
1755 1387 1783 1416 «
1806 1366 2045 1421 Attrabe

415 1478 522 1519 nos
552 1468 678 1536 post
710 1470 762 1517 lc
796 1480 808 1517 :
843 1463 900 1517 in
930 1462 1169 1517 odorem
1213 1463 1639 1533 unguentorum
1678 1463 1911 1515 tuorum
1940 1477 2047 1515 nos

414 1572 727 1613 curremus.
770 1555 1089 1610 Introduxit
1122 1569 1215 1608 me
1255 1554 1368 1608 Rex
1416 1553 1471 1608 in
1508 1553 1835 1608 cubiculum
1878 1570 2051 1607 suum

414 1650 621 1719 (Cant.,
662 1667 698 1719 ι,
736 1648 811 1720 3).
857 1670 885 1699 ››
930 1649 999 1703 Et
1036 1647 1274 1703 fortasse
1314 1646 1455 1701 illud
1498 1646 1651 1718 quod
1693 1646 1774 1701 ait
1813 1662 1986 1717 supra
2030 1661 2044 1701 :

2138 475 2196 528 et
2238 488 2547 544 sequamur
2582 471 2881 528 consilium
2915 471 3033 540 Dei,
3072 488 3186 546 quo
3230 471 3376 528 nihil
3413 475 3601 545 potest
3642 489 3770 530 esse

2138 565 2469 637 sublimius;
2524 567 2633 622 hoc
2690 566 2846 622 enim
2896 565 3183 635 divinum,
3234 583 3348 640 quo
3397 568 3461 624 tit
3507 568 3774 625 remissio

2140 664 2522 732 peccatorum.
2553 662 2695 718 Cum
2727 659 2988 717 didicerit
3026 660 3214 733 itaque
3245 660 3495 732 justitias
3525 662 3770 729 Domini,

2142 756 2317 809 Deum
2346 754 2553 810 timens
2580 770 2699 809 non
2739 754 3144 811 confundetur.
3183 755 3441 827 Denique
3471 759 3531 812 et
3567 757 3775 812 Paulus

2141 849 2221 903 ait
2252 865 2264 900 :
2296 870 2322 896 «
2354 849 2411 902 In
2444 849 2597 903 nullo
2628 848 2944 904 confundar
2967 848 3251 922 (Philipp,
3285 866 3323 917 ι,
3360 852 3471 919 20).
3499 870 3528 900 ››

2220 995 2303 1048 l8.
2361 993 2426 1048 Et
2479 992 2615 1065 quia
2666 993 2852 1048 nullus
2902 996 3090 1064 potest
3138 993 3419 1065 perfectus
3465 1009 3587 1048 esse
3644 995 3779 1049 sine

2144 1085 2335 1141 favore
2393 1084 2516 1155 Dei,
2568 1102 2757 1158 neque
2798 1091 2972 1153 tutus,
3018 1085 3149 1141 ideo
3202 1102 3401 1158 rogare
3451 1086 3638 1155 debet,
3695 1103 3775 1141 ne

2146 1179 2375 1251 penitus
2414 1196 2546 1235 eum
2577 1179 2935 1253 derelinquat
2975 1181 3140 1235 Deus.
3174 1182 3313 1237 Nam
3348 1197 3521 1252 supra
3550 1181 3781 1252 rogavit

2145 1272 2313 1328 David
2338 1288 2410 1328 ne
2440 1273 2956 1345 derelinqueretur,
2981 1272 3174 1329 dicens
3203 1289 3217 1329 :
3245 1294 3272 1323 ‹‹
3300 1275 3380 1329 Ne
3408 1273 3781 1345 derelinquas

2144 1381 2260 1434 me,
2307 1366 2548 1421 Domine
2598 1368 2740 1422 Deus
2787 1383 2946 1421 meus
2991 1367 3157 1436 (Psal.
3208 1383 3414 1437 xxxvn,
3461 1367 3568 1438 22),
3609 1390 3635 1417 ››
3679 1367 3781 1422 hic

2144 1459 2262 1514 ait:
2300 1481 2326 1507 ‹‹
2354 1460 2435 1515 Ne
2463 1460 2825 1533 derelinquas
2864 1476 2958 1515 me
2994 1477 3421 1533 usquequaque,
3457 1483 3484 1512 »
3516 1461 3626 1517 hoc
3664 1463 3779 1529 est,

2146 1553 2410 1608 multum.
2442 1555 2626 1626 Supra
2644 1555 2793 1609 forte
2820 1553 2979 1626 quasi
3004 1554 3191 1609 adhuc
3217 1555 3601 1627 imperfectus,
3629 1559 3687 1611 et
3715 1555 3782 1610 in

2148 1645 2370 1718 magnis
2412 1647 2936 1718 perturbationibus
2974 1648 3215 1719 positus,
3244 1664 3316 1704 ne
3346 1648 3783 1723 derelinquere-

418 1744 699 1800 Osculetur
731 1759 812 1799 me
851 1744 920 1797 ab
961 1743 1143 1797 osculo
1182 1742 1290 1795 oris
1329 1742 1418 1795 sui
1443 1739 1632 1811 (Ibid.,
1671 1740 1741 1810 t),
1774 1739 2263 1836 signiﬁcatBtur,
2309 1738 2550 1795 timebat
2601 1759 2613 1795 :
2663 1740 2754 1796 hic
2799 1747 2991 1796 autem
3035 1742 3157 1813 jam
3202 1741 3404 1797 fortior
3445 1758 3559 1797 non
3613 1742 3788 1798 timet

415 1838 658 1909 Spiritus
695 1835 875 1891 sancti
911 1833 1363 1905 supervenientis
1400 1834 1665 1904 gratiam,
1693 1833 1835 1889 sicut
1872 1849 2047 1904 ange-

418 1932 507 1985 lus
530 1931 598 1986 ad
626 1929 860 1985 Mariam
891 1927 1037 1983 dixit
1063 1943 1076 1981 :
1113 1948 1139 1976 ‹‹
1171 1926 1414 1998 Spiritus
1434 1932 1661 1981 sanctus
1689 1927 2054 1998 superveniet

417 2025 477 2080 in
514 2029 593 2092 te,
635 2027 692 2079 et
738 2023 913 2078 virtus
958 2020 1224 2076 Altissimi
1269 2021 1632 2076 obumbrabit
1672 2021 1775 2076 tibi
1810 2022 1983 2093 (Luc.,
2011 2039 2049 2089 ι,

421 2119 533 2188 35).
560 2140 588 2169 υ
618 2118 853 2183 Quando
878 2120 1067 2171 autem
1098 2114 1477 2170 introduxerit
1505 2131 1632 2169 eam
1662 2115 1777 2170 Rex
1808 2115 1864 2170 in
1891 2116 2048 2171 cubi-

419 2212 613 2267 culum
641 2227 831 2278 suum,
873 2206 1150 2281 passionis
1193 2212 1436 2280 tempus,
1468 2206 1660 2263 lateris
1687 2209 2051 2281 compunctio

418 2305 662 2360 declarat
692 2303 820 2375 (23),
849 2301 1144 2374 sanguinis
1181 2301 1402 2371 effusio,
1444 2302 1753 2373 sepulturas
1783 2318 2049 2374 unguen-

418 2402 565 2465 tum,
600 2396 1031 2453 resurrectionis
1073 2396 1447 2466 mysterium;
1490 2400 1555 2450 ut
1593 2395 1850 2452 osculum
1889 2396 2053 2468 quasi

419 2506 628 2564 sponsa
666 2490 966 2563 acceperit,
1012 2490 1072 2545 in
1115 2490 1440 2545 cubiculum
1485 2492 1679 2545 autem
1727 2490 1933 2545 Christi
1981 2491 2055 2545 sit

418 2585 742 2642 introducta
785 2583 1052 2651 Ecclesia,
1102 2600 1215 2639 non
1256 2584 1385 2655 jam
1431 2583 1590 2655 quasi
1641 2584 2051 2640 tantummodo

419 2679 789 2752 desponsata,
845 2678 945 2732 sed
997 2676 1169 2732 etiam
1224 2677 1389 2748 quasi
1442 2680 1653 2748 nupta;
1708 2693 1811 2731 nec
1864 2678 2051 2732 solum

418 2772 737 2829 thalamum
782 2770 853 2826 sit
895 2771 1173 2843 ingressa,
1215 2769 1310 2824 sed
1353 2767 1523 2824 etiam
1557 2769 1833 2840 legitima:
1869 2770 2054 2825 claves

418 2867 639 2940 copulae
666 2869 968 2921 consecuta
994 2864 1084 2919 sit.
1122 2864 1361 2935 Ideoque
1386 2863 1548 2935 quasi
1584 2863 1638 2917 in
1669 2862 1923 2919 thalamo
1948 2863 2055 2919 sita

420 2960 500 3016 ait
541 2978 555 3015 :
607 2983 634 3009 ‹‹
681 2958 978 3030 Colligatio
1024 2961 1201 3028 guttae
1258 2958 1435 3011 frater
1480 2972 1643 3011 meus
1691 2956 1856 3023 mihi,
1906 2956 2055 3011 inter

421 3054 614 3110 media
659 3052 834 3106 ubera
878 3050 1194 3121 requiescet
1236 3050 1438 3119 (Cunt.,
1486 3066 1523 3115 ι,
1575 3050 1682 3119 12).
1725 3070 1752 3098 ››
1797 3049 1956 3114 Quod
2008 3050 2054 3105 si

421 3146 745 3202 cubiculum
790 3142 1125 3217 quaerimus,
1167 3142 1287 3214 ipse
1334 3159 1438 3197 nos
1485 3141 1733 3208 edoceat,
1782 3141 1879 3213 qui
1918 3142 1999 3197 ait
2036 3131 2128 3204 :C
2155 3157 2266 3196 non
2307 3142 2542 3213 potestis
2581 3141 2773 3197 venire
2813 3143 2996 3213 (Ibid.,
3036 3144 3155 3214 33);

424 3262 452 3289 «ι
493 3241 571 3295 Tu
605 3242 800 3293 autem
829 3254 956 3291 cum
982 3236 1188 3303 orabis,
1220 3235 1364 3290 intra
1400 3236 1457 3289 in
1499 3234 1825 3290 cubiculum
1869 3241 2051 3305 tuum,

424 3339 483 3388 et
537 3334 727 3388 clauso
780 3330 945 3398 ustio,
991 3346 1089 3385 ora
1134 3331 1358 3385 Patrem
1410 3332 1571 3383 tuum
1617 3328 1675 3383 in
1720 3328 2052 3384 abscondito

426 3428 671 3499 (Mutila,
721 3441 794 3492 γι,
845 3427 916 3490 6).
962 3446 988 3473 ››
1034 3423 1367 3478 Cubiculum
1418 3422 1673 3477 Ecclesia
1724 3439 1926 3494 corpus
1969 3428 2056 3478 est

425 3521 655 3577 Christi.
717 3518 1032 3574 Introduxit
1086 3533 1212 3572 eam
1265 3517 1380 3571 Rex
1433 3515 1487 3570 in
1542 3515 1734 3570 omnia
1789 3516 2056 3571 interiora

424 3614 717 3687 mysteria,
750 3612 907 3668 dedit
944 3611 993 3668 ei
1027 3611 1226 3677 claves,
1257 3613 1316 3663 ut
1346 3609 1595 3681 aperiret
1620 3608 1730 3665 sibi
1765 3609 2056 3665 thesauros

427 3708 677 3764 scientiae
712 3709 1222 3774 sacramentorum,
1263 3704 1480 3758 clausas
1521 3705 1689 3757 antea
1724 3704 1873 3757 fores
1913 3719 2053 3773 pan-

426 3804 605 3869 deret,
638 3803 1009 3872 cognosceret
1044 3796 1236 3871 980
1277 3796 1613 3869 quiescentis
1651 3796 1897 3867 gratiam
1926 3797 2055 3867 (24),

429 3895 681 3953 defuncti
706 3910 992 3962 somnum,
1018 3892 1285 3947 virtutem
1315 3889 1763 3946 resurrectionis.

503 4041 587 4092 l7.
621 4037 680 4091 ln
710 4035 806 4089 illo
850 4032 1108 4088 cubiculo
1140 4030 1389 4103 justitias
1438 4029 1667 4085 Domini
1707 4030 1839 4085 lesu
1882 4035 2059 4102 nupta

429 4129 662 4203 reperit.
689 4129 823 4193 Quae
848 4131 981 4181 sunt
1013 4125 1123 4180 illae
1151 4123 1385 4196 justitiae
1404 4124 1431 4177 ’ἶ
1458 4123 1659 4195 Utique
1697 4130 2059 4179 sacramenta

428 4221 810 4294 baptismatis,
847 4220 988 4274 sicut
1032 4218 1292 4290 legimus,
1340 4216 1474 4289 quia
1518 4232 1648 4271 cum
1695 4216 1940 4272 venienti
1986 4218 2056 4273 ad

427 4315 773 4387 baptismum
800 4313 1017 4368 diceret
1039 4312 1284 4367 Joannes
1313 4327 1326 4366 :
1359 4330 1386 4363 (ι
1415 4311 1537 4382 Ego
1565 4327 1599 4364 a
1626 4311 1681 4365 te
1710 4309 1887 4365 debeo
1917 4311 2053 4382 bap~

429 4409 610 4478 tizari,
649 4412 705 4463 et
747 4415 807 4463 tu
845 4405 1004 4461 venis
1039 4405 1112 4460 ad
1159 4421 1285 4474 me;
1334 4402 1621 4475 respondit
1661 4404 1819 4458 lesus
1857 4419 1871 4457 :
1923 4404 2057 4459 Sine

430 4502 632 4573 modo;
664 4502 743 4556 sic
769 4500 922 4557 enim
954 4499 1115 4555 decet
1141 4515 1244 4553 nos
1280 4497 1599 4568 adimplere
1629 4513 1862 4551 omnem
1885 4496 2053 4568 justi-
2074 4497 2133 4569 D
2157 4494 2301 4551 sicut
2334 4495 2506 4551 habes
2545 4513 2556 4551 :

427 4596 562 4652 tiam
590 4595 827 4665 (Matth,
862 4610 939 4662 ιιι,
976 4595 1058 4659 lt,
1092 4594 1194 4662 lli).
1232 4614 1258 4641 η
1290 4593 1350 4646 In
1377 4591 1472 4646 illo
1505 4589 1764 4645 cubiculo
1787 4590 2058 4662 justitica-

429 4690 613 4746 tiones
640 4687 858 4745 Domini
885 4686 1104 4754 didicit,
1138 4684 1403 4758 cognovit
1428 4684 1726 4739 consilium
1758 4683 1877 4751 Dei,
1911 4684 2059 4740 sicut

426 4785 700 4856 scriptum
751 4785 837 4836 est
884 4797 897 4835 :
949 4802 975 4828 «
1014 4779 1153 4844 Quia
1199 4778 1385 4833 omnis
1429 4777 1667 4850 populus
1719 4776 1959 4832 audiens
2002 4781 2061 4834 et

427 4877 715 4951 publicani
752 4873 1201 4944 justiﬁcaveruut
1230 4874 1435 4939 Deum,
1475 4869 1735 4943 baptizati
1773 4870 2056 4943 baptismo

425 4970 661 5029 Joannis
702 4987 715 5026 :
761 4966 1031 5025 Pharisazi
1072 4970 1263 5023 autem
1311 4971 1368 5022 et
1407 4965 1718 5037 legisperiti
1757 4965 2058 5021 consilium

430 5065 531 5122 Dei
574 5068 908 5137 spreverunt
942 5062 1002 5118 in
1039 5077 1120 5128 se,
1169 5076 1283 5115 non
1335 5058 1604 5131 baptizali
1650 5058 1720 5114 ab
1769 5075 1836 5115 eo
1881 5059 2054 5129 (Luc.,

486 5294 585 5356 (23)
642 5294 767 5344 Mss.
840 5295 1061 5358 plures,
1120 5289 1345 5352 Quando
1413 5292 1589 5338 autem
1658 5287 2055 5338 introduxit.....

424 5370 753 5436 compunctio
813 5369 1139 5420 declaratur.
1204 5363 1369 5427 Quod
1424 5364 1523 5428 qui
1586 5362 1928 5427 probaverit,
1981 5364 2059 5412 ita

426 5443 714 5508 intelligat,
755 5456 822 5492 ac
861 5444 907 5492 si
945 5442 1214 5505 scriptum
1249 5441 1397 5490 esset
1439 5452 1452 5486 :
1495 5436 1717 5499 Quando
1754 5436 2059 5487 introducta

428 5520 623 5586 legitur
670 5516 920 5575 Ecclesia,
966 5530 1063 5581 per
1107 5516 1201 5566 hoc
1250 5511 1575 5578 passionis...
1623 5515 1823 5575 tempus
1873 5510 2056 5561 decla-

425 5601 603 5647 ratur.

489 5671 587 5733 ιρι)
620 5668 829 5721 Omnes
865 5664 1017 5727 edit,
1049 5665 1359 5730 quiescentis
1395 5664 1667 5729 gratiam;
1696 5663 1883 5713 contra
1926 5674 2054 5711 mss.

427 5759 598 5812 prOpe
637 5743 707 5795 ad
742 5754 941 5805 unum,
984 5741 1174 5806 quietis
1215 5739 1465 5806 gratiam.
1511 5737 1724 5790 Rursus
1769 5735 1888 5812 sola
1926 5734 2055 5787 edit.

428 5811 611 5883 Rom,
667 5820 912 5873 virtutem
959 5815 1318 5882 resurgentis;
1362 5814 1485 5867 alia
1542 5817 1599 5868 et
1653 5811 1842 5866 cuncti
1897 5824 2055 5874 mss.,

2151 1833 2467 1906 derelinqui
2500 1839 2562 1889 ut
2587 1838 2871 1904 tentetur;
2911 1835 3008 1890 sed
3039 1840 3206 1907 rogat
3241 1852 3312 1891 ne
3351 1836 3578 1908 penitus
3609 1836 3784 1892 dere-

2151 1925 2457 1999 linquatur.
2501 1927 2842 2000 Plerumque
2878 1928 3031 1984 enim
3069 1929 3414 2002 derelinquit
3453 1931 3600 1986 Deus
3634 1946 3789 2002 quos

2152 2021 2271 2076 vult
2297 2020 2555 2093 probari;
2587 2021 2812 2094 penitus
2842 2025 3035 2077 autem
3067 2022 3414 2096 derelinquit
3443 2040 3586 2095 quos
3613 2024 3787 2079 dese-

2152 2114 2245 2170 rit.
2307 2115 2622 2186 Dereliquit
2687 2114 2914 2186 penitus
2967 2116 3165 2171 ludam
3228 2133 3240 2170 :
3303 2132 3419 2172 non
3472 2116 3792 2190 dereliquit

2150 2213 2339 2264 autem
2384 2212 2641 2264 sanctum
2668 2209 2795 2277 Job,
2834 2209 2893 2263 in
2930 2210 3091 2281 cujus
3117 2210 3526 2281 patrimonium
3566 2212 3692 2282 (25),
3725 2211 3791 2266 in

2151 2301 2311 2373 cujus
2338 2318 2543 2373 corpus
2588 2304 2929 2372 potestatem
2977 2302 3198 2358 diabolo
3240 2303 3397 2359 dedit
3427 2304 3563 2375 (Job,
3590 2320 3657 2374 ll,
3693 2307 3789 2375 6);

2152 2395 2211 2450 in
2247 2394 2500 2450 animam
2547 2398 2739 2450 autem
2786 2413 2897 2451 non
2944 2395 3118 2451 dedit.
3162 2398 3302 2451 Nam
3348 2397 3393 2453 si
3436 2398 3689 2453 dedisset
3727 2399 3791 2453 in

2152 2488 2423 2555 animam,
2450 2488 2680 2560 penitus
2716 2489 3113 2561 dereliquisset
3149 2507 3301 2546 eum.
3339 2491 3628 2564 Numquid
3666 2509 3790 2547 non

2153 2581 2283 2637 ideo
2312 2581 2614 2637 derelictus
2641 2586 2726 2637 est
2749 2582 2874 2651 Job,
2910 2587 2971 2638 ut
3001 2582 3229 2638 relictus
3257 2584 3613 2659 probaretur,
3646 2597 3791 2657 pro-

2153 2675 2317 2729 batus
2366 2676 2776 2730 coronaretur?
2825 2676 3132 2747 Dereliquit
3186 2677 3362 2749 igitur
3412 2679 3638 2746 ludam,
3691 2679 3788 2734 cui

2152 2769 2233 2823 ait
2273 2785 2287 2823 :
2333 2790 2361 2818 «
2394 2769 2552 2834 Quod
2592 2768 2750 2838 facis,
2794 2769 2882 2824 fac
2921 2769 3161 2825 celerius
3203 2775 3404 2839 (Icum,
3450 2789 3568 2839 xm,
3610 2774 3724 2845 27).
3760 2796 3789 2824 »

2154 2862 2468 2934 Dereliquit
2499 2862 2654 2918 enim
2683 2863 2932 2934 penitus,
2963 2880 3134 2935 quem
3162 2864 3387 2920 sceleris
3416 2866 3500 2920 sui
3530 2867 3793 2937 permisit

2155 2954 2384 3010 effectui
2431 2956 2558 3025 (26).
2608 2955 2762 3011 Alios
2809 2960 2998 3012 autem
3047 2958 3330 3029 apostolos
3378 2975 3506 3013 cum
3557 2959 3794 3015 vidisset

2155 3064 2276 3102 esse
2316 3047 2588 3113 turbatos,
2636 3048 2769 3120 quia
2812 3048 3039 3105 dixerat.
3069 3066 3156 3105 ενα
3183 3050 3306 3115 Quo
3345 3068 3453 3124 ego
3488 3052 3652 3119 vado,
3684 3069 3793 3108 vos

3200 3166 3227 3194 »
3271 3144 3496 3199 addidit
3537 3162 3550 3200 :
3597 3167 3624 3195 «
3661 3146 3789 3201 Non

2155 3235 2419 3289 turbetur
2458 3250 2557 3290 cor
2599 3238 2848 3291 vestrum
2895 3237 3092 3303 (Joan.,
3136 3254 3249 3304 xxv,
3295 3239 3363 3307 t).
3404 3250 3431 3289 ὑ
3478 3240 3545 3293 Et
3585 3238 3785 3294 infra:

2156 3348 2185 3376 «
2228 3330 2439 3383 lterum
2481 3329 2672 3398 venio,
2713 3334 2769 3385 et
2810 3346 3039 3385 accerso
3084 3347 3179 3385 vos
3222 3331 3291 3385 ad
3339 3348 3430 3387 me
3476 3332 3683 3404 ipsum,
3729 3336 3793 3388 ut

2157 3420 2253 3475 ubi
2279 3437 2405 3476 sum
2442 3438 2569 3492 ego,
2601 3424 2658 3476 et
2696 3439 2792 3477 vos
2824 3423 2944 3478 sitis
2983 3424 3167 3493 (Ibid.,
3197 3424 3272 3495 3).
3309 3448 3336 3475 ››
3374 3426 3631 3498 Denique
3658 3429 3788 3482 tur-

2154 3513 2317 3568 batus
2338 3516 2556 3581 Petrus,
2579 3515 2676 3586 qui
2704 3516 3018 3589 derelinqui
3046 3518 3295 3587 timeret,
3318 3517 3398 3573 ait
3425 3535 3438 3574 :
3467 3540 3494 3568 «
3524 3520 3789 3589 Domine,

2157 3624 2273 3679 quo
2304 3608 2461 3664 vadis
2491 3608 2692 3677 (Joan.,
2722 3625 2838 3679 xm,
2866 3611 2996 3681 36)?
3030 3632 3057 3661 ››
3090 3611 3236 3666 Vidit
3267 3612 3539 3668 Dominus
3569 3613 3793 3669 turbari

2156 3716 2309 3771 eum,
2349 3706 2408 3757 et
2444 3702 2740 3774 respondit
2761 3704 2813 3758 ei
2849 3720 2861 3759 :
2909 3706 3082 3769 «Quo
3121 3722 3229 3777 ego
3270 3707 3432 3775 vado,
3471 3723 3588 3763 non
3626 3712 3793 3781 potes

2156 3811 2249 3850 me
2295 3794 2466 3850 modo
2518 3796 2711 3868 sequi;
2771 3798 3029 3869 sequeris
3082 3804 3273 3854 autem
3330 3802 3526 3871 postea
3583 3802 3791 3871 (10:112.,

2157 3903 2271 3956 xm,
2306 3891 2412 3957 36).
2447 3908 2475 3940 ››
2518 3889 2609 3945 Sic
2645 3895 2701 3946 et
2744 3889 2802 3945 in
2841 3891 2985 3946 mari
3023 3907 3153 3947 cum
3191 3892 3481 3960 titubaret,
3529 3894 3794 3949 clamavit

2156 3980 2228 4036 ad
2258 3982 2568 4051 Christum,
2610 3988 2667 4038 et
2706 3984 2957 4055 porrexit
2993 3985 3046 4039 ei
3087 3986 3384 4040 dexteram
3411 3988 3685 4057 Christus,
3722 4005 3792 4043 ne

2158 4075 2389 4146 penitus
2415 4076 2717 4133 derelictus
2746 4077 2960 4149 periret
2989 4079 3229 4147 (Matth,
3261 4095 3372 4147 xxv,
3405 4084 3494 4149 30,
3529 4084 3640 4151 3t).
3854 4068 3859 4074 ’

2234 4216 2317 4269 l9.
2366 4215 2541 4271 Nemo
2580 4219 2772 4270 autem
2818 4216 2986 4274 debet
3028 4217 3234 4286 inﬂari,
3284 4220 3438 4290 quod
3489 4236 3787 4293 nunquam

2159 4308 2604 4380 derelinquatnr,
2661 4311 2749 4364 vel
2793 4310 3010 4380 dolere,
3059 4312 3212 4383 quod
3258 4313 3562 4386 aliquando
3615 4316 3788 4370 dere-

2158 4401 2484 4474 linquatur;
2516 4402 2792 4474 siquidem
2821 4403 2940 4476 ipse
2972 4405 3142 4460 Filius
3169 4422 3227 4461 se
3258 4406 3393 4462 dicit
3423 4407 3787 4476 derelictum,

2600 4518 2626 4545 ‹‹
2654 4498 2819 4567 Deus,
2865 4499 3013 4553 Deus
3054 4516 3236 4569 meus,
3282 4500 3500 4572 respice
3540 4502 3596 4556 in
3639 4520 3731 4559 me
3772 4519 3784 4557 :

2158 4605 2338 4662 quare
2389 4606 2484 4645 me
2541 4590 2891 4663 dereliquisti
2948 4592 3118 4663 (Psul.
3173 4609 3284 4660 xxi,
3337 4595 3438 4665 2)?
3489 4616 3516 4646 ››
3573 4598 3639 4651 Et
3692 4597 3788 4651 ille

2159 4683 2394 4755 quidem
2437 4700 2733 4756 nunquam
2774 4684 3077 4740 derelictus
3116 4703 3145 4741 a
3184 4688 3349 4743 Patre
3375 4692 3478 4757 est,
3512 4705 3644 4744 cum
3674 4706 3787 4761 quo

2160 4778 2323 4832 Pater
2347 4793 2575 4848 semper
2614 4783 2720 4832 est.
2754 4778 3041 4849 Scriptum
3079 4784 3165 4835 est
3205 4780 3359 4836 enim
3393 4797 3407 4836 :
3442 4804 3469 4845 «ε
3503 4783 3642 4837 Ecce
3661 4784 3781 4853 jam

2158 4870 2312 4925 venit
2362 4870 2520 4936 hora,
2568 4874 2627 4927 ut
2666 4870 3077 4943 dispergamini
3121 4874 3514 4946 unusquisque
3564 4876 3619 4930 in
3666 4893 3783 4941 sua,

2159 4968 2215 5019 et
2240 4980 2333 5019 me
2359 4964 2539 5018 solum
2578 4963 2948 5036 relinquatis;
2989 4965 3091 5021 sed
3123 4983 3237 5021 non
3276 4983 3401 5022 sum
3445 4967 3612 5035 solus,
3641 4985 3780 5041 quo-

2158 5057 2311 5112 niam
2360 5058 2525 5113 Pater
2579 5073 2805 5114 mecum
2860 5064 2944 5114 est
3005 5060 3221 5130 (Joun.,
3271 5077 3382 5131 xvx,
3433 5065 3541 5128 32).
3588 5084 3615 5110 ιι
3675 5060 3782 5118 Sed

2158 5290 2404 5341 virtutem
2433 5290 2853 5341 resurrectionis.

2221 5366 2323 5427 (25)
2360 5365 2489 5415 Post
2524 5377 2739 5427 vocem,
2774 5364 3177 5430 patrimonium,
3222 5364 3429 5418 habent
3467 5364 3597 5417 edit.
3642 5382 3652 5415 :
3693 5367 3784 5415 lus

2161 5438 2467 5502 tyrannidis
2509 5438 2828 5489 adversario
2870 5437 3076 5498 tribuit,
3126 5451 3254 5504 qum
3297 5439 3499 5491 desunt
3548 5441 3604 5490 in
3653 5451 3780 5490 mss.

2160 5512 2482 5565 Gallicanis.

2222 5588 2318 5652 (26)
2352 5588 2431 5638 Ita
2473 5600 2605 5637 mss.
2650 5600 2883 5648 omnes;
2921 5586 3048 5636 edit.
3090 5600 3239 5649 vero,
3279 5589 3517 5652 permisit
3553 5587 3779 5653 effectui;

2159 5662 2417 5726 quaedam
2462 5661 2653 5722 Paris.,
2693 5661 2917 5725 a/I’ectui.
2956 5660 3103 5712 Alios
3139 5668 3314 5713 ardent
3356 5676 3463 5715 non
3509 5660 3781 5727 dereliquit

2158 5736 2439 5801 apostolos,
2465 5748 2596 5801 quos
2624 5748 2741 5787 cum
2765 5734 2999 5796 vidisset,
3025 5739 3133 5788 etc.
