4082 6186
382 286 536 345 i275

1857 286 1911 341 S.
1950 284 2267 343 AMBROSI!

3608 289 3748 344 {276‘

316 446 319 449 -
386 409 575 465 adhuc
622 406 917 480 juvenior,
974 424 1278 482 segregans
1334 424 1466 465 vero
1516 425 1576 465 se
1632 425 1665 464 a
1717 409 2017 482 colloquiis
2039 421 2258 494 Anum
2308 410 2532 479 Jesum,
2577 425 2708 465 cum
2764 409 2997 481 plicaret
3041 408 3180 465 retia
3231 426 3359 479 sua,
3423 412 3479 464 et
3530 410 3746 465 audivit

336 536 343 541 ι
386 502 714 574 requalinm,
743 519 873 574 quae.
901 502 1241 575 plerumque
1273 509 1645 576 corrumpunt
1684 503 1862 565 bonos
1888 521 2012 560 mo-

385 611 497 663 res,
526 599 585 651 et
607 595 876 667 contagia
901 595 1095 652 volens
1115 596 1316 668 fugere
1346 597 1721 669 peccantium,
1745 598 1826 653 ita
1851 598 2015 653 intel-

385 688 487 760 ligi
526 688 895 760 singulariter
935 690 1134 745 sedere
1180 694 1236 746 et
1276 690 1468 760 silere,
1516 709 1586 747 ne
1629 690 1784 746 rudis
1831 692 2015 746 artatis

385 783 650 839 facilitate
681 782 929 852 labatur,
962 784 1059 839 sed
1102 784 1401 840 intendere
1434 785 1728 841 seniorum
1761 802 2011 858 princep-

384 875 479 941 tis,
528 877 942 949 prophetarum
1002 879 1264 946 oraculis,
1308 880 1688 951 apostolorum
1747 878 2008 951 magiste—

386 970 483 1025 riis
521 988 532 1023 :
563 970 884 1025 laudandus
917 988 984 1027 eo
1024 973 1159 1045 quia
1189 973 1345 1045 prius
1387 975 1508 1030 vult
1547 974 1836 1046 loquenda
1877 991 2009 1043 cog-

386 1078 653 1129 noscere,
706 1080 876 1134 quam
935 1068 1190 1137 proferre
1241 1085 1370 1139 qum
1417 1069 1655 1135 sentiat;
1705 1072 2012 1138 antequam

384 1156 540 1228 loqui
569 1156 765 1225 discat,
799 1158 1008 1213 timens
1036 1178 1105 1214 ne
1150 1161 1510 1233 multiloquio
1543 1167 1834 1235 peccatum
1873 1178 2009 1215 con-

387 1250 596 1306 trahat.
628 1250 784 1306 Unde
816 1257 952 1323 puto
984 1258 1041 1308 et
1082 1256 1464 1327 Pythagoram
1491 1256 1597 1325 (30)
1631 1256 1791 1309 illum
1824 1255 2012 1326 philo-

385 1343 629 1415 sophum
658 1344 1008 1401 imitatorem
1030 1346 1254 1418 juvenis
1281 1349 1448 1421 hujus
1476 1347 1667 1423 983
1695 1348 2011 1421 prophetici

386 1436 696 1494 instituisse
725 1443 955 1506 sectam,
987 1444 1048 1494 ut
1074 1441 1334 1513 discipuli
1365 1444 1452 1498 sui
1483 1444 1872 1516 quinquennio
1900 1463 2013 1501 non

387 1530 679 1602 loquentes
708 1535 861 1587 tanto
902 1533 1122 1589 silentio
1158 1536 1312 1607 loqui
1348 1537 1655 1605 discerent;
1695 1555 1825 1593 cum
1865 1555 2009 1610 prte-

385 1624 580 1678 sertim
608 1629 664 1679 et
690 1626 860 1679 David
891 1627 1197 1697 superioris
1227 1631 1404 1686 astatis
1433 1647 1602 1703 quam
1635 1633 2010 1703 Pythagoram

382 1717 557 1772 fuisse
588 1734 705 1773 non
735 1720 971 1775 dubium
1009 1722 1097 1791 sit,
1134 1723 1229 1795 qui
1260 1723 1341 1777 ait
1370 1741 1383 1778 :
1414 1746 1444 1773 ιι
1478 1725 1599 1780 Dixi
1629 1744 1643 1780 :
1687 1728 2011 1783 Custodiam

385 1811 500 1866 vias
548 1828 724 1881 meas,
764 1830 882 1868 non
920 1815 1255 1888 delinquam
1296 1817 1352 1871 in
1405 1819 1602 1891 lingua
1650 1837 1797 1877 mea.
1846 1823 2013 1877 Posui

385 1905 469 1959 ori
526 1922 652 1960 meo
709 1907 1019 1963 custodiam
1069 1910 1231 1979 (Psal.
1289 1928 1507 1979 xxxvul,
1555 1915 1630 1985 2).
1685 1936 1711 1964 ››
1757 1916 1823 1968 Et
1879 1916 2014 1987 quia

384 1998 533 2054 forte
559 1998 869 2071 aliquando
894 2002 1107 2075 aliquid
1135 2006 1360 2060 locutus
1385 2012 1533 2062 esset
1558 2007 1858 2075 incautius,
1882 2009 2013 2064 ideo

384 2096 584 2162 postea
636 2110 669 2146 a
718 2094 831 2149 Deo
876 2096 1011 2166 poni
1048 2097 1132 2151 ori
1187 2114 1287 2153 suo
1328 2100 1642 2155 custodiam
1687 2103 2008 2173 postulavit.

388 2185 585 2240 Isaiam
613 2204 841 2258 quoque
880 2189 1265 2262 Pythagoricis
1302 2194 1647 2249 anteriorem
1684 2195 1858 2251 fuisse
1886 2197 2013 2269 quis

382 2282 641 2336 nesciat?
666 2280 773 2345 Qui
800 2299 927 2337 cum
953 2284 1222 2353 audisset,
1262 2288 1447 2345 Clama
1478 2288 1628 2357 (lsa.,
1658 2305 1742 2357 XL,
1777 2290 1850 2361 6),
1895 2308 2011 2345 non

384 2372 543 2444 prius
572 2374 918 2445 clamaverit,
948 2394 1118 2449 quam
1143 2379 1367 2436 audiret
1396 2382 1532 2453 quid
1561 2382 1805 2439 clamare
1837 2384 2008 2439 debe-

385 2469 490 2522 ret.
544 2468 854 2539 tiespondit
902 2470 1058 2526 enim
1103 2489 1115 2527 :
1161 2494 1186 2519 ‹‹
1229 2473 1372 2539 Quid
1417 2476 1677 2531 clamabo
1721 2476 1947 2549 (Ibid)?
1984 2499 2011 2526 ››

387 2559 545 2615 Unde
577 2561 791 2617 dictum
819 2566 906 2618 est
930 2564 978 2619 ei
1009 2581 1022 2619 :
1062 2587 1089 2615 «
1117 2567 1312 2622 Omnis
1337 2584 1468 2624 caro
1492 2569 1709 2637 fenum,
1744 2576 1802 2626 et
1826 2571 2014 2626 omnis

384 2654 570 2725 gloria
597 2655 738 2725 ejus,
776 2661 841 2711 ut
883 2657 988 2712 ﬂos
1023 2660 1159 2714 feni.
1203 2660 1366 2717 Aruit
1401 2663 1622 2730 fenum,
1662 2666 1720 2717 et
1749 2663 1854 2719 ﬂos
1890 2665 2013 2736 ejus

386 2747 596 2803 decidit
629 2766 641 2803 :
673 2749 907 2807 verbum
935 2756 1128 2808 autem
1159 2754 1379 2809 Domini
1406 2763 1598 2812 manet
1637 2756 1696 2811 in
1729 2764 2011 2813 aeternum

384 2840 571 2910 (Ibid.,
601 2842 740 2914 6-8);
773 2865 801 2893 »
834 2851 892 2899 et
921 2847 1254 2919 prophetica
1281 2865 1418 2904 voce
1444 2851 1725 2906 clamavit.

455 2938 507 2989 6.
551 2937 797 3009 Uterque
838 2938 1020 3010 igitur
1049 2940 1277 3011 juvenis
1314 2943 1746 3013 praedicandus;
1788 2945 1886 3000 ille
1924 2950 2010 3001 ta-

384 3044 518 3084 men
548 3045 704 3084 serus
734 3034 866 3100 (3i),
901 3032 994 3087 hic
1032 3038 1230 3088 cautus
1260 3051 1273 3089 :
1307 3036 1402 3090 ille
1442 3053 1501 3091 se
1538 3037 1661 3109 ipso
1695 3044 2010 3107 contentus,

384 3127 442 3179 et
466 3139 759 3194 nunquam
789 3124 893 3179 sibi
920 3126 1076 3181 solus
1104 3143 1119 3181 :
1145 3127 1247 3183 iste
1272 3128 1569 3199 pulchram
1602 3132 1756 3187 relati
1782 3132 2012 3187 lubricae

386 3215 738 3287 disciplinam
805 3217 1124 3274 adsciscens
1190 3221 1435 3292 silentii;
1490 3240 1597 3279 nec
1660 3225 1843 3281 adhuc
1905 3226 2014 3280 sibi

385 3308 709 3377 abundans,
760 3311 855 3366 sed
904 3312 1028 3367 aliis
1081 3330 1141 3368 se
1185 3315 1393 3371 timens
1441 3317 1706 3388 credere;
1751 3336 2014 3391 quaerens

386 3405 583 3457 tamen
628 3420 661 3457 a
697 3404 997 3475 juventute
1041 3423 1410 3480 congregare,
1451 3428 1578 3483 qua:
1616 3413 1675 3467 in
1718 3416 2012 3468 senectute

387 3503 444 3552 et
491 3498 596 3552 sibi
639 3502 691 3552 et
744 3499 1019 3569 proximis
1064 3501 1180 3556 suis
1219 3504 1460 3573 prosint,
1505 3521 1576 3559 ne
1627 3505 1848 3561 dicatur
1896 3506 1947 3561 ei
1995 3524 2009 3561 :

386 3612 414 3639 ‹‹
455 3594 590 3657 Qua:
616 3591 673 3646 in
705 3592 1008 3662 juventnte
1046 3612 1158 3649 non
1201 3596 1497 3669 collegisti,
1537 3599 1819 3670 quomodo
1851 3600 2009 3654 inve-

384 3684 510 3740 nies
550 3685 604 3739 in
646 3690 932 3742 senectute
968 3689 1178 3757 (Eccli.,
1222 3706 1347 3760 xxv,
1391 3692 1484 3761 5)?
1522 3711 1548 3742 ι»
1594 3694 1737 3764 Ergo
1774 3694 1822 3747 is
1866 3695 1911 3747 si
1954 3693 2010 3747 in

382 3776 624 3834 concilio
673 3778 960 3835 seniorum
1009 3782 1249 3852 sederit,
1297 3800 1531 3839 manum
1586 3785 1879 3841 adhibebit
1928 3789 2010 3843 ori

383 3889 515 3940 suo;
560 3876 624 3927 ut
667 3873 903 3929 audiens
945 3875 1256 3931 sententias
1305 3878 1553 3949 colligat,
1594 3878 1748 3951 quod
1793 3880 1896 3935 sibi
1939 3882 2012 3935 ad

383 3966 753 4021 maturiorem
799 3972 982 4024 servet
1014 3973 1235 4025 (etatem
1269 3988 1282 4025 :
1320 3972 1815 4045 quemadmodum
1843 3974 2013 4029 Maria

381 4076 512 4115 cum
562 4060 735 4115 verba
778 4062 984 4118 Christi
1033 4064 1276 4131 audiret,
1326 4066 1656 4121 conferebat
1704 4083 1774 4121 ea
1818 4068 2012 4124 omnia

382 4156 442 4209 in
478 4154 644 4209 corde
679 4171 782 4210 suo
812 4157 982 4226 (Luc.,
1013 4173 1068 4222 ιι,
1106 4161 1224 4225 5|);
1258 4159 1742 4228 quemadmodum
1769 4161 2012 4217 Joannes

379 4264 512 4302 eum
548 4253 720 4320 caput
756 4265 923 4304 suum
960 4266 1130 4321 supra
1173 4255 1367 4321 pectus
1407 4253 1537 4307 Jesn
1584 4254 1806 4309 Domini
1842 4256 2007 4311 recli-

2116 504 2399 559 dicentem
2429 520 2442 558 ε
2476 525 2504 553 ‹‹
2529 503 2839 560 Venite.....
2870 503 3075 560 faciam
3103 520 3199 560 vos
3228 505 3536 577 piscatores
3563 504 3744 559 homi-

2112 587 2377 653 num.'....
2418 602 2475 654 et
2520 597 2731 654 relictis
2775 598 2989 654 retibus
3030 599 3144 654 suis
3190 602 3245 655 et
3284 604 3465 670 patre,
3519 601 3741 654 secutus

2114 698 2196 747 est
2237 708 2368 748 eum
2408 693 2649 761 (Matth,
2680 708 2755 760 ιν,
2802 695 2887 759 l9,
2920 694 3029 763 20).
3061 716 3088 743 »
3124 693 3285 749 Viam
3323 692 3515 749 saeculi
3554 709 3740 764 caspe-

2114 790 2202 841 rut
2238 801 2508 842 currere:
2550 786 2647 842 sed
2691 786 2898 842 auditis
2938 787 3146 845 Christi
3188 786 3462 859 imperiis,
3496 786 3741 842 deseruit

2114 879 2287 934 vitam
2339 880 2572 949 mundi,
2630 886 2857 936 secutus
2922 884 3009 936 est
3066 880 3353 936 Christum
3406 900 3420 936 :
3479 880 3743 952 probavit

2114 973 2250 1044 quia
2294 973 2349 1027 in
2401 991 2467 1029 eo
2515 996 2543 1022 ‹‹
2588 974 2825 1047 corrigit
2864 974 3130 1046 juvenior
3176 973 3325 1029 viam
3376 991 3571 1041 suam,
3616 996 3643 1023 ››
3693 974 3740 1028 si

2114 1067 2318 1124 Christi
2357 1067 2527 1123 verba
2568 1068 2868 1137 custodiat,
2906 1067 3101 1123 dicens
3139 1068 3207 1123 ad
3253 1084 3386 1123 eum
3417 1084 3429 1122 :
3475 1089 3501 1117 «
3537 1068 3737 1137 Diliga-

2115 1177 2245 1215 mus
2293 1162 2469 1217 ubera
2518 1166 2614 1216 tua
2660 1179 2831 1233 super
2874 1161 3067 1216 vinum
3118 1161 3323 1231 (Cant,
3373 1178 3409 1228 l,
3461 1164 3530 1230 i).
3576 1184 3604 1210 »
3653 1162 3741 1217 Sic

2117 1256 2310 1309 tamen
2366 1254 2593 1324 bibens,
2654 1260 2714 1311 ut
2769 1272 2880 1309 non
2935 1254 3340 1312 absorberetur
3388 1255 3518 1309 vino
3569 1272 3583 1309 :
3641 1254 3738 1308 sed

2116 1348 2302 1420 gratia
2343 1348 2465 1419 ejus
2502 1349 2757 1404 laetitiam
2796 1349 2981 1405 cordis
3020 1349 3298 1420 hauriret,
3338 1366 3451 1404 non
3491 1348 3742 1420 corporis

2115 1442 2391 1497 ebrietate
2442 1443 2733 1499 titubaret.
2791 1443 3049 1514 Denique
3099 1443 3303 1499 bibens
3350 1444 3459 1498 hoc
3510 1442 3737 1507 vinum,

2115 1535 2339 1607 aperuit
2378 1537 2569 1591 oculos
2611 1554 2761 1604 suos,
2811 1540 2869 1591 et
2912 1537 3050 1591 vidit
3099 1536 3249 1592 viam
3301 1542 3551 1604 rectam,
3602 1536 3737 1590 reli-

2115 1629 2243 1700 quit
2286 1631 2568 1685 tortuosas
2611 1630 2749 1697 vias,
2795 1630 2989 1685 dicens
3024 1646 3037 1685 :
3085 1649 3113 1681 ‹‹
3150 1630 3401 1702 Equites
3442 1630 3640 1686 dilexit
3685 1636 3740 1686 te

2114 1724 2295 1793 (Ibid,
2324 1724 2377 1793 3)
2400 1740 2412 1788 ;
2446 1745 2471 1773 η
2504 1724 2614 1778 hoc
2638 1728 2743 1790 est,
2770 1740 2887 1779 non
2913 1724 3157 1778 tlexuosa
3185 1724 3388 1780 itinera
3417 1728 3471 1777 te
3497 1740 3742 1795 sequun-

2034 1795 2225 1885 Btur,
2263 1817 2359 1873 sed
2394 1818 2546 1872 solus
2581 1817 2651 1871 ad
2697 1821 2753 1872 te
2794 1820 2979 1888 potest
3018 1817 3249 1888 iustitia:
3288 1819 3499 1872 trames
3536 1835 3738 1889 perve-

2116 1912 2259 1967 nire.
2303 1910 2407 1975 Qui
2450 1910 2602 1965 enim
2640 1909 2826 1982 diligit
2862 1910 3167 1980 justitiam,
3206 1927 3323 1966 non
3366 1928 3424 1966 se
3462 1912 3665 1966 avertit
3705 1930 3740 1966 a

2112 2005 2354 2062 Christo.
2386 2003 2684 2069 Quomodo
2709 1986 2866 2058 enim
2894 2003 3174 2058 arbitrum
3195 2004 3435 2075 justitize
3467 2019 3734 2061 remune-

2114 2103 2481 2170 ratoremque
2510 2098 2846 2152 meritorum
2884 2096 3156 2152 innocens
3192 2101 3416 2154 metuat
3450 2099 3734 2155 conscien-

2114 2192 2233 2247 tia?

2185 2289 2238 2341 8.
2286 2286 2348 2341 ln
2399 2286 2510 2342 hoc
2553 2303 2691 2359 ergo
2732 2286 2945 2357 juvene
3005 2286 3154 2342 viam
3208 2302 3367 2341 suam
3420 2287 3739 2359 corrigente

2115 2385 2368 2452 spectato
2395 2396 2603 2452 magna
2642 2381 2910 2453 mysteria
2937 2381 3062 2452 (32),
3092 2396 3219 2452 qua:
3256 2380 3313 2435 in
3346 2380 3589 2435 Canticis
3617 2399 3740 2436 can-

2117 2475 2356 2530 ticorum
2393 2477 2622 2531 sanctus
2664 2474 2931 2530 Salomon
2972 2475 3222 2546 repletus
3257 2473 3480 2529 Domini
3526 2475 3739 2546 Spiritu

2114 2570 2421 2628 resultavit.
2470 2569 2763 2624 Constitue
2812 2568 3118 2623 Dominum
3157 2570 3347 2623 Jesum
3393 2569 3736 2624 recumben-

2113 2670 2232 2720 tem
2282 2664 2341 2717 in
2387 2661 2661 2732 convivio,
2710 2662 3079 2717 reclinantem
3127 2678 3187 2715 se
3238 2664 3517 2718 Joannem
3570 2679 3741 2734 supra

2114 2762 2311 2830 pectus
2354 2758 2494 2829 ejus,
2536 2756 2811 2812 mirantes
2850 2755 2987 2810 alios
3036 2756 3187 2827 quod
3229 2773 3421 2812 servus
3467 2773 3527 2811 se
3573 2774 3741 2827 supra

2114 2850 2421 2907 Dominum
2459 2848 2781 2917 reclinaret,
2820 2848 2970 2921 quod
3010 2866 3143 2904 caro
3187 2850 3284 2904 illa
3314 2848 3505 2922 984
3537 2867 3737 2921 pecca-

2114 2945 2225 2999 trix
2256 2960 2428 3016 supra
2458 2943 2736 3014 templum
2765 2943 2929 2998 Verbi
2959 2943 3339 3013 recumberet,
3367 2945 3520 3016 quod
3549 2945 3741 2999 anima

2113 3037 2207 3092 illa
2248 3036 2433 3092 carnis
2470 3035 2709 3091 vinculis
2750 3036 2971 3106 innexa,
3014 3037 3200 3092 aulam
3245 3037 3451 3092 diviure
3490 3038 3738 3110 plenitu-

2114 3131 2261 3187 dinis
2310 3133 2674 3186 scrutaretur.
2719 3131 2845 3185 Haec
2887 3146 3027 3201 ergo
3074 3130 3416 3186 mirantibus
3452 3132 3577 3186 aliis
3621 3149 3737 3186 res-

2114 3224 2321 3297 pondit
2368 3224 2559 3278 anima
2601 3224 2835 3278 Joannis
2878 3240 2891 3278 :
2941 3245 2967 3272 «
3012 3224 3184 3278 Fusca
3231 3240 3356 3279 sum
3405 3229 3461 3279 et
3507 3225 3737 3291 decora,

2114 3317 2243 3372 ﬁlim
2286 3317 2635 3372 Hierusalem
2667 3318 2873 3386 (Cunt.,
2905 3333 2942 3384 1,
2981 3316 3068 3388 4);
3099 3336 3126 3368 ι)
3163 3319 3317 3372 fusca
3355 3334 3460 3389 per
3489 3319 3737 3390 culpam,

2116 3412 2323 3466 decora
2371 3426 2475 3482 per
2516 3410 2782 3481 gratiam.
2824 3410 2966 3465 Dicit
3003 3416 3060 3466 et
3097 3428 3227 3465 caro
3269 3428 3281 3465 :
3327 3431 3354 3462 α
3395 3412 3568 3465 Fusce
3612 3429 3739 3466 sum

2115 3510 2170 3561 et
2195 3505 2432 3573 decora;
2464 3523 2490 3554 ι)
2521 3504 2676 3558 fusca
2703 3504 2936 3575 pulvere
2965 3504 3241 3573 saeculari,
3270 3521 3441 3576 quem
3469 3505 3743 3560 certando

2114 3598 2350 3670 collegi;
2410 3597 2612 3652 decora
2674 3596 2800 3653 oleo
2852 3596 3130 3669 spirituali
3178 3600 3318 3667 (33),
3367 3615 3480 3670 quo
3542 3599 3741 3654 mundi

2115 3691 2285 3763 hujus
2330 3691 2621 3763 pulverem
2666 3691 3101 3764 squaloremque
3149 3691 3379 3746 detersi.
3427 3692 3605 3747 Fusce
3640 3709 3743 3763 per

2114 3785 2332 3853 vitium,
2362 3784 2461 3840 sed
2500 3784 2704 3839 decora
2725 3785 2845 3855 jam
2881 3801 2986 3856 per
3018 3785 3331 3852 lavacrum,
3366 3786 3516 3856 quod
3561 3785 3742 3840 abluit

2115 3893 2284 3934 omne
2318 3878 2612 3933 delictum.
2652 3879 2821 3933 Fusce
2860 3896 3008 3944 sum,
3050 3879 3181 3950 quia
3217 3879 3471 3950 peccavi;
3509 3879 3737 3946 decora,

2114 3973 2245 4044 quia
2283 3972 2405 4043 jam
2448 3988 2538 4026 me
2583 3972 2771 4044 diligit
2821 3971 3123 4028 Christus:
3171 3989 3341 4044 quam
3387 3973 3743 4044 relegaverat

2115 4066 2171 4121 in
2201 4067 2332 4135 Eva,
2362 4066 2577 4137 recepit
2605 4082 2669 4120 ex
2712 4065 2958 4137 Virgine,
2989 4066 3233 4138 suscepit
3269 4083 3335 4121 ex
3373 4067 3556 4121 Maria.

2185 4164 2237 4215 9.
2274 4159 2414 4215 Dicit
2439 4158 2611 4214 etiam
2643 4159 2961 4231 Synagoga,
2992 4159 3154 4230 cujus
3193 4159 3456 4231 mysteria
3486 4160 3594 4214 hoc
3623 4161 3741 4214 loco

2114 4253 2397 4325 plerisque
2446 4252 2715 4308 videntur
2765 4253 3003 4324 exprimi
3046 4270 3058 4307 :
3110 4270 3239 4324 qum
3289 4271 3416 4308 cum
3471 4270 3530 4308 se
3583 4254 3740 4324 rejici

382 4344 549 4396 naret
586 4342 789 4414 (Ιοαηυ
832 4358 947 4411 Xlil,
988 4346 1097 4413 25),
1142 4344 1443 4401 hauriebat
1482 4346 1757 4418 profunda
1792 4352 2009 4404 secreta
2107 4348 2229 4419 jam
2261 4346 2477 4403 videret
2500 4350 2733 4418 propter
2766 4346 2939 4402 totius
2968 4346 3150 4418 plebis
3188 4346 3559 4417 impietatem,
3593 4348 3737 4401 sola-

385 4434 701 4504 sapientia).

2114 4442 2285 4496 batur
2322 4456 2381 4494 se
2424 4444 2641 4507 tamen,
2685 4439 2818 4510 quia
2858 4439 3045 4510 ipsum
3085 4438 3373 4494 Christum
3416 4440 3487 4495 de
3528 4441 3737 4511 popqu

454 4533 507 4582 7.
540 4530 623 4584 En
653 4529 748 4585 tibi
774 4530 1048 4602 juvenem
1086 4532 1182 4603 qui
1225 4532 1374 4587 viam
1417 4550 1574 4588 suam
1620 4535 1676 4589 in
1708 4531 2237 4605 juventuteDsuo,
2286 4537 2345 4588 et
2387 4531 2614 4587 Petrum
2668 4537 2725 4587 et
2766 4534 3043 4588 Joannem
3088 4538 3143 4586 et
3191 4532 3485 4600 Iacobum,
3526 4533 3746 4588 Christo

383 4623 646 4679 correxit.
677 4623 927 4679 Piscator
961 4630 1086 4681 erat
1119 4642 1246 4681 cum
1284 4626 1457 4683 fratre
1497 4644 1628 4698 suo;
1658 4628 1795 4683 vidit
1822 4628 2008 4684 Domi-

442 4775 543 4839 (30)
574 4775 924 4840 Praecipuum
961 4776 1239 4841 quoddam
1282 4777 1660 4843 Pythagorica
1704 4778 2013 4843 disciplinae

380 4860 546 4898 nemo
583 4848 763 4898 nescit
800 4848 856 4897 in
900 4848 1122 4899 silentio
1159 4849 1329 4899 fuisse
1371 4851 1629 4911 positum.
1672 4850 1793 4901 Hoc
1828 4854 2012 4901 autem

381 4924 499 4969 erat
526 4918 764 4983 duplicis
800 4919 1042 4969 rationis.
1085 4920 1330 4969 Primum
1375 4920 1523 4984 quod
1559 4921 1812 4985 ἐχεμυθίαν
1853 4921 2013 4973 dicti-

382 4988 591 5049 tabant,
628 4989 922 5054 discipulis
947 5003 1351 5055 nonnunquam
1382 4992 1438 5041 in
1471 4991 1780 5053 biennium,
1810 4994 2015 5056 smptus

382 5060 438 5109 in
495 5062 943 5125 quinquennium
1000 5060 1385 5119 indicebatur;
1435 5062 1672 5114 alterum
1720 5076 1832 5128 quo
1882 5077 2016 5128 pro-

380 5131 541 5180 fanos
568 5145 668 5182 sua
705 5131 958 5183 celabant
997 5133 1298 5195 mysteria;
1330 5138 1385 5184 et
1422 5133 1530 5185 hoc
1570 5136 1791 5191 παντεὶὲς
1829 5136 2017 5185 nomi-

381 5201 636 5253 nabatur.
672 5202 834 5265 Quod
870 5217 1001 5254 vero
1039 5217 1108 5253 ex
1137 5202 1364 5254 Davidis
1394 5208 1560 5269 atque
1597 5205 1752 5256 Isaia:
1796 5206 2017 5269 scriptis

381 5273 555 5323 multa
620 5274 868 5326 ediscere
924 5276 1195 5339 potuerit,
1256 5289 1362 5328 nec
1423 5278 1563 5327 ratio
1622 5277 2017 5341 chronologica

383 5348 654 5408 repugnat
700 5359 877 5396 :cum
935 5346 1031 5396 illo
1083 5346 1309 5411 quidem
1357 5348 1471 5407 536,
1525 5347 1631 5397 hoc
1681 5352 1870 5397 autem
1923 5346 2020 5397 216

381 5415 562 5474 annis,
612 5418 881 5479 posterior
934 5418 1245 5475 exstiterit;
1304 5421 1357 5467 et
1414 5422 1680 5480 praeterea
1738 5417 1885 5468 favet
1936 5416 2014 5466 F1.

379 5485 631 5550 Josephi,
662 5486 933 5551 Origenis,
969 5502 1074 5540 nec
1108 5503 1220 5539 non
1264 5488 1571 5539 Clementis
1613 5487 1847 5538 Alexan.
1892 5500 2020 5538 auc-

382 5560 594 5609 toritas.
642 5558 888 5610 Consule
943 5574 1111 5625 super
1157 5574 1221 5611 ea
1271 5573 1327 5610 re
1376 5560 1536 5610 Joan.
1582 5561 1711 5611 Ger.
1759 5558 2019 5609 Vossium

380 5631 445 5680 de
500 5629 934 5694 Philosophorum
985 5632 1157 5688 sectis,
1205 5645 1327 5695 cap.
1378 5644 1453 5693 vx,
1500 5632 1532 5694 §
1570 5632 1619 5681 3.
1666 5629 1805 5681 Vide
1852 5631 2019 5680 etiam

383 5715 511 5766 qua
541 5715 644 5752 nos
672 5702 768 5753 lib.
804 5704 850 5754 li
888 5704 953 5754 de
986 5703 1280 5760 Abraham,
1310 5716 1429 5766 cap.
1457 5716 1539 5764 x1,
1565 5715 1721 5753 num.
1762 5701 1847 5762 20,
1875 5701 2022 5751 sicut

383 5777 438 5824 et
461 5771 529 5822 ad
560 5773 774 5827 calcem
804 5774 1086 5829 Admonit.
1116 5774 1174 5826 in
1208 5774 1304 5826 lib.
1340 5774 1403 5825 de
1436 5775 1578 5827 Bono
1613 5773 1798 5826 mortis
1836 5772 2022 5824 obser-

382 5856 656 5898 varimus.

2112 4628 2468 4683 adita-rentes
2504 4624 2749 4693 videbat,
2790 4625 2887 4697 qui
2924 4625 3169 4680 habebat
3209 4626 3435 4698 eloquia
3470 4626 3575 4682 sibi
3621 4643 3743 4682 cre-

2180 4778 2275 4843 (3l)
2308 4777 2377 4828 Ut
2419 4776 2585 4840 hujus
2629 4775 2735 4825 loci
2774 4773 3084 4825 obscuritas
3124 4778 3487 4832 removeatur,
3524 4775 3747 4826 adverte

2114 4863 2242 4899 eum
2283 4848 2377 4912 qui
2417 4860 2540 4897 sero
2578 4846 2738 4896 rediit
2780 4846 2849 4896 ad
2885 4846 3085 4896 bonam
3123 4847 3356 4910 frugem,
3406 4847 3455 4896 ei
3496 4849 3590 4911 qui
3638 4852 3744 4897 sta-

2117 4922 2213 4972 tim
2246 4921 2316 4971 ab
2352 4918 2723 4969 adolescentia
2756 4918 2979 4967 Domini
3018 4919 3218 4980 jugum
3259 4918 3464 4977 tulerit,
3490 4919 3544 4968 in
3580 4918 3748 4982 priori

2116 4991 2366 5043 membro
2421 4990 2623 5053 opponi
2676 5004 2686 5035 :
2734 4988 2792 5037 in
2841 4988 3130 5051 posteriori
3176 4992 3364 5038 autem
3421 4988 3561 5039 duos
3622 4988 3751 5038 illos

2117 5065 2258 5115 inter
2285 5076 2345 5113 se
2382 5060 2708 5124 comparari,
2744 5072 2887 5123 quos
2916 5059 3147 5122 quidem
3180 5058 3374 5109 ambos
3410 5058 3587 5109 eidem
3615 5062 3750 5123 jugo

2117 5134 2260 5185 colla
2302 5129 2633 5190 subdidisse,
2667 5129 2761 5179 sed
2808 5132 2991 5179 tamen
3038 5142 3149 5180 non
3184 5130 3353 5180 simili
3388 5130 3621 5192 ratione,
3647 5142 3750 5179 su-

2117 5219 2213 5270 pra
2248 5201 2592 5253 memoravit.

2180 5275 2278 5337 (3:!)
2320 5274 2447 5324 Mss.
2482 5272 2816 5337 complures,
2861 5272 2918 5321 in
2959 5270 3052 5322 hoc
3091 5276 3265 5323 autem
3289 5274 3484 5338 juvene
3522 5277 3750 5337 spectato

2118 5359 2317 5409 magna
2345 5344 2615 5408 mysteria.
2650 5343 2771 5393 νει.
2803 5342 2953 5404 edit.,
2987 5343 3045 5392 in
3076 5343 3169 5392 hoc
3189 5350 3364 5396 autem
3386 5346 3579 5407 juvene
3605 5357 3749 5407 spec-

2119 5425 2249 5474 tato.
2275 5418 2368 5469 hoc
2399 5422 2494 5475 est,
2526 5418 2730 5467 Joanne
2768 5416 2998 5481 praecide
3037 5429 3237 5480 magna
3278 5418 3550 5481 mysteria.
3590 5415 3750 5467 Rom.

2119 5504 2249 5542 cum
2280 5502 2411 5539 mss.
2442 5488 2655 5553 paucis,
2680 5493 2743 5535 ut
2770 5487 2827 5537 in
2862 5490 3033 5538 textu.
3071 5488 3233 5537 Hanc
3258 5501 3419 5551 porro
3456 5487 3751 5538 lectionem

2119 5561 2485 5626 praetulimus,
2524 5557 2673 5622 quod
2715 5571 2883 5608 voces
2924 5571 3052 5622 quae
3092 5558 3149 5607 in
3195 5558 3304 5608 illis
3345 5558 3750 5617 desiderantur,

2120 5644 2248 5681 cum
2279 5629 2592 5680 habeantur
2617 5630 2672 5679 in
2710 5628 2854 5691 aliis,
2883 5640 3218 5693 magnopere
3250 5628 3751 5693 interpellationem

2122 5700 2423 5752 redoleant.

2185 5771 2283 5835 (33)
2308 5770 2435 5823 Mss.
2466 5768 2744 5835 nonnulli,
2768 5768 2957 5822 decora
2982 5769 3134 5824 oculo
3161 5769 3453 5836 spirituali.
