3958 6166
258 274 375 330 1277

1382 255 1833 340 exrosmom
1874 280 2190 342 essanun
2228 282 2448 341 cxvm.

252 399 387 493 dita;
431 402 490 456 et
536 399 660 458 ideo
706 400 935 460 dicebat
978 420 992 460 :
1044 424 1071 457 α
1119 403 1296 464 Fusce
1343 423 1471 463 sum
1522 394 1582 462 et
1630 405 1857 476 decora,
1884 418 2076 493 Anon
2122 407 2331 479 potuit;
2376 408 2695 481 meritoque
2735 423 2860 465 sero
2905 406 3111 481 quaerit
3150 411 3363 476 tenere,
3410 425 3584 481 quem
3612 452 3627 459 ρ

248 492 367 547 lilia:
390 494 735 566 Jerusalem;
763 518 792 547 ι)
819 497 981 555 fusca
1006 515 1108 571 per
1136 500 1618 567 incredulitatem,
1652 500 1862 557 decora

248 603 342 658 per
363 587 602 659 Legem;
632 590 792 646 fusca
816 608 920 664 per
953 593 1200 666 lapsum,
1234 594 1458 664 decora,
1490 594 1621 668 quia
1664 592 1863 650 dilexit

246 696 327 734 me
353 682 454 751 sol,
496 686 557 737 et
588 683 749 756 prior
782 687 933 743 facta
962 704 1091 743 sum
1122 689 1494 761 congregatio
1535 688 1653 744 Dei.
1684 687 1861 743 Nolite

246 774 493 848 refugere
523 792 637 848 me,
668 779 801 851 quia
829 781 988 837 fusca
1012 799 1174 849 sum;
1202 782 1335 839 ideo
1363 783 1519 840 fusca
1546 798 1696 849 sum,
1728 781 1859 853 quia

246 867 327 923 Sol
374 886 464 925 me
502 872 739 945 reliquit
773 874 1035 946 justitite,
1076 877 1174 949 qui
1219 881 1351 934 ante
1392 895 1487 932 me
1535 876 1860 933 illuminare

244 971 629 1032 consueverat;
697 967 863 1023 amisi
922 970 1166 1026 colorem
1221 973 1406 1027 vultus
1462 972 1607 1039 mei;
1660 971 1860 1026 obtusa

241 1054 379 1110 facta
430 1062 519 1113 est
569 1060 718 1116 acies
767 1064 1061 1121 oculorum
1111 1081 1407 1133 meorum,
1458 1065 1665 1138 quibus
1726 1068 1858 1119 ante

243 1149 407 1206 solem
455 1152 721 1211 videbam
767 1174 780 1211 :
828 1158 885 1213 in
930 1159 1181 1215 tenebris
1222 1159 1473 1227 ambulo,
1522 1158 1655 1231 quia
1702 1157 1857 1213 diem

241 1244 435 1299 Christi
478 1247 693 1304 nescio.
733 1251 918 1308 Nolite
963 1256 1158 1309 tamen
1202 1253 1496 1325 despicere
1537 1269 1663 1321 me,
1713 1267 1856 1323 quo-

241 1341 382 1395 niam
411 1342 511 1413 qui
542 1343 797 1417 reliquit,
825 1349 1013 1418 potest
1039 1364 1269 1402 rursum
1300 1347 1572 1418 aspicere,
1604 1344 1859 1401 misereri

238 1433 454 1489 iterum.
484 1434 647 1492 Solet
673 1454 1025 1512 congregare
1063 1440 1367 1513 dispersos,
1401 1439 1647 1496 desertos
1675 1441 1862 1511 requi-

238 1542 373 1595 rere,
403 1531 677 1604 colligere
700 1532 1018 1589 destitutos.
1046 1534 1258 1591 Omnes
1294 1534 1472 1590 tribus
1504 1535 1692 1603 lsrael,
1725 1552 1858 1591 con-

235 1622 433 1691 venite,
455 1624 697 1697 aspicite
724 1642 817 1682 me
843 1626 1105 1685 decoram
1131 1632 1266 1684 ante
1290 1628 1554 1685 dilectam
1583 1645 1598 1683 :
1625 1650 1653 1679 «
1682 1629 1862 1685 Nolite

236 1717 479 1789 aspicere
525 1737 643 1789 me,
693 1721 969 1793 quoniam
1008 1721 1280 1779 oﬁ‘uscata
1324 1739 1450 1779 sum
1490 1722 1670 1789 (lbid.,
1712 1722 1793 1793 5);
1827 1744 1854 1773 n

233 1809 334 1867 hoc
372 1818 475 1880 est,
526 1832 644 1869 non
689 1815 796 1871 hoc
843 1816 1023 1871 solum
1064 1816 1368 1889 aspiciatis,
1414 1816 1550 1889 quia
1592 1817 1861 1872 oll'uscata

234 1920 367 1962 sum.
398 1907 508 1963 Sed
546 1908 701 1965 lucet
733 1910 818 1965 sol
860 1926 1032 1982 super
1059 1911 1248 1982 justos
1274 1916 1332 1967 et
1373 1910 1612 1981 injustos
1642 1926 1656 1965 :
1687 1925 1862 1981 super

226 1998 397 2068 justus
437 2017 548 2073 per
585 2003 864 2075 gratiam,
903 2021 1076 2077 super
1110 2004 1353 2076 injustos
1392 2021 1496 2076 per
1537 2005 1856 2061 misericor-

233 2090 409 2161 diam;
467 2096 588 2151 illis
630 2097 953 2153 mercedem
1008 2100 1342 2154 meritorum
1398 2100 1686 2170 tribuens,
1738 2100 1860 2156 istis

231 2192 452 2257 peccata
492 2190 817 2246 dimittens.
860 2192 926 2246 Et
966 2192 1233 2263 gentibus
1272 2210 1390 2249 non
1434 2193 1662 2250 lucebat
1702 2199 1856 2261 ante,

227 2296 369 2338 nunc
406 2282 600 2353 lucet;
647 2300 798 2340 nunc
829 2284 934 2339 illis
970 2285 1171 2353 oritur,
1214 2286 1313 2358 qui
1349 2288 1641 2343 oriebatur
1680 2287 1816 2343 mihi
1836 2305 1853 2357 ;

228 2376 316 2447 qui
346 2377 457 2432 illis
500 2377 752 2446 remisit,
782 2379 1039 2434 remittet
1071 2384 1127 2435 et
1169 2381 1334 2436 mihi.
1371 2381 1555 2437 Nolite
1590 2382 1857 2437 arbitrari

227 2471 492 2541 quoniam
523 2471 800 2526 oﬂ'uscata
825 2489 972 2542 sum,
1000 2474 1154 2545 quod
1185 2474 1412 2546 penitus
1438 2476 1733 2547 reliquerit
1765 2492 1858 2530 me

229 2565 319 2630 sol,
361 2568 419 2619 et
452 2564 586 2636 jam
634 2582 749 2621 non
797 2565 1114 2636 intueatur,
1162 2584 1278 2623 non
1323 2570 1576 2640 requirat
1618 2587 1854 2642 aegram.

228 2656 606 2714 Dissimulavit
639 2676 673 2713 a
712 2675 805 2714 me
842 2661 976 2730 (35);
1016 2662 1154 2733 quia
1195 2679 1310 2717 non
1341 2663 1558 2718 servavi
1589 2666 1858 2721 mandata

227 2751 376 2822 ejus:
418 2753 916 2821 reconciliabitur,
943 2770 1073 2809 cum
1117 2755 1326 2810 viderit
1366 2773 1627 2813 meorum
1670 2758 1853 2831 poeni-

228 2845 456 2902 tentiam
506 2846 869 2902 delictorum.
919 2849 1042 2903 Non
1085 2848 1225 2903 vidit
1272 2866 1363 2904 me
1403 2851 1508 2919 sol,
1561 2851 1695 2922 quia
1740 2868 1855 2907 non

227 2939 400 3011 recepi
420 2940 860 3011 advenientem;
890 2958 1004 2997 non
1029 2943 1223 3013 aperui
1251 2942 1542 3012 fenestras,
1574 2949 1634 2999 ut
1658 2945 1854 3000 lumen

227 3036 345 3089 vitae
391 3036 664 3091 intraret.
714 3037 855 3092 Cum
907 3051 1220 3107 aperuere,
1266 3036 1613 3093 illuminabit
1664 3040 1857 3095 oculos

1962 517 2093 556 cum
2135 504 2376 568 teneret,
2418 501 2607 558 amisit
2644 519 2658 557 :
2704 502 2887 559 multo
2930 502 3255 559 dissimilior
3297 503 3421 574 ejus
3454 519 3584 575 quin

1959 594 2095 650 dicit
2142 611 2158 648 :
2204 616 2233 645 «
2274 595 2467 651 Inveni
2520 612 2694 668 quem
2746 595 2940 652 dilexit
2992 594 3183 650 anima
3234 612 3382 665 mea,
3429 595 3585 652 tenui

1961 704 2117 757 eum,
2147 692 2205 745 et
2232 706 2342 746 non
2377 689 2696 763 relinquam
2728 706 2863 745 eum
2892 692 3094 759 (Cant.,
3127 705 3204 756 111,
3234 688 3307 760 4).
3340 707 3369 739 η

2038 820 2119 871 Η.
2151 817 2408 890 Denique
2443 818 2540 875 illa
2581 818 2783 875 invitat
2821 818 2880 873 in
2916 817 3149 873 hortum
3189 832 3357 872 suum
3398 816 3580 888 Spon-

1962 927 2084 964 sum
2121 928 2133 964 :
2178 912 2299 965 hinc
2351 912 2441 966 ubi
2479 915 2669 985 pascat
2700 912 3016 985 requirens,
3055 911 3192 967 dicit
3234 911 3307 966 ad
3351 910 3533 982 ipsum
3567 926 3580 963 :

1964 1024 1989 1054 ‹‹
2031 1005 2317 1059 Λιιιιιιιιιίίι
2364 1005 2502 1061 mihi
2549 1024 2718 1078 quem
2760 1006 2959 1062 dilexit
2982 1004 3174 1061 anima
3216 1020 3343 1060 mea
3379 1005 3582 1073 (Cant,

1960 1115 1998 1167 1,
2026 1099 2099 1169 ὓ).
2134 1119 2161 1149 »
2194 1100 2306 1154 Cur
2345 1115 2516 1169 quem
2556 1099 2749 1155 dilexit
2782 1100 2972 1155 anima
3013 1116 3141 1155 mea
3180 1098 3337 1164 dicis,
3369 1102 3426 1153 et
3465 1113 3582 1151 non

1959 1208 2129 1263 quem
2158 1192 2386 1264 diligit?
2403 1196 2516 1251 Cur
2540 1193 2824 1261 dimisisti,
2850 1210 3019 1265 quem
3043 1192 3314 1248 tenebas?
3335 1189 3585 1246 Dilexisti

1961 1289 2188 1358 patrum
2239 1286 2375 1354 lidc,
2425 1287 2664 1342 amisisti
2723 1286 3147 1353 incredulitate;
3194 1284 3428 1342 tenebas
3472 1285 3582 1355 (36)

1960 1378 2246 1435 charitatis
2292 1380 2556 1450 vinculis,
2601 1380 2838 1436 amisisti
2891 1381 3063 1452 longo
3110 1379 3248 1435 fune
3302 1376 3577 1450 perﬁdiae.

1960 1472 2090 1530 ldeo
2115 1474 2296 1530 nescis
2328 1474 2420 1530 ubi
2459 1479 2664 1546 pascat,
2696 1473 2791 1528 ubi
2832 1478 3083 1541 maneat,
3124 1490 3258 1527 nam
3299 1471 3347 1526 si
3384 1471 3577 1535 scires,

1962 1585 2077 1623 non
2108 1584 2409 1640 qurereres.
2440 1567 2585 1624 Dicis
2606 1567 2760 1623 enim
2789 1584 2800 1621 :
2836 1587 2859 1617 α
2888 1566 2989 1621 Ubi
3011 1565 3234 1639 pascis?
3260 1565 3354 1620 ubi
3385 1580 3584 1619 manes

1961 1663 2020 1717 in
2055 1662 2291 1718 meridie
2320 1663 2535 1733 (Ibid)?
2563 1685 2590 1712 »
2620 1661 2903 1718 Meridiem
2931 1660 3077 1715 nosti
3105 1676 3224 1715 esse
3253 1657 3579 1725 Ecclesiam,

1960 1773 2088 1828 quae
2120 1759 2309 1813 teneat
2339 1756 2624 1812 Christum
2654 1772 2668 1810 :
2694 1759 2750 1810 et
2776 1763 2833 1810 tu
2866 1771 2995 1809 eum
3033 1753 3092 1810 in
3130 1752 3393 1808 noctibus
3421 1766 3578 1823 quie—

1960 1850 2080 1905 ris?
2125 1851 2259 1920 Dic,
2310 1850 2531 1922 inquit,
2583 1849 2760 1916 mihi,
2817 1848 3037 1904 Christe
3087 1865 3101 1903 :
3165 1845 3442 1917 responde
3493 1843 3582 1898 vel

1958 1946 2197 2015 propter
2238 1944 2295 1999 id
2340 1943 2473 2015 quia
2528 1946 2661 1997 ante
2710 1959 2875 1996 carus
2927 1940 3079 1996 fuisti
3131 1942 3299 2011 atque
3345 1938 3586 1993 dilectus

1962 2037 2137 2107 mihi;
2205 2037 2309 2092 etsi
2376 2053 2485 2107 ego
2549 2039 2723 2091 tanta:
2789 2033 3227 2107 praerogativam
3291 2029 3584 2087 charitatis

1958 2131 2145 2197 amisi,
2187 2134 2247 2185 tu
2291 2136 2481 2185 tamen
2525 2129 2684 2202 quasi
2726 2128 2853 2201 pius
2888 2128 3167 2199 responde
3202 2126 3345 2182 mihi
3376 2142 3389 2180 :
3424 2148 3450 2175 ‹‹
3477 2124 3583 2179 Ubi

1959 2224 2178 2297 pascis?
2207 2223 2302 2279 ubi
2328 2223 2571 2279 manes?
2601 2246 2629 2273 »
2661 2222 2954 2294 Reiiquisti
2984 2238 3095 2289 me,
3124 2220 3308 2276 abiisti
3338 2220 3412 2275 ad
3438 2235 3579 2290 gen-

1959 2323 2042 2374 tes
2072 2335 2085 2373 :
2116 2318 2398 2374 recessisti
2440 2318 2611 2389 longe
2653 2334 2686 2371 a
2723 2333 2846 2386 me;
2893 2321 2951 2372 et
2988 2315 3098 2370 illis
3135 2315 3367 2387 propior
3402 2314 3585 2369 factus

1959 2431 2040 2483 es,
2067 2431 2100 2467 a
2138 2412 2347 2485 quibus
2380 2413 2549 2483 longe
2587 2428 2734 2478 eras,
2776 2411 2876 2466 sed
2912 2411 3091 2465 factus
3129 2426 3189 2465 es
3229 2425 3423 2480 prope,
3453 2407 3584 2479 quia

1957 2506 2322 2563 crediderunt
2369 2504 2631 2577 sanguini
2673 2510 2773 2560 tuo
2816 2522 2829 2559 :
2883 2521 2917 2559 a
2962 2521 3053 2559 me
3102 2501 3402 2567 recessisti,
3450 2501 3584 2572 quia

1957 2618 2063 2673 ego
2089 2616 2317 2656 crucem
2347 2604 2499 2655 tuam
2528 2615 2641 2653 non
2672 2597 2891 2670 suscepi
2921 2602 2983 2653 ut
3008 2597 3207 2652 mundi
3241 2595 3582 2667 redemptio-

1957 2711 2112 2761 nem,
2144 2693 2243 2747 sed
2271 2698 2336 2748 ut
2363 2694 2518 2748 noxii
2558 2692 3010 2748 damnationem.
3053 2690 3157 2755 Qui
3196 2692 3387 2744 autem
3424 2704 3582 2743 rece-

1958 2789 2164 2858 perunt
2190 2791 2265 2854 te,
2295 2785 2554 2852 Domine,
2588 2786 2731 2841 sicut
2756 2783 2946 2840 salutis
2974 2789 3286 2850 auctorem,
3318 2783 3376 2837 in
3405 2782 3581 2837 meri-

1956 2880 2048 2935 die
2080 2883 2233 2935 sunt.
2266 2879 2381 2936 Illis
2414 2880 2589 2945 luces,
2628 2878 2736 2933 illis
2777 2877 3040 2946 refulges,
3069 2876 3176 2930 illis
3213 2875 3362 2929 calet
3400 2874 3585 2945 gratia

1955 2978 2055 3028 tua
2080 2973 2227 3028 sicut
2257 2972 2546 3027 meridies.
2577 2971 2707 3028 Mihi
2738 2970 3048 3025 matutinus
3078 2985 3219 3037 eras,
3249 2983 3379 3022 cum
3401 2967 3584 3021 adhuc

1955 3067 2284 3136 crederem;
2315 3066 2414 3122 sed
2441 3083 2558 3122 non
2583 3064 2887 3121 credebam
2923 3064 3115 3136 plene,
3146 3061 3280 3134 quia
3311 3077 3427 3117 non
3458 3077 3582 3114 sum

230 3147 396 3232 “lim”
427 3128 720 3232 anima“
757 3132 819 3183 nl
860 3132 1045 3232 litua.)
1078 3130 1360 3186 mundum
1390 3131 1767 3203 illuminaret’
1802 3138 1859 3188 et
1878 3159 1932 3232 C
1960 3161 2187 3217 inventa
2215 3128 2280 3216 in,
2300 3160 2541 3216 meridie
2575 3159 2716 3230 (37);
2745 3159 2889 3213 sicut
2922 3128 3128 3229 loseph
3157 3128 3286 3211 cum
3314 3154 3585 3210 fratribus

230 3223 447 3279 videant
474 3224 659 3279 etiam
689 3240 805 3278 non
841 3223 1117 3279 videntes.

296 3321 375 3372 l0.
424 3318 565 3374 Filii
614 3319 807 3372 matris
853 3333 981 3372 mea:
1021 3324 1408 3389 pugnaverunt
1450 3320 1713 3375 adversus
1754 3337 1853 3384 me,

223 3418 515 3479 posuerunt
548 3427 631 3466 me
665 3412 935 3466 custodem
966 3413 1022 3466 in
1060 3414 1250 3467 vineis.
1289 3415 1514 3468 Vineam
1553 3430 1724 3469 meum
1752 3430 1859 3469 non

228 3506 519 3560 ceutodivi.
549 3505 756 3559 Putant
795 3504 974 3575 aliqui
1010 3504 1115 3559 hoc
1155 3505 1225 3559 de
1264 3504 1373 3560 illis
1409 3504 1516 3561 dici
1546 3507 1643 3579 qui
1673 3507 1855 3579 Syna-

227 3613 429 3667 gogam
461 3597 545 3658 ad
584 3597 725 3670 legis
764 3600 1055 3669 praecepta
1090 3598 1511 3671 constringunt,
1541 3604 1604 3655 ut
1644 3601 1855 3672 Legem

227 3692 524 3758 custodiat,
571 3690 794 3747 vineam
837 3708 1000 3746 suam
1049 3695 1299 3760 tueatur,
1345 3709 1522 3765 quam
1570 3694 1856 3750 custodire

228 3800 335 3839 non
379 3785 597 3857 potuit.
638 3784 896 3856 Denique
939 3785 1294 3841 custodiebat
1340 3792 1401 3841 ut
1446 3788 1657 3842 faceret
1698 3804 1854 3855 uvas,

226 3880 346 3934 fecit
388 3885 592 3935 autem
648 3878 858 3950 spinas.
898 3881 1035 3943 Quae
1077 3879 1153 3933 sit
1206 3879 1384 3950 igitur
1428 3878 1619 3953 985
1665 3882 1854 3951 vinea,

229 3974 375 4027 venit
409 3972 591 4029 David
632 3972 920 4027 testiﬁcari
962 3970 1128 4026 nobis
1171 3971 1408 4027 dicens:
1451 3994 1479 4022 ‹‹
1514 3975 1741 4030 Vineam
1787 3993 1857 4031 ex

228 4066 460 4139 xilgypto
488 4065 845 4133 transtulisti,
876 4066 1093 4137 ejecisti
1120 4071 1338 4136 gentes,
1363 4071 1421 4122 et
1445 4068 1707 4138 plantasti
1727 4086 1854 4125 eam

230 4161 385 4225 (Psul.
415 4176 606 4227 1.xx1x,
639 4162 713 4228 9).
743 4182 770 4209 ιι
809 4162 1048 4216 Possunt
1077 4165 1135 4217 et
1162 4162 1402 4233 apostoli
1441 4178 1564 4217 esse
1604 4162 1707 4218 lilii
1736 4181 1852 4218 ma-

230 4252 322 4309 tris
369 4254 531 4326 ejus,
588 4254 686 4325 qui
744 4270 875 4310 vere
923 4255 1410 4327 impugnaveruut
1461 4256 1853 4328 Synagogam,

230 4347 475 4403 dicentes
509 4365 525 4402 :
559 4370 589 4397 «
618 4350 758 4403 Ecce
786 4348 1176 4403 convertimur
1202 4348 1273 4403 ad
1307 4353 1505 4421 gentes
1541 4352 1707 4418 (Act,
1737 4366 1853 4419 x111,

232 4441 338 4508 i6);
377 4464 406 4491 ι)
448 4445 509 4497 et
553 4441 888 4497 nationibus
922 4442 1157 4497 verbum
1198 4442 1293 4498 Dei
1332 4442 1620 4498 seminare
1666 4460 1852 4517 coepe-

234 4541 379 4589 runt.
422 4538 673 4592 Possunt
707 4539 767 4590 et
804 4536 1098 4607 prophetae
1134 4535 1399 4607 intelligi,

233 4627 758 4701 deuuntiandoque,
789 4632 854 4683 ut
882 4628 1109 4684 vineam
1142 4646 1306 4685 suam
1337 4630 1647 4686 custodiret
1676 4632 1856 4702 Syna-

235 4737 394 4794 goga,
428 4721 574 4777 nihil
603 4722 992 4795 profecerunt.
1032 4722 1186 4777 Fecit
1225 4723 1381 4778 enim
1426 4722 1617 4796 spinas
1644 4724 1856 4797 impro~

232 4813 437 4883 bitatis,
466 4832 598 4888 quae
623 4816 847 4869 virtutis
882 4815 1090 4871 uberes
1132 4816 1348 4871 fructus
1378 4816 1608 4871 deferre
1638 4817 1856 4872 debue-

234 4912 330 4963 rat.
357 4909 423 4964 Et
446 4908 578 4965 ideo
595 4909 912 4978 confitetur,
933 4909 1065 4981 quia
1084 4909 1364 4982 populum
1385 4926 1551 4964 suum
1574 4911 1859 4967 custodire

292 5068 391 5129 (3t)
435 5068 564 5119 Mss.
608 5072 753 5130 octo,
797 5069 1016 5131 aspicite
1050 5082 1130 5118 me
1173 5069 1421 5120 decoram
1463 5074 1588 5118 ante
1628 5069 1857 5120 derelic-

235 5142 351 5187 tum.
409 5140 553 5197 Duo,
598 5153 800 5204 nempe
850 5140 988 5190 Nav.
1033 5141 1264 5203 primus,
1322 5139 1378 5190 S.
1428 5139 1654 5189 Aud.....
1708 5141 1859 5191 deco-

237 5223 349 5260 ram
393 5217 519 5262 ante
550 5211 744 5262 delicta
789 5225 805 5261 :
844 5209 996 5275 quod
1039 5224 1151 5261 non
1192 5210 1464 5275 displicet.
1508 5211 1728 5276 Reliqui
1778 5217 1857 5262 la-

238 5293 357 5333 men
386 5296 519 5334 cum
545 5283 674 5334 edit.
702 5287 768 5333 ut
798 5283 856 5332 in
891 5285 1073 5341 textu;
1105 5281 1255 5332 unde
1287 5283 1376 5332 vel
1403 5281 1612 5333 excidit
1635 5284 1856 5347 copula,

238 5352 320 5402 vel
360 5354 597 5406 alterum
639 5352 976 5419 adjectivum
1012 5353 1091 5404 ibi
1136 5354 1258 5405 vice
1306 5352 1644 5405 substantivi
1698 5355 1856 5418 poni-

240 5428 339 5473 tur.

296 5496 390 5557 (35)
439 5497 578 5548 Edit.
629 5496 809 5557 Rom.,
849 5509 942 5546 nec
981 5497 1177 5547 revisat
1220 5496 1447 5559 nigram.
1497 5494 1860 5547 Dissimutavit

239 5581 271 5616 ο
292 5581 389 5618 me.
428 5568 545 5619 νει.
577 5572 784 5628 autem,
815 5581 924 5617 non
958 5568 1224 5632 requirat,
1253 5571 1301 5617 et
1338 5567 1574 5630 gratiam
1606 5567 1856 5618 dissimu-

241 5635 362 5688 lavit
394 5654 429 5688 a
463 5653 556 5689 me.
585 5639 715 5689 Mss.
746 5652 878 5690 vero
912 5652 1113 5703 magno
1151 5651 1436 5691 consensu
1464 5642 1706 5688 nostram
1744 5638 1856 5688 lec-

241 5711 443 5761 tionem
466 5711 813 5773 confirmant,
838 5711 1084 5775 exceptis
1107 5708 1329 5761 duobus
1355 5709 1471 5771 ubi,
1502 5709 1702 5769 revisit,
1736 5722 1856 5773 pro,

242 5781 492 5844 requirat.

300 5851 393 5912 (ω)
427 5850 676 5917 Quatuor
710 5866 843 5907 mss.
872 5852 1154 5907 Perdidisti
1179 5858 1398 5919 patrum
1423 5851 1596 5918 fidem,
1630 5852 1859 5906 amisisti

1957 3254 2073 3310 suis
2103 3255 2201 3327 qui
2231 3254 2530 3311 cenabant
2560 3252 2817 3308 meridie.
2848 3251 2960 3306 illis
2996 3249 3266 3306 meridies
3294 3250 3475 3304 factus
3502 3264 3582 3315 es,

1957 3350 2055 3422 qui
2086 3355 2398 3421 pascuntur
2422 3348 2479 3403 in
2513 3347 2725 3402 divitiis
2757 3346 2886 3415 tuis,
2917 3348 2973 3399 et
3003 3346 3059 3399 iu
3088 3350 3141 3399 te
3176 3344 3422 3415 sperant.
3456 3341 3583 3397 ideo

1960 3447 2021 3497 ut
2060 3442 2196 3498 dixit
2240 3442 2413 3497 David
2462 3458 2474 3496 :
2525 3462 2551 3490 «
2594 3440 2844 3496 Deduces
2886 3454 3085 3493 eorum
3123 3436 3407 3509 justitiam
3457 3438 3581 3489 tan-

1957 3554 2128 3609 quam
2171 3538 2388 3605 lumen,
2426 3542 2485 3591 et
2516 3534 2803 3607 judicium
2854 3548 3053 3588 eorum
3092 3536 3364 3604 tanquam
3414 3527 3580 3584 meri-

1957 3630 2110 3685 diem
2140 3630 2304 3700 (Psat.
2334 3646 2515 3696 xxxv1,
2551 3629 2625 3700 6).
2655 3650 2681 3677 η

2032 3754 2116 3806 l2.
2145 3751 2361 3815 Qumris
2396 3766 2537 3822 ergo
2592 3754 2866 3821 tanquam
2902 3747 3111 3815 aliena,
3153 3762 3280 3817 qua:
3322 3746 3585 3817 proxima

1956 3861 2080 3899 eras
2111 3861 2125 3899 :
2158 3847 2427 3916 tanquam
2455 3859 2687 3915 pauper,
2718 3858 2849 3913 quae
2887 3840 3043 3895 dives
3077 3839 3252 3893 fuisti.
3286 3838 3374 3892 Vis
3400 3839 3582 3909 sequi,

1958 3954 2088 4010 qua:
2122 3935 2501 4010 praecedebas,
2532 3938 2705 4006 atque
2743 3934 2966 3989 utinam
3006 3932 3095 3987 vel
3131 3930 3403 4002 sequaris,
3444 3947 3586 4002 quos

1957 4030 2281 4103 praecedere
2307 4028 2580 4084 debuisti!
2609 4026 2950 4083 Mercenaria
2976 4042 3098 4082 esse
3126 4026 3433 4092 desideras,
3454 4040 3586 4096 quae
3646 4052 3651 4057 -

1958 4128 2091 4179 ante
2117 4122 2496 4178 mercenarios
2521 4121 2844 4194 colligebas.
2869 4120 3224 4176 Mercenaria:
3256 4119 3451 4192 utique
3480 4134 3586 4172 vox

1957 4217 2064 4271 ista
2119 4216 2358 4272 dicentis
2399 4222 2485 4272 est
2532 4233 2545 4272 :
2597 4238 2623 4264 ‹‹
2669 4217 2746 4271 Ne
2790 4216 2936 4270 forte
2985 4214 3117 4269 fiam
3162 4214 3587 4269 circumamicta

1956 4328 2128 4384 super
2162 4327 2365 4383 greges
2401 4310 2679 4365 sodalium
2714 4315 2942 4365 tuorum
2975 4312 3178 4381 (Cunt.,
3211 4324 3249 4378 1,
3291 4307 3363 4378 6).
3398 4332 3423 4357 ι»
3450 4309 3588 4371 Quae

1957 4406 2266 4477 proselytos
2326 4421 2396 4459 ex
2455 4402 2723 4475 gentibus
2782 4406 2915 4458 ante
2967 4401 3341 4473 suscipiebas,
3393 4398 3586 4473 986

1434 4494 1938 4608 ᾇᾶίὼιξωξὶξξὰου
1963 4515 2113 4553 nunc
2155 4498 2275 4570 ipsa
2308 4498 2367 4553 in
2404 4496 2728 4553 nationibus
2771 4496 2852 4551 vis
2893 4512 2997 4567 pro
3041 4494 3341 4567 proselytis
3383 4494 3586 4565 suscipi

1961 4596 2017 4646 et
2047 4594 2312 4663 tanquam
2339 4591 2557 4646 advena
2582 4588 2945 4661 congregari.

2034 4720 2119 4771 l3.
2169 4715 2476 4789 Respondit
2506 4716 2666 4770 Jesus
2703 4731 2716 4770 :
2758 4738 2784 4763 α
2819 4714 2934 4770 Nisi
2979 4730 3178 4769 noscas
3221 4718 3275 4769 te
3318 4714 3582 4769 decoram

1962 4810 2068 4881 (38)
2096 4810 2245 4865 inter
2284 4808 2552 4865 mulieres
2582 4807 2786 4879 (Cunt.,
2817 4826 2854 4877 1,
2892 4809 2964 4879 7).
2998 4831 3025 4858 ››
3053 4808 3194 4873 Quid
3233 4811 3317 4862 est
3355 4822 3413 4862 se
3451 4821 3585 4859 nos-

1958 4919 2104 4973 cere,
2160 4902 2268 4957 nisi
2314 4908 2375 4958 ut
2427 4902 2565 4958 sciat
2617 4918 2673 4957 se
2728 4902 3117 4975 unusquisque
3173 4900 3460 4956 hominem
3516 4899 3586 4954 ad

1959 5066 2322 5117 credulitatem
2349 5082 2367 5116 :
2393 5079 2546 5131 quem
2577 5065 2807 5123 tenebas,
2833 5070 2936 5117 etc.

2024 5140 2119 5203 (37)
2167 5140 2226 5189 In
2271 5140 2490 5190 cunctis
2536 5137 2658 5189 cod.
2701 5138 2846 5190 Gali.
2889 5138 3105 5197 desunt,
3147 5134 3278 5200 quia
3324 5147 3432 5185 non
3472 5149 3589 5186 sum

1958 5212 2174 5262 inventa
2202 5211 2258 5260 in
2293 5211 2529 5261 meridie.

2019 5283 2119 5344 (38)
2156 5283 2238 5332 Ita
2277 5285 2385 5333 vet.
2426 5281 2564 5333 edit.
2597 5296 2663 5334 ac
2702 5282 2878 5332 multo
2915 5281 3091 5343 major
3129 5290 3258 5328 mss.
3300 5292 3588 5331 numerus.

1958 5352 2149 5417 Aliqui
2195 5357 2399 5403 tamen.
2455 5367 2519 5404 ac
2570 5352 2724 5403 Rom.
2782 5351 2944 5411 edit.,
3001 5350 3109 5400 nisi
3172 5363 3459 5414 cognoscas
3512 5358 3589 5410 te,

1958 5422 2170 5481 decora,
2200 5426 2305 5474 etc.
2343 5423 2447 5474 His
2487 5426 2676 5475 favent
2716 5437 2828 5473 non
2869 5422 3054 5473 solum
3092 5420 3261 5478 LXX.
3306 5422 3401 5473 ubi
3444 5436 3590 5473 con-

1959 5498 2172 5557 stanter
2219 5495 2423 5561 legitur
2480 5498 2513 5553 ἡ
2553 5496 2694 5553 καλή,
2749 5507 2939 5545 verum
2988 5498 3044 5545 et
3100 5494 3428 5545 Ambrosius
3472 5495 3590 5558 ipse

1957 5566 2055 5617 lib.
2104 5566 2169 5617 de
2212 5568 2363 5618 Isaac
2410 5573 2458 5618 et
2512 5569 2727 5623 Anima,
2778 5579 2897 5631 cap.
2948 5569 2997 5629 4,
3047 5581 3203 5617 num.
3260 5568 3333 5617 13.
3388 5566 3591 5629 Quan-

1957 5651 2127 5702 quam
2167 5640 2296 5690 istic
2337 5640 2502 5689 etiam
2545 5639 2842 5690 lectionem
2884 5642 3131 5689 nostram
3172 5637 3393 5688 videtur
3438 5638 3591 5688 ludi-

1958 5723 2105 5773 care,
2152 5723 2282 5762 cum
2329 5710 2523 5762 scribit
2565 5725 2576 5760 :
2629 5709 2746 5761 Nisi
2788 5723 2976 5764 noscas
3022 5715 3071 5761 te
3112 5709 3244 5776 quia
3282 5709 3476 5761 decora
3518 5723 3590 5769 es,

1958 5786 2064 5834 etc.

3453 285 3585 343 l278
3692 273 3697 277 ’
