3958 6166
284 2166 293 2175 ’
378 2172 490 2239 tus,
539 2170 765 2240 scripsit
804 2169 861 2224 in
909 2169 1150 2226 Cauticis
1188 2168 1536 2224 canticorum
1582 2186 1592 2221 :

365 268 499 328 {279

1788 264 1865 326 .S.
1910 266 2218 327 AMBROSII

3600 260 3734 318 i280

362 390 677 465 imaginem
734 395 794 450 et
839 390 1274 451 similitudinem
1321 393 1421 451 Dei
1474 392 1713 460 factum,
1761 392 1997 449 rationis
2020 406 2077 477 Α
2172 396 2255 448 l5.
2302 389 2463 457 Quod
2510 389 2555 446 si
2591 389 2737 447 scias
2778 392 2855 457 te,
2902 391 2961 444 et
2998 402 3281 462 agnoscas
3321 381 3457 463 quia
3502 387 3737 459 peccato

361 501 653 558 capacem,
677 486 777 559 qui
808 489 1019 543 terram
1049 504 1207 544 suam
1233 489 1490 545 excolere
1517 490 1787 560 tanquam
1813 487 1998 542 bonus

356 580 611 652 agricola
641 579 846 636 debeat
883 585 1071 636 aratro
1108 580 1363 653 quodam
1409 585 1466 637 et
1498 582 1639 636 falce
1676 580 1995 652 sapientiae,

362 678 425 729 ut
469 675 553 728 vel
595 674 737 730 dura
780 674 1093 744 ﬁndantur,
1133 675 1223 730 vel
1267 674 1612 730 luxuriantia
1653 673 1995 740 recidantur,

361 767 462 841 qui
492 767 824 823 inferiorem
852 768 941 824 sui
966 769 1289 842 portionem
1319 768 1496 824 animi
1531 766 1770 840 imperio
1794 766 1998 822 debeat

362 861 729 931 gubernare?
781 862 940 917 Unde
987 863 1159 918 etiam
1210 862 1269 917 in
1321 863 1471 933 Lege
1524 861 1800 932 scriptum
1849 864 1934 913 est
1980 875 1993 913 :

366 955 682 1010 «Attende
734 955 868 1022 tibi,
923 971 995 1010 ne
1053 956 1153 1011 ﬁat
1203 956 1439 1010 verbum
1494 953 1887 1009 absconditum
1941 953 1998 1007 in

365 1048 536 1104 corde
581 1054 678 1103 tuo
727 1048 927 1118 (Deut,
979 1066 1066 1118 xv,
1111 1049 1184 1120 9).
1231 1071 1258 1099 ››
1302 1049 1449 1115 Tibi,
1499 1048 1704 1119 inquit,
1749 1044 1997 1111 attende,

366 1156 485 1197 non
519 1142 716 1213 utique
757 1142 893 1197 dicit
936 1141 1189 1213 pecuniae
1225 1147 1359 1211 tuae,
1394 1157 1506 1196 non
1554 1138 2002 1211 possessionibus

364 1234 499 1303 tuis,
535 1252 648 1290 non
676 1234 888 1291 viribus
929 1236 1203 1307 corporis,
1231 1235 1330 1290 sed
1366 1236 1561 1290 animo
1596 1236 1694 1288 tuo
1722 1249 1787 1286 ac
1826 1230 2000 1287 menti

371 1330 509 1395 ture,
561 1329 714 1384 unde
764 1330 959 1385 omnia
1009 1329 1262 1396 consilia,
1314 1328 1462 1383 facta
1517 1326 2001 1398 cogitationesque

375 1426 639 1479 manant.
675 1422 795 1478 Tibi
835 1439 974 1494 ergo
1014 1421 1246 1478 attende
1283 1420 1380 1488 ibi,
1420 1420 1515 1475 ubi
1559 1419 1842 1491 potiorem
1885 1433 2005 1477 esse

372 1519 431 1570 te
458 1516 628 1571 nosti.
660 1516 838 1571 Nosce
870 1520 923 1570 te
956 1515 1139 1586 ipsum
1174 1513 1304 1586 (39),
1344 1514 1500 1585 quod
1535 1512 1779 1585 Apollini
1804 1512 2006 1584 Pythio

372 1607 667 1680 assignant
717 1608 959 1679 gentiles
1004 1608 1140 1675 viri,
1193 1607 1352 1680 quasi
1404 1608 1522 1678 ipse
1574 1611 1775 1661 auctor
1835 1604 2007 1659 fuerit

370 1701 542 1771 hujus
568 1702 893 1770 sententiae;
921 1718 1051 1756 cum
1092 1700 1161 1756 de
1202 1705 1396 1756 nostro
1435 1702 1771 1771 usurpatum
1803 1697 1873 1753 ad
1902 1714 2006 1752 sua

376 1795 739 1862 transferant,
784 1800 841 1849 et
891 1795 1059 1866 longe
1112 1793 1364 1849 anterior
1409 1795 1622 1865 Moyses
1670 1792 1858 1858 fuerit,
1908 1772 2082 1862 quiB

372 1886 598 1960 scripsit
623 1888 834 1943 librum
869 1886 1321 1957 Deuteronomii,
1350 1903 1526 1958 quam
1561 1885 1879 1958 philosophi
1910 1883 2007 1956 qui

376 1982 479 2037 ista
511 1982 817 2037 finxerunt.

454 2076 536 2131 14.
582 2075 742 2131 Unde
787 2080 845 2131 et
890 2074 1183 2143 Salomon,
1225 2074 1513 2130 oraculum
1557 2073 1813 2128 divinum
1849 2087 2004 2126 secu-

1644 2190 1669 2215 u
1704 2165 1817 2221 Nisi
1865 2164 2009 2219 scias

378 2267 434 2318 te
468 2262 737 2318 decoram
769 2263 919 2318 inter
948 2263 1252 2331 mulieres;
1288 2284 1314 2311 »
1344 2262 1449 2316 hoc
1478 2265 1581 2327 est,
1622 2260 1726 2314 nisi
1767 2274 2005 2330 cognos-

380 2372 471 2410 cas
517 2361 569 2411 te
614 2356 936 2424 mortalem,
969 2355 1334 2424 rationalem,
1362 2358 1420 2412 et
1449 2358 1545 2410 tua
1579 2356 1804 2426 peccata
1828 2352 2006 2407 fatea-

380 2449 479 2518 ris,
518 2450 629 2504 cito
671 2450 826 2504 dicas
866 2449 1197 2521 iniquitates
1241 2455 1367 2504 tuas
1412 2451 1471 2503 ut
1506 2446 1857 2519 justiticeris;
1900 2443 2009 2500 nisi

377 2543 753 2610 converteris,
788 2546 844 2598 et
873 2542 1027 2615 prior
1060 2559 1287 2598 accuses
1323 2541 1525 2597 delicta
1563 2546 1679 2608 tua,
1709 2538 1863 2594 venit
1891 2538 2010 2594 dies

379 2634 599 2703 mortis,
630 2640 686 2691 et
703 2637 826 2708 jam
854 2636 1079 2691 nullum
1117 2635 1504 2691 conversionis
1532 2633 1851 2689 remedium
1878 2634 1964 2687 est
1993 2648 2005 2686 :

381 2729 715 2800 praeveniris
757 2729 897 2784 dum
940 2746 1058 2785 non
1100 2729 1336 2802 cogitas.
1376 2727 1631 2784 Accende
1679 2727 1865 2782 facem
1905 2725 2007 2795 (40)

382 2825 566 2890 tuam,
597 2823 931 2894 priusquam
970 2822 1174 2896 Sponsi
1213 2821 1317 2877 tibi
1351 2820 1650 2877 claudatur
1680 2820 1881 2891 janua,
1913 2817 2012 2890 qui

380 2920 709 2988 exspectare
749 2916 849 2971 diu
887 2933 1001 2971 non
1042 2916 1190 2971 solet
1227 2915 1607 2986 negligentes.
1651 2932 1679 2964 α
1719 2912 1833 2967 Nisi
1871 2911 2012 2966 scias

382 3015 456 3077 te,
486 3009 689 3081 inquit,
722 3010 987 3065 decoram
1015 3009 1166 3064 inter
1196 3008 1482 3073 mulieres,
1512 3012 1568 3062 et
1604 3005 1759 3060 dicas
1789 3023 1801 3059 :
1843 3006 2015 3059 Fusca

372 3119 507 3158 sum
538 3108 595 3156 ct
622 3102 825 3157 decora
853 3102 1058 3171 (Cant,
1090 3119 1128 3169 ι,
1156 3100 1246 3172 4);
1286 3122 1313 3149 ››
1342 3100 1495 3155 fusca
1521 3115 1667 3166 sum,
1710 3098 1845 3170 quia
1874 3113 2004 3169 pec-
2032 3138 2086 3211 Ο

381 3196 537 3263 cavi;
585 3194 681 3249 sed
735 3194 959 3261 decora,
1007 3193 1145 3266 quia
1187 3194 1412 3265 diligor,
1456 3192 1592 3264 quia
1649 3208 1834 3263 genus
1888 3206 2013 3244 sum

382 3288 647 3353 Abraha’,
694 3288 932 3343 electum
983 3304 1183 3360 genus,
1225 3286 1494 3342 dilectum
1532 3287 1683 3354 Deo;
1724 3284 1868 3339 nihil
1912 3283 2015 3338 tibi

382 3380 633 3453 proderit
676 3386 901 3454 patrum
945 3381 1129 3454 gratia
1174 3400 1187 3435 :
1236 3403 1262 3431 ‹‹
1293 3386 1496 3452 potens
1539 3385 1621 3434 est
1667 3378 1820 3434 enim
1868 3379 2015 3433 Dens

384 3476 455 3530 de
496 3475 777 3546 lapidibus
827 3474 945 3531 istis
988 3475 1260 3529 suscitare
1304 3474 1447 3528 tilios
1490 3472 1730 3528 Abrahae
1771 3472 2008 3543 (Munia,

384 3585 460 3635 ιν,
505 3571 577 3640 9).
625 3592 653 3619 ››
697 3572 765 3625 Et
807 3568 939 3623 alibi
990 3568 1051 3622 in
1097 3567 1403 3638 Evangelia
1451 3565 1638 3638 legisti
1683 3567 1851 3633 (Luc.,
1904 3581 2013 3632 xui,

389 3663 597 3734 ll-l6),
624 3662 760 3734 quia
786 3661 1026 3718 Abrahm
1055 3660 1227 3715 filiam
1257 3660 1449 3732 ligavit
1471 3659 1726 3715 diabolus
1751 3658 2015 3729 nequitiac

385 3772 502 3811 sure
562 3754 832 3822 vinculis,
879 3770 1051 3827 quam
1099 3754 1267 3809 solvit
1315 3752 1584 3809 Dominus
1637 3751 1728 3807 die
1776 3751 2011 3806 sabbati.

385 3850 502 3904 Nisi
531 3866 669 3921 ergo
697 3848 838 3904 scias
881 3851 953 3917 te,
989 3847 1133 3903 nihil
1174 3847 1274 3902 tibi
1313 3845 1586 3918 proderit.
1628 3846 1695 3900 Et
1734 3844 1778 3899 si
1815 3844 1965 3899 dicas
2000 3861 2013 3899 :

383 3942 621 4001 Abrahae
667 3959 795 3997 sum
840 3942 978 4009 ﬁlia,
1025 3958 1153 4013 qua:
1191 3957 1304 3996 non
1339 3940 1541 4010 credis,
1586 3956 1715 4011 quae
1758 3953 2014 3992 errorem

386 4052 504 4091 non
560 4035 823 4107 corrigis;
871 4035 1156 4092 Abraham
1210 4033 1440 4105 quidem
1496 4034 1764 4099 salvetur,
1812 4031 1911 4086 sed
1965 4038 2018 4085 te

388 4128 654 4183 nobilitas
704 4129 927 4199 generis
970 4144 1084 4183 non
1127 4126 1369 4197 juvabit,
1418 4125 1526 4180 nisi
1574 4126 1712 4181 fides
1760 4140 2015 4180 servave-

385 4222 464 4277 rit
504 4221 631 4292 (41).
672 4222 796 4277 Non
845 4226 899 4276 te
944 4220 1187 4293 decipiat
1231 4219 1360 4273 data
1402 4219 1657 4291 patribus
1704 4218 2015 4290 repromis-

388 4315 489 4369 sio.
522 4316 643 4369 Non
686 4314 927 4386 suscipio
972 4329 1274 4386 personam
1316 4311 1584 4380 hominis,
1616 4328 1733 4367 non
1777 4310 2018 4382 suscipio

387 4407 831 4480 praerogativam
890 4408 1136 4480 generis,
1191 4405 1297 4461 nisi
1348 4405 1544 4461 videro
1602 4409 2018 4476 congruentem

2098 484 2347 542 obnoxia
2400 501 2479 554 es,
2534 484 2858 541 exeundum
2912 484 2971 539 in
3028 481 3307 539 calcaneis
3352 495 3612 553 gregum
3656 482 3739 533 est

2096 578 2218 634 tibi.
2252 578 2352 635 Exi
2380 594 2517 650 ergo
2548 578 2699 634 nuda
2726 578 2891 651 pede,
2929 597 2958 626 «
2985 581 3042 633 et
3080 584 3246 649 pasce
3290 575 3491 630 hiedos
3522 577 3653 628 tuos
3682 572 3738 628 in

2098 672 2474 728 tabernaculis
2502 675 2796 746 pastorum
2831 671 3031 739 (Cant,
3070 686 3109 738 1,
3148 672 3221 738 7).
3258 690 3285 719 ››
3321 668 3433 734 Qui
3460 668 3588 723 sine
3618 682 3743 738 pec-

2098 771 2222 822 cato
2274 771 2389 835 est,
2438 782 2613 838 agnos
2666 764 2853 838 987
2901 764 3113 836 pascit,
3162 778 3295 818 oves
3346 761 3555 834 pascit.
3604 761 3741 826 Quae

2099 867 2292 916 autem
2351 864 2575 932 peccato
2629 858 2877 914 obnoxia
2930 862 3036 925 est,
3084 857 3266 930 pascit
3314 856 3516 911 haedos
3567 855 3669 926 qui
3710 872 3743 908 a

2101 956 2337 1009 sinistris
2393 958 2550 1019 sunt;
2606 969 2723 1007 non
2773 951 2927 1008 enim
2980 955 3167 1023 potest
3216 965 3339 1005 esse
3390 949 3454 1003 in
3503 947 3741 1004 dextera

2100 1049 2339 1120 pastoris
2388 1047 2545 1103 boni.
2596 1046 2884 1117 Sequatur
2928 1045 3118 1117 magis
3161 1043 3452 1098 dicentem
3514 1043 3684 1098 Petro
3726 1057 3738 1095 :

2106 1166 2133 1191 (ι
2174 1141 2310 1196 Veni
2352 1146 2503 1196 retro
2546 1155 2659 1206 me,
2704 1140 2912 1194 Satana
2959 1138 3178 1208 (Marc,
3226 1153 3345 1204 vm,
3391 1135 3508 1206 33).
3559 1156 3586 1184 ››
3640 1137 3739 1192 Se-

2104 1235 2334 1308 quendo
2364 1236 2563 1289 Petrus
2582 1234 2640 1288 in
2662 1233 2893 1288 dextera
2920 1232 3135 1287 meruit
3158 1229 3470 1296 collocari;
3498 1228 3745 1300 ideoque

2104 1330 2155 1386 ei
2205 1328 2410 1384 dicitur
2454 1345 2467 1382 :
2522 1349 2550 1377 ‹‹
2594 1328 2762 1381 Pasce
2803 1325 3098 1397 agniculos
3148 1341 3309 1381 meos
3360 1323 3575 1395 (Joan.,
3631 1338 3742 1393 χιιι,

2110 1424 2213 1493 16).
2266 1445 2293 1471 η
2348 1420 2457 1477 Sed
2513 1437 2625 1493 quo
2674 1422 2855 1487 exeat,
2904 1418 3062 1474 audi.
3122 1439 3152 1469 «
3197 1418 3284 1474 Ad
3340 1417 3738 1484 tabernacula,

2105 1516 2313 1588 inquit,
2343 1518 2669 1585 pastorum;
2704 1533 2731 1562 ι)
2771 1512 2877 1566 hoc
2907 1516 3012 1581 est,
3044 1511 3117 1567 ad
3156 1517 3379 1585 gentes,
3410 1510 3489 1566 ad
3518 1509 3741 1583 disper-

2106 1610 2344 1665 sionem.
2390 1607 2638 1679 Ideoque
2675 1606 2853 1664 dixit:
2900 1627 2926 1655 (ι
2962 1606 3285 1661 Percutiam
3326 1607 3646 1677 pastorem,
3690 1606 3747 1658 et

2106 1704 2506 1775 dispergentur
2568 1717 2697 1756 oves
2758 1700 2948 1772 gregis
3000 1698 3211 1768 (Zach.,
3268 1715 3399 1768 xui,
3460 1698 3547 1768 7);
3605 1719 3633 1746 ››
3683 1699 3746 1752 ut

2107 1798 2397 1868 repleatur
2456 1800 2606 1850 totus
2665 1793 2819 1849 orbis
2884 1800 3167 1848 terrarum
3236 1808 3414 1864 grege
3488 1790 3743 1856 Christi,

2105 1889 2427 1963 signiﬁcans
2474 1892 2605 1943 tunc
2649 1887 2766 1942 fore
2812 1887 3023 1941 salvam
3067 1886 3461 1958 Synagogam,
3509 1900 3641 1939 cum
3689 1899 3745 1937 se

2107 1983 2239 2038 huic
2293 1981 2627 2053 dispersioni
2672 1985 2729 2036 et
2776 1980 2895 2052 ipsa
2939 1979 3262 2045 sociaverit,
3311 1994 3443 2050 quae
3502 1977 3744 2050 replevit

2106 2078 2259 2133 hunc
2288 2076 2599 2142 mundum;
2639 2072 3007 2129 tabernacula
3045 2072 3200 2128 enim
3228 2078 3532 2144 pastorum
3566 2087 3744 2142 regna

2108 2174 2244 2227 sunt
2278 2173 2468 2225 terrae.
2506 2168 2755 2241 Ideoque
2790 2169 3070 2241 propheta
3109 2167 3281 2222 David
3328 2166 3601 2221 nationes
3642 2181 3740 2219 an-

2110 2265 2381 2321 nuntians
2418 2261 2732 2318 credituras
2774 2262 2856 2316 ait
2897 2279 2911 2316 :
2957 2284 2985 2312 «
3030 2264 3229 2333 Regna
3275 2266 3468 2327 terrae,
3521 2262 3744 2313 cantate

2110 2362 2228 2416 Deo
2267 2359 2432 2429 (Psal.
2468 2371 2632 2422 vau,
2673 2356 2781 2424 33).
2812 2374 2840 2406 η
2882 2357 3030 2427 Ergo
3071 2355 3210 2410 sciat
3244 2370 3303 2409 se
3340 2352 3638 2424 juvenior,
3687 2353 3745 2405 ut

2109 2453 2357 2524 corrigat
2380 2450 2531 2507 viam
2566 2466 2749 2505 suam.

2184 2549 2270 2601 16.
2298 2544 2409 2601 Sed
2436 2543 2575 2599 dicis
2607 2560 2620 2598 :
2653 2543 2793 2607 Quis
2820 2546 3003 2614 potest
3025 2558 3374 2615 cognoscere
3404 2542 3558 2596 viam
3591 2541 3745 2612 juve-

2111 2639 2256 2706 nior,
2283 2642 2350 2694 ut
2385 2637 2650 2708 corrigat,
2681 2652 2813 2692 cum
2852 2637 3138 2708 Propheta
3171 2636 3317 2691 dicat
3347 2652 3360 2690 :
3392 2657 3421 2685 ‹‹
3452 2634 3579 2691 Tria
3617 2636 3746 2687 sunt

2111 2730 2483 2805 impossibilia
2512 2730 2657 2785 mihi
2686 2729 3026 2801 intelligere,
3058 2736 3113 2784 et
3145 2731 3417 2801 quartum
3453 2728 3608 2801 quod
3634 2743 3743 2781 non

2111 2842 2358 2898 agnosco
2394 2848 2403 2880 :
2445 2824 2682 2896 vestigia
2721 2822 2927 2896 aquila:
2966 2823 3226 2890 volantis,
3264 2822 3412 2878 viam
3461 2819 3744 2893 serpentis

2114 2922 2171 2975 in
2215 2923 2398 2991 petra,
2439 2924 2493 2972 et
2538 2917 2766 2973 semitas
2804 2916 2962 2971 navis
3000 2916 3339 2987 navigantis,
3381 2921 3443 2972 et
3482 2915 3602 2969 vias
3642 2912 3740 2967 viri

2113 3012 2172 3068 in
2210 3012 2507 3083 juventute
2555 3012 2755 3080 (Prom,
2807 3026 2933 3076 xxx,
2991 3012 3075 3079 l8,
3135 3011 3239 3080 l9).
3285 3031 3310 3059 ››
3358 3009 3415 3065 Si
3474 3010 3742 3065 Salomon

2113 3107 2324 3162 fatetur
2363 3104 2518 3177 quod
2559 3121 2670 3160 non
2706 3108 2981 3175 agnoscat
3020 3103 3136 3158 vias
3172 3102 3277 3157 viri
3319 3103 3377 3157 in
3413 3103 3738 3173 juventute,

2116 3200 2400 3271 quomodo
2430 3203 2614 3270 potest
2643 3197 2911 3269 juvenior
2951 3197 3329 3269 cognoscere?
3363 3196 3468 3253 Cui
3506 3209 3739 3266 respon-

2114 3293 2338 3348 debitur
2369 3291 2520 3364 quod
2549 3292 2658 3346 illa:
2684 3291 2787 3346 vise
2818 3290 2922 3345 viri
2948 3290 3004 3345 in
3025 3291 3323 3362 juventute
3350 3305 3470 3344 non
3502 3303 3738 3360 cognos-

2117 3389 2335 3453 cantur,
2373 3402 2501 3458 qum
2540 3388 2673 3440 sunt
2711 3401 2871 3440 secus
2903 3383 3022 3439 vias
3056 3383 3333 3455 serpentis
3376 3383 3438 3438 in
3481 3387 3656 3455 petra,
3688 3383 3741 3434 et

2117 3497 2276 3535 secus
2303 3479 2533 3534 semitas
2577 3477 2729 3533 navis
2768 3477 3114 3545 ﬂuctuantis,
3147 3482 3203 3532 et
3238 3475 3479 3548 vestigia
3509 3473 3740 3530 volantis

2118 3573 2345 3644 aquilae,
2377 3588 2507 3644 quae
2535 3585 2758 3641 ungues
2786 3585 3014 3642 asperos
3053 3569 3249 3637 habet,
3280 3570 3539 3642 praedam
3566 3568 3738 3623 inclu-

2119 3666 2205 3721 dit
2228 3665 2359 3737 (42),
2390 3669 2447 3720 et
2470 3680 2639 3736 supra
2665 3662 2843 3718 nubes
2868 3664 3037 3719 volat.
3064 3664 3124 3718 ln
3150 3680 3284 3718 aere
3312 3667 3483 3731 errat,
3514 3664 3571 3718 in
3603 3657 3739 3716 mari

2119 3760 2331 3831 piscem
2365 3757 2661 3827 interficit;
2695 3762 2753 3812 et.
2784 3762 2977 3812 tamen
3004 3773 3117 3811 non
3150 3760 3236 3810 est
3261 3755 3613 3828 impossibile
3641 3754 3741 3808 hoc

2118 3858 2409 3925 quartum,
2458 3852 2601 3907 sicut
2640 3852 2740 3907 illa
2775 3851 2918 3920 tria;
2955 3851 3245 3923 cognoscit
3281 3851 3433 3906 enim
3482 3850 3742 3906 Dominus

2117 3947 2214 4018 qui
2259 3949 2392 4001 sunt
2430 3946 2625 4017 ipsius,
2671 3949 2730 4000 et
2770 3946 2890 4001 vult
2936 3951 2999 4001 ut
3040 3945 3179 4000 sciat
3224 3961 3282 4000 se
3331 3943 3738 4017 unusquisque,

2117 4040 2254 4096 sciat
2283 4056 2341 4095 se
2367 4038 2612 4112 populus
2639 4039 2759 4094 Dei.

2194 4138 2278 4189 17.
2322 4133 2433 4189 Sed
2480 4136 2603 4189 esto
2653 4149 2765 4187 non
2804 4136 3217 4205 cognoscantur
3260 4132 3574 4187 errantium
3622 4128 3738 4192 viae,

2118 4228 2260 4283 sicut
2305 4226 2441 4282 dicit
2479 4225 2754 4282 Dominus
2787 4242 2800 4280 :
2847 4248 2873 4276 ‹‹
2909 4227 3027 4281 Non
3075 4224 3207 4280 novi
3251 4242 3367 4292 vos,
3405 4223 3670 4280 discedite
3710 4236 3740 4273 a

2120 4338 2231 4386 me,
2262 4320 2503 4392 operarii
2536 4318 2853 4391 iniquitatis
2879 4322 3050 4388 (Luc,
3081 4334 3195 4388 xm,
3227 4321 3313 4389 27)
3329 4336 3346 4387 ;
3379 4339 3405 4367 ››
3436 4319 3529 4374 hic
3552 4320 3734 4370 autem

2113 4413 2380 4486 juvenior
2413 4413 2513 4485 qui
2556 4418 2745 4484 potest
2784 4412 3069 4484 corrigere
3102 4412 3252 4466 viam
3289 4428 3477 4479 suam,
3506 4411 3736 4467 fortasse

389 4500 588 4573 generi
644 4516 871 4556 morum
927 4500 1306 4570 nobilitatem,
1358 4501 1419 4553 ut
1476 4499 1575 4553 tiat
1604 4497 1743 4570 justi
1791 4498 2376 4578 generisDjuveniop
2434 4507 2507 4561 sit
2557 4509 2744 4572 ωωιθ,
2802 4521 2916 4560 non
2973 4504 3258 4574 moribus,
3317 4509 3374 4559 et
3427 4504 3631 4558 habeat
3680 4498 3732 4552 in

388 4594 608 4651 electio.

449 4718 548 4780 (39)
576 4716 917 4768 Sententiam
953 4715 1098 4766 hanc
1128 4716 1286 4766 multi
1321 4714 1564 4766 tribuere
1590 4712 1815 4765 Chiloni
1848 4715 2016 4764 Lace-

388 4788 685 4850 daemonio,
708 4791 771 4837 ut
791 4792 984 4837 auctor
1008 4786 1199 4837 homil.
1230 4789 1286 4836 in
1312 4785 1472 4837 Cant.
1498 4790 1645 4835 cant.
1674 4785 1821 4849 apud
1845 4786 2014 4849 Orig,

389 4861 770 4923 Hieronymus
796 4857 946 4907 hom.
978 4857 1026 4915 2,
1058 4861 1111 4907 et
1140 4856 1252 4918 alii,
1286 4857 1431 4906 inter
1458 4870 1599 4921 quos
1639 4856 1923 4906 Ausonius
1962 4856 2017 4905 in

391 4945 469 4983 vn
496 4930 746 4994 Sapieut.
775 4929 850 4978 ita
877 4928 1073 4979 scribit
1106 4943 1116 4975 :

544 5020 690 5069 Γνῶθι
718 5017 937 5077 σεαυτὸν,
963 5015 1114 5081 quod
1144 5016 1409 5081 Latinum
1427 5019 1526 5081 est,
1555 5016 1731 5066 Nosce
1760 5019 1830 5066 te.

546 5082 703 5132 Multi
734 5082 841 5132 hoc
869 5077 1110 5131 Laconis
1138 5091 1261 5130 esse
1288 5077 1540 5129 Chilonis
1568 5082 1780 5141 putant.

390 5172 501 5223 Sed
544 5171 683 5222 forte
734 5169 927 5223 eadem
980 5183 1010 5219 a
1064 5166 1397 5233 quibusdam
1452 5165 1696 5229 Apollini
1743 5164 2021 5230 adscripta

392 5242 514 5301 fuit,
543 5240 693 5305 quod
735 5242 1013 5291 columnas
1057 5239 1248 5303 templi
1284 5238 1541 5301 Delphici
1578 5238 1841 5301 inscripta
1880 5238 2021 5287 Am-

390 5313 775 5377 phyctyonum
806 5314 985 5375 jussu,
1014 5315 1078 5361 ut
1107 5310 1261 5360 Plato
1288 5308 1343 5359 in
1376 5307 1671 5360 Chai-mide
1697 5310 1889 5359 auctor
1917 5312 2020 5370 est,

391 5384 684 5449 legeretur.
712 5382 832 5434 Hoc
857 5384 1022 5434 etiam
1051 5380 1336 5433 Ausonius
1356 5379 1520 5430 tradit
1545 5379 1600 5429 in
1620 5379 1983 5443 sequentibus
2008 5394 2020 5428 :

546 5472 823 5536 Brevitate
840 5475 1001 5536 nota,
1028 5485 1137 5536 qua
1164 5468 1415 5536 Lacones
1444 5468 1675 5536 utimur,

548 5508 1905 5593 Eb‘inEiEEdBVIIBsd-‘ﬁin'fiﬁo?«2516;:nosce’te
1933 5545 1943 5579 :

549 5596 712 5659 Quod
744 5597 800 5646 in
830 5596 1088 5646 columna
1127 5597 1241 5660 jam
1272 5599 1489 5645 tenetur
1515 5593 1804 5657 Delphica.

392 5686 605 5737 Floruit
647 5689 833 5737 autem
875 5683 1075 5734 Cbilon
1124 5684 1288 5733 annis
1328 5687 1449 5748 post
1492 5682 1721 5746 Moysen
1759 5680 1872 5741 930,
1903 5685 2026 5744 post

393 5756 750 5807 Salomonem
796 5768 927 5804 vero
967 5755 1080 5804 615.
1136 5752 1246 5802 Alii
1300 5758 1566 5818 praeterea
1611 5752 1848 5817 hujusce
1898 5766 2024 5816 pro-

394 5826 635 5879 nuntiati
678 5829 936 5879 auctores
979 5822 1156 5876 habiti
1202 5828 1352 5887 sunt,
1403 5837 1544 5890 quos
1586 5824 1739 5879 Elias
1789 5824 2028 5878 Vinetus

2117 4599 2302 4672 primo
2352 4600 2488 4654 ﬂore
2532 4598 2849 4671 juventutis
2901 4614 3018 4653 sua:
3067 4599 3308 4653 senilem
3359 4597 3731 4657 intellectum,

2118 4728 2174 4775 in
2235 4722 2544 4774 Ausonium
2604 4725 3014 4772 commemorat.
3078 4720 3240 4770 Plura
3301 4732 3527 4785 quoque
3581 4728 3732 4785 repe—

2117 4797 2225 4847 ries
2268 4796 2323 4844 in
2374 4792 2546 4857 Adag.
2602 4793 2834 4852 Erasmi,
2882 4792 3014 4842 cbil.
3068 4793 3111 4852 l,
3155 4783 3395 4850 cent.76,
3433 4783 3603 4853 adag.
3654 4783 3730 4835 95.

2119 4867 2230 4918 Sed
2270 4866 2424 4917 lubet
2464 4865 2575 4914 huc
2615 4864 2782 4914 etiam
2813 4863 3070 4925 adjicere,
3098 4862 3247 4925 quod
3287 4862 3433 4914 idem
3463 4864 3555 4913 ille
3583 4860 3728 4923 poeta

2118 4940 2352 4989 nimium
2383 4936 2587 5000 negligi
2613 4938 2801 4985 monet
2828 4933 3090 4997 doletque
3116 4933 3316 4997 ldyllio
3341 4935 3420 4994 3t,
3448 4933 3597 4984 hisce
3621 4938 3727 4976 ver-

2120 5012 2277 5062 sibus
2309 5025 2320 5058 :

2215 5099 2551 5224 guanquam
2577 5096 2800 5148 difﬁcile
2822 5100 2903 5146 est
2927 5109 2986 5147 se
3016 5108 3265 5157 noscere,
3297 5096 3445 5145 Γνῶθι
3473 5092 3658 5144 σεαυτὸν

2268 5176 2396 5212 nam
2426 5172 2655 5224 prapere
2689 5159 2944 5223 legimus,
2975 5163 3087 5209 tam
3113 5158 3223 5210 cito
3250 5158 3598 5223 negligimus.

2268 5158 2655 5226 uam'prOpere
2689 5159 2944 5223 legimus,
2975 5163 3087 5209 tam
3113 5158 3223 5210 cito
3250 5158 3598 5223 negligimus.

2188 5252 2283 5314 (40)
2333 5251 2426 5302 Sic
2475 5263 2671 5301 omnes
2722 5248 2853 5300 edit.
2910 5250 2982 5299 At
3035 5260 3165 5298 mss.
3222 5248 3574 5313 negationem
3628 5252 3728 5291 non

2121 5313 2435 5387 agnoscunt
2480 5338 2490 5370 :
2538 5335 2779 5386 quorum
2828 5319 3089 5370 nonnulli
3141 5318 3396 5370 habent:
3435 5313 3732 5387 ρνευαιίνςδ

2121 5378 2248 5444 dam
2290 5394 2519 5458 cogitas;
2556 5378 2727 5453 unus,
2770 5391 3062 5455 praevenire
3102 5391 3229 5441 dum
3271 5378 3492 5453 cogitas,
3528 5378 3732 5458 αεσϐηᾷϐ

2121 5465 2309 5528 facem,
2334 5455 2440 5516 etc.
2472 5464 2591 5515 Etsi
2628 5466 2815 5513 autem
2844 5462 2968 5513 haec
3006 5476 3110 5513 suo
3151 5475 3318 5513 sensu
3356 5476 3468 5514 non
3507 5455 3727 5512 careant.

2125 5537 2383 5587 videntur
2406 5539 2589 5585 tamen
2617 5532 2749 5586 edit.
2776 5533 3200 5597 anteponenda.

2189 5610 2285 5669 (tl)
2313 5607 2461 5658 Edit.
2491 5606 2650 5657 Rom.
2683 5606 2817 5665 sola,
2849 5605 2956 5655 nisi
2977 5604 3129 5669 ﬁdem
3155 5605 3469 5655 semoveris.

2185 5679 2283 5739 (42)
2315 5677 2554 5727 Praedam
2585 5675 2826 5735 includit,
2849 5675 2903 5724 in
2930 5678 3042 5725 ant.
3066 5674 3197 5725 edit.
3227 5689 3295 5726 ac
3317 5675 3589 5739 plerisque
3608 5675 3726 5717 mss-

2126 5749 2499 5873 des‘i‘dgaatur;
2536 5752 2590 5800 at
2627 5749 2683 5801 in
2720 5745 3057 5813 quibusdam
3086 5747 3348 5812 reperias,
3382 5744 3609 5811 praedam
3633 5744 3728 5786 ηοη

2126 5832 2214 5873 me
2314 5834 2328 5871 ι
2357 5856 2371 5870 .

2126 5819 2371 5874 includit.
