3958 6166
299 215 410 276 128)

1414 211 1760 273 EXPOSITIO
1800 215 1866 272 IN
1909 211 2220 272 PSALMUM
2253 213 2487 272 CXVIII.

3500 217 3634 276 428?.

289 345 350 399 de
373 360 484 414 quo
508 341 628 397 ait:
660 364 686 392 (ι
718 321 966 399 Canities
1003 346 1198 397 autem
1239 346 1324 396 est
1367 341 1686 397 intellectus
1724 341 1900 396 liomi-
1925 355 1979 424 Α
2002 341 2096 395 tali
2142 344 2222 394 est
2268 340 2506 395 donatus
2542 339 2834 408 alimento,
2878 340 3062 396 adhuc
3099 340 3200 396 mvi
3249 340 3490 414 integer,
3530 344 3630 398 sed

287 437 439 492 nibus
485 438 658 507 (Sap.,
716 452 796 505 Iv,
851 437 938 507 8),
990 455 1016 487 ι)
1075 435 1282 506 quibus
1337 435 1637 490 maturitas
1686 435 1902 489 consilii

287 531 626 602 gravitasque
673 529 947 601 suppetit.
999 529 1161 584 Unde
1215 534 1272 584 et
1324 529 1583 584 Jcremia:
1633 529 1838 583 dicitur
1883 545 1895 582 :

287 648 308 672 ‹ι
349 623 460 678 Noli
503 623 689 678 dicere
735 623 867 693 quia
901 623 1133 693 juvenis
1169 639 1294 678 sum
1329 623 1562 693 (Jerem.,
1595 640 1630 688 ι,
1671 625 1742 691 7).
1774 645 1799 670 ››
1840 623 1902 676 Et

286 718 470 789 utique
498 721 623 771 erat
651 721 815 772 aetate
849 716 1106 787 juvenis;
1137 717 1240 772 sed
1283 716 1547 788 prohibet
1580 732 1711 771 eum
1737 717 1896 786 juve-

289 827 405 866 nem
454 826 513 864 se
564 810 784 877 dicere,
831 810 927 881 qui
977 815 1125 865 esset
1181 809 1504 864 maturioris
1556 809 1895 879 prudentiae.

288 904 467 959 Daniel
495 920 628 958 cum
657 919 800 974 puer
821 906 991 970 esset,
1020 903 1240 974 accepit
1266 903 1530 975 spiritum
1558 919 1671 974 quo
1693 901 1900 973 dignus

287 999 572 1054 senectutis
600 997 868 1069 primitiis
899 996 1224 1066 haberetur,
1251 1002 1310 1052 ut
1337 997 1709 1068 redargueret
1736 1012 1899 1051 senes

288 1093 393 1166 ipse
418 1109 532 1147 non
563 1091 753 1147 senior
789 1091 1174 1162 longaevitate,
1213 1091 1311 1146 sed
1349 1090 1560 1160 gratia;
1595 1092 1715 1144 erat
1744 1090 1898 1144 enim

289 1187 339 1239 in
401 1186 490 1239 illo
541 1190 676 1239 aetas
728 1184 1062 1253 senectutis,
1119 1184 1234 1238 vita
1286 1183 1650 1238 immaculata
1704 1185 1896 1253 (Dun.,

287 1297 390 1346 xm,
436 1281 544 1348 45).
593 1278 694 1335 Cui
745 1279 893 1333 bene
939 1277 1208 1349 competit
1248 1275 1578 1332 Davidicum
1625 1276 1765 1331 illud
1814 1277 1896 1330 di-

284 1391 399 1428 cere
452 1391 464 1428 :
523 1394 550 1424 a
604 1373 793 1444 Super
855 1372 1104 1426 seniores
1166 1371 1417 1426 intellexi
1485 1372 1695 1438 (Infra,
1756 1387 1893 1426 rers.

284 1470 412 1535 100).
459 1489 483 1514 n
529 1466 774 1538 ideoque
819 1471 1093 1538 tanquam
1145 1466 1214 1520 de
1260 1465 1518 1520 veterani
1566 1464 1784 1520 consilii
1842 1467 1900 1517 et

281 1560 453 1615 senilis
513 1559 771 1614 scientiae
826 1559 942 1614 viro
997 1558 1255 1614 divinum
1323 1558 1716 1631 pronuntiavit
1771 1573 1896 1612 ora-

279 1653 457 1709 culum
501 1671 514 1707 :
574 1676 599 1701 υ
634 1653 771 1717 Quis
818 1651 1157 1725 prudentior
1204 1669 1373 1725 quam
1417 1652 1610 1708 Daniel
1664 1651 1894 1720 (Ezech.,

282 1763 455 1814 xxviii,
484 1748 578 1812 3)?
604 1770 632 1797 η

345 1842 423 1896 t8.
470 1842 633 1896 Nunc
681 1840 821 1896 illud
864 1839 1249 1906 advertamus,
1300 1839 1344 1894 si
1397 1839 1659 1910 possibile
1707 1844 1791 1894 est
1841 1844 1901 1894 ut

280 1935 514 2006 corrigat
539 1932 814 2004 juvenior
848 1933 995 1987 viam
1037 1949 1220 2000 suam,
1249 1949 1322 1987 an
1363 1933 1520 1987 non?
1549 1933 1600 1987 Si
1638 1949 1752 1987 non
1793 1937 1895 2000 est,

281 2044 408 2099 ergo
447 2027 733 2082 mentitur
773 2026 1084 2098 Propheta;
1129 2026 1224 2082 sed
1265 2026 1400 2098 quia
1442 2042 1558 2081 non
1598 2026 1895 2095 mentitur,

279 2121 530 2193 possibile
565 2125 672 2176 est.
712 2122 796 2176 Ita
835 2124 1028 2175 tamen
1070 2119 1358 2192 possibile,
1396 2122 1453 2174 ut
1491 2119 1641 2192 quod
1685 2120 1894 2190 impos-

279 2215 425 2269 sibile
473 2214 761 2284 videatur,
806 2213 907 2269 ﬁat
949 2213 1238 2285 possibile,
1291 2213 1334 2268 si
1381 2213 1664 2268 custodiat
1702 2213 1899 2283 junior

278 2308 435 2363 verba
477 2309 579 2363 Dei
630 2325 641 2364 :
689 2308 734 2362 si
778 2310 972 2362 autem
1018 2323 1135 2363 non
1182 2307 1476 2376 custodiat,
1519 2306 1894 2378 impossibile.

279 2401 421 2456 Unde
460 2401 609 2456 illud
652 2401 1047 2473 Evangelicum
1086 2419 1100 2456 :
1142 2422 1170 2450 (ί
1212 2400 1447 2455 Facilius
1488 2405 1571 2455 est
1613 2401 1895 2455 camelum

279 2512 366 2567 per
402 2496 661 2550 foramen
705 2511 839 2550 acus
878 2495 1142 2562 transire,
1183 2511 1356 2567 quam
1402 2493 1630 2550 divitem
1684 2495 1896 2549 intrare

279 2589 327 2642 in
372 2606 622 2661 regnum
675 2587 868 2662 988
922 2588 1191 2644 ccelorum
1244 2589 1483 2659 (Mutth.,
1540 2605 1646 2658 xxx,
1701 2587 1809 2659 24).
1867 2611 1894 2637 ››

280 2682 428 2748 Quod
464 2683 574 2739 hoc
622 2699 849 2754 quoque
891 2683 1036 2738 libro
1074 2681 1417 2754 impossibile
1458 2699 1580 2736 esse
1619 2681 1781 2748 dixit,
1819 2681 1896 2736 sic

280 2783 448 2832 tamen
500 2777 878 2849 intelligimus
927 2777 1272 2848 impossibile
1323 2792 1459 2842 esse,
1508 2775 1644 2848 quia
1698 2775 1897 2830 divites

278 2888 379 2926 non
423 2870 755 2926 custodiunt
812 2870 1078 2926 mandata
1127 2870 1223 2924 Dei
1282 2887 1293 2924 :
1349 2870 1394 2924 si
1454 2874 1646 2925 autem
1711 2871 1893 2924 custo-

277 2965 433 3034 diant,
461 2967 525 3021 tit
564 2963 838 3036 possibile
876 2965 1028 3036 quod
1067 2963 1415 3036 impossibile
1443 2963 1762 3019 videbatur.
1798 2963 1894 3018 Hic

276 3063 350 3114 est
384 3059 638 3115 camelus
678 3058 774 3130 qui
818 3058 992 3113 intrat
1031 3074 1136 3130 per
1175 3063 1478 3130 angustam
1519 3057 1669 3112 viam
1712 3074 1724 3113 :
1767 3074 1894 3130 qum
1917 3103 1966 3130 η

1915 3103 1968 3174 C

277 3152 415 3206 illum
469 3157 612 3208 ante
665 3168 866 3224 capere
921 3168 1036 3207 non
1091 3153 1311 3222 poterat
1363 3151 1890 3222 concupiscentem,

271 3246 374 3315 jam
425 3247 586 3320 capit
639 3246 1053 3302 custodientem
1108 3245 1380 3300 mandata
1433 3245 1644 3300 divina.
1696 3247 1890 3301 Custo-

274 3339 509 3395 dientem
554 3343 751 3395 autem
797 3339 966 3394 verba
1004 3339 1120 3408 Dei,
1160 3339 1295 3412 quia
1334 3339 1642 3394 custodivit
1683 3354 1746 3394 ea
1784 3339 1890 3410 (43)

274 3434 465 3506 Moyses
519 3435 687 3506 quasi
751 3434 1042 3490 seniorem
1104 3433 1306 3505 elegit;
1365 3436 1425 3487 et
1481 3449 1629 3488 nunc
1686 3431 1894 3504 quibus

275 3527 370 3582 hoc
423 3528 646 3601 Spiritu
707 3528 804 3582 Dei
871 3526 1249 3582 committitur
1299 3527 1501 3595 ofﬁcii,
1553 3531 1619 3582 ut
1681 3526 1894 3598 eligant

274 3622 507 3677 seniores
546 3623 697 3676 viros
733 3622 951 3694 (Emod.,
984 3638 1131 3689 xvm,
1164 3621 1272 3692 25),
1312 3620 1532 3692 eligunt
1559 3620 1682 3675 sine
1723 3619 1894 3674 dubio

275 3715 408 3770 inter
440 3716 697 3772 seniores
717 3715 990 3787 juvenem
1027 3715 1406 3786 corrigentem
1440 3715 1588 3770 viam
1619 3731 1800 3784 suam,
1834 3715 1892 3770 in

275 3810 635 3866 custodiendo
675 3809 847 3865 verba
880 3809 996 3865 Dei.
1037 3811 1105 3864 Et
1143 3809 1188 3864 si
1223 3808 1461 3864 senioris
1497 3809 1679 3864 aetatis
1707 3809 1892 3864 virum

275 3903 562 3976 elegerint,
604 3921 718 3959 non
760 3904 923 3976 quasi
969 3905 1290 3976 longaevum
1331 3903 1525 3975 utique
1569 3903 1891 3975 elegerunt,

276 3997 362 4051 sed
398 3998 558 4070 quasi
597 3997 1020 4053 custodientem
1059 3997 1232 4052 verba
1267 3997 1364 4051 Dei
1399 4014 1411 4052 :
1447 3997 1598 4070 quod
1640 3998 1686 4052 si
1726 4015 1889 4069 repe-

279 4090 404 4146 ritur
431 4092 486 4148 in
511 4092 764 4164 juniore,
793 4092 986 4164 utique
1009 4096 1067 4147 et
1092 4092 1212 4163 ipse
1239 4095 1324 4147 est
1349 4091 1665 4163 eligendus.
1694 4091 1895 4162 Liquet

277 4184 438 4255 igitur
480 4203 558 4240 ex
598 4185 686 4240 his
722 4185 878 4257 quod
917 4202 1031 4240 non
1077 4185 1380 4240 senectutis
1422 4185 1749 4256 longaevitas
1790 4185 1890 4240 eli-

279 4283 448 4348 gatur,
496 4279 598 4335 sed
653 4279 905 4334 custodia
959 4279 1256 4334 verborum
1307 4279 1421 4334 Dei.
1476 4279 1726 4351 Denique
1773 4279 1893 4350 ipse

277 4370 473 4442 Moyses
513 4373 704 4426 Iesum
752 4372 894 4425 Nave
933 4375 990 4425 et
1025 4371 1195 4428 Caleb
1228 4371 1470 4443 juvenes
1511 4389 1628 4443 pra:
1675 4373 1894 4427 caeteris

2004 438 2298 488 veteranus
2359 434 2610 488 consilio.
2669 434 2863 504 Neque
2925 435 3076 489 enim
3133 435 3370 506 dignum
3428 439 3511 490 est
3565 442 3627 489 ut

2001 527 2299 582 credamus
2330 528 2480 599 quod
2512 533 2701 582 tantus
2730 528 3053 599 patriarcha
3081 528 3152 583 de
3183 529 3464 600 corporali
3497 529 3626 584 cibo

2002 620 2206 675 dixerit
2241 637 2253 676 :
2293 642 2319 670 ‹‹
2351 621 2503 675 Deus
2539 621 2636 692 qui
2678 621 2850 692 pascit
2880 637 2971 676 me
3011 639 3044 676 a
3073 621 3375 692 juventute
3409 639 3560 689 mea;
3598 644 3626 671 ››

1999 714 2130 785 quia
2158 731 2260 769 nec
2287 715 2642 785 corporalem
2671 731 2878 785 panem
2911 714 3283 783 desiderabat,
3313 731 3441 769 cum
3473 715 3626 770 dice-

2002 813 2089 862 ret
2119 825 2132 862 :
2166 829 2191 856 ‹‹
2221 808 2274 863 Si
2306 808 2579 862 Dominus
2616 809 2761 862 Deus
2800 825 3024 864 mecum
3065 811 3169 876 est,
3199 813 3263 864 ut
3298 809 3459 864 det...
3490 808 3630 863 mihi

2001 918 2205 973 panem
2236 901 2604 972 manducare,
2636 907 2692 957 et
2715 908 2928 957 vestem
2962 902 3187 958 indui...
3219 903 3474 958 omnium
3503 918 3630 975 qua:

2000 995 2100 1050 das
2140 995 2301 1063 mihi,
2331 995 2612 1051 decimam
2652 997 2946 1052 decimabo
2978 997 3077 1052 tibi
3108 998 3284 1068 (Gen,
3317 1013 3499 1068 xxvm,
3530 1001 3628 1054 20-

1997 1089 2108 1158 22).
2141 1111 2167 1138 ››
2205 1089 2343 1143 Nam
2377 1089 2420 1143 si
2452 1095 2640 1160 patres
2669 1091 2845 1145 nostri
2885 1090 3198 1162 spiritalem
3237 1107 3424 1146 escam
3461 1109 3628 1148 man-

1999 1182 2368 1251 ducaverunt,
2410 1185 2467 1236 et
2511 1182 2819 1253 spiritalem
2856 1189 3052 1254 potum
3096 1184 3383 1252 biberunt,
3416 1191 3629 1257 quanto

2002 1276 2187 1345 magis
2212 1279 2438 1330 sanctus
2466 1277 2639 1331 Jacob
2668 1277 2789 1332 cibo
2819 1283 3006 1348 pastus
3034 1284 3118 1333 est
3145 1278 3409 1349 spiritali!

2069 1371 2158 1423 20.
2191 1369 2284 1422 llle
2319 1385 2547 1441 quoque
2582 1370 2901 1424 intellectus
2931 1372 3034 1425 hoc
3066 1371 3187 1426 loco
3217 1373 3489 1443 suppetit,
3525 1389 3628 1428 nec

2001 1463 2218 1517 alienus
2245 1478 2277 1516 a
2304 1479 2438 1517 vero
2481 1466 2583 1533 est,
2613 1464 2743 1534 quia
2772 1465 3041 1534 juvenior
3076 1465 3167 1520 ille
3198 1482 3263 1519 ex
3307 1482 3627 1538 congrega-

2000 1557 2155 1611 tione
2204 1557 2462 1628 gentium
2506 1557 2768 1628 populus,
2811 1557 2906 1629 qui
2952 1561 3263 1628 antequam
3308 1560 3364 1613 in
3407 1560 3630 1615 Christo

2000 1650 2281 1718 crederet,
2323 1653 2573 1705 tortuose
2612 1651 2836 1705 errabat
2877 1651 3164 1720 anfractu;
3196 1652 3252 1706 in
3291 1667 3356 1707 eo
3393 1654 3633 1724 corrigit

1923 1729 1974 1798 Β
2000 1744 2144 1798 viam
2184 1760 2366 1812 suam,
2402 1744 2532 1815 quia
2578 1743 2674 1799 Dei
2715 1745 2887 1799 verba
2923 1746 3242 1815 custodivit,
3274 1762 3401 1816 quas
3441 1745 3631 1801 noluit

1995 1837 2284 1892 custodire
2334 1838 2580 1910 populus
2627 1838 2989 1906 Judzeorum;
3041 1842 3098 1894 et
3147 1839 3274 1895 ideo
3333 1840 3423 1894 ille
3472 1839 3626 1895 viam

1998 1931 2191 1985 salutis
2239 1931 2493 1986 invenire
2541 1948 2655 1986 non
2705 1933 2904 2004 potuit.
2947 1932 3390 1990 Consideremus
3435 1939 3491 1988 et
3535 1951 3624 1989 se-

2001 2028 2272 2095 quentem
2301 2041 2547 2080 versum.

2069 2121 2157 2173 2t.
2192 2119 2364 2186 (Vers.
2407 2119 2520 2188 t0.)
2551 2121 2613 2174 In
2656 2124 2762 2175 toto
2801 2120 2956 2175 corde
2995 2136 3104 2175 meo
3137 2123 3405 2190 emquisivt'
3446 2129 3526 2190 te;
3565 2138 3630 2176 ne

1996 2213 2229 2282 repellas
2267 2228 2352 2268 me
2382 2229 2414 2266 a
2443 2213 2720 2268 mandatis
2749 2216 2875 2268 tuis.
2909 2214 2964 2269 Si
2992 2214 3142 2269 Deus
3170 2215 3393 2286 repellit
3423 2231 3628 2270 unum-

1996 2321 2306 2378 quemque,
2347 2322 2520 2378 quem
2560 2306 2951 2378 repellendum
2997 2311 3177 2380 putat,
3218 2309 3513 2364 videamus
3555 2325 3627 2366 ne

1997 2400 2421 2456 excusationem
2473 2401 2524 2455 ei
2587 2400 2830 2464 tribuat,
2888 2401 2986 2473 qui
3044 2417 3172 2457 cum
3237 2403 3395 2475 sequi
3451 2404 3629 2460 Deum

1997 2493 2196 2562 vellet,
2251 2496 2511 2567 repulsus
2565 2495 2657 2551 sit.
2716 2496 2782 2549 Et
2835 2494 3083 2566 primum
3137 2497 3627 2568 quemadmodum

1995 2588 2179 2643 bonus
2214 2590 2358 2644 Deus
2397 2588 2624 2660 repellit
2662 2591 3019 2660 sequentem,
3049 2589 3157 2644 nisi
3193 2590 3312 2662 ipse
3342 2596 3629 2647 mereatur

1997 2682 2230 2753 repelli?
2270 2683 2414 2737 sicut
2456 2683 2573 2754 ipse
2619 2682 2894 2738 Dominus
2939 2683 3019 2738 ait
3057 2701 3070 2738 :
3120 2707 3146 2734 «
3185 2686 3393 2756 Vulpes
3434 2685 3628 2741 foveas

1997 2775 2212 2830 habent
2241 2776 2479 2846 (Matth.,
2523 2792 2638 2844 vni,
2675 2776 2796 2847 20);
2835 2799 2862 2825 n
2908 2782 2966 2832 et
3011 2777 3142 2832 ideo
3189 2779 3348 2848 quasi
3393 2780 3625 2849 vulpem

1994 2868 2240 2941 repellit.
2275 2870 2338 2924 Et
2369 2868 2501 2924 alibi
2535 2887 2549 2924 :
2583 2890 2610 2920 ‹‹
2650 2868 2795 2933 Quia
2825 2870 2984 2924 omni
3015 2869 3250 2924 habenti
3289 2870 3536 2941 dabitur,
3570 2873 3628 2927 ei

1996 2966 2186 3017 autem
2218 2963 2314 3035 qui
2345 2980 2456 3018 non
2482 2962 2676 3031 habet,
2705 2966 2759 3018 et
2787 2963 2934 3035 quod
2961 2963 3186 3018 videtur
3210 2962 3442 3032 habere,
3469 2966 3628 3019 aufe-
3725 3009 3728 3012 .

1997 3060 2156 3111 retur
2191 3057 2260 3112 ab
2305 3074 2371 3111 eo
2407 3058 2646 3126 (Matth.,
2685 3074 2808 3126 xxv,
2847 3059 2957 3128 29).
3001 3078 3027 3108 »
3057 3057 3157 3114 Cui
3197 3057 3374 3126 addit,
3418 3059 3523 3112 nisi
3571 3058 3625 3113 ei

1994 3151 2091 3222 qui
2119 3154 2238 3205 toto
2266 3151 2434 3206 corde
2463 3150 2710 3223 exquirit
2739 3167 2893 3220 eum,
2926 3155 2986 3206 ut
3011 3151 3164 3222 quod
3197 3150 3356 3205 deest
3382 3155 3627 3222 naturae,

1995 3244 2050 3298 id
2093 3244 2190 3300 Dei
2237 3245 2567 3316 operatione
2610 3244 2863 3316 acquirat
2902 3247 2960 3298 et
3003 3245 3222 3315 gratia?
3264 3245 3418 3300 Sicut
3461 3245 3628 3300 Salo-

1997 3354 2151 3408 mon,
2190 3339 2290 3408 qui
2328 3355 2393 3392 ex
2439 3343 2557 3394 toto
2599 3338 2774 3394 corde
2813 3337 3112 3410 exquirens
3155 3339 3357 3405 Deum,
3400 3340 3623 3411 sapien-

1995 3432 2130 3487 tiam
2181 3430 2372 3504 989
2437 3432 2772 3503 postulavit,
2831 3437 2888 3488 et
2952 3433 3084 3504 quia
3147 3449 3263 3488 non
3323 3449 3460 3505 opes
3524 3435 3634 3490 sibi

1996 3525 2202 3596 regias,
2232 3526 2330 3580 sed
2377 3525 2580 3581 divinae
2620 3543 2828 3581 munus
2868 3526 3066 3597 gratiae
3097 3526 3444 3599 depOposcit,
3477 3529 3628 3582 acci-

1994 3635 2129 3692 pere
2187 3620 2400 3674 meruit
2461 3620 2752 3692 sapientia:
2805 3619 3197 3692 disciplinam,
3245 3623 3496 3692 repletus
3544 3625 3632 3678 est

1997 3713 2222 3768 Domini
2270 3713 2512 3784 Spiritu,
2565 3719 2628 3768 ut
2687 3719 3058 3786 cognosceret
3105 3715 3376 3770 mandata
3439 3716 3633 3772 omnia

1997 3809 2083 3877 (Ill
2120 3809 2270 3876 Reg.,
2315 3823 2398 3875 ιιι,
2443 3811 2496 3862 Η
2550 3815 2607 3863 et
2649 3809 2752 3879 t2).
2795 3808 2900 3873 Qui
2945 3812 3136 3862 autem
3188 3825 3301 3863 non
3341 3809 3535 3875 habet,
3566 3815 3635 3867 ut

1997 3902 2055 3956 in
2095 3901 2263 3956 corde
2309 3917 2410 3955 suo
2452 3901 2713 3971 exquirat
2755 3902 3079 3969 Dominum,
3120 3906 3176 3956 et
3216 3901 3349 3956 facit
3395 3901 3631 3973 quidem

1996 4011 2138 4066 opus
2165 3994 2281 4062 Dei,
2309 3994 2403 4050 sed
2434 3994 2792 4066 negligenter
2826 3995 2980 4063 facit,
3014 3994 3315 4051 maledicto
3341 3993 3630 4068 subjectus

1993 4093 2097 4158 est,
2135 4089 2280 4143 sicut
2322 4088 2567 4160 legimus
2605 4106 2618 4143 :
2662 4110 2687 4136 ‹‹
2730 4088 2874 4153 Quia
2915 4089 3256 4145 maledictus
3295 4089 3484 4145 omnis
3529 4089 3630 4162 qui

1995 4198 2136 4253 opus
2182 4182 2277 4237 Dei
2326 4182 2457 4237 facit
2509 4182 2870 4254 negligenter
2919 4183 3152 4254 (Icrem.,
3205 4200 3384 4254 XLVlll,
3445 4187 3551 4256 tO).
3600 4205 3629 4237 »

1995 4277 2187 4332 Merito
2217 4292 2355 4348 ergo
2396 4278 2712 4348 repellitur,
2748 4277 2883 4349 quia
2927 4277 3232 4333 maledicto
3274 4278 3482 4350 dignus
3524 4283 3628 4349 est,

1995 4371 2126 4443 quia
2151 4371 2349 4443 polluit
2378 4371 2561 4442 magis
2592 4373 2650 4425 et
2679 4370 2925 4443 impedit
2960 4387 3100 4443 opus
3137 4372 3287 4443 quod
3322 4373 3623 4444 negligen-

274 4464 636 4536 approbabat,
674 4481 919 4536 quorum
959 4465 1261 4520 consilium
1305 4466 1364 4520 in
1408 4469 1573 4520 terra).
1615 4466 1895 4522 electione
1918 4476 1975 4546 D
2001 4469 2085 4521 ter
2113 4465 2394 4537 putaverit
2422 4465 2873 4536 exsequendum.

277 4561 450 4631 magis
494 4576 668 4632 quam
713 4561 1022 4615 multorum
1063 4560 1374 4628 seniorum,
1415 4567 1469 4615 et
1509 4560 1626 4632 ipse
1667 4565 1894 4616 secutus

275 4657 371 4720 est,
399 4660 455 4710 et
482 4655 631 4709 Deus
663 4654 912 4725 praetulit
938 4654 1142 4722 (Num,
1173 4671 1280 4721 x1v,
1308 4657 1360 4722 6,
1391 4655 1464 4722 7).

345 4749 422 4801 19.
453 4748 614 4803 Unde
646 4752 704 4802 et
733 4747 874 4802 illud
909 4748 978 4802 de
1007 4748 1176 4804 Iacob
1207 4748 1359 4820 quod
1391 4764 1563 4820 supra
1599 4748 1846 4804 diximus
1879 4765 1890 4804 :

280 4861 303 4886 ιι
329 4841 467 4895 Deus
497 4841 594 4914 qui
625 4842 801 4914 pascit
835 4858 927 4896 me
956 4859 990 4897 a
1014 4841 1316 4913 juventute
1347 4858 1479 4897 mea
1508 4842 1682 4911 (Gen.,
1711 4859 1890 4912 vam,

283 4934 385 5003 15);
427 4959 452 4985 ν
495 4935 825 4992 manifestat
866 4935 1026 4990 nobis
1067 4935 1137 4991 de
1178 4952 1246 4990 eo
1291 4936 1532 5004 dictum,
1566 4936 1662 5008 qui
1706 4937 1893 4992 tulerit

274 5027 468 5098 jugum
514 5027 668 5084 verbi
705 5029 764 5084 in
799 5029 1099 5100 juventute
1141 5046 1242 5084 sua
1285 5031 1520 5096 (Thren.,
1563 5046 1643 5099 lli,
1684 5030 1794 5100 27),
1837 5033 1894 5084 et

282 5121 537 5179 recedens
575 5121 646 5176 ab
684 5125 828 5180 Esau
865 5125 922 5178 et
961 5123 1238 5178 similibus
1275 5123 1418 5195 ejus,
1457 5123 1601 5178 sedit
1638 5122 1889 5195 singula-

284 5213 424 5282 riter,
468 5217 526 5271 in
575 5233 637 5271 se
689 5220 914 5288 tempus
969 5223 1318 5289 exspectans,
1371 5235 1484 5288 quo
1536 5217 1715 5288 possit
1764 5233 1893 5272 cum

284 5305 561 5380 disciplina
597 5311 851 5381 proferre
889 5327 1246 5380 sermonem;
1287 5316 1345 5366 et
1381 5317 1684 5383 propterea
1726 5310 1890 5383 spiri-

338 5431 426 5492 (ιθ)
453 5433 571 5484 Vet.
603 5434 734 5485 edit.
763 5448 893 5486 cum
935 5447 1068 5485 mss.
1098 5435 1328 5500 aliquot,
1370 5434 1745 5485 custodientem
1785 5449 1894 5485 au—

283 5506 369 5551 tem
414 5505 572 5555 verba
621 5506 828 5567 divina,
881 5507 1012 5571 quia
1061 5506 1283 5558 custodit
1330 5520 1411 5556 ea.
1462 5507 1680 5569 Moysen
1735 5507 1895 5572 quasi

283 5577 523 5626 seniorem
545 5576 716 5643 elegit.
737 5578 938 5641 Voces,
963 5579 1098 5642 quia
1124 5576 1345 5629 custodit
1370 5591 1455 5636 ea,
1478 5591 1609 5629 cum
1636 5579 1893 5643 sequenti

285 5649 476 5707 puncto
527 5648 658 5700 inde
702 5648 928 5700 sustulit
966 5649 1096 5700 edit.
1144 5649 1303 5701 Rom.
1358 5649 1469 5700 Alii
1517 5649 1707 5714 plures
1758 5663 1890 5700 mss.

287 5716 634 5772 custodientem
677 5719 848 5783 (unus
885 5718 1196 5776 custodiens}
1226 5724 1459 5772 autem...
1497 5721 1701 5787 Moyses
1737 5721 1894 5787 quasi

288 5787 448 5838 senior
489 5789 718 5857 eligitur.
761 5790 920 5844 Unde
965 5793 1058 5856 vix
1101 5791 1278 5848 ullum
1317 5791 1625 5861 legitimum
1665 5805 1891 5844 sensum

2065 4564 2151 4615 22.
2185 4558 2617 4615 Consideremus
2644 4575 2782 4630 ergo
2817 4566 3012 4615 utrum
3056 4558 3281 4615 bonitas
3321 4560 3395 4615 sit
3425 4560 3624 4632 repelli

1994 4654 2063 4709 ab
2095 4669 2266 4725 opere
2303 4654 2719 4724 negligentem,
2751 4669 2822 4707 an
2862 4669 2994 4708 vero
3036 4653 3293 4709 retineri.
3324 4655 3390 4708 Et
3418 4655 3624 4724 imagis

1995 4764 2129 4803 nem
2184 4748 2264 4802 rei
2317 4747 2489 4817 hujus
2545 4763 2608 4800 ex
2659 4746 2785 4801 aliis
2837 4763 3127 4802 sumamus
3177 4747 3408 4804 artibus.
3455 4747 3627 4802 Curat

1999 4841 2256 4897 medicus
2315 4845 2632 4912 aegrotum,
2689 4841 2784 4896 sed
2847 4841 3238 4914 negligenter,
3297 4845 3353 4895 et
3410 4839 3633 4896 desidia

1996 4935 2200 4990 medici
2227 4937 2378 4990 virus
2406 4936 2518 4991 alta
2554 4935 2802 4990 vulneris
2828 4937 3005 5009 serpit
3031 4935 3158 5006 (44).
3191 4936 3414 4999 Quanto
3454 4934 3631 5005 igitur

1999 5029 2201 5085 melius
2239 5030 2519 5085 removeri
2565 5029 2887 5101 lmjusmodi
2938 5029 3219 5084 medicum
3258 5028 3353 5101 qui
3399 5032 3625 5100 tempus

1995 5124 2146 5193 terit,
2176 5139 2304 5178 cum
2333 5124 2653 5195 profectum
2686 5125 2903 5179 nullum
2943 5123 3148 5177 sentiat
3188 5123 3534 5191 vulneratus,
3567 5129 3630 5179 ut

1993 5217 2232 5273 curandi
2263 5217 2513 5273 ofﬁcium
2537 5217 2608 5272 ad
2635 5234 2766 5273 eum
2808 5217 3090 5272 medicum
3118 5217 3495 5272 transferatur
3528 5218 3624 5289 qui

1995 5313 2280 5368 maturius
2324 5312 2497 5385 possit
2544 5315 2760 5384 aegroto
2806 5327 2907 5366 sua
2953 5308 3252 5380 diligentia
3295 5311 3625 5368 subvenire!

1994 5433 2203 5484 elicias.
2238 5433 2436 5485 Melius
2460 5446 2588 5496 ergo
2615 5433 2746 5495 Reg.
2773 5435 2827 5481 et
2849 5430 3063 5496 Remig.
3091 5437 3154 5482 ut
3182 5434 3237 5483 in
3266 5437 3440 5484 textu.
3466 5433 3632 5496 Quod

1994 5510 2180 5556 autem
2210 5505 2431 5566 dicitur,
2459 5506 2590 5569 quia
2616 5501 2846 5552 custodit
2875 5515 2959 5561 ea,
2986 5503 3132 5556 idem
3166 5509 3247 5555 est
3277 5518 3342 5555 ac
3365 5505 3634 5556 scribere-

1995 5582 2084 5628 tur
2124 5590 2235 5628 non
2285 5577 2448 5626 aliam
2489 5575 2560 5625 ob
2599 5586 2846 5636 causam,
2878 5573 2975 5625 sed
3015 5579 3239 5640 propter
3280 5575 3387 5628 hoc
3426 5576 3632 5642 solum,

1995 5650 2125 5714 quia
2155 5647 2343 5698 divina
2373 5645 2631 5697 mandata
2661 5645 2920 5698 custodit.

2058 5721 2153 5782 (tt)
2208 5719 2328 5772 Non
2381 5719 2543 5784 pauci
2596 5731 2750 5781 mss,
2809 5718 2898 5770 sed
2957 5718 3271 5786 negligentia
3327 5721 3375 5769 et
3426 5717 3632 5774 desidia

1996 5790 2184 5844 medici
2211 5788 2619 5860 viruslruhteris
2650 5793 2833 5860 serpit.
