3958 6166
361 262 379 316 l
394 257 493 316 283

1795 260 1848 313 S.
1894 248 2204 316 AMBROSll

3589 254 3724 316 4284

356 385 554 440 Nonne
592 381 924 437 clementior
963 385 1048 436 est
1087 382 1182 454 qui
1229 381 1455 454 repellit
1495 383 1637 437 nihil
1676 383 1979 454 proﬁcien-
2007 381 2538 467 Amisericordiam
2584 379 2957 453 repelluntur,
3005 380 3150 437 sicut
3199 385 3256 436 et
3301 381 3413 437 illis
3463 382 3723 438 consuli-

355 482 494 546 tem,
534 492 707 548 quam
737 477 834 548 qui
877 477 1084 531 retinet
1112 476 1183 530 ad
1225 476 1526 531 discrimen
1569 477 1809 548 aegroti?
1837 481 1978 532 Con-

355 571 524 624 stitne
552 570 801 642 aliquem
834 570 1209 641 praepositum
1239 569 1668 638 aediﬁcantibus,
1697 571 1780 625 vel
1807 571 1981 625 etiam

352 663 695 732 texentibus,
733 663 832 735 qui
879 663 1082 720 debeat
1121 680 1407 720 summam
1452 664 1636 735 operis
1678 665 1979 736 explicare,

354 764 544 813 utrum
575 757 621 812 is
646 757 748 812 tibi
775 757 1126 828 probabilior
1157 757 1382 813 videtur
1412 758 1455 812 si
1491 759 1550 812 in
1582 759 1635 812 id
1676 757 1983 830 diligenter

356 852 594 918 insistat,
644 867 708 906 ac
760 851 805 904 si
855 867 1027 936 quem
1076 851 1221 906 forte
1276 851 1625 907 incuriosum
1675 852 1983 907 adverterit

355 947 422 1001 de
452 944 522 1000 iis
557 945 653 1018 qui
695 949 1005 1017 operantur
1043 945 1099 1000 in
1139 945 1308 1000 domo
1349 946 1538 1017 aliqua
1574 945 1978 1012 construenda,

353 1039 588 1110 repellat
615 1055 767 1105 eum,
809 1038 1009 1094 melius
1046 1039 1286 1094 credens
1328 1055 1439 1094 non
1472 1039 1774 1106 mdiﬁcare,
1807 1055 1981 1112 quam

355 1133 640 1188 hiantibus
666 1133 829 1187 rimis
860 1133 1133 1188 aediﬁcata
1162 1132 1405 1200 dissolvi,
1434 1138 1606 1203 atque
1639 1133 1890 1204 aliquem
1919 1133 1978 1188 in

355 1227 477 1298 ejus
502 1226 804 1282 substituat
838 1227 1045 1292 locum,
1077 1227 1173 1298 qui
1209 1243 1337 1282 cum
1375 1226 1674 1298 diligentia
1699 1225 1982 1282 mdiﬁcet?

355 1320 625 1376 Similiter
687 1320 858 1375 etiam
919 1321 1147 1375 textrini
1203 1320 1573 1392 praepositum
1629 1320 1980 1391 repulsorem

353 1414 792 1486 negligentium,
844 1419 908 1469 ut
961 1414 1262 1469 substituat
1315 1413 1636 1484 diligentes,
1684 1429 1756 1469 ne
1810 1413 1982 1485 longa

355 1508 674 1564 textrinum
702 1513 1030 1579 corrumpat
1055 1507 1292 1576 incuria,
1320 1523 1434 1562 non
1471 1506 1656 1579 magis
1686 1507 1977 1578 probabis,

355 1619 527 1676 quam
558 1603 717 1657 illum
747 1602 844 1673 qui
882 1601 1101 1656 desides
1127 1601 1184 1656 in
1211 1617 1312 1656 sua
1337 1601 1689 1672 negligentia
1719 1617 1977 1672 perseve-

354 1713 484 1752 rare
513 1696 796 1768 patiatur?

2085 480 2176 530 tur
2200 476 2296 548 qui
2322 479 2650 531 vomuntur.
2680 476 2817 530 Nam
2845 475 3332 547 quemadmodum
3370 492 3626 532 manens
3665 478 3721 532 in

2083 586 2320 641 corpore
2359 569 2513 640 quod
2546 569 2890 625 vomendum
2927 574 3030 636 est,
3062 569 3190 641 plus
3230 571 3457 637 acescit,
3505 571 3585 625 ita
3623 572 3724 643 qui

2083 663 2251 719 debet
2280 663 2519 731 excludi,
2552 663 2598 718 si
2629 663 2958 731 retineatur,
2992 678 3093 718 nec
3129 679 3189 719 se
3220 665 3499 736 corrigat,
3533 667 3723 719 totum

2081 774 2288 830 corpus
2342 757 2646 813 exulcerat.
2701 756 2894 812 Merito
2948 758 3156 828 angelo
3219 757 3518 813 Laodiceae
3583 757 3723 813 dicit

2082 852 2243 906 testis
2269 851 2449 907 ﬁdelis
2478 858 2536 908 et
2559 867 2725 907 verus
2755 869 2768 907 :
2799 874 2825 901 «
2855 851 2976 906 Scio
3005 868 3181 922 opera
3211 854 3328 920 tua,
3357 851 3498 923 quia
3532 868 3721 923 neque

2081 945 2324 1016 frigidus
2365 962 2442 1014 es,
2484 962 2667 1018 neque
2707 945 2950 1012 calidus;
2987 945 3209 1000 utinam
3251 945 3500 1016 frigidus
3543 961 3720 1015 esses,

2083 1038 2170 1094 vel
2202 1039 2419 1094 calidus
2449 1056 2461 1094 :
2495 1040 2588 1095 sed
2622 1038 2752 1110 quia
2793 1039 3018 1110 tepidus
3059 1055 3139 1107 es,
3173 1039 3446 1110 incipiam
3493 1043 3549 1094 te
3583 1056 3716 1093 evo-

2084 1150 2241 1188 mere
2289 1150 2355 1188 ex
2411 1150 2510 1188 ore
2562 1149 2690 1189 meo
2736 1133 2945 1203 (Apoc.,
2993 1149 3070 1201 ιιι,
3125 1136 3208 1202 l5,
3260 1133 3365 1204 l6).
3422 1152 3450 1184 ››
3505 1135 3719 1204 Aperte

2085 1228 2498 1298 negligentiam
2543 1227 2789 1298 graviori
2839 1227 3074 1282 damnat
3110 1226 3346 1298 judicio,
3393 1243 3572 1297 quam
3617 1227 3722 1281 im-

2081 1321 2470 1394 prudentiam.
2513 1320 2769 1392 Frigidus
2805 1326 2890 1376 est
2931 1320 3084 1374 enim
3125 1319 3223 1392 qui
3261 1320 3437 1376 ﬁdem
3482 1320 3664 1374 nescit
3701 1338 3714 1374 :

2081 1415 2293 1471 calidus
2321 1415 2418 1486 qui
2440 1414 2675 1485 Spiritus
2703 1415 2880 1468 sancti
2901 1414 3119 1470 fervore
3143 1429 3450 1469 succensus
3471 1416 3580 1468 est.
3609 1414 3716 1478 Qui

2081 1525 2219 1580 ergo
2247 1509 2492 1563 calorem
2518 1507 2650 1564 ﬁdei
2682 1524 2795 1562 non
2821 1507 3011 1575 habet,
3041 1507 3392 1562 tolerabilius
3419 1507 3502 1562 illi
3533 1507 3719 1561 fuerat

2081 1603 2251 1658 ﬁdem
2302 1619 2416 1658 non
2459 1602 2765 1674 accepisse,
2812 1617 2987 1674 quam
3035 1601 3370 1673 neglexisse.
3417 1602 3518 1656 Est
3560 1601 3713 1654 enim

2082 1696 2304 1769 tepidus
2332 1696 2491 1768 pejor
2527 1695 2734 1767 frigido
2761 1696 2890 1767 (45),
2923 1700 2984 1750 ut
3017 1695 3247 1750 Judmus
3283 1695 3381 1766 qui
3415 1693 3523 1748 sibi
3557 1693 3712 1748 vide-

423 1765 527 1845 23:
544 1790 739 1845 Transi
782 1806 932 1844 nunc
971 1788 1042 1844 ad
1083 1805 1182 1844 eos
1221 1789 1314 1861 qui
1360 1788 1630 1844 mandata
1675 1765 2058 1856 zediﬁcant,B
2084 1765 2177 1847 tur
2205 1765 2376 1846 ﬁdem
2402 1765 2627 1845 habere
2652 1765 2822 1862 quam
2851 1805 2966 1844 non
3006 1788 3194 1844 habet.
3235 1765 3467 1852 Quanto
3504 1788 3710 1844 tolera-

352 1886 541 1957 legem
570 1885 846 1950 intexunt,
877 1886 935 1938 et
970 1883 1223 1938 animam
1261 1883 1706 1954 uniuscujusque
1743 1898 1978 1954 recepe-

354 1985 488 2035 runt
546 1977 875 2032 sanandam.
930 1977 1128 2031 Nonne
1188 1976 1231 2030 si
1295 1977 1418 2048 quis
1475 1993 1675 2032 eorum
1741 1975 1982 2031 aediﬁcet

355 2074 594 2129 domum
635 2070 734 2126 Dei
772 2087 899 2125 cum
936 2070 1176 2141 justitia,
1219 2073 1375 2126 texat
1415 2071 1810 2126 indumentum
1849 2087 1978 2125 cum

309 2159 315 2166 ’
352 2166 666 2238 diligentia,
697 2169 858 2220 sanet
892 2164 1145 2219 animam
1187 2180 1316 2220 cum
1357 2164 1554 2236 gratia,
1585 2180 1728 2236 opus
1761 2165 1978 2220 bonum

353 2260 522 2317 facit?
548 2260 595 2314 si
634 2276 768 2314 vero
809 2258 1120 2314 incuriosus
1155 2274 1217 2313 ac
1247 2258 1516 2314 remissus
1554 2258 1778 2330 aliquis,
1808 2258 1976 2326 fabri,

352 2355 606 2421 textoris,
638 2353 842 2409 medici
877 2351 1140 2425 spiritalis
1170 2352 1359 2408 locum
1397 2359 1656 2424 occupet,
1685 2360 1748 2407 ut
1789 2369 1975 2407 sacer-

353 2450 453 2504 dos
481 2464 756 2516 summus,
780 2451 843 2501 ut
867 2447 1180 2518 presbyter,
1206 2452 1268 2502 ut
1297 2446 1553 2502 minister
1575 2446 1772 2501 altaris
1798 2446 1971 2516 sacri;

352 2559 545 2599 nonne
593 2540 948 2597 commodius
987 2546 1069 2596 est
1118 2557 1230 2594 non
1273 2539 1464 2595 subire
1507 2555 1978 2612 unumquemque

351 2636 408 2691 id
438 2636 709 2702 muneris,
733 2635 882 2707 quod
911 2634 1146 2705 implere
1179 2649 1288 2688 non
1318 2639 1509 2705 queat,
1533 2650 1704 2705 quam
1734 2633 1977 2688 subeun-

348 2736 486 2800 tem,
519 2745 704 2802 neque
738 2729 919 2800 ipsum
959 2731 1186 2783 strenue
1221 2730 1483 2798 suscepto
1521 2727 1683 2798 fungi
1713 2744 1973 2794 munere,

350 2827 408 2880 et
460 2825 680 2897 eripere
734 2823 922 2877 locum
971 2821 1156 2888 alteri,
1202 2822 1299 2893 qui
1351 2821 1571 2877 naviter
1617 2837 1749 2876 eum
1802 2822 1978 2893 possit

347 2920 536 2977 tueri?
595 2916 772 2982 Quid!
840 2915 997 2988 quod
1069 2916 1242 2971 etiam
1305 2916 1413 2986 ipsi
1473 2915 1819 2982 consulitur,
1879 2914 1974 2985 qui

345 3013 642 3071 remissior
684 3029 814 3067 cum
862 3011 952 3080 sit,
998 3009 1311 3080 repellitur,
1357 3025 1428 3064 ne
1472 3009 1599 3079 plus
1647 3008 1976 3063 offensionis

346 3109 667 3166 contrahat.

417 3203 506 3258 24.
539 3200 683 3265 Quid
719 3200 788 3254 sit
819 3202 1014 3254 autem
1051 3197 1246 3268 repelli
1285 3197 1735 3265 consideremus;
1765 3196 1972 3252 lectum

347 3302 433 3354 est
472 3295 628 3352 enim
673 3312 686 3348 :
737 3317 764 3343 ‹‹
808 3293 960 3350 Sicut
1003 3292 1284 3346 vulnerati
1328 3291 1694 3359 dormientes,
1740 3291 1975 3362 projecti

347 3392 406 3447 in
435 3388 843 3456 monumentis,
879 3402 1123 3458 quorum
1165 3401 1280 3440 non
1322 3384 1632 3440 meministi
1679 3383 1924 3456 amplius
1957 3401 1970 3439 :

348 3489 404 3540 et
448 3484 679 3556 quidem
733 3481 835 3553 ipsi
884 3481 955 3535 de
1005 3496 1176 3534 manu
1226 3485 1321 3534 tua
1369 3479 1584 3552 repulsi
1630 3484 1762 3533 sunt
1809 3479 1970 3540 (Psal.

346 3594 580 3644 Lxxxvu,
629 3578 702 3648 ϐ).
751 3599 780 3627 ››
826 3575 1197 3630 Advertamus
1246 3573 1424 3646 igitur
1470 3589 1610 3644 quos
1656 3573 1975 3628 vulneratos

346 3678 402 3728 et
442 3673 718 3745 projectos
762 3671 816 3724 in
863 3669 1248 3728 monumentis
1284 3667 1531 3740 repellit,
1575 3683 1820 3738 quorum
1862 3683 1972 3721 non

347 3766 676 3822 meminerit
720 3764 985 3835 amplius.
1027 3763 1122 3818 Isti
1169 3767 1300 3816 sunt
1339 3762 1440 3832 qui
1479 3777 1511 3815 a
1553 3761 1836 3816 mandatis
1879 3760 1974 3816 Dei

345 3861 719 3933 repelluntur.
752 3880 776 3907 ‹‹
809 3856 1094 3914 Peccatori
1137 3861 1329 3910 autem
1372 3854 1516 3909 dixit
1557 3856 1700 3909 Deus
1734 3875 1745 3908 :
1783 3854 1972 3919 Quare

346 3960 408 4011 tu
436 3970 664 4010 enarras
683 3952 936 4024 justitias
968 3967 1122 4005 meas
1155 3950 1320 4015 (Psul.
1355 3965 1499 4016 xux,
1536 3949 1660 4019 16)?
1692 3970 1718 3999 ››
1749 3949 1816 4002 Et
1843 3947 1976 4019 quia

345 4067 378 4104 ο.
408 4034 692 4104 mandatis
729 4046 824 4102 Dei
866 4045 1242 4117 repelluntur,
1282 4043 1639 4114 repelluntur
1675 4042 1866 4113 utique
1903 4041 1972 4096 de

345 4158 521 4199 manu
554 4142 672 4196 Dei.
709 4143 774 4196 Et
799 4140 949 4193 bene
977 4137 1285 4210 prospexit,
1317 4153 1389 4191 ne
1420 4137 1546 4208 quis
1570 4136 1638 4190 de
1672 4151 1848 4190 manu
1876 4135 1971 4190 Dei

345 4236 610 4292 videatur
643 4233 808 4304 eripi,
837 4233 964 4304 quia
995 4248 1162 4285 nemo
1192 4233 1376 4302 potest
1401 4245 1746 4302 quemquam
1775 4245 1972 4301 rapere

347 4330 418 4385 de
460 4346 628 4384 manu
669 4328 783 4382 Dei.
825 4326 927 4392 Qui
968 4342 1108 4396 ergo
1148 4325 1402 4396 privatur
1441 4323 1692 4378 muneris
1732 4323 1971 4394 suscepti

346 4424 532 4480 ofﬁcio
583 4424 662 4476 vel
719 4421 919 4491 gratia,
969 4436 1084 4474 non
1139 4419 1375 4490 rapitur,
1423 4417 1520 4472 sed
1578 4416 1858 4488 rejicitur;
1914 4420 1973 4470 ut

2081 1885 2351 1941 biliorem
2380 1900 2606 1940 causam
2639 1882 2867 1955 gentilis
2903 1882 3092 1950 habet,
3120 1882 3216 1953 qui
3253 1884 3442 1953 potest
3472 1881 3662 1937 dicere
3696 1898 3708 1936 :

2082 1981 2206 2035 Non
2253 1978 2496 2051 cognovi
2540 1979 2747 2049 legem,
2794 1993 2911 2032 non
2966 1975 3156 2030 audivi
3205 1976 3541 2048 prophetas,
3584 1976 3711 2030 ideo

2085 2090 2198 2129 non
2229 2073 2464 2142 credidi,
2495 2088 2665 2143 quam
2698 2071 2790 2126 ille
2828 2071 2927 2142 qui
2961 2070 3105 2141 legit
3141 2070 3353 2138 omnia,
3396 2086 3464 2124 ex
3504 2069 3712 2141 quibus

2079 2174 2379 2224 venturum
2415 2169 2608 2222 Iesum
2647 2165 2919 2234 crederet,
2950 2170 3006 2220 et
3042 2180 3158 2220 non
3193 2163 3468 2219 credidit!
3502 2164 3711 2218 Neuter

2079 2262 2309 2334 quidem
2353 2266 2670 2326 excusatur,
2710 2276 2813 2313 nec
2857 2259 2949 2313 ille
2987 2257 3084 2329 qui
3122 2258 3278 2329 legit,
3321 2274 3430 2312 nec
3477 2258 3572 2312 ille
3616 2256 3711 2327 qui

2081 2357 2272 2427 legere
2302 2354 2505 2421 noluit,
2534 2354 2630 2409 sed
2669 2355 2796 2425 plus
2826 2351 3123 2424 delinquit,
3153 2351 3248 2423 qui
3289 2351 3527 2422 negavit
3556 2349 3709 2421 quod

2078 2450 2316 2521 legerat,
2358 2464 2528 2520 quam
2571 2447 2667 2518 qui
2710 2462 2886 2518 opera
2925 2462 3040 2500 non
3078 2445 3228 2514 fecit,
3271 2461 3403 2517 quae.
3451 2443 3708 2499 facienda

2078 2560 2195 2598 non
2223 2541 2508 2614 cognovit.
2538 2540 2766 2605 Quanta
2791 2542 2986 2594 autem
3012 2538 3142 2593 ﬁdei
3179 2543 3237 2593 et
3257 2539 3500 2610 justitias
3529 2537 3706 2608 gratia

2079 2643 2182 2706 est,
2211 2643 2272 2691 ut
2303 2637 2360 2690 in
2391 2651 2486 2690 ore
2514 2635 2610 2689 Dei
2641 2634 2731 2702 sit,
2755 2633 2853 2705 qui
2880 2633 3054 2688 ﬁdem
3082 2635 3237 2688 tenet
3268 2636 3325 2688 et
3350 2649 3531 2705 Opera
3559 2646 3706 2685 exer-

2079 2738 2166 2785 cet
2190 2729 2425 2801 justitite
2459 2747 2471 2784 :
2510 2734 2568 2783 et
2600 2731 2880 2799 quantum
2910 2727 3142 2796 amittit,
3175 2743 3348 2798 quem
3392 2725 3707 2782 evomuerit

2078 2842 2147 2879 ex
2195 2841 2293 2880 ore
2338 2840 2439 2878 suo
2484 2822 2760 2878 Dominus
2799 2823 2980 2890 Iesus,
3028 2825 3086 2876 et
3128 2837 3197 2877 ex
3239 2821 3355 2876 suis
3403 2820 3705 2875 visceribus

2077 2917 2333 2989 ejeceritl
2365 2933 2536 2988 quam
2564 2916 2690 2987 pius
2729 2920 2940 2985 tamen,
2971 2914 3068 2986 qui
3099 2919 3156 2968 et
3176 2914 3360 2984 justos
3393 2915 3451 2969 in
3482 2930 3577 2968 ore
3606 2929 3702 2967 suo

2075 3017 2255 3079 tenet,
2285 3017 2341 3066 et
2369 3011 2609 3081 injustos
2639 3025 2752 3064 non
2780 3014 2910 3064 ante
2937 3007 3170 3075 evomit,
3203 3024 3376 3080 quam
3409 3007 3705 3062 denuntiet

2079 3104 2447 3162 evomendosl
2483 3108 2544 3159 ut
2568 3103 2654 3160 vel
2684 3102 3008 3174 hujusmodi
3036 3102 3428 3158 admonitione
3455 3101 3701 3157 conversi

2078 3201 2317 3272 dignum
2354 3197 2567 3271 aliquid
2598 3196 2868 3264 efﬁciant,
2899 3213 3013 3269 quo
3049 3213 3165 3252 non
3197 3199 3520 3252 vomantur.
3550 3196 3702 3250 Nunc

2075 3296 2309 3351 tertium
2338 3293 2674 3349 versiculum
2706 3291 3148 3346 consideremus.

2145 3392 2234 3443 26.
2289 3388 2465 3460 (Vcrs.
2523 3388 2631 3457 ll.)
2682 3389 2743 3441 In
2798 3385 2956 3440 corde
3011 3401 3145 3447 meo,
3193 3383 3405 3456 inquit,
3451 3382 3702 3440 abscondi

2074 3484 2287 3553 eloquia
2343 3487 2459 3545 tua,
2507 3488 2568 3535 ut
2621 3496 2729 3534 non
2773 3495 2980 3550 peccem
3033 3479 3151 3534 tibi.
3203 3480 3517 3550 Propterea
3565 3493 3698 3548 ergo

2075 3576 2411 3650 mysterium
2465 3574 2622 3646 regis
2675 3574 2892 3628 bonum
2945 3579 3028 3627 est
3080 3571 3461 3640 abscondere;
3512 3575 3701 3644 peccat

2077 3671 2230 3726 enim
2259 3672 2394 3736 Deo,
2428 3669 2524 3741 qui
2551 3668 2855 3723 commissa
2879 3667 2982 3721 sibi
3013 3670 3227 3721 secreta
3253 3667 3522 3738 mysteria
3549 3669 3700 3738 puta-

2075 3765 2216 3820 verit
2250 3762 2499 3834 indignis
2541 3779 2662 3816 esse
2699 3761 3000 3833 vulganda.
3035 3760 3354 3816 Periculum
3396 3762 3584 3832 itaque
3620 3763 3701 3813 est

2077 3870 2192 3909 non
2230 3853 2412 3908 solum
2447 3851 2587 3906 falsa
2617 3850 2828 3919 dicere,
2863 3849 2960 3904 sed
3001 3850 3172 3904 etiam
3201 3865 3357 3916 vera,
3399 3850 3443 3904 si
3486 3849 3609 3922 quis
3639 3863 3701 3902 ea

2075 3947 2323 4002 insinuet
2360 3945 2565 4018 quibus
2603 3961 2720 3999 non
2762 3947 3004 4015 oportet.
3037 3942 3198 4006 Quod
3235 3942 3434 3998 vitium
3477 3939 3696 4015 quadri-

2073 4041 2348 4114 partitum
2401 4043 2486 4095 est
2537 4057 2552 4094 :
2603 4038 2688 4091 vel
2735 4035 3099 4104 adulationis,
3152 4037 3238 4091 vel
3292 4037 3564 4104 avaritia,
3616 4033 3699 4088 vel

2067 4135 2372 4207 jactantize,
2410 4133 2494 4189 vel
2527 4131 2889 4204 loquacitatis
2925 4131 3184 4199 incautae,
3217 4133 3352 4202 quia
3380 4131 3520 4186 dum
3558 4128 3694 4184 adu.

2074 4230 2181 4284 lari
2208 4229 2324 4284 vult
2347 4227 2572 4300 aliquis,
2601 4227 2654 4280 ei
2680 4226 2769 4281 cui
2795 4225 3049 4297 loquitur
3073 4223 3317 4280 effundit
3345 4224 3692 4297 mysterium.

2074 4323 2337 4378 Nonnulli
2379 4322 2553 4376 etiam
2594 4320 2781 4375 studio
2819 4319 2958 4374 lucri
2999 4319 3318 4374 mercedem
3364 4317 3694 4392 proditionis

2072 4419 2404 4489 sequuntur,
2446 4422 2510 4470 ut
2555 4413 2800 4485 tegenda
2843 4413 3064 4468 silentio
3104 4412 3354 4468 vendant
3395 4408 3690 4484 loquendo.

347 4519 489 4574 dixit
515 4516 783 4572 Dominus
815 4517 975 4570 Jesus
1005 4513 1076 4568 ad
1104 4512 1412 4568 Jerusalem
1444 4530 1456 4566 :
1489 4533 1516 4561 «
1556 4511 1789 4576 Quoties
1823 4511 1969 4566 volui
1995 4513 2051 4586 D
2076 4511 2200 4578 Alii,
2243 4513 2307 4564 ut
2349 4509 2518 4582 plura
2563 4524 2726 4562 nosse
2767 4507 3074 4562 videantur
3111 4513 3166 4561 et
3205 4507 3498 4561 scientiam
3539 4518 3692 4559 suam

347 4627 699 4684 congregare
739 4609 886 4664 ﬁlios
927 4613 1142 4674 tuos...,
1187 4604 1379 4678 990
1427 4609 1483 4660 et
1532 4605 1788 4660 noluisti!
1835 4605 1972 4658 Ecce

345 4708 700 4780 relinquetur
752 4703 907 4758 vobis
957 4703 1163 4757 domus
1216 4704 1398 4755 vestra
1451 4700 1674 4755 deserta
1724 4699 1970 4770 (Matt/4.,

346 4817 497 4869 xxm,
563 4803 650 4868 37,
718 4799 827 4870 38).
884 4820 909 4848 ››
962 4795 1203 4853 Abstulit
1266 4795 1375 4849 illis
1436 4793 1972 4861 sanctiﬁcationem,

346 4898 523 4952 altare
565 4891 958 4966 thymiamatis
1000 4895 1056 4946 et
1099 4887 1366 4944 orationis
1408 4887 1735 4958 sacrarium,
1777 4886 1970 4958 propi-

349 4988 644 5046 tiatorium
685 4989 864 5042 altare
900 4983 1319 5052 sacriﬁciorum,
1352 4981 1712 5038 sacerdotum
1744 4986 1798 5036 et
1836 4981 1973 5035 levi-

349 5088 532 5139 tarum
600 5080 949 5148 ministeria,
1011 5085 1067 5134 et
1124 5083 1315 5133 tamen
1379 5092 1511 5131 cum
1578 5075 1699 5130 haec
1755 5073 1977 5129 sublata

348 5181 539 5232 essent
565 5176 782 5244 omnia,
811 5191 940 5248 quae
969 5171 1284 5228 secundum
1320 5169 1464 5241 legis
1501 5169 1770 5224 mandata
1800 5167 1974 5224 habe-

346 5273 504 5339 bant,
535 5270 613 5325 ait
637 5271 937 5341 Apostolus
966 5284 980 5324 :
1015 5289 1043 5319 ‹‹
1069 5263 1356 5337 Numquid
1385 5261 1592 5335 repulit
1619 5262 1763 5318 Deus
1789 5262 1973 5317 haere-

344 5367 585 5422 ditatem
617 5379 847 5420 suam...
871 5365 1016 5434 Non,
1049 5360 1254 5434 inquit,
1279 5356 1578 5430 repulit...,
1612 5355 1709 5412 sed
1743 5355 1972 5412 conclu-

345 5461 420 5517 sit
455 5457 651 5516 omnia
680 5458 739 5513 in
775 5456 1195 5524 incredulitate,
1232 5457 1298 5510 ut
1334 5450 1593 5508 omnium
1635 5451 1976 5507 misereatur

343 5557 538 5626 (Rom,
567 5569 642 5623 XI,
677 5555 726 5620 i,
755 5553 811 5620 2,
838 5551 946 5623 32).
981 5573 1008 5601 ›ι

418 5652 507 5706 25.
536 5647 677 5705 Sunt
711 5661 850 5719 ergo
883 5644 982 5718 qui
1011 5645 1083 5702 ad
1123 5648 1349 5720 tempus
1374 5659 1407 5700 a
1436 5641 1713 5700 mandatis
1742 5641 1975 5715 propter

2066 4604 2351 4676 jactitcnt,
2389 4602 2656 4676 aperiunt
2695 4601 2846 4672 quod
2885 4599 3068 4656 celare
3105 4600 3401 4656 deberent.
3440 4597 3694 4667 Plerique

2075 4697 2210 4753 dum
2237 4698 2360 4752 sine
2380 4696 2593 4768 judicio
2620 4695 2948 4767 loquuntur,
2971 4693 3207 4749 verbum
3235 4695 3522 4759 emittunt,
3550 4687 3691 4763 quod

2074 4807 2341 4848 revocare
2381 4807 2497 4845 non
2530 4792 2786 4862 possunt.
2815 4788 2948 4844 ldeo
2992 4787 3077 4842 vir
3111 4787 3374 4842 laudatur
3412 4785 3606 4850 serius,
3641 4785 3693 4836 et

2075 4903 2190 4941 non
2212 4886 2410 4941 otiose.
2428 4885 2560 4938 Erat
2582 4883 2754 4937 homo
2778 4881 3129 4938 abscondens
3155 4897 3445 4937 sermones
3469 4894 3609 4942 suos,
3630 4877 3690 4927 ut

2077 4980 2370 5052 apostolus
2390 4979 2614 5047 Paulus,
2635 4975 2733 5048 qui
2757 4975 2912 5030 novit
2935 4976 3072 5048 quid
3099 4976 3361 5047 loquatur
3387 4970 3616 5044 singulis
3637 4969 3688 5019 et

2077 5073 2305 5144 quando
2328 5071 2468 5144 quid
2492 5069 2647 5142 loqui
2667 5069 2894 5124 debeat.
2925 5069 3084 5125 Unde
3109 5071 3167 5126 et
3191 5067 3493 5124 Corinthiis
3518 5061 3644 5120 dicit
3671 5073 3682 5112 :

2079 5187 2105 5219 α
2136 5167 2240 5222 Lac
2266 5165 2425 5221 vobis
2448 5167 2650 5237 potum
2681 5163 2831 5232 dedi,
2867 5180 2982 5220 non
3011 5179 3219 5231 escam,
3254 5162 3502 5218 nondum
3539 5154 3686 5210 enim

2076 5261 2347 5333 poteratis
2381 5277 2394 5315 :
2423 5259 2521 5314 sed
2573 5275 2678 5314 nec
2723 5257 2909 5313 adhuc
2955 5257 3186 5330 quidem
3223 5254 3451 5328 potestis
3479 5252 3518 5324 (l
3548 5250 3684 5307 Corn

2076 5370 2154 5425 ιιι,
2189 5355 2260 5426 2).
2293 5373 2320 5406 ι)
2360 5353 2487 5410 Ideo
2523 5352 2626 5408 bos
2665 5352 2726 5407 in
2755 5351 2991 5407 transitu
3028 5349 3180 5406 videt
3224 5367 3237 5405 :
3271 5350 3464 5405 manet
3501 5344 3685 5399 autem

2073 5449 2224 5522 apud
2255 5447 2556 5521 Ephesios;
2600 5446 2752 5519 quod
2786 5443 2966 5519 991
3022 5444 3229 5500 ostium
3274 5441 3378 5498 sibi
3419 5446 3686 5508 magnum

2075 5547 2338 5616 apertum
2367 5546 2513 5599 esset
2558 5541 2599 5612 (Ι
2646 5543 2790 5609 σωκ,
2823 5555 2933 5610 xvr,
2983 5540 3058 5610 9),
3089 5541 3292 5594 notum
3330 5537 3511 5593 facere
3553 5542 3683 5600 gen-

2075 5637 2230 5695 tibus
2272 5635 2605 5711 mysterium
2633 5632 2860 5693 Christi.
2901 5633 3032 5693 Ideo
3067 5638 3125 5692 et
3161 5632 3428 5690 Salomon
3466 5631 3684 5695 tempus

406 5854 502 5925 (45)
527 5855 648 5912 Νοιι
678 5852 841 5923 pauci
877 5863 1034 5916 mss,
1067 5849 1221 5918 pejor
1258 5851 1472 5917 frigido,
1501 5853 1640 5905 inter
1674 5853 1974 5917 utrumque,
2010 5846 2098 5903 vel
2122 5849 2352 5916 utraque
2373 5848 2627 5900 naturam
2655 5843 2924 5898 mentitur.
