4082 6186
300 251 438 304 1285

1461 240 1810 302 EXPOSITIO
1853 247 1914 301 IN
1957 241 2269 302 PSALMUM
2311 238 2510 301 CXVIII

3505 244 3660 301 ⁷1286

293 371 629 439 tacendi,et
650 375 873 442 tempus
894 385 1014 424 esse
1037 368 1496 441 loquendidocet
1515 370 1729 438 (Eccle.,
1756 387 1834 436 III,
1860 373 1928 440 7).
1957 387 2012 455 Α
2038 369 2320 440 signiﬁcat
2349 367 2556 423 mentis
2599 366 2886 438 animique
2924 367 3220 421 secretum.
3255 369 3315 423 In
3355 367 3463 422 hoc
3501 368 3659 423 cubi-

361 468 454 519 27.
493 466 614 519 Prae
643 465 858 519 cazteris
881 467 1073 518 autem
1105 464 1378 518 Dominus
1403 463 1560 518 Iesus
1590 465 1645 518 in
1674 465 1926 536 Evange-

288 559 365 613 lio
409 559 668 614 declarat
704 575 828 628 suo,
861 558 1053 612 dicens
1089 557 1273 612 simile
1314 573 1436 612 esse
1478 573 1720 636 regnum
1762 559 1929 612 coelo-

287 669 422 706 rum
465 653 743 707 thesauro
781 651 1112 707 abscondito
1149 651 1207 706 in
1242 668 1379 724 agro
1407 651 1646 723 (Matth.,
1676 668 1791 719 xm,
1821 652 1929 721 44).

287 747 502 818 Utique
551 763 668 802 non
714 763 941 815 aurum,
989 762 1107 802 non
1153 750 1484 817 argentum,
1530 761 1645 800 non
1691 745 1933 816 pecunia

287 841 625 912 comparari
653 839 758 912 (t6)
799 843 982 912 potest
1021 856 1200 912 regno
1240 839 1536 907 caelorum,
1571 839 1672 893 sed
1709 839 1932 911 eloquia

289 934 550 1001 Domini,
573 935 801 1006 eloquia
825 939 993 1002 casta,
1022 937 1326 1005 argentum
1354 933 1488 1006 igne
1515 933 1929 999 examinatum,

287 1027 509 1099 quibus
550 1029 735 1099 ipsum
779 1044 1025 1100 regnum
1066 1028 1397 1100 acquiritur.
1438 1029 1598 1082 Hunc
1633 1043 1772 1098 ergo
1811 1026 1932 1082 the-

289 1139 534 1176 saurum
585 1123 882 1192 sapientia:
933 1126 990 1178 et
1033 1120 1377 1193 cognitionis
1424 1121 1820 1176 absconditum
1871 1121 1931 1174 in

290 1228 465 1282 agro,
519 1212 576 1266 in
625 1228 738 1283 quo
784 1211 1046 1283 plautata
1097 1217 1233 1268 sunt
1285 1210 1459 1266 verba
1507 1211 1932 1283 Scripturarum

289 1305 636 1374 cmlestium,
683 1321 814 1360 cum
865 1305 1148 1361 invenerit
1195 1306 1390 1372 homo,
1435 1305 1724 1360 abscondit
1771 1305 1932 1359 illum

292 1400 358 1454 in
405 1399 583 1454 corde
635 1391 917 1469 suo,'nec
962 1399 1214 1471 divulgat
1262 1416 1428 1470 eum,
1476 1399 1658 1454 sciens
1709 1398 1841 1471 quia
1887 1397 1931 1451 si

291 1492 677 1564 divulgaverit
727 1493 1050 1564 Babyloniis
1103 1493 1434 1548 thesaurum
1489 1493 1609 1562 Dei,
1664 1508 1928 1563 magnam

289 1586 574 1643 offensam
607 1587 928 1656 contrahet,
962 1593 1022 1641 ut
1057 1587 1275 1642 dicatur
1310 1586 1361 1642 ei
1398 1602 1657 1641 sermone
1685 1587 1930 1658 prophe-

2034 463 2225 518 culum
2251 462 2604 533 justitiarum
2645 461 2864 532 Sponsa
2895 477 2952 514 se
2991 460 3249 531 poposcit
3286 461 3496 530 induci,
3530 479 3660 517 cum

2034 562 2159 628 post
2221 557 2453 610 odorem
2511 554 2792 627 unguenti
2842 553 3180 618 excurrerit,
3233 555 3382 624 quod
3433 571 3664 628 semper

2034 650 2177 720 Iluit,
2207 653 2264 706 et
2293 666 2587 721 nunquam
2613 648 2821 704 deficit.

2103 747 2192 800 30.
2224 745 2398 815 (Vers.
2439 743 2543 815 13.)
2572 742 2704 798 Ideo
2736 742 2892 814 quasi
2927 741 3162 796 edoctus
3190 741 3468 813 PrOpheta
3491 742 3656 813 justi-

2033 838 2137 892 tias
2172 837 2373 910 quinto
2414 853 2576 892 versu
2613 837 2748 891 dicit
2791 853 2802 890 :
2843 839 2910 891 In
2950 837 3110 890 labiis
3147 837 3275 891 metis
3309 825 3664 905 pronuntiavi

2033 934 2211 987 omnia
2257 932 2478 1001 judicia
2528 933 2634 986 oris
2684 933 2783 985 tui.
2832 932 2898 986 Et
2945 928 3234 1001 quomodo
3281 928 3416 983 alibi
3465 928 3600 984 dicit
3646 945 3658 983 :

2035 1049 2061 1076 «
2117 1025 2329 1080 Iudicia
2385 1023 2576 1097 992
2634 1030 2731 1078 tua
2780 1023 2923 1078 sicut
2971 1023 3203 1093 abyssus
3258 1022 3439 1078 multa
3495 1023 3662 1093 (Psul.

2034 1126 2194 1188 xxxv,
2236 1119 2327 1190 '7)?
2367 1140 2394 1168 »ι
2441 1117 2730 1182 Quomodo
2772 1118 3072 1188 Apostolus
3112 1117 3192 1170 ait
3232 1134 3245 1170 :
3283 1138 3310 1166 «
3351 1118 3394 1172 Ο
3424 1116 3663 1171 altitudo

2032 1211 2323 1284 sapientius
2361 1217 2417 1266 et
2452 1211 2705 1266 scientias
2742 1211 2862 1280 Dei,
2895 1227 3066 1282 quam
3110 1210 3496 1265 iuscrutabilia
3532 1213 3663 1264 sunt

2025 1305 2239 1377 judicia
2292 1305 2436 1376 ejus,
2494 1309 2551 1360 et
2601 1304 3085 1376 ininvestigabiles
3146 1305 3248 1359 via:
3309 1305 3466 1376 ejus!
3527 1303 3664 1368 Quis

2033 1401 2184 1455 enim
2217 1399 2483 1470 cognovit
2507 1415 2736 1454 sensum
2774 1398 2998 1453 Domini
3027 1398 3220 1470 (Rom,
3256 1416 3325 1466 XI,
3355 1401 3443 1468 33,
3477 1399 3603 1468 3i)?
3633 1421 3658 1446 n

2035 1494 2091 1548 Si
2131 1493 2514 1548 inscrutabilia
2559 1497 2692 1547 sunt
2721 1491 3286 1563 judicia,-quomodo
3331 1507 3468 1562 ergo
3506 1492 3658 1563 judi-

2032 1587 2155 1641 cia?
2205 1586 2495 1658 quomodo
2553 1587 2742 1641 Omnia
2790 1587 3169 1655 pronuntiavi,
3226 1586 3304 1640 ait
3359 1585 3660 1656 Propheta,

293 1682 411 1736 tico
444 1697 459 1735 :
492 1702 518 1728 ιι
543 1682 619 1735 De
647 1681 862 1736 semine
889 1686 985 1736 tuo
1012 1680 1309 1752 accipient,
1334 1687 1389 1734 et
1418 1680 1628 1735 facient
1650 1681 1932 1751 spadones
2020 1681 2235 1750 judicia
2269 1683 2377 1736 oris
2405 1682 2527 1735 tui?
2555 1680 2661 1735 Sed
2691 1679 2923 1734 fortasse
2965 1696 3078 1734 non
3114 1679 3312 1734 eadem
3347 1683 3480 1733 sunt
3503 1678 3660 1749 judi-

290 1775 352 1828 in
398 1775 579 1829 domo
621 1774 773 1846 regis
809 1777 958 1844 (Isa.,
997 1791 1179 1841 χχχιι,
1222 1775 1293 1845 7).
1330 1796 1356 1822 ››
1395 1775 1501 1828 Per
1540 1790 1670 1844 quae
1711 1774 1926 1844 signiﬁ-
1953 1754 2008 1825 Β
2033 1775 2119 1830 cia
2163 1774 2282 1844 Dei,
2321 1790 2448 1846 quas
2483 1772 2703 1844 judicia
2745 1773 2858 1827 oris
2896 1773 3036 1844 ejus.
3076 1773 3134 1828 Si
3181 1773 3292 1828 alia
3333 1776 3483 1842 sunt,
3516 1772 3663 1827 bene

289 1873 460 1922 catur
491 1867 629 1939 quia
656 1869 704 1922 is
732 1868 828 1938 qui
857 1867 1175 1941 prodiderit
1203 1867 1396 1922 divina
1420 1868 1712 1939 mysteria,
1749 1871 1932 1939 poste-
2033 1869 2240 1923 dicitur
2295 1885 2307 1921 :
2363 1889 2389 1915 ‹‹
2448 1866 2896 1938 Cogitationibus
2953 1866 3067 1921 tuis
3132 1867 3257 1938 quis
3306 1866 3502 1920 similis
3555 1866 3663 1920 erit

291 1963 530 2016 ritatem
594 1961 806 2016 animae
869 1977 984 2017 suae
1040 1961 1525 2033 seminariumque
1589 1961 1928 2016 meritorum
2036 1963 2198 2029 (Psal.
2228 1978 2413 2030 xxxix,
2442 1962 2532 2032 6)?
2559 1983 2585 2011 ››
2619 1962 2686 2014 Et
2716 1961 2844 2015 ideo
2877 1960 3258 2016 inscrutabilia
3289 1965 3419 2014 sunt
3443 1959 3662 2031 judicia

290 2055 509 2111 habere
541 2072 658 2110 non
691 2055 882 2127 possit.
2034 2056 2173 2126 ejus,
2212 2056 2342 2127 quia
2384 2072 2448 2110 ex
2492 2059 2654 2126 parte
2690 2054 3084 2126 cognoscimus
3129 2059 3186 2108 et
3225 2071 3290 2109 ex
3329 2058 3488 2125 parte
3529 2070 3662 2125 pro~

363 2153 456 2205 28.
491 2150 637 2204 Cave
681 2167 818 2222 ergo
858 2167 930 2205 ne
976 2149 1202 2205 divitias
1245 2154 1366 2206 tuas
1406 2150 1637 2222 perfidis
1680 2150 1926 2222 prodas:
2031 2150 2356 2221 phetamus.
2386 2149 2445 2205 Si
2486 2151 2681 2204 autem
2723 2149 2913 2203 nullus
2940 2147 3046 2203 nisi
3082 2148 3335 2203 Christus
3364 2148 3469 2202 hoc
3505 2145 3669 2215 dicit,

293 2244 416 2298 etsi
445 2242 764 2298 amicitiam
794 2243 1088 2311 simulent,
1123 2259 1238 2300 non
1270 2243 1381 2298 illis
1406 2243 1627 2314 aperias
1657 2243 1932 2299 interiora
2032 2243 2130 2315 qui
2175 2247 2362 2314 potest
2403 2242 2591 2298 dicere
2636 2259 2647 2296 :
2695 2264 2719 2287 ‹‹
2769 2243 2886 2313 ligo
2933 2247 2989 2298 et
3035 2244 3200 2297 Pater
3244 2258 3422 2301 unum
3467 2256 3662 2297 sumus

292 2338 503 2392 domus
557 2341 695 2405 tuae,
745 2353 860 2392 non
916 2353 1131 2393 reseres
1181 2338 1479 2393 thesauros
1531 2337 1738 2407 regios,
1790 2354 1931 2408 quos
2032 2339 2230 2407 (Joan.,
2265 2354 2314 2407 x,
2346 2337 2528 2406 30)?»

292 2429 586 2501 Babylonii
625 2429 768 2484 scire
812 2447 928 2486 non
963 2430 1193 2501 debent,
1235 2448 1306 2485 ne
1337 2431 1569 2487 veniant
1605 2436 1662 2486 et
1703 2431 1932 2502 capiant

292 2528 552 2596 posteros
599 2529 726 2579 tuos
773 2528 830 2580 et
878 2524 1251 2580 seminarium
1300 2525 1522 2580 virtutis
1570 2524 1927 2580 abscindant.

296 2621 415 2674 Hoc
456 2624 540 2673 est
583 2618 736 2690 quod
779 2618 952 2673 etiam
993 2620 1052 2674 in
1093 2619 1396 2691 Evangelio
1434 2619 1573 2674 dicit
1602 2619 1877 2674 Dominus
1913 2636 1926 2674 :

2103 2435 2191 2487 31.
2235 2431 2660 2503 Distinguamus
2700 2435 2915 2501 tamen,
2955 2447 3057 2486 nec
3095 2446 3400 2486 vereamur
3441 2447 3510 2487 ne
3554 2431 3658 2486 im-

2032 2531 2248 2598 pugnet
2295 2542 2353 2582 sc
2405 2526 2558 2582 velut
2605 2526 2905 2582 contrariis
2955 2526 3250 2598 Scriptura
3300 2525 3658 2582 venerabilis.

2029 2620 2468 2676 Consideremus
2514 2620 2667 2675 enim
2713 2622 2850 2692 quia
2895 2637 3012 2676 non
3060 2620 3200 2676 dixit
3242 2638 3255 2676 :
3295 2621 3514 2676 Iudicia
3549 2619 3661 2675 oris

306 2735 332 2755 ιί
363 2713 543 2766 Nolite
577 2713 812 2768 mittere
850 2713 1185 2784 margaritas
1213 2717 1425 2769 vestras
1463 2713 1651 2786 porcis
1684 2713 1928 2785 (Matth.,

309 2822 408 2873 vn,
461 2809 530 2876 6).
576 2832 600 2855 ι»
645 2806 782 2862 Ideo
828 2807 975 2862 bene
1027 2807 1162 2862 fecit
1209 2808 1307 2879 qui
1356 2806 1656 2864 abscondit
1704 2807 1927 2879 eloquia
2032 2825 2134 2863 nec
2187 2809 2483 2879 Apostolus
2537 2807 2726 2880 posuit
2777 2826 2791 2864 :

2031 2716 2154 2786 ejus
2200 2713 2343 2769 sicut
2394 2714 2624 2785 abyssus
2675 2715 2891 2784 multa;
2937 2715 3034 2770 sed
3071 2715 3286 2784 judicia
3338 2721 3434 2769 tua
3485 2715 3656 2781 dixit;

2851 2808 3237 2862 lnscrutabilia
3279 2808 3494 2879 judicia
3547 2807 3659 2862 oris

298 2900 526 2955 Domini
567 2901 624 2956 in
671 2901 841 2956 corde
883 2918 1004 2972 suo,
1042 2901 1185 2956 sicut
1227 2900 1609 2957 abscondebat
1651 2901 1930 2974 propheta
2032 2902 2186 2973 ejus;
2221 2901 2314 2957 sed
2349 2917 2362 2956 :
2401 2922 2427 2951 ‹‹
2457 2900 2841 2956 lnscrutabilia
2872 2900 3086 2971 judicia
3125 2901 3323 2971 ejus.»
3354 2903 3660 2956 Possumus

291 2995 491 3064 David,
526 2996 679 3050 sicut
715 2996 909 3064 Maria,
949 3011 1076 3067 quae
1119 2995 1484 3051 conservabat
1527 2996 1720 3051 omnia
1759 2995 1930 3051 verba
2031 2995 2182 3052 enim
2207 2995 2425 3067 judicia
2461 2995 2560 3050 Dei
2597 2994 2899 3065 aestimare,
2929 3011 3057 3066 quae
3096 2994 3312 3049 occulta
3353 2993 3516 3049 nobis
3544 3011 3658 3050 non

289 3089 521 3144 Domini
560 3090 694 3144 Iesu
733 3090 794 3144 in
838 3090 1006 3145 corde
1047 3106 1146 3144 suo
1175 3090 1340 3161 (Luc.,
1386 3106 1441 3157 ιι,
1476 3091 1583 3161 51).
1618 3090 1842 3145 Etenim
1881 3089 1928 3144 si
1949 3126 2000 3162 ρ
2030 3088 2384 3162 patefecerit;
2421 3089 2636 3160 judicia
2672 3092 2864 3144 autem
2909 3089 3023 3144 oris
3066 3089 3208 3160 ejus,
3253 3103 3380 3160 quae
3428 3105 3656 3144 annun—

285 3183 524 3238 bonum
553 3189 633 3238 est
667 3183 788 3238 viro
825 3199 1118 3239 sermones
1153 3200 1284 3239 suos
1312 3183 1678 3253 abscondere,
1710 3186 1927 3255 quanto
1955 3183 2003 3199 ν
2032 3184 2272 3246 tiaverit,
2320 3187 2377 3238 et
2427 3200 2532 3255 per
2584 3200 2647 3238 os
2697 3183 3109 3255 prophetarum
3158 3183 3380 3238 locutus
3435 3188 3537 3238 est.
3587 3184 3660 3237 Os

294 3277 494 3346 magis
512 3293 834 3333 sermonem
864 3278 960 3332 Dei
988 3279 1174 3334 cordis
1197 3278 1372 3334 nostri
1397 3277 1624 3349 gremio
1651 3277 1928 3333 debemus
2029 3278 2180 3333 enim
2210 3277 2307 3332 Dei
2337 3277 2620 3349 propheta
2653 3277 3009 3349 intelligitur,
3039 3277 3130 3332 cui
3158 3277 3367 3332 dicitur
3398 3300 3408 3332 :
3441 3277 3658 3346 Clama;

285 3371 540 3441 operire,
568 3370 848 3427 debemus
872 3372 1246 3428 abscondere!
2029 3379 2085 3428 et
2123 3371 2217 3427 ille
2243 3372 2321 3427 ait
2349 3389 2361 3426 :
2395 3393 2422 3422 ‹‹
2450 3371 2596 3436 Quid
2637 3372 2937 3427 clamabo?
2969 3393 2995 3422 ››
3027 3372 3093 3427 Et
3122 3371 3458 3443 inspiratum
3490 3377 3573 3427 est
3601 3377 3662 3427 ut

361 3468 454 3520 29.
490 3465 667 3533 (Vers.
712 3466 819 3537 l2.)
846 3465 1061 3530 Quarto
1097 3482 1261 3522 versu
1291 3465 1467 3521 dicit:
1505 3465 1814 3522 Benedictus
1853 3481 1923 3528 es,
2029 3467 2248 3521 diceret
2277 3483 2289 3521 :
2330 3488 2357 3516 ‹‹
2389 3465 2584 3521 Omnis
2625 3483 2753 3521 caro
2794 3466 2990 3521 fenum
3033 3467 3185 3533 (Isa.,
3220 3482 3307 3535 XL,
3339 3467 3412 3536 6).
3444 3485 3471 3517 »
3499 3466 3658 3530 Quod

286 3561 518 3614 Domine
570 3577 586 3612 :
642 3558 769 3613 doce
814 3574 895 3614 me
933 3560 1350 3629 justificationes
1404 3565 1542 3615 tuas.
1599 3560 1717 3614 Non
1771 3559 1924 3614 enim
2029 3560 2225 3632 utique
2279 3560 2518 3628 locutus,
2567 3559 2679 3614 oris
2729 3559 2826 3615 Dei
2871 3560 3098 3615 functus
3145 3559 3331 3615 officio
3378 3565 3480 3628 est,
3527 3560 3659 3632 quia

286 3653 646 3724 quicumque
676 3651 920 3707 dixerit:
952 3652 1210 3720 Domine,
1243 3652 1502 3722 Domine,
1538 3653 1653 3725 ipse
1692 3652 1926 3708 intrabit
2025 3655 2245 3709 locutus
2285 3657 2370 3710 est
2391 3655 2672 3725 judicium
2712 3653 2830 3709 Dei.
2878 3655 3023 3725 Ergo
3065 3653 3397 3726 prophetica
3434 3655 3660 3709 oracula

287 3747 346 3801 in
378 3762 632 3817 regnum
666 3746 956 3816 caelorum,
985 3746 1086 3802 sed
1116 3747 1214 3819 qui
1244 3747 1596 3802 voluntatem
1635 3747 1734 3802 Dei
1775 3748 1922 3802 fece-

286 3842 383 3894 rit.
432 3840 567 3894 Ideo
616 3841 720 3896 iste
767 3841 863 3911 qui
909 3840 1224 3896 correxerit
1263 3841 1414 3896 viam
1459 3857 1622 3896 suam
1662 3859 1694 3896 a
1731 3842 1926 3912 juven-

288 3937 416 3988 tute
447 3950 572 4002 sua,
606 3934 938 3990 custodierit
967 3934 1136 3990 verba
1167 3935 1267 3990 Dei
1299 3935 1356 3989 in
1388 3938 1504 3991 toto
1541 3935 1732 4005 corde,
1766 3952 1922 4007 qua:-

2019 3748 2145 3820 jam
2169 3765 2288 3803 non
2316 3748 2462 3803 sicut
2485 3748 2738 3819 abyssus,
2766 3748 2863 3802 sed
2891 3749 3061 3803 etiam
3091 3749 3211 3819 ipsa
3237 3751 3371 3803 sunt
3401 3747 3657 3820 abyssus,

2028 3843 2160 3916 quia
2203 3858 2373 3898 nemo
2419 3843 2604 3914 potuit
2655 3842 2714 3896 in
2763 3841 2922 3910 coelo,
2969 3842 3054 3896 vel
3102 3841 3158 3896 in
3211 3844 3383 3911 terra,
3432 3841 3655 3913 aperire

2024 3936 2256 4006 librum,
2301 3936 2412 3991 nisi
2457 3936 2734 3993 Christus.
2778 3935 3083 3991 Veniamus
3128 3951 3280 3990 nunc
3321 3935 3389 3990 ad
3431 3937 3658 3992 sextum

285 4027 458 4082 sierit
509 4028 814 4083 Dominum
867 4029 1049 4084 Deum
1098 4046 1289 4099 suum,
1336 4045 1407 4084 ne
1460 4029 1718 4100 repulsus
1771 4029 1844 4084 sit
1893 4048 1926 4084 a
2026 4048 2276 4086 versum.

285 4119 587 4176 mandatis
610 4122 705 4177 Dei
737 4127 793 4177 et
823 4122 1032 4195 dignus
1058 4123 1285 4179 habitus
1313 4123 1402 4178 cui
1429 4124 1927 4179 committerentur
2097 4129 2182 4180 3‘2.
2246 4126 2418 4195 (Vers.
2481 4125 2589 4198 14.)
2641 4126 2708 4180 In
2771 4125 2898 4189 via,
2959 4124 3178 4197 inquit,
3235 4125 3659 4181 testimoniorum

283 4231 500 4271 arcana
542 4217 853 4286 sapientiae,
893 4216 1254 4272 absconderit
1289 4233 1357 4272 ea
1397 4217 1452 4272 in
1491 4217 1660 4273 corde
1691 4234 1812 4287 suo,
1855 4233 1923 4273 ne
2027 4224 2243 4275 tuorum
2295 4213 2589 4277 delectatus
2639 4235 2786 4282 sum,
2840 4221 2977 4275 sicut
3026 4223 3086 4274 in
3133 4221 3374 4275 omnibus
3428 4220 3658 4275 divitiis.

287 4315 557 4383 peccaret
601 4311 737 4378 Deo,
781 4311 946 4382 quasi
990 4311 1210 4366 habens
1262 4311 1496 4384 eloquia
1545 4312 1665 4380 Dei,
1714 4311 1925 4384 gratias
2024 4312 2132 4368 Alii
2171 4313 2230 4366 in
2263 4330 2424 4382 auro,
2467 4313 2561 4368 alii
2600 4313 2657 4368 in
2703 4319 2961 4386 argento,
2997 4313 3092 4368 alii
3136 4313 3193 4368 in
3238 4313 3516 4380 vestibus;
3560 4312 3656 4368 alii

288 4405 436 4476 agit,
482 4404 678 4460 dicens
717 4423 729 4459 :
771 4405 1089 4460 Benedictus
1130 4421 1203 4469 es,
1248 4408 1498 4475 Domine;
1545 4409 1602 4460 et
1645 4406 1926 4462 desiderat
2025 4405 2083 4460 in
2122 4407 2590 4477 possessionibus,
2633 4407 2858 4478 vinetis,
2899 4407 3058 4475 oleis,
3098 4407 3414 4479 segetibus;
3459 4407 3553 4462 alii
3600 4409 3658 4463 in

289 4500 484 4570 ipsum
511 4499 810 4554 doctorem
832 4499 1066 4568 habere,
1089 4499 1327 4572 cupiens
1349 4515 1688 4571 cognoscere
1713 4506 1924 4556 secreta
1943 4504 2002 4577 Ι)
2026 4501 2290 4572 operibus
2328 4502 2584 4572 pictura},
2623 4517 3006 4570 marmorum;
3040 4501 3098 4555 in
3143 4501 3375 4556 diversis
3406 4501 3657 4573 denique

289 4593 479 4664 Legis,
510 4597 570 4647 et
595 4593 1077 4665 quemadmodum
1106 4594 1642 4666 interpretationem
1671 4593 1917 4649 habeat:

288 4708 318 4737 ει
341 4687 408 4742 Si
437 4687 644 4742 emeris
663 4704 908 4760 puerum
932 4687 1248 4756 Hebraeum,
1273 4692 1332 4744 et
1358 4688 1610 4743 servierit
1637 4687 1738 4742 tibi
1760 4688 1924 4743 annis

286 4797 392 4837 sex
433 4781 653 4852 (Emod.,
690 4798 804 4851 xxn,
844 4783 920 4851 2),
959 4802 988 4831 »
1033 4785 1092 4836 et
1135 4781 1374 4854 reliqua,
1413 4782 1620 4855 quibus
1661 4782 1921 4854 praemis-

287 4889 422 4929 sum
473 4879 559 4929 est
608 4874 709 4929 has
753 4874 998 4946 justitias
1049 4874 1302 4946 discere,
1353 4892 1492 4948 quas
1541 4875 1814 4947 proponit
1865 4875 1922 4931 in

285 4971 599 5040 conspectu
639 4968 892 5025 ﬁliorum
935 4970 1105 5025 Israel
1145 4987 1160 5025 :
1193 4970 1317 5025 haec
1359 4987 1392 5024 a
1430 4970 1668 5025 Domino
1717 4970 1924 5042 quaerit

285 5063 533 5130 discere,
580 5078 708 5135 quae
761 5062 1018 5120 homines
1071 5062 1272 5138 docere
1321 5080 1435 5119 non
1488 5069 1768 5136 poterant,
1815 5064 1922 5120 nisi

285 5156 445 5212 Deus
492 5160 624 5214 ante
667 5157 968 5214 docuisset.
1018 5160 1153 5222 Quae
1198 5161 1572 5231 posteaquam
1617 5176 1650 5214 a
1698 5159 1921 5215 Christo

286 5249 617 5307 didicerunt
649 5252 909 5323 apostoli,
939 5251 1184 5307 Ecclesia
1209 5252 1348 5308 dicit
1382 5269 1394 5308 :
1428 5274 1455 5303 ‹‹
1482 5253 1800 5309 Introduxit
1829 5269 1921 5309 me

283 5344 414 5398 Rex
451 5345 514 5398 in
551 5343 875 5400 cubiculum
914 5363 1083 5401 suum
1118 5345 1320 5417 (Cant.,
1353 5363 1391 5414 ι,
1423 5347 1496 5417 3),
1527 5367 1554 5398 ››
1585 5347 1692 5403 hoc
1729 5353 1833 5415 est,
1861 5348 1922 5402 in

283 5437 435 5494 illud
465 5443 745 5494 secretum
780 5455 950 5495 suum
988 5439 1045 5494 in
1077 5456 1190 5512 quo
1225 5444 1359 5496 sunt
1388 5441 1642 5497 thesauri
1673 5441 1921 5497 scientias.

281 5537 349 5588 et
387 5532 734 5604 cognitionis
772 5549 909 5590 suae.
951 5534 1198 5607 Ideoque
1243 5533 1346 5590 tibi
1390 5534 1599 5592 dicitur
1643 5553 1656 5592 :
1709 5557 1736 5586 ‹‹
1779 5535 1921 5591 Cum

282 5641 444 5698 oras,
467 5627 616 5684 intra
642 5627 704 5684 in
730 5627 1056 5685 cubiculum
1076 5631 1237 5688 tuum
1258 5629 1501 5703 (Matth,
1524 5646 1596 5700 vr,
1619 5632 1693 5700 6),
1717 5651 1744 5680 »
1772 5631 1921 5701 quod

351 5749 454 5814 (48)
490 5749 689 5816 Scripti
733 5749 861 5803 cod.
890 5750 1169 5816 nonnulli,
1206 5765 1314 5805 non
1346 5765 1502 5814 auro,
1545 5765 1654 5804 non
1682 5757 1922 5818 argento,

281 5835 398 5874 non
465 5824 688 5888 pecunia
758 5824 1067 5890 comparari
1130 5827 1299 5893 potest
1362 5836 1582 5893 regnum
1651 5823 1918 5880 caelorum.

2025 4594 2234 4665 singuli
2269 4594 2671 4650 delectationes
2709 4595 2923 4650 habent
2953 4612 2965 4649 :
2998 4595 3263 4666 spiritalis
3293 4595 3350 4649 in
3381 4595 3468 4650 via
3496 4596 3654 4650 testi-

2026 4688 2355 4742 moniorum
2410 4688 2724 4744 caelestium
2777 4688 3108 4758 delectatur,
3159 4694 3432 4762 tanquam
3488 4704 3658 4745 omne

2024 4781 2319 4854 possidens
2374 4782 2805 4854 patrimonium,
2855 4783 2912 4838 in
2964 4783 3230 4839 omnibus
3282 4783 3464 4852 dives;
3512 4783 3657 4837 sicut

2023 4875 2328 4948 Apostolus
2369 4876 2507 4932 dicit
2550 4893 2563 4932 :
2611 4898 2639 4927 «
2681 4877 2901 4933 Gratias
2949 4894 3058 4950 ago
3097 4879 3214 4934 Deo
3259 4895 3388 4933 meo
3427 4891 3657 4946 semper

2024 4986 2128 5041 pro
2159 4970 2318 5024 vobis
2355 4970 2414 5024 in
2455 4970 2635 5042 gratia
2674 4971 2774 5028 Dei
2814 4973 3017 5041 nostri,
3049 4988 3179 5045 quas
3215 4972 3344 5027 data
3382 4973 3468 5026 est
3496 4969 3655 5024 vobis

2024 5063 2083 5119 in
2114 5064 2336 5120 Christo
2382 5065 2542 5134 Iesu;
2577 5064 2673 5137 qui
2717 5065 2774 5121 in
2814 5065 3080 5121 omnibus
3119 5065 3319 5120 divites
3359 5064 3487 5119 facti
3521 5063 3655 5118 estis

2023 5159 2082 5214 in
2119 5158 2262 5230 ipso,
2295 5159 2354 5213 in
2397 5159 2555 5214 omni
2585 5159 2755 5215 verbo
2795 5163 2854 5214 et
2883 5159 2940 5214 in
2981 5159 3137 5214 omni
3167 5159 3404 5212 scientia
3436 5159 3478 5228 (Ι
3508 5160 3652 5221 σον..

2024 5268 2061 5319 ι,
2101 5253 2157 5322 4,
2201 5251 2272 5310 5).
2317 5273 2344 5302 »
2396 5253 2459 5306 In
2508 5255 2732 5309 tantum
2771 5253 3030 5308 doctrina
3073 5251 3326 5323 Apostoli
3372 5251 3653 5308 Corinthii

2023 5344 2406 5418 profecerunt,
2451 5351 2514 5402 ut
2562 5347 2659 5419 qui
2712 5352 2844 5404 ante
2886 5363 2999 5402 non
3045 5348 3311 5417 poterant
3358 5345 3469 5402 nisi
3515 5347 3657 5402 sicut

2023 5439 2243 5511 parvuli
2271 5439 2356 5494 lac
2383 5440 2568 5496 solum
2594 5440 2808 5510 bibere,
2836 5443 3030 5512 postea
3057 5439 3118 5494 in
3147 5440 3413 5496 omnibus
3444 5441 3655 5497 divitiis

2021 5533 2378 5590 abundarent
2412 5534 2756 5607 cognitionis
2785 5539 2841 5588 et
2880 5531 3056 5588 verbi.
3092 5533 3483 5590 Delectabatur
3513 5551 3653 5607 ergo

2024 5627 2195 5684 David
2248 5629 2307 5683 in
2362 5627 2628 5684 omnibus
2681 5626 2890 5683 divitiis
2944 5627 3312 5700 cognitionis,
3368 5629 3648 5699 scientias,

2023 5751 2136 5806 Sed
2163 5753 2257 5876 pic
2299 5751 2609 5820 comparari
2649 5723 3022 5820 collationem,
3059 5765 3173 5808 non
3222 5753 3652 5821 acquisitionem

2023 5837 2160 5876 sonu
2193 5862 2203 5876 .

2023 5837 2184 5878 εοηαι
2193 5862 2203 5877 .
