4082 6186
476 256 612 317 1287

1945 254 1999 313 s.
2042 242 2350 313 AMBROSll

3694 257 3713 311 1
3727 248 3832 312 288

475 382 766 455 sapientiae
790 427 803 453 ,
853 384 909 441 et
964 376 1017 438 in
1084 376 1239 439 omni
1302 386 1431 437 actu
1486 377 1772 438 bonorum
1839 397 2101 454 operum.
2129 381 2494 465 Altigyptios
2516 378 3045 453 devoravit(E:rod.,
3072 380 3428 453 vu,12).Has
3450 394 3585 451 ergo
3611 378 3838 435 divitias

475 479 543 533 Et
590 478 636 532 si
678 477 803 550 quis
853 493 1005 533 nunc
1052 477 1304 532 intentus
1350 475 1579 540 divinis,
1626 476 1905 547 triplicem
1952 475 2104 530 illam

476 571 768 643 sapientius
806 571 1031 626 hauriat
1073 570 1450 642 disciplinam,
1492 577 1797 642 θεωρητικὴν,
1825 578 2104 641 πρακτικὴν,

473 673 667 734 λογικήν
717 682 730 720 :
782 664 966 720 bonus
1036 663 1220 719 studio
1283 663 1665 736 percipiendae.
1725 662 2102 734 cognitionis,

474 759 770 831 pulchrior
821 758 930 814 erit
983 758 1363 829 exsequendas
1412 755 1708 813 rationalis
1759 757 2102 827 moralisque

479 852 748 908 doctrinae
776 852 1020 924 gratiam
1055 856 1271 907 tenens.
1302 851 1407 916 Qui
1437 851 1767 923 prophetica
1797 851 2105 920 aenigmata

477 947 577 1001 Dei
607 945 819 1017 Spiritu
866 945 1157 1001 revelante
1202 947 1548 1017 cognoverit,
1591 944 1877 1017 Evangelii
1910 943 2101 997 altitu-

477 1041 669 1097 dinem
722 1039 779 1095 in
829 1038 1100 1110 operibus
1158 1038 1655 1111 comprehenderit
1709 1043 1768 1093 et
1820 1036 2103 1103 consiliis,

479 1133 772 1206 apostolici
798 1133 1079 1188 sermonis
1123 1132 1503 1188 moralitatem
1544 1131 1866 1199 adverterit,
1906 1130 1952 1184 is
1980 1135 2101 1184 tan-

478 1244 654 1301 quam
680 1228 738 1282 in
768 1226 1033 1282 omnibus
1059 1225 1232 1293 dives,
1261 1226 1495 1281 uberem
1521 1225 1707 1296 capiet
1732 1224 2103 1295 voluptatem.

552 1327 639 1378 33.
682 1323 749 1376 Et
784 1319 912 1393 quia
957 1320 1141 1374 suavis
1186 1324 1270 1374 est
1310 1318 1622 1390 corporalis
1662 1318 1936 1390 voluptas,
1978 1316 2106 1371 ideo

480 1433 596 1472 non
647 1414 809 1487 quasi
858 1430 960 1485 pro
1015 1412 1211 1489 gratiae.
1259 1412 1528 1484 qualitate
1578 1427 1707 1466 cum
1760 1409 2107 1483 spiritalibus

479 1512 859 1581 comparatur,
911 1507 1008 1562 sed
1059 1502 1219 1578 qu‘asi
1265 1506 1333 1560 ad
1384 1504 1776 1560 testimonium
1820 1503 2108 1559 suavitatis

478 1603 798 1660 arcessitur.
841 1600 1135 1672 Siquidem
1175 1604 1231 1654 et
1269 1598 1570 1669 Apostolus
1605 1597 1771 1652 docet
1806 1596 2109 1652 invisibilia

480 1704 537 1753 et
573 1696 927 1768 sempiterna
968 1694 1063 1748 Dei
1105 1710 1137 1747 a
1179 1692 1346 1747 nobis
1387 1707 1492 1764 per
1530 1708 1595 1746 ea
1633 1691 1919 1746 intellecta
1960 1705 2102 1759 esse,

477 1809 605 1865 quas.
651 1761 797 1846 facta
839 1792 971 1842 sunt
1013 1786 1207 1859 (Rom,
1252 1802 1287 1853 ι,
1326 1761 1440 1856 20).
1486 1786 1550 1840 In
1597 1783 1837 1840 Canticis
1881 1761 2181 1856 quoqueB

482 1886 761 1941 habemus
800 1880 991 1954 993
1034 1880 1310 1951 scriptum
1344 1898 1355 1933 :
1391 1900 1418 1927 «
1448 1879 1621 1951 Equus
1663 1894 1806 1933 mea:
1835 1877 1893 1932 in
1925 1878 2100 1933 curri-

479 1981 585 2035 bus
624 1974 934 2033 Pharaonis
974 1973 1282 2029 assimilavi
1324 1976 1401 2042 te,
1440 1971 1699 2045 proxima
1742 1987 1865 2027 mea
1902 1971 2102 2041 (Cant.,

482 2089 522 2141 ι,
574 2073 648 2142 8).
702 2092 728 2121 »
778 2071 839 2124 In
892 2084 1006 2140 quo
1061 2067 1198 2123 dum
1254 2065 1534 2121 velocium
1586 2081 1867 2137 equorum
1916 2064 2103 2119 cursui

479 2163 793 2221 similitudo
843 2162 1099 2218 Ecclesiae
1141 2160 1457 2233 comparari
1501 2158 1747 2224 videtur,
1794 2158 2108 2213 testimatur

483 2260 636 2315 dives
672 2259 794 2330 ejus
834 2256 1034 2328 gratia.
1072 2256 1194 2310 Non
1237 2254 1415 2326 igitur
1454 2269 1628 2308 unam
1669 2268 1875 2325 equam
1920 2251 2108 2307 divitis

481 2353 630 2427 regis
671 2351 932 2423 accipias,
961 2349 1058 2404 sed
1098 2348 1349 2403 absolute
1394 2364 1498 2419 pro
1541 2346 1816 2419 equitatu,
1854 2349 1917 2401 ut
1955 2361 2106 2416 saepe

482 2446 748 2515 diximus,
793 2443 978 2515 qualis
1021 2442 1139 2498 ovis
1185 2441 1333 2496 illius
1378 2445 1463 2496 est
1507 2456 1611 2513 pro
1660 2455 1838 2512 grege
1891 2438 2103 2494 ovium.

478 2541 698 2598 Pharao
744 2538 939 2610 igitur,
979 2539 1046 2591 ut
1087 2534 1517 2607 potentissimus
1560 2549 1658 2589 rex
1705 2538 1763 2589 et
1808 2532 2106 2605 praedives,

480 2634 723 2690 habebat
760 2648 938 2704 equos
976 2633 1260 2703 potentes,
1300 2633 1364 2684 ut
1401 2628 1690 2700 Scriptura
1735 2626 1873 2682 dicit
1911 2642 2109 2681 currus

479 2725 811 2795 Pharaonis,
839 2725 1000 2798 quasi
1028 2722 1492 2796 potentissimum
1523 2736 1706 2793 genus
1728 2720 1800 2776 ad
1826 2720 2106 2775 bellorum

480 2839 646 2879 usum
677 2824 732 2877 et
761 2818 1071 2875 subsidium
1102 2816 1420 2890 prteliandi.
1450 2816 1705 2887 Denique
1731 2814 1819 2869 his
1850 2814 2109 2869 curribus

479 2917 699 2974 Pharao
760 2913 1051 2986 fugientes
1111 2911 1375 2967 Hebraeos
1429 2910 1593 2965 facile
1650 2906 2105 2979 comprehendit.

478 3012 637 3068 Sicut
669 3025 808 3081 ergo
842 3006 973 3078 equi
996 3004 1182 3077 juncti
1213 3003 1567 3058 concorditer
1592 3002 1827 3056 trahunt
1854 3016 2106 3068 currum,

479 3110 536 3159 et
570 3103 852 3177 patienter
889 3097 1203 3169 suscipiunt
1229 3097 1459 3168 jugum,
1491 3100 1548 3151 et
1587 3096 1817 3166 portant
1854 3109 2109 3165 congrua

481 3214 612 3253 cum
642 3194 839 3268 gratia,
870 3199 926 3247 et
951 3190 1077 3264 jugi
1117 3190 1267 3245 illius
1305 3188 1658 3261 susceptione
1685 3190 2105 3257 mansuescunt,

480 3292 560 3349 sic
606 3296 663 3346 et
709 3286 1082 3359 congregatio
1125 3284 1422 3340 nationum
1472 3282 1780 3355 gentilibus
1830 3280 2110 3336 indomita

484 3384 738 3441 moribus
777 3398 834 3437 se
874 3385 1005 3436 ante
1032 3377 1314 3451 jactabat;
1343 3377 1440 3432 ubi
1467 3392 1598 3432 vero
1625 3375 1870 3448 suscepit
1901 3375 2106 3447 jugum

481 3478 722 3536 dicentis
759 3493 774 3532 :
815 3498 843 3528 «
874 3474 1075 3531 Tollite
1104 3473 1313 3544 jugum
1356 3487 1617 3528 meum...
1658 3471 1795 3542 quia
1836 3471 1954 3525 leve
1991 3472 2106 3537 est;

482 3580 541 3630 et
588 3590 732 3630 onus
785 3586 999 3638 meum,
1054 3566 1190 3639 quia
1243 3582 1411 3621 suave
1463 3568 1549 3620 est
1600 3565 1839 3633 (Mutth.,
1895 3580 1967 3631 XI,
2017 3566 2105 3632 29,

482 3671 595 3736 30),
637 3688 664 3721 η
704 3674 760 3722 et
799 3665 966 3736 cmpit
1001 3663 1219 3736 Sponsa
1257 3659 1464 3718 Christi
1504 3658 1810 3714 concordia
1850 3662 1906 3713 et
1948 3673 2105 3712 man-

480 3762 784 3820 suetudine
834 3759 1175 3832 populorum
1227 3771 1344 3811 esse
1392 3753 1677 3820 sublimis,
1724 3755 1780 3807 et
1829 3755 1950 3807 toto
2000 3751 2105 3805 cir-

481 3855 750 3914 cumferri
811 3854 977 3919 orbe,
1027 3857 1297 3923 tanquam
1353 3864 1554 3904 currus
1609 3847 1770 3918 equis
1822 3845 2109 3900 velocibus

480 3968 654 4025 supra
682 3947 961 4005 mundum
998 3949 1179 4017 rapta,
1210 3941 1465 3998 ascendit
1489 3940 1561 3995 ad
1588 3941 1892 4012 Sponsum.

551 4047 638 4101 34.
704 4041 960 4112 Denique
1023 4042 1082 4092 et
1146 4037 1203 4091 in
1272 4034 1683 4108 posterioribus
1745 4032 2107 4089 Canticorum

484 4139 739 4214 partibus
764 4134 901 4191 dicit
930 4149 943 4188 :
983 4153 1010 4181 ‹‹
1037 4130 1203 4186 Posui
1234 4135 1290 4184 te
1321 4144 1523 4183 currus
1551 4125 1874 4217 Aminadab
1906 4125 2107 4196 (Cant.,

482 4252 556 4301 vr,
589 4233 692 4304 11).
727 4249 753 4281 n
782 4228 982 4284 Multos
1020 4241 1219 4280 currus
1256 4223 1427 4278 habet
1468 4222 1524 4276 in
1570 4236 1626 4275 se
1662 4219 1928 4284 Ecclesia,
1964 4234 2111 4291 quos

481 4342 682 4384 omnes
724 4320 1071 4395 spiritalibus
1114 4316 1353 4373 habenis
1394 4315 1663 4370 Dominus
1700 4314 1877 4385 regit;
1906 4318 1964 4368 et
1992 4328 2111 4367 una

482 4422 672 4478 anima
731 4417 940 4473 multas
993 4411 1367 4485 cogitationes
1428 4409 1632 4476 habet,
1683 4424 1822 4480 quas
1886 4405 2107 4462 Domini

2206 475 2532 542 habeamus,
2574 475 2663 530 his
2705 474 3075 541 delectemur,
3117 479 3178 530 ut
3220 478 3454 529 currant
3492 473 3658 528 nobis
3700 473 3837 545 equi

2206 572 2592 641 rationabiles,
2626 576 2685 628 et
2726 588 3149 628 commoremur
3190 573 3246 626 in
3286 572 3580 644 prmceptis
3610 586 3834 626 eorum.

2272 669 2361 721 36.
2418 666 2592 736 (Vers.
2649 669 2754 735 t5.)
2800 668 2870 721 Et
2917 667 3046 723 ideo
3098 666 3179 721 ait
3225 682 3238 721 :
3284 667 3351 720 1η
3398 665 3677 720 mandatis
3727 666 3837 719 tuis

2206 761 2503 824 exercebar,
2531 767 2581 817 et
2619 761 2963 817 considerabo
3001 763 3121 817 vias
3158 765 3301 815 tuas.
3329 758 3435 824 Qui
3476 759 3632 814 enim
3669 773 3835 814 exer-

2205 857 2367 910 cetur
2390 854 2448 908 in
2478 853 2666 909 verbis
2698 855 3110 926 apostolorum,
3138 854 3267 909 .lesu
3310 851 3534 908 Domini
3562 851 3837 907 mandata

2206 946 2512 1019 cognoscit,
2543 954 2599 1003 et
2637 947 2959 1003 considerat
2995 947 3115 1002 vias
3156 946 3298 1018 ejus,
3340 946 3548 1017 quibus
3585 944 3714 1000 ﬁnis
3749 951 3838 1002 est

2205 1041 2480 1111 Christus,
2507 1042 2605 1113 qui
2632 1041 2712 1096 ait
2743 1058 2756 1095 :
2786 1061 2814 1091 «
2850 1042 2964 1114 Ego
2991 1057 3117 1096 sum
3147 1040 3236 1095 via
3264 1040 3459 1111 (Joan.,
3487 1055 3595 1106 xw,
3628 1039 3701 1111 6).
3731 1060 3759 1088 ››

2279 1138 2367 1190 37.
2407 1136 2576 1205 (Vers.
2616 1137 2721 1205 16.)
2757 1137 2824 1190 Et
2866 1137 2924 1190 in
2969 1137 3075 1190 tuis
3100 1135 3332 1205 justitiis
3374 1133 3691 1195 meditabor,
3723 1148 3837 1188 non

2206 1229 2493 1285 obliviscar
2543 1230 2823 1284 verborum
2889 1235 3122 1284 tuorum.
3179 1227 3460 1282 Admonet
3521 1226 3612 1281 hic
3677 1226 3835 1281 locus

2206 1339 2488 1378 memores
2533 1322 2843 1394 Scripturae
2888 1338 2993 1377 nos
3042 1337 3163 1376 esse
3213 1320 3442 1387 debere,
3491 1323 3548 1374 et
3585 1319 3837 1390 justitias

2208 1417 2331 1487 ejus
2366 1432 2479 1471 non
2519 1416 2701 1470 solum
2742 1430 3028 1481 sermone,
3061 1414 3157 1469 sed
3203 1414 3369 1469 etiam
3414 1412 3603 1485 operis
3642 1413 3832 1467 imita-

2209 1509 2365 1564 tione
2405 1509 2692 1565 meditari.
2724 1509 2840 1563 Non
2885 1507 3038 1563 enim
3081 1506 3177 1579 qui
3214 1506 3508 1579 disputant
3538 1505 3743 1578 legem,
3777 1512 3834 1559 et

2206 1619 2322 1657 non
2360 1603 2573 1658 faciunt
2614 1619 2740 1674 quae
2771 1601 2912 1673 legis
2953 1605 3104 1670 sunt,
3138 1600 3231 1656 sed
3276 1601 3371 1672 qui
3414 1600 3658 1655 factores
3690 1599 3836 1669 legis

2209 1700 2363 1763 sunt,
2388 1696 2798 1768 justiticantur.

2739 1789 2965 1845 SERMO
2999 1789 3300 1844 TERTIUS.

2874 1887 2902 1938 λ
2942 1872 3149 1934 Gimel.

2279 1979 2328 2030 1.
2371 1975 2557 2030 Tertia
2602 1975 2789 2031 littera
2836 1974 3153 2030 secundum
3205 1973 3470 2030 Hebrmos
3512 1977 3597 2028 est
3640 1973 3833 2036 Gimel,

2206 2086 2333 2142 quae
2380 2069 2579 2124 Latine
2625 2069 2910 2125 retributio
2955 2068 3181 2124 dicitur.
3231 2068 3488 2140 Denique
3536 2067 3597 2121 in
3645 2067 3833 2140 primo

2207 2162 2398 2218 statim
2429 2177 2594 2217 versu
2620 2162 2728 2217 hoc
2759 2162 3101 2219 ostenditur.

2278 2254 2470 2329 994
2512 2259 2566 2311 2.
2613 2257 2785 2327 (Vers.
2833 2259 2938 2325 t7.)
2983 2256 3254 2317 Retribue,
3292 2253 3496 2326 inquit,
3529 2270 3677 2309 servo
3720 2261 3832 2310 tuo.

2208 2349 2507 2415 Quomodo
2565 2365 2739 2421 supra
2790 2349 2915 2421 ipse
2975 2348 3145 2403 David
3200 2364 3213 2402 :
3264 2370 3292 2398 «
3340 2347 3462 2403 Non
3517 2347 3835 2402 secundum

2208 2448 2439 2515 peccata
2476 2447 2668 2498 nostra
2704 2441 2912 2498 reddas
2938 2441 3132 2509 nobis;
3165 2457 3351 2513 neque
3388 2440 3698 2496 secundum
3731 2441 3836 2495 ini-

2209 2538 2450 2609 quitates
2492 2541 2712 2592 nostras
2749 2535 3027 2591 retribuas
3063 2534 3230 2590 nobis
3255 2536 3421 2607 (Psal.
3457 2550 3551 2604 cu,
3583 2536 3689 2606 t0),
3719 2554 3747 2586 ν
3777 2538 3832 2590 et

2208 2630 2298 2685 hic
2337 2631 2518 2703 poscit
2561 2629 3037 2686 retributionem?
3081 2630 3183 2684 llla
3224 2629 3446 2684 videtur
3490 2645 3598 2684 vox
3642 2644 3831 2700 pecca-

2208 2724 2347 2779 toris
2376 2740 2517 2794 esse,
2547 2724 2671 2779 haec
2700 2723 2848 2779 bene
2885 2722 2988 2778 sibi
3031 2723 3261 2791 conscii,
3293 2722 3387 2795 qui
3427 2723 3663 2794 praemia
3697 2722 3833 2777 boni

2208 2818 2394 2890 operis
2426 2822 2709 2889 exposcat.
2753 2816 2912 2872 Unde
2936 2832 3246 2889 possumus
3288 2816 3459 2871 etiam
3491 2815 3600 2870 hoc
3627 2815 3831 2870 intelli-

2210 2926 2366 2983 gere,
2393 2910 2545 2983 quod
2583 2911 2653 2966 de
2683 2911 2806 2982 ejus
2842 2925 3086 2983 persona
3120 2909 3371 2981 psalmus
3406 2909 3507 2963 iste
3533 2908 3835 2975 formetur,

2211 3003 2308 3076 qui
2334 3008 2504 3059 natus
2532 3021 2598 3058 ex
2631 3003 2861 3076 Virgine
2886 3020 2990 3075 pro
3022 3003 3194 3058 totius
3220 3001 3422 3058 mundi
3447 3001 3836 3072 redemptione

2209 3099 2278 3153 ad
2332 3098 2625 3152 dexteram
2676 3097 2857 3152 Patris
2909 3097 3103 3152 sedere
3152 3099 3478 3168 prtesumat,
3525 3095 3666 3149 sicut
3715 3095 3838 3165 ipse

2209 3191 2288 3247 ait
2325 3208 2338 3247 :
2374 3212 2402 3241 «
2443 3191 2665 3246 Amodo
2705 3190 2971 3246 videbitis
3008 3190 3211 3245 Filium
3253 3188 3503 3244 hominis
3540 3187 3836 3242 sedentem

2211 3286 2282 3341 ad
2307 3285 2603 3340 dexteram
2630 3283 2852 3339 virtutis
2878 3283 3120 3355 (Matth.,
3147 3299 3273 3338 xxvr
3326 3282 3431 3352 64).
3463 3303 3491 3333 »

2281 3383 2332 3434 3.
2389 3380 2507 3433 Non
2559 3382 2643 3433 est
2694 3382 2891 3433 tamen
2942 3378 3221 3446 alienum,
3275 3392 3380 3431 nec
3431 3391 3736 3449 arrogans,
3790 3375 3837 3430 si

2208 3472 2377 3527 etiam
2423 3471 2591 3527 David
2641 3472 3159 3528 remunerationem
3204 3489 3235 3526 a
3280 3470 3522 3527 Domino
3573 3472 3681 3526 Deo
3728 3484 3833 3523 suo

2209 3583 2313 3638 pro
2366 3566 2610 3638 egregiis
2663 3565 2947 3621 laboribus
3003 3564 3271 3637 postulet.
3324 3564 3697 3636 Prmrogativa
3750 3565 3839 3617 est

2208 3660 2340 3715 tidei
2381 3665 2555 3731 atque
2591 3659 2850 3730 justitiae,
2893 3659 2961 3714 de
3006 3657 3233 3713 Domini
3275 3658 3464 3712 favore
3510 3655 3835 3712 mercedem

2210 3769 2502 3825 usurpare.
2569 3751 2821 3824 Denique
2886 3751 3329 3823 reprehenditur
3400 3752 3633 3817 Petrus,
3701 3748 3836 3821 quia

2209 3863 2379 3918 super
2424 3846 2627 3902 ﬂuctus
2669 3846 2987 3913 ambulans,
3037 3846 3292 3901 humano
3336 3843 3518 3915 magis
3560 3842 3838 3899 dubitavit

2208 3940 2444 4011 aﬁ'ectu,
2495 3956 2669 4013 quam
2720 3939 3028 4011 apostolica
3079 3938 3413 3994 auctoritate
3476 3937 3840 4009 praesumpsit

2211 4035 2453 4105 (Matth.,
2505 4049 2617 4102 xxv,
2669 4035 2777 4101 31.)
2824 4034 2886 4089 In
2937 4031 3243 4103 Evangelio
3287 4047 3516 4104 quoque
3569 4031 3839 4087 docemur

2211 4127 2423 4183 habere
2463 4127 2659 4197 fidem,
2695 4130 2754 4183 et
2792 4143 2907 4182 non
2953 4126 3221 4181 haesitare
3264 4125 3336 4181 de
3380 4125 3450 4180 iis
3490 4140 3619 4197 quae
3663 4138 3838 4196 supra

2211 4222 2509 4278 hominem
2562 4224 2722 4290 sunt,
2781 4219 3049 4293 gerendis
3102 4221 3272 4290 (Luc.,
3331 4235 3458 4286 xvn,
3511 4217 3583 4290 6).
3639 4217 3827 4272 Meritr

2210 4330 2349 4385 ergo
2399 4314 2572 4369 David
2625 4314 2681 4368 in
2736 4313 3150 4386 superioribus,
3200 4312 3362 4384 quasi
3407 4311 3589 4367 adhuc
3629 4308 3840 4382 imper-

2211 4410 2409 4476 fectus,
2442 4407 2759 4463 secundum
2800 4410 3027 4479 peccata
3060 4406 3164 4461 sibi
3206 4405 3364 4461 reddi
3404 4405 3636 4477 refugit,
3670 4411 3838 4478 atque

484 4517 701 4572 habena
754 4509 1048 4581 restringit
1096 4511 1153 4561 et
1200 4510 1448 4571 revocat;
1503 4502 1803 4574 nequando
1853 4501 1911 4555 in
1962 4502 2430 4577 prae-Dpsalmo
2476 4500 2569 4573 qui
2616 4503 2700 4556 est
2746 4499 3043 4571 posterior,
3090 4500 3252 4572 quasi
3298 4499 3572 4554 fundatus
3615 4498 3839 4555 virtutis

482 4612 717 4682 ruptum
792 4609 986 4660 noster
1054 4601 1145 4655 hic
1221 4614 1419 4654 currus
1493 4598 1726 4653 feratur.
1793 4592 2108 4651 Aminadab

484 4711 675 4760 autem
726 4694 1188 4769 interpretatione
1233 4692 1585 4765 signiﬁcatur
1627 4694 1792 4762 pater
1835 4688 2105 4760 beuepla-

480 4799 597 4867 citi,
624 4795 786 4867 cujus
811 4790 958 4848 [ilius
981 4788 1192 4861 legitur
1224 4788 1284 4842 in
1322 4784 1579 4841 Numeris
1602 4784 1817 4840 Naason
1845 4782 2109 4855 princeps

483 4891 678 4969 populi
724 4890 930 4961 (Num.,
982 4900 1038 4953 ιι,
1086 4882 1173 4953 3);
1222 4880 1317 4953 qui
1367 4880 1438 4935 sit
1482 4877 1887 4950 intelligendus
1930 4876 2105 4930 inter-

476 4986 799 5063 pretatione
841 4976 1235 5051 serpentinus;
1269 4977 1328 5029 et
1363 4971 1620 5045 agnoscis
1661 4970 1833 5037 istud,
1864 4969 1905 5024 si
1950 4985 2108 5041 repe-

482 5089 588 5149 tas,
633 5079 767 5153 quia
811 5076 956 5130 sicut
1001 5085 1233 5143 serpens
1280 5066 1555 5141 pependit
1602 5066 1660 5121 in
1710 5065 1865 5138 ligno
1912 5063 2009 5135 qui
2056 5067 2108 5119 te

484 5174 743 5232 redemit.

553 5272 643 5325 35.
695 5268 843 5338 Ergo
895 5262 1087 5318 anima
1137 5275 1336 5316 currus
1393 5262 1479 5313 est
1530 5255 1648 5323 Dei,
1702 5257 1767 5310 ut
1822 5252 1904 5307 ira
1961 5250 2105 5323 ejus,

481 5367 540 5422 et
589 5360 790 5428 libido,
841 5364 899 5415 et
945 5357 1136 5421 timor,
1186 5356 1245 5408 et
1294 5366 1494 5406 omnes
1547 5348 1841 5404 saeculares
1895 5362 2105 5401 concu-

479 5455 773 5533 piscentias
816 5452 1193 5507 refrenentur.
1235 5444 1482 5502 Ecclesia
1520 5456 1745 5514 quoque
1785 5455 1986 5494 currus
2025 5444 2111 5496 est

474 5532 611 5619 Dei,
665 5564 791 5622 qua;
847 5542 1105 5618 regenda
1152 5545 1238 5598 est
1295 5534 1694 5612 gubernaculis
1743 5532 1983 5603 Christi,
2036 5547 2110 5588 ne

479 5647 834 5704 diversorum
872 5638 1213 5713 populorum
1240 5636 1431 5689 motus
1460 5644 1586 5687 eam
1616 5626 2108 5699 dissensionesque

437 5738 840 5816 'perturbent.
889 5732 991 5789 Illo
1038 5744 1264 5803 quoque
1311 5727 1532 5784 Naason
1572 5724 1721 5781 bene
1771 5719 2110 5793 intelligitur

481 5834 765 5901 Christus;
802 5826 935 5902 quia
972 5823 1135 5894 virga
1174 5823 1359 5883 Aaron
1402 5833 1667 5876 conversa
1713 5816 1773 5874 in
1814 5819 2109 5890 serpentes

2209 4611 2495 4667 processu,
2543 4593 2781 4649 retribui
2831 4593 2933 4648 sibi
2985 4593 3299 4648 secundum
3354 4592 3485 4647 ﬁdei
3536 4592 3837 4663 operisque

2208 4688 2521 4745 certamina
2584 4688 2920 4760 deprecatur
2980 4687 3146 4757 (Psal.
3212 4703 3316 4754 cu,
3372 4686 3480 4757 t0.)
3542 4685 3837 4758 Siquidem

2208 4783 2377 4838 etiam
2404 4782 2633 4850 Paulus,
2663 4782 2760 4853 qui
2791 4786 2920 4837 ante
2958 4780 3178 4836 dixerat
3205 4798 3219 4836 :
3252 4801 3279 4829 ‹‹
3310 4780 3431 4835 Non
3470 4795 3595 4834 sum
3628 4778 3838 4851 dignus

2208 4876 2392 4953 vocari
2442 4874 2731 4949 apostolus
2784 4876 2822 4946 (l
2881 4874 3026 4937 σον..
3080 4889 3170 4941 xv,
3220 4876 3296 4943 9),
3350 4894 3377 4923 »
3434 4877 3632 4945 postea
3684 4872 3763 4928 ait
3820 4888 3834 4927 ε

2211 4992 2237 5019 ‹‹
2273 4973 2521 5042 Reposito
2550 4974 2627 5025 est
2648 4969 2786 5025 mihi
2810 4984 3007 5027 corona
3029 4970 3281 5039 justitiz,
3306 4983 3472 5038 quam
3491 4966 3679 5023 reddet
3702 4966 3838 5021 mihi

2209 5066 2459 5120 Dominus
2492 5064 2551 5118 in
2591 5064 2692 5117 illa
2725 5063 2833 5126 die,
2852 5062 3037 5133 justus
3059 5061 3236 5132 judez
3266 5080 3283 5116 :
3312 5077 3418 5117 non
3458 5061 3628 5115 solum
3653 5063 3836 5114 autem

2206 5156 2359 5220 mihi,
2388 5156 2482 5211 sed
2510 5161 2561 5210 et
2600 5158 2676 5211 eis
2700 5158 2798 5227 qui
2828 5156 3071 5224 diligunt
3104 5154 3400 5209 adventum
3427 5155 3542 5223 ejus
3571 5152 3640 5223 (l1
3671 5154 3833 5215 Tim,

2208 5267 2279 5317 iv,
2307 5252 2379 5321 8).
2410 5270 2437 5303 ι)
2470 5251 2537 5305 Et
2562 5250 2858 5321 Apostolus
2883 5248 2959 5304 ibi
2987 5248 3303 5321 pollicetur,
3327 5248 3420 5302 hic
3446 5249 3639 5302 autem
3670 5262 3832 5302 vere-

2207 5344 2445 5400 cundius
2469 5344 2653 5400 adhuc
2679 5347 2944 5415 precatur
2968 5342 3121 5416 quod
3157 5341 3354 5415 utique
3391 5357 3506 5397 non
3537 5339 3835 5397 insolentis

2206 5438 2561 5510 arrogantiae,
2588 5437 2688 5493 sed
2719 5437 3037 5493 innocentis
3071 5439 3157 5492 est
3194 5434 3576 5504 conscientiae,
3604 5433 3674 5489 ab
3712 5434 3837 5506 ipso

2206 5531 2298 5587 cui
2322 5531 2598 5600 servietis,
2627 5534 2819 5603 petere
2849 5530 3205 5598 mercedem;
3233 5529 3511 5602 quoniam
3534 5527 3838 5601 desperare

2206 5624 2472 5697 segnitiei
2513 5629 2598 5681 est
2635 5624 2873 5682 materia
2916 5641 2929 5681 :
2971 5638 3196 5699 sperare
3233 5625 3447 5694 autem,
3484 5622 3838 5681 incentivum

2208 5718 2412 5787 laboris
2448 5724 2552 5779 est.

2279 5815 2331 5872 1.
2378 5814 2509 5873 Pete
2548 5813 2724 5888 igitur
2767 5814 3133 5890 conﬁdenter,
3174 5816 3219 5874 si
3264 5815 3466 5876 merita
3510 5812 3834 5889 suffragari.
