4082 6186
192 283 206 331 1
216 278 311 331 289

1310 271 1659 327 EXPOSITIO
1700 273 1765 326 IN
1807 271 2118 332 PSALMUM
2157 275 2383 330 CXVIII.

3390 281 3532 333 I290

187 409 285 464 tur,
316 405 374 452 ut
415 397 550 451 talia
591 397 838 466 petendo
880 395 1182 451 studiosius
1221 394 1497 461 elabores,
1536 395 1690 466 quod
1733 411 1800 449 ea
1822 396 2144 480 AEcclesia
2202 413 2332 451 cum
2393 398 2601 467 uritur,
2649 398 2989 455 detrimenta
3036 415 3148 453 non
3198 402 3387 468 sentit,
3434 401 3532 457 sed

184 491 446 563 petitione
487 492 556 544 sis
591 489 836 560 dignior.
866 489 1003 553 Quis
1039 489 1251 545 athleta
1275 489 1322 542 si
1349 489 1610 560 desperet
1634 504 1796 543 coro-

183 601 327 651 nam,
364 583 671 638 descendat
713 583 773 637 in
814 581 1059 638 stadium
1100 599 1114 637 :
1158 587 1258 637 aut
1297 582 1345 636 si
1386 598 1512 637 eam
1554 583 1802 652 postulet

183 680 361 745 victor,
409 676 697 732 offendat?
737 676 1002 731 Probatio
1051 691 1211 747 spem
1257 677 1409 744 facit,
1457 691 1584 746 spes
1625 676 1796 730 confi-

183 771 440 826 dentiam.
492 771 632 824 Justi
685 786 822 840 ergo
876 769 1007 824 talis
1056 769 1236 824 oratio
1291 773 1374 824 est
1424 787 1437 823 :
1491 769 1802 824 delectatur

186 865 443 919 Dominus
474 864 572 918 tali
602 863 949 935 precatione,
980 868 1042 919 ut
1078 879 1180 933 pro
1218 862 1464 934 puritate
1506 861 1795 918 conscien-

189 959 269 1009 Περ
298 957 474 1011 utaris
500 957 856 1012 auctoritate.

246 1082 293 1131 5.
331 1078 546 1132 Tamen
588 1077 898 1148 quominus
940 1077 1197 1131 videatur
1244 1076 1439 1147 petitio
1499 1093 1798 1147 arrogans,

185 1172 314 1225 bene
355 1169 616 1225 addidit:
645 1172 808 1226 Servo
841 1177 971 1236 tuo;
1002 1169 1058 1223 in
1091 1185 1205 1240 quo
1247 1174 1304 1223 et
1344 1169 1679 1223 humilitatis
1717 1176 1801 1223 est

188 1264 371 1333 gratia,
403 1269 458 1317 et
485 1263 795 1334 praemium
815 1262 1123 1317 servitutis.
1146 1263 1248 1326 Qui
1277 1262 1431 1316 enim
1463 1266 1692 1316 vocatus
1718 1265 1803 1316 est

189 1357 236 1408 in
274 1356 506 1410 Domino
549 1371 763 1422 servus,
811 1355 1030 1410 iberlus
1076 1361 1162 1410 est
1203 1354 1425 1410 Domini
1467 1357 1505 1423 (l
1533 1355 1676 1416 Con,
1707 1371 1800 1424 vu,

189 1451 280 1518 ‘22),
301 1455 413 1502 tam
441 1449 692 1520 pretioso
723 1453 952 1520 emptus
983 1448 1280 1518 sanguine.
1302 1449 1571 1518 Magnum
1601 1447 1698 1502 tibi
1720 1452 1806 1502 est

191 1543 344 1596 vocari
386 1558 638 1613 puerum
677 1559 891 1607 meum,
921 1542 1084 1614 quasi
1115 1542 1186 1596 ad
1229 1557 1457 1596 servum
1488 1540 1712 1596 dicitur.
1745 1541 1804 1596 Si

193 1636 296 1706 quis
315 1650 452 1706 ergo
482 1641 574 1690 est
599 1652 814 1703 servus,
838 1638 894 1690 et
917 1635 1064 1690 bene
1090 1635 1262 1689 servit
1286 1635 1544 1704 Domino,
1571 1639 1628 1688 et
1655 1634 1804 1688 nihil

194 1729 300 1781 facit
349 1729 508 1799 quasi
555 1744 746 1783 servus
790 1730 1050 1799 peccati;
1085 1727 1182 1782 sed
1234 1727 1331 1799 qui
1374 1727 1550 1782 dicit:
1597 1727 1802 1782 Servus

197 1821 378 1874 inutilis
400 1837 532 1876 sum
559 1839 575 1891 ;
605 1821 755 1894 quod
778 1821 950 1876 debui
975 1821 1185 1890 facere,
1207 1821 1314 1877 feci
1339 1838 1354 1889 ;
1379 1821 1524 1876 bene
1552 1820 1598 1874 is
1626 1820 1762 1875 dicit
1787 1839 1799 1874 :

196 1915 412 1969 Relribue
438 1930 594 1970 servo
627 1922 735 1970 tuo.

253 2045 298 2096 6.
335 2041 590 2096 Gloriosa
637 2042 895 2109 servitus,
939 2058 1052 2112 qua
1117 2059 1220 2112 pro
1265 2042 1429 2098 nobis
1477 2041 1705 2096 servivit
1747 2045 1805 2095 et

203 2134 444 2188 Christus.
482 2135 658 2188 Beata
697 2134 936 2190 servitus
976 2134 1108 2204 (47),
1137 2151 1249 2206 qua
1275 2140 1331 2190 et
1371 2139 1431 2188 tu
1459 2134 1673 2189 servis:
1705 2135 1801 2189 sed

205 2226 284 2292 ita,
315 2228 356 2280 si
395 2227 540 2281 nihil
585 2228 760 2298 possit
800 2228 1156 2282 adversarius
1194 2228 1264 2282 de
1308 2233 1404 2282 tuo
1438 2228 1543 2282 sibi
1578 2227 1802 2282 servitio

205 2318 480 2374 vindicare.
510 2323 681 2374 Amat
711 2335 849 2391 ergo
888 2321 1142 2376 Christus
1167 2321 1302 2375 boni
1328 2321 1651 2376 libertatem
1682 2337 1798 2374 ser-

205 2411 317 2466 vuli.
342 2413 592 2483 Denique
638 2413 695 2467 in
737 2414 980 2468 Canticis
1017 2413 1157 2468 dicit
1189 2431 1202 2468 :
1251 2417 1486 2478 «Quam
1535 2413 1803 2484 speciosae

207 2503 340 2558 facile
367 2511 490 2560 sunt
518 2521 676 2577 genae
706 2512 821 2560 tua:
861 2507 1005 2561 sicut
1037 2508 1290 2574 turturis,
1320 2508 1504 2562 cervix
1535 2511 1631 2562 tua
1660 2508 1804 2560 sicut

209 2597 506 2652 redimicula
530 2599 731 2668 (Cant,
758 2616 794 2667 i,
826 2602 876 2669 9)
902 2600 915 2652 l
948 2621 974 2648 ›)
1001 2601 1197 2654 Vultus
1217 2600 1449 2655 liberior
1471 2607 1575 2666 est,
1602 2600 1695 2653 ubi
1719 2605 1804 2653 est

221 2690 454 2743 castitatis
476 2693 815 2746 conscientia
849 2693 954 2762 (48)
990 2715 999 2745 :
1036 2699 1093 2748 et
1120 2696 1351 2764 portare
1395 2693 1570 2748 Chisti
1594 2694 1801 2764 jugum

221 2797 366 2836 suave
387 2791 478 2849 est,
501 2785 541 2838 si
570 2791 908 2840 ornamenta
939 2790 1106 2856 putes
1133 2786 1362 2840 cervicis
1388 2791 1498 2841 tum
1525 2802 1667 2852 esse,
1691 2802 1802 2840 non

210 2889 374 2930 onera.
417 2878 619 2933 Attolle
675 2895 816 2950 ergo
865 2879 1056 2934 oculos
1107 2895 1334 2950 semper
1371 2879 1442 2934 ad
1493 2879 1802 2934 Dominum

209 2965 369 3042 995
406 2971 589 3026 Deum
628 2976 813 3039 tuum,
857 2978 912 3026 et
950 2988 1142 3043 quaere
1185 2973 1365 3026 Deum
1415 2978 1476 3026 ut
1531 2971 1802 3028 invenias.

209 3061 347 3132 Erige
400 3066 717 3134 cervicem;
773 3065 1129 3134 redimicula,
1184 3081 1298 3120 non
1352 3066 1571 3120 vincula
1631 3065 1801 3136 geris.

205 3153 352 3209 Multa
402 3173 634 3230 quoque
695 3158 964 3213 animalia
1026 3158 1374 3213 redimiculis
1432 3159 1698 3229 gaudent,
1751 3138 1879 3213 etC

206 3247 461 3316 phalerari
497 3251 608 3305 sibi
638 3252 839 3322 magis,
871 3268 1042 3323 quam
1083 3250 1354 3306 vinculari
1381 3251 1646 3306 videntur
1675 3253 1804 3322 (49).

206 3339 349 3396 Gens:
374 3343 518 3398 sicut
542 3345 778 3398 turturis
797 3345 1109 3415 praeferant
1132 3345 1379 3415 insignia
1409 3344 1765 3400 verecundiae
1790 3362 1803 3400 :

207 3434 509 3491 redimicula
529 3437 761 3492 cervicis
782 3436 1056 3493 libertatis
1076 3438 1339 3493 attollant
1356 3437 1640 3493 fiduciam.
1669 3439 1807 3493 Leve

207 3532 273 3579 est
297 3529 439 3584 enim
463 3532 676 3602 jugum
707 3530 934 3599 Christi,
967 3536 1025 3586 et
1059 3532 1186 3587 ideo
1213 3532 1396 3587 cervix
1427 3549 1494 3586 eo
1531 3547 1645 3586 non
1677 3548 1804 3603 pre-

210 3621 373 3689 mitur,
400 3624 496 3678 sed
529 3625 769 3679 levatur.

262 3751 307 3799 7.
347 3769 373 3793 ‹‹
402 3748 841 3816 Similitudines,
883 3749 1086 3820 inquit,
1131 3750 1254 3804 auri
1290 3750 1563 3804 faciemus
1599 3749 1699 3804 tibi
1739 3766 1807 3804 ex

204 3837 633 3895 distinctionibus
652 3843 899 3912 argenti,
921 3842 1295 3913 quoadusque
1321 3844 1433 3898 Rex
1457 3849 1540 3898 est
1562 3843 1618 3898 in
1639 3844 1806 3898 decli-

202 3932 405 3988 natione
443 3951 544 3989 sua
583 3936 773 4004 (Ibid.,
806 3937 912 4004 t0).
948 3958 974 3984 η
1011 3937 1090 3991 Ex
1133 3935 1199 3988 iis
1241 3937 1392 3990 enim
1435 3937 1531 4008 qui
1575 3953 1639 3991 ex
1684 3938 1808 4008 lege

202 4031 320 4077 sunt
372 4033 426 4078 et
483 4029 792 4099 prophetis,
845 4028 1213 4083 mediocriter
1270 4035 1402 4083 ante
1452 4030 1811 4086 crediderant

203 4118 429 4184 gloriam
480 4121 700 4176 Domini
747 4123 878 4176 Jesu
923 4139 935 4176 :
986 4121 1086 4176 sed
1126 4122 1412 4177 hereditas
1448 4123 1570 4193 ejus
1608 4123 1811 4178 diffusa

202 4205 289 4277 per
327 4214 587 4284 populos,
616 4231 729 4284 quo
768 4214 1128 4285 frequentius
1175 4215 1522 4284 examinata,
1555 4217 1662 4270 hoc
1689 4233 1806 4271 am-

203 4304 330 4370 plius
373 4311 454 4361 est
503 4307 755 4378 probata.
791 4307 1016 4364 Crebra:
1048 4308 1203 4363 enim
1241 4308 1668 4379 persecutiones
1707 4311 1808 4364 Ec-

204 4395 368 4451 Clesiaa
398 4399 693 4469 justorum
721 4399 886 4454 nobis
926 4401 1142 4468 titulos,
1173 4404 1229 4456 et
1268 4401 1529 4473 martyrii
1557 4403 1812 4457 victorias

1823 1771 1879 1842 B

1899 490 2084 561 magis
2105 491 2298 562 fulgor
2324 493 2446 561 ejus
2506 497 2768 562 augetur,
2806 492 2986 547 donec
3043 492 3294 547 Christus
3349 495 3535 549 veniat

1900 583 1956 638 in
2001 599 2246 654 regnum
2290 601 2474 652 suum,
2507 589 2565 639 et
2606 583 2840 640 reclinet
2864 591 3037 656 caput
3062 601 3228 640 suum
3256 585 3315 639 in
3353 587 3534 642 Eccle-

1901 676 1997 730 siae
2026 677 2159 731 fide.
2187 679 2292 742 Qui
2315 694 2446 732 cum
2481 679 2721 734 venisset
2759 678 2829 732 ad
2863 694 2996 732 oves
3032 678 3290 747 perditas
3331 677 3536 733 domus

1902 770 2095 837 Israel,
2137 786 2254 825 non
2301 771 2550 826 habebat
2598 771 2698 825 ubi
2753 776 2922 842 caput
2970 787 3136 825 suum
3182 771 3531 826 reclinaret:

1901 879 2051 917 nunc
2095 868 2284 918 autem
2321 865 2447 934 jam
2475 864 2687 919 redolet
2712 863 2886 932 fides;
2922 863 3164 935 ideoque
3191 865 3326 918 dicit
3355 865 3533 918 Eccle-

1900 957 1982 1011 sia
2011 975 2024 1010 :
2060 978 2088 1005 ‹‹
2119 957 2337 1011 Nardus
2364 973 2488 1011 mea
2519 957 2676 1011 dedit
2699 957 2929 1012 odorem
2959 973 3122 1010 suum
3154 957 3339 1026 (Ibid.,
3368 959 3474 1026 11).
3507 979 3534 1005 ››

1901 1051 1968 1104 Et
2003 1049 2138 1104 dicit
2176 1065 2306 1104 cum
2350 1050 2795 1121 praesumptione
2825 1054 3158 1121 exspectans
3205 1049 3535 1104 retributio-

1905 1158 2062 1197 nem.

1971 1238 2024 1290 8.
2087 1236 2319 1305 Fragrat
2377 1238 2742 1304 unguentum
2813 1236 3033 1305 gratim,
3075 1251 3140 1290 ex
3205 1251 3318 1306 quo
3371 1237 3539 1306 Virgo

1905 1327 2211 1398 generavit,
2241 1333 2300 1382 et
2331 1329 2602 1382 Dominus
2628 1329 2787 1382 Jesus
2813 1333 3236 1382 sacramentum
3271 1330 3536 1383 Incarna-

1905 1420 2071 1474 tionis
2115 1421 2442 1490 assumpsit.
2475 1442 2501 1468 »
2533 1419 2850 1491 Colligatio,
2884 1420 3091 1491 inquit,
3125 1426 3301 1490 guttai
3337 1437 3535 1475 conso-

1901 1511 2099 1566 brinus
2149 1529 2331 1578 meus,
2361 1513 2564 1582 botryo
2603 1513 2767 1583 Cypri
2803 1512 2982 1566 frater
3026 1528 3184 1566 meus
3224 1514 3332 1583 (5t)
3373 1514 3538 1580 mihi,

1904 1606 2056 1659 inter
2110 1606 2297 1660 media
2351 1605 2534 1659 ubera
2590 1622 2718 1658 mea
2769 1606 3078 1675 requiescit
3137 1607 3322 1667 (lbid.,
3368 1608 3536 1676 12).»

1905 1699 2116 1769 Corpus
2158 1699 2311 1752 enim
2367 1698 2676 1768 suscipiens
2718 1698 2989 1752 Dominus
3045 1699 3205 1752 Jesus
3245 1699 3538 1753 charitatis

1903 1809 1960 1846 se
2011 1791 2248 1846 vinculis
2302 1792 2536 1861 illigavit
2579 1808 2592 1844 :
2640 1797 2696 1845 et
2731 1806 2847 1845 non
2906 1790 3089 1844 solum
3147 1809 3206 1844 se
3261 1791 3538 1846 membris

1905 1885 2106 1939 nostris
2146 1889 2203 1938 et
2243 1883 2594 1953 passionibus
2637 1883 3010 1950 naturalibus,
3043 1884 3141 1937 sed
3173 1885 3347 1938 etiam
3383 1886 3536 1938 cruci

1903 1977 2113 2045 vinxit;
2158 1977 2404 2047 ideoque
2454 1976 2596 2030 sicut
2644 1977 2844 2047 botryo
2902 1977 2961 2030 in
3009 1977 3266 2031 Ecclesiae
3311 1977 3441 2044 fide,
3486 1983 3542 2031 et

1904 2070 2106 2125 morali
2144 2069 2451 2141 requiescit
2481 2068 2682 2140 gratia.
2713 2092 2738 2118 «
2776 2069 2988 2123 Nardus
3021 2069 3210 2140 Cypri,
3241 2070 3537 2124 consobri-

1905 2180 2011 2219 nus
2057 2179 2217 2218 meus
2267 2163 2326 2216 in
2368 2162 2548 2217 vineis
2583 2161 2840 2234 Engaddi
2894 2162 3098 2229 (Cant.,
3141 2178 3176 2228 ι,
3219 2163 3323 2232 13).
3356 2185 3383 2211 ››
3427 2164 3538 2216 En-

1905 2257 2095 2328 gaddi,
2124 2256 2170 2310 si
2209 2256 2397 2310 locum
2429 2255 2758 2326 quaerimus,
2789 2255 3041 2326 regionis
3075 2255 3371 2326 cujusdam
3410 2272 3538 2326 quae

1906 2351 1962 2404 in
2003 2349 2197 2404 Judma
2243 2355 2348 2419 est,
2384 2350 2538 2404 locus
2584 2349 2662 2402 sic
2711 2347 2937 2417 dicitur,
2977 2349 3038 2404 in
3089 2365 3202 2420 quo
3250 2348 3540 2419 opobalsa-

1907 2460 2064 2497 mum
2109 2443 2366 2514 gignitur
2405 2460 2416 2496 :
2453 2442 2498 2496 si
2533 2442 3086 2513 interpretationem,
3115 2442 3371 2513 Engaddi
3410 2447 3537 2496 ten-

1903 2537 2042 2591 tatio
2070 2537 2240 2591 latine
2269 2535 2639 2607 significatur.
2671 2537 2731 2590 1n
2763 2535 2875 2589 illis
2913 2550 3052 2607 ergo
3094 2535 3276 2590 vineis
3317 2535 3535 2605 lignum

1905 2635 2011 2699 est,
2040 2630 2188 2700 quod
2220 2629 2264 2682 si
2303 2630 2431 2700 quis
2467 2631 2844 2699 compungat,
2880 2633 3242 2700 unguentum
3279 2627 3494 2682 emittit
3523 2644 3536 2680 :

1906 2723 1997 2776 hic
2044 2721 2261 2775 fructus
2325 2726 2410 2775 est
2461 2721 2621 2791 ligni.
2675 2720 2730 2774 Si
2782 2737 2895 2774 non
2954 2721 3241 2775 incidatur
3292 2721 3538 2791 lignum,

1903 2831 2018 2870 non
2060 2815 2134 2868 ita
2178 2815 2399 2884 fragrat
2443 2817 2500 2867 et
2552 2811 2812 2880 redolet;
2843 2817 3192 2884 cumautem
3230 2827 3536 2882 compunc-

1905 2912 2026 2962 tum
2083 2907 2256 2962 fuerit
2281 2883 2528 2962 artificis
2569 2921 2764 2971 manu,
2811 2908 2945 2959 tunc
2973 2883 3305 2976 'lacrymam
3354 2903 3537 2958 distil-

1904 3002 1986 3056 lat
2041 3018 2053 3054 :
2110 3001 2248 3054 sicut
2303 3005 2361 3054 et
2412 2999 2665 3054 Christus
2725 2997 2781 3051 in
2833 2997 2929 3052 illo
2998 2998 3326 3053 tentationis
3383 2998 3541 3068 ligno

1905 3095 2200 3149 crucifixus
2256 3091 2646 3164 illacrymabat
2694 3091 2993 3161 populum,
3033 3094 3094 3144 ut
3134 3094 3362 3162 peccata
3403 3107 3536 3145 nos-

1909 3191 1996 3242 tra
2033 3188 2297 3252 dilueret,
2343 3189 2401 3240 et
2461 3186 2530 3240 de
2574 3186 2886 3242 visceribus
2950 3183 3356 3239 misericordire
3425 3200 3540 3238 suat

1907 3281 2186 3336 fundebat
2243 3282 2627 3351 unguentum,
2680 3279 2875 3334 dicens
2935 3296 2946 3331 :
3007 3300 3032 3325 ‹‹
3079 3279 3274 3343 Pater,
3317 3277 3538 3332 dimitte

1909 3375 2038 3442 illis,
2066 3374 2200 3444 quia
2241 3372 2500 3428 nesciunt
2543 3373 2679 3443 quid
2723 3372 2936 3426 faciunt
2978 3371 3148 3440 (Lua,
3182 3387 3332 3437 xxiii,
3366 3371 3474 3437 34).
3512 3393 3538 3419 ››

1908 3469 2060 3522 Tunc
2119 3483 2258 3537 ergo
2317 3466 2375 3520 in
2437 3467 2594 3536 ligno
2652 3469 3023 3536 compunctus
3079 3470 3162 3518 est
3218 3465 3440 3531 lancea,
3488 3470 3544 3517 et

1911 3561 2082 3615 exivit
2114 3561 2183 3614 de
2219 3576 2287 3614 eo
2332 3560 2566 3630 sanguis
2601 3564 2660 3614 et
2698 3574 2845 3629 aqua
2887 3559 3043 3613 omni
3079 3563 3374 3627 unguento
3412 3573 3537 3610 sua-

1909 3655 2062 3723 vior,
2110 3656 2343 3723 accepta
2408 3653 2518 3706 Deo
2582 3651 2796 3718 hostia,
2846 3667 2952 3721 per
3017 3655 3201 3704 totum
3263 3650 3538 3704 mundum

1909 3747 2141 3802 odorem
2186 3743 2650 3800 sanctificationis
2689 3743 2988 3799 effundens
3035 3760 3048 3797 :
3094 3747 3150 3797 et
3202 3743 3362 3813 quasi
3420 3741 3539 3794 hal-

1912 3857 2132 3895 samum
2178 3856 2243 3894 ex
2306 3838 2538 3906 arbore,
2583 3837 2661 3891 sic
2732 3836 2910 3891 virtus
2953 3835 3142 3890 exibat.
3192 3851 3222 3887 e
3280 3849 3538 3903 corpore.

1911 3935 2067 3991 Unde
2117 3934 2198 3988 ait
2245 3949 2257 3986 :
2311 3931 2560 3986 «Sentio
2602 3930 2871 3984 virtutem
2914 3929 3093 3984 exisse
3135 3927 3204 3981 de
3248 3943 3336 3980 me
3372 3928 3540 3997 (Luc..

1911 4044 2025 4093 viii,
2057 4027 2164 4087 46).
2200 4049 2224 4073 ››
2268 4025 2405 4079 Inde
2445 4023 2874 4096 opobalsamum
2913 4023 3018 4092 (52)
3070 4020 3356 4092 expressio
3406 4019 3540 4073 dici-

1911 4125 2024 4186 tur,
2064 4135 2130 4172 eo
2167 4118 2319 4189 quod
2373 4117 2818 4188 compunctione
2875 4114 3016 4186 ligni
3071 4113 3388 4167 balsamum
3445 4127 3546 4182 per

1910 4229 2207 4268 cavernam
2260 4211 2585 4282 punctionis
2637 4209 2906 4280 erumpit.
2946 4210 3330 4278 Compunctus
3375 4205 3548 4276 igitur

1909 4307 2066 4361 Jesus
2120 4305 2355 4360 odorem
2414 4303 2762 4358 remissionis
2825 4308 3186 4372 peccatorum
3251 4297 3442 4370 996
3491 4305 3550 4352 et

1912 4399 2324 4469 redemptionis
2403 4397 2630 4452 effudit.
2685 4397 2824 4450 Nam
2878 4399 2936 4448 et
3001 4394 3336 4448 constrictus
3403 4397 3547 4455 erat,

204 4489 490 4546 ediderunt
555 4496 680 4560 (50).
736 4495 932 4565 Itaque
997 4493 1140 4550 sicut
1189 4511 1392 4550 aurum
1447 4495 1684 4564 bonum,
1739 4493 2158 4570 itaDVerbum
2215 4508 2347 4546 cum
2396 4496 2562 4558 esset,
2602 4491 2774 4544 homo
2819 4489 2998 4542 factus
3044 4504 3056 4540 :
3104 4490 3160 4541 et
3185 4501 3404 4557 pauper
3432 4485 3547 4539 fac-

253 4671 339 4731 (17)
389 4673 611 4723 Desunt
666 4675 721 4723 in
778 4686 931 4736 mss.,
984 4674 1153 4725 Beata
1206 4675 1448 4738 servitus,
1499 4690 1609 4740 qua
1660 4683 1705 4728 et
1761 4683 1816 4728 tu

206 4742 363 4862 servit?
411 4742 529 4793 Sed
575 4757 687 4792 non
731 4744 988 4796 videntur
1034 4745 1104 4795 ad
1145 4758 1368 4796 sensum
1420 4748 1813 4811 complendum

207 4822 282 4860 inu
310 4826 326 4862 ι
350 4828 419 4862 ia.

207 4813 419 4864 inutilia.

257 4885 342 4945 (18)
389 4886 522 4936 Mss.
577 4886 817 4950 aliquot,
866 4888 1142 4939 charitatis
1192 4889 1552 4946 conscientia;
1603 4903 1750 4940 unus
1805 4905 1817 4938 :

208 4954 445 5006 castitatis
475 4962 521 5005 et
551 4956 836 5008 charitatis
862 4961 1200 5010 conscientia.

256 5025 345 5095 (19)
396 5026 608 5078 Omnes
659 5027 789 5078 edit.
851 5034 904 5081 et
968 5029 1390 5094 quatuordecim
1456 5045 1609 5093 mss.,
1661 5045 1822 5095 quam

211 5093 404 5164 nudari.
462 5096 600 5161 Reg.
660 5098 765 5148 cod
794 5136 806 5157 ,
866 5093 1029 5164 quam
1077 5101 1316 5158 onerari,
1375 5102 1543 5164 paulo
1605 5093 1820 5152 melius.

213 5161 458 5236 Omnium
513 5169 721 5231 optime
774 5161 918 5231 Vati,
971 5185 1134 5236 quam
1200 5161 1472 5222 vinculari
1520 5189 1536 5220 :
1582 5173 1652 5223 de
1714 5186 1825 5236 quo

213 5235 362 5286 verbo
409 5239 643 5289 consule
680 5241 874 5304 Cangii
915 5235 1277 5294 Glossarium.

267 5308 354 5367 (50)
385 5308 518 5358 Mss.
548 5323 658 5360 non
683 5313 867 5374 pauci,
903 5311 1084 5362 titulos
1111 5313 1367 5376 martyrii
1393 5314 1635 5378 (quidam
1672 5327 1830 5363 mar—

215 5380 395 5440 tyrum)
422 5381 664 5430 uictoriis
693 5382 990 5433 ediderunt.

269 5449 360 5508 (51)
393 5449 552 5502 Rom.
594 5451 725 5501 edit.
766 5459 1007 5505 eraserat
1039 5454 1226 5518 botryo
1271 5455 1438 5519 Cypri
1477 5455 1649 5518 frater
1687 5467 1831 5504 meus

217 5519 326 5566 mihi
362 5536 380 5568 .-
419 5535 547 5584 quae
591 5523 760 5573 verba
806 5529 924 5574 tum
966 5526 1023 5574 in
1070 5539 1202 5574 mss.
1247 5539 1313 5576 ac
1350 5530 1459 5576 vet.
1497 5527 1628 5576 edit.
1673 5537 1831 5588 repe-

221 5589 442 5664 riuntur,
470 5597 584 5664 tum
627 5596 790 5645 etiam
831 5596 981 5659 apud
1022 5596 1170 5646 LXX
1211 5597 1413 5660 Interp.
1440 5596 1604 5659 Quod
1645 5600 1831 5646 autem

221 5660 346 5711 infra
384 5663 575 5715 eadem
619 5665 749 5716 edit.
797 5665 982 5722 habet.
1029 5667 1221 5716 Botrus
1259 5667 1424 5730 Cypri
1471 5665 1832 5719 consobrinus.

222 5733 333 5792 etc.,
389 5735 444 5783 in
501 5735 604 5786 hoc
652 5737 877 5800 quidem
935 5737 1005 5786 ad
1058 5737 1360 5800 Scriptum
1409 5743 1619 5789 textum
1667 5749 1836 5786 acce-

224 5801 311 5864 dit,
363 5805 464 5856 sed
515 5806 581 5856 ab
632 5809 892 5859 omnibus
949 5821 1081 5858 mss.
1138 5821 1203 5857 ac
1255 5808 1389 5858 edit.
1453 5809 1838 5860 Ambrosianis

541 5886 807 5953 Pyram"
859 5887 962 5952 XV
1019 5886 1194 5967 (XIV,
1246 5907 1400 5952 mas
1447 5888 1549 5974 Il.)

1918 4672 2147 4724 recedit.

1982 4745 2084 4807 (52)
2138 4742 2393 4804 Plerique
2448 4753 2580 4789 mss.
2638 4743 2807 4802 atque
2871 4748 3066 4785 omnes
3125 4733 3280 4792 edit.,
3327 4731 3555 4807 opobal-

1918 4801 2126 4866 samum
2173 4801 2471 4876 onor—essius
2517 4801 2791 4872 (nonnulli
2840 4819 2993 4878 mss.,
3037 4804 3365 4878 expressum)
3413 4801 3554 4878 dici-

1921 4891 2025 4934 tur.
2057 4885 2168 4934 Alii
2211 4875 2397 4946 plures
2443 4894 2508 4931 ac
2549 4879 2828 4938 meliores,
2857 4875 3255 4940 opobalsamum
3292 4875 3554 4946 expressio

1921 4956 2134 5006 dicitur.
2180 4944 2320 5015 Quae
2363 4953 2645 5017 eXpressio
2689 4947 2981 5017 quomodo?
3009 4944 3556 5017 ﬁat.,consequ_enter

1923 5010 2276 5077 describitur.
2316 5010 2524 5072 Eadem
2565 5033 2651 5070 res
2689 5010 2874 5068 adhuc
2913 5015 3213 5065 dilucidius
3252 5010 3558 5073 explicatur

1925 5098 1996 5148 ab
2037 5110 2104 5148 eo
2140 5096 2425 5158 scriptore,
2459 5094 2550 5143 cui
2586 5090 2956 5162 communiter
2998 5083 3311 5162 Hegesippo
3352 5093 3556 5162 nomen

1927 5155 2357 5233 imponuntflta
2405 5166 2554 5214 enim
2593 5163 2686 5212 ille
2720 5178 2732 5222 ;
2777 5160 2890 5211 Illic
2931 5155 3330 5233 opobalsamum
3377 5155 3558 5232 gigni.-

1929 5227 2023 5290 tur
2056 5255 2071 5288 :
2108 5237 2251 5303 quod
2293 5236 2411 5285 ideo
2451 5249 2567 5284 cum
2613 5233 2908 5303 adfectione
2935 5227 3384 5303 signiﬁcavimus,
3428 5227 3559 5303 quia

1928 5297 2184 5374 agricolae
2222 5309 2412 5357 cortice
2451 5312 2599 5355 tenus
2641 5301 2886 5366 virgulas
2927 5297 3163 5374 incidunt
3202 5309 3309 5350 eas,
3337 5297 3392 5343 in
3435 5297 3563 5357 qui—

1930 5367 2025 5431 bus
2061 5379 2305 5430 balsama
2346 5379 2674 5440 gignuntur;
2714 5379 2770 5422 ut
2815 5385 2910 5434 per
2954 5367 3078 5416 illas
3125 5379 3383 5414 cavernas
3429 5378 3563 5440 pau-

1933 5451 2082 5502 latim
2139 5439 2421 5499 distillans"
2459 5448 2648 5497 humor
2691 5457 2744 5492 se
2785 5440 2998 5503 colligat
3045 5447 3340 5486 :-cavsrna
3389 5439 3564 5482 autem

1934 5524 2112 5573 Graeco
2162 5521 2376 5570 nomine
2425 5519 2519 5573 ὀπὴ
2569 5515 2780 5564 dicitur.
2843 5510 2950 5560 Alii
3000 5514 3186 5558 tamen
3231 5511 3411 5556 ortum
3459 5503 3564 5552 hoc

1933 5605 2138 5643 nomen
2170 5591 2387 5641 malunt
2414 5589 2510 5636 ἀπὸ
2539 5585 2622 5634 τοῦ
2667 5581 2811 5640 ὀστοῦ,
2839 5579 2989 5645 quod
3015 5589 3348 5654 AsuccunLac
3379 5575 3568 5654 liquo-

1935 5677 2052 5715 rem
2099 5666 2278 5714 sonat.
2323 5659 2493 5712 Multa
2537 5656 2606 5706 de
2648 5655 2752 5704 hac
2806 5665 2864 5703 re
2910 5654 2953 5702 J.
3004 5651 3192 5704 Gerar.
3238 5647 3469 5697 Vossius
3512 5647 3568 5692 in

1939 5734 2293 5801 Etymaloyico
2317 5732 2384 5782 ad
2419 5741 2608 5780 vocem
2641 5726 2962 5776 Balsamum.

3175 5878 3243 5933 fil
