4082 6186
492 338 623 391 1291

1968 321 2024 373 S.
2065 315 2379 373 AMBROSll

3708 318 3844 370 1292

488 465 578 510 tus
637 460 761 522 est,
811 469 940 507 cum
1004 451 1158 505 dives
1216 452 1391 515 esset,
1419 450 1505 514 _ut
1566 461 1666 499 nos
1723 443 1870 497 illius
1931 440 2116 512 inopia
2141 452 2196 524 Α
2220 439 2452 508 (Ephes.,
2483 454 2535 504 ν,
2571 439 2674 508 llr).
2705 457 2732 489 ι)
2773 439 3066 502 Quomodo
3105 438 3204 492 tibi
3241 437 3523 494 diceretur
3556 454 3571 492 :
3602 438 3783 508 Surge
3815 457 3849 494 a

489 548 820 602 ditaremur.
866 546 1072 598 Potens
1112 545 1252 608 erat,
1295 546 1352 593 et
1389 537 1820 609 despiciendum
1865 550 1921 590 se
1967 549 2115 604 prae-

486 641 628 710 buit,
657 640 737 694 ita
770 642 835 693 ut
866 635 1113 691 Herodes
1150 636 1444 705 sperneret
1487 647 1622 685 eum
1663 634 1721 685 et
1758 628 2024 682 illuderet
2063 626 2115 680 ei

486 736 668 804 (Luc.,
714 748 870 799 χχιιι,
915 733 1019 800 11).
1060 729 1292 782 Terram
1338 725 1620 791 movebat,
1665 729 1721 778 et
1759 721 2032 776 haerebat.
2059 719 2116 773 in

487 829 643 898 ligno
672 845 685 881 :
715 825 921 880 ccelum
967 821 1282 878 abducebat
1322 817 1591 884 tenebris,
1620 816 1897 871 mundum
1937 813 2113 868 cruci-

491 919 734 990 tigebat,
774 922 831 972 et
878 914 1179 971 cruciﬁxus
1223 917 1347 968 erat
1397 929 1410 966 :
1461 909 1770 966 inclinabat
1821 910 2018 978 caput,
2061 910 2118 960 et

493 1013 682 1068 exibat
706 1011 944 1066 verbum
970 1026 982 1063 :
1013 1007 1332 1064 exinanitus
1352 1011 1494 1074 erat,
1519 1010 1572 1058 et
1601 1001 1853 1074 replebat
1878 998 2075 1055 omnia
2099 1017 2114 1053 :

493 1104 782 1161 descendit
844 1104 1014 1169 Deus,
1070 1099 1321 1156 ascendit
1383 1100 1552 1153 homo
1603 1115 1616 1150 :
1688 1093 1930 1149 Verbum
1987 1107 2116 1146 caro

493 1201 702 1253 factum
731 1202 833 1266 est,
866 1201 925 1250 ut
950 1211 1080 1250 caro
1106 1193 1209 1248 sibi
1235 1192 1401 1245 Verbi
1429 1191 1636 1245 solium
1664 1187 1723 1243 in
1755 1187 1852 1240 Dei
1883 1185 2118 1240 dextera

493 1292 806 1346 vindicaret
848 1307 860 1343 :
905 1288 1106 1342 vulnus
1150 1285 1427 1341 inﬂictum
1468 1286 1625 1348 erat,
1669 1286 1725 1335 et
1762 1279 1971 1334 ﬂuebat
2013 1295 2114 1332 un-

496 1387 773 1455 guentum
804 1399 816 1436 :
850 1381 1164 1436 scarabaeus
1198 1376 1553 1442 audiebatur,
1581 1377 1638 1428 et
1669 1374 1818 1428 Deus
1843 1387 2116 1442 agnosce-

493 1478 675 1532 batur.

565 1573 619 1624 9.
648 1567 962 1638 Respondit
982 1570 1038 1622 et
1061 1565 1333 1620 Christus.
1365 1584 1393 1615 (ι
1423 1565 1562 1618 Ecce
1584 1576 1643 1616 es
1663 1560 1828 1626 bona,
1857 1557 2120 1629 proxima

499 1679 648 1729 mea,
696 1676 822 1714 ecce
858 1676 916 1713 es
949 1661 1098 1714 bona
1129 1658 1332 1728 (Cant.,
1374 1673 1422 1724 ι,
1457 1656 1566 1725 14).
1611 1673 1636 1704 υ
1667 1652 1947 1717 Quoniam
1983 1666 2117 1720 cog-

499 1759 738 1809 noverat
781 1752 1026 1806 Ecclesia
1071 1749 1430 1821 mysterium,
1469 1753 1527 1802 et
1566 1762 1670 1818 pro
1710 1745 1880 1800 totius
1920 1743 2120 1798 mundi

2219 533 2481 597 mortuis,
2528 533 2635 586 nisi
2679 533 2826 587 inter
2866 537 3120 588 mortuos
3175 533 3440 588 viveres?
3483 533 3767 586 Ponamus
3795 536 3850 586 te

2217 626 2498 680 mundum
2531 642 2651 681 esse
2692 624 2761 680 ab
2787 626 3052 696 operibus
3087 625 3351 695 mortuis,
3381 631 3438 680 et
3476 610 3693 697 peccati
3732 625 3844 678 col-

2219 718 2480 788 luvione;
2533 718 2818 790 quomodo
2884 719 3130 775 mundus
3181 735 3269 789 es,
3320 718 3420 790 qui
3481 719 3539 772 in
3611 735 3849 790 corpore

2217 813 2415 867 mortis
2463 829 2552 882 es,
2593 812 2686 883 qui
2740 813 2895 866 inter
2942 813 3200 883 sepulcra
3246 811 3385 867 vivis
3439 814 3852 868 mortuorum?

2216 905 2526 976 Oportebat
2552 906 2778 960 Petrum
2808 903 2998 977 997
3031 905 3184 977 loqui
3211 905 3450 960 mortuis
3477 905 3606 975 (53),
3636 911 3697 960 ut
3724 921 3848 976 pro-

2218 997 2486 1052 cederent
2516 998 2585 1052 de
2611 997 2881 1068 sepulcris
2907 997 3043 1052 suis.

2293 1093 2375 1144 12.
2414 1089 2739 1161 Indigemus
2785 1106 2922 1162 ergo
2962 1091 3332 1162 purgatione,
3375 1090 3507 1161 quia
3551 1090 3852 1162 tetigimus

2219 1186 2475 1237 mortuos
2524 1185 2727 1251 (Num,
2762 1199 2869 1250 XIX,
2913 1185 3015 1251 14).
3047 1184 3156 1238 Lex
3203 1200 3304 1238 nos
3342 1182 3798 1253 mundarijubet
3832 1200 3847 1237 :

2219 1275 2344 1346 quis
2374 1279 2588 1345 tantus,
2620 1281 2685 1330 ut
2725 1293 2891 1348 supra
2923 1277 3113 1348 legem
3143 1277 3213 1330 sit
3235 1277 3261 1329 2’
3293 1278 3486 1346 Ipsum
3511 1277 3848 1330 Nazaraeum

2220 1368 2487 1423 Sanctum
2532 1369 2650 1435 Dei,
2679 1370 2723 1424 si
2767 1369 2812 1424 is
2856 1369 3112 1440 tetigerit
3145 1375 3456 1439 mortuum,
3484 1369 3852 1424 immundum

2221 1463 2549 1532 pronuntiat
2576 1463 2781 1533 (Num,
2804 1479 2880 1530 v1,
2904 1463 2976 1534 9).
3000 1463 3246 1534 Ideoque
3275 1462 3423 1518 radit
3452 1465 3624 1534 caput
3657 1477 3852 1529 suum,

2221 1560 2277 1609 et
2300 1554 2537 1626 deponit
2577 1554 2844 1626 capillum
2875 1554 3032 1627 quasi
3073 1571 3186 1610 non
3218 1560 3512 1622 sanctum;
3548 1558 3604 1611 et
3639 1554 3854 1610 iterum

2221 1653 2343 1703 orat
2381 1655 2442 1703 ut
2478 1648 2816 1703 exaudiatur
2852 1649 3035 1718 (lbid.,
3082 1651 3135 1716 9,
3175 1651 3281 1718 10),
3321 1649 3417 1720 qui
3449 1651 3582 1703 ante
3621 1653 3855 1719 propter

2223 1741 2434 1796 mortui
2465 1745 2739 1797 attactum
2771 1757 3005 1797 exorare
3030 1758 3145 1796 non
3180 1741 3403 1812 potuit;
3433 1741 3855 1796 irrationabiles

500 1846 886 1916 redemptione
926 1844 1256 1898 cruciﬁxum
1308 1841 1610 1896 Dominum
1662 1841 1852 1894 Jesum
1910 1816 2383 1908 praedi-Bduxit
2444 1834 2595 1901 dies,
2641 1834 2771 1906 quia
2843 1834 3213 1889 irrationabili
3275 1833 3852 1906 appropinquaverat.

499 1941 690 2006 cabat,
732 1942 986 1992 meretur
1033 1935 1230 1991 audire
1273 1952 1286 1989 :
1334 1956 1361 1983 ί(
1400 1935 1538 1988 Ecce
1590 1950 1649 1988 es
1699 1932 1881 1998 bona,
1925 1955 1951 1980 ››
1995 1946 2124 2001 quin

500 2051 589 2088 me
627 2033 840 2086 bonum
882 2031 1041 2096 dicis,
1075 2052 1102 2078 ‹‹
1131 2033 1188 2082 et
1225 2029 1347 2100 ipsa
1393 2029 1544 2082 bona
1584 2043 1662 2092 es,
1693 2047 1720 2075 »
1763 2041 1892 2096 quas
1939 2023 2124 2078 vidisti

499 2126 692 2197 gloriae
721 2140 864 2179 meae
895 2123 1180 2189 decorem,
1206 2142 1232 2168 ‹‹
1263 2126 1318 2175 et
1344 2121 1465 2192 ipsa
1493 2121 1640 2173 bona
1669 2134 1728 2173 es
1754 2124 1810 2172 et
1839 2117 2062 2171 decora.
2096 2138 2122 2164 ›·›

500 2219 644 2282 Quid
699 2221 786 2271 est
825 2222 1018 2271 autem
1061 2215 1347 2268 Christum
1394 2213 1578 2266 dicere
1617 2228 1630 2265 :
1690 2231 1717 2258 ιι
1763 2211 1914 2264 Bona
1956 2226 2045 2276 es,
2094 2230 2122 2256 »

500 2312 583 2365 vel
624 2333 649 2358 ‹‹
681 2311 884 2364 decora
914 2325 994 2376 es,
1024 2329 1050 2356 η
1083 2307 1192 2361 nisi
1228 2306 1366 2360 illud
1412 2303 1812 2374 Evangelicum
1857 2319 1870 2356 :
1918 2305 2123 2373 «Con-

499 2409 650 2459 stans
708 2406 860 2470 esto,
917 2402 1064 2464 tilia,
1118 2400 1357 2454 remissa
1403 2403 1534 2453 sunt
1589 2396 1689 2452 tibi
1737 2400 1970 2467 peccata
2029 2400 2126 2450 tua

499 2497 744 2567 (Μαιιιιη
776 2513 849 2564 1x,
875 2496 962 2564 22)
983 2496 1010 2548 ει
1041 2517 1067 2542 ››

576 2593 659 2644 10.
699 2590 872 2659 (Vers.
909 2589 1016 2656 17.)
1059 2588 1206 2657 Ergo
1247 2587 1338 2640 cui
1381 2585 1636 2641 Christus
1680 2587 1910 2654 peccata
1949 2582 2123 2637 dena-

503 2683 600 2749 vit,
636 2686 788 2737 recte
828 2680 963 2735 dicit
1002 2697 1015 2735 :
1061 2680 1311 2738 Retribue
1360 2694 1508 2734 servo
1552 2685 1680 2740 tuo,
1722 2683 1784 2730 ut
1823 2679 2036 2737 vivam,
2076 2682 2126 2730 et

503 2775 805 2830 custodiam
861 2775 1026 2830 verba
1082 2779 1208 2827 tua.
1255 2773 1375 2827 Non
1431 2770 1600 2825 habet
1648 2770 1708 2823 in
1756 2769 2128 2824 retributione

505 2868 653 2941 quod
706 2868 1000 2938 desperet,
1043 2867 1173 2938 quia
1228 2865 1498 2920 Dominus
1548 2865 1707 2917 Jesus
1757 2862 1910 2916 venit
1960 2877 2127 2916 mun-

505 2963 643 3017 dum
678 2962 914 3030 salvere,
954 2976 1069 3014 non
1111 2958 1367 3029 perdere.
1409 2957 1648 3028 Ideoque
1696 2957 2000 3010 immemor
2044 2957 2132 3008 est

505 3055 752 3125 injuriae,
796 3068 1019 3108 memor
1057 3051 1280 3121 gratiae,
1325 3051 1470 3104 sicut
1507 3050 1564 3103 in
1606 3048 1939 3119 prophetico
1985 3047 2129 3101 libro

507 3146 837 3202 testiﬁcatur
874 3145 994 3215 ipse
1038 3143 1233 3197 dicens
1266 3159 1279 3196 ε
1324 3165 1350 3192 ι(
1378 3144 1495 3213 Ego
1533 3157 1679 3209 sum,
1709 3157 1813 3212 ego
1855 3157 2004 3210 sum,
2032 3139 2132 3211 qui

507 3241 664 3295 deleo
698 3237 1029 3308 iniquitates
1064 3241 1208 3303 tuas,
1241 3240 1299 3290 et
1340 3251 1562 3292 memor
1603 3251 1719 3290 non
1759 3250 1855 3289 ero
1888 3251 1900 3288 :
1935 3240 1994 3288 tu
2029 3250 2129 3289 au-

508 3336 622 3388 tem
664 3346 887 3386 memor
926 3335 1064 3396 esto,
1105 3336 1161 3384 et
1195 3328 1542 3400 judicemur.
1582 3328 1678 3382 Dic
1719 3332 1782 3382 tu
1822 3327 1980 3398 prius
2019 3329 2130 3382 ini-

509 3425 754 3497 quitates
794 3428 941 3490 tuas,
983 3425 1045 3478 ut
1073 3421 1398 3493 justiticeris
1437 3423 1587 3491 (Isa.,
1630 3437 1780 3489 xuii,
1826 3424 1914 3490 25,
1951 3421 2062 3491 26).
2102 3442 2129 3471 »

509 3518 861 3588 Quicumque
893 3532 1030 3587 ergo
1071 3515 1208 3570 dicit
1246 3514 1578 3586 iniquitates
1603 3530 1733 3570 suas
1767 3515 1902 3582 Deo,
1923 3513 2130 3585 justiﬁ-

509 3615 691 3679 catur,
715 3615 772 3664 et
797 3610 1141 3680 quicumque
1164 3608 1531 3679 justiﬁcatur,
1553 3607 1992 3663 retributionem
2020 3623 2135 3662 non

509 3705 695 3771 timet,
728 3704 821 3759 sed
850 3703 1098 3774 exposcit
1128 3720 1140 3756 :
1176 3702 1272 3773 qui
1314 3701 1750 3758 retributionem
1788 3717 1905 3756 non
1944 3702 2133 3767 timet,

511 3799 676 3853 vivet.
820 3853 826 3860 _

586 3895 670 3946 11.
699 3890 807 3946 Sed
839 3905 1014 3961 quare
1041 3889 1183 3944 dixit
1210 3906 1223 3944 :
1259 3891 1474 3952 Vivam,
1503 3893 1560 3944 et
1595 3904 1710 3942 non
1739 3887 1880 3943 dixit
1911 3905 1924 3943 :
1959 3887 2088 3943 Vivo
2107 3889 2134 3942 ‘I

509 3983 650 4049 Quia
694 3984 815 4038 haec
854 3984 965 4038 vita
1002 3999 1120 4038 non
1167 3987 1252 4038 est
1287 3982 1413 4038 loco
1458 3981 1708 4053 praemii,
1749 3997 1875 4052 quae
1916 3982 1975 4036 in
2016 3983 2135 4038 loco

513 4076 713 4132 mortis
747 4081 846 4130 est.
877 4075 1040 4130 Dolet
1082 4075 1364 4146 Propheta
1405 4076 1465 4129 in
1504 4075 1800 4145 pulverem
1840 4075 2038 4129 mortis
2073 4091 2133 4129 se

514 4187 631 4223 esse
670 4168 979 4222 deductum
1016 4169 1184 4237 (Psal.
1209 4184 1317 4236 xxr,
1353 4169 1436 4238 16)
1478 4184 1491 4222 :
1535 4169 1829 4238 Apostolus
1869 4169 2024 4238 cupit
2069 4184 2134 4224 ex

512 4263 617 4316 hoc
658 4260 855 4316 mortis
887 4276 1123 4332 corpore
1165 4260 1393 4316 liberari
1437 4264 1626 4328 (Rom,
1655 4278 1746 4330 vn,
1773 4261 1860 4331 24)
1885 4278 1902 4329 ;
1931 4266 1989 4316 et
2026 4277 2132 4332 pu-

515 4360 700 4410 tamus
738 4354 892 4426 quod
920 4353 990 4408 de
1027 4354 1130 4408 hac
1157 4353 1269 4407 vita
1310 4352 1414 4407 sibi
1451 4352 1780 4408 blandiatur
1808 4353 2136 4425 Propheta?

513 4447 721 4503 Omnia
753 4448 844 4502 hic
874 4446 1044 4518 plena
1084 4446 1284 4502 mortis
1328 4449 1478 4501 sunt.
1521 4447 1693 4500 Intrat
1723 4462 1874 4502 mors
1923 4464 2025 4520 per
2050 4447 2134 4503 fe-

2223 1929 2463 1998 Deponit
2505 1927 2680 1997 igitur
2724 1931 2948 1982 mortua
2978 1933 3034 1982 et
3075 1927 3363 1998 superﬂua
3404 1927 3603 1998 capitis
3647 1927 3757 1996 sui,
3792 1931 3857 1981 ut

2224 2021 2445 2076 Christo
2471 2019 2887 2075 reconcilietur.
2917 2021 3063 2091 Ergo
3095 2019 3141 2074 si
3179 2020 3470 2074 Nazaraeus
3498 2018 3853 2090 puriﬁcatur,

2226 2119 2282 2168 et
2311 2130 2416 2168 nos
2447 2113 2736 2184 puriﬁcari
2763 2116 3006 2184 oportet.

2299 2210 2383 2262 13.
2413 2207 2624 2260 Omnes
2664 2205 3005 2277 contigimus
3032 2209 3345 2260 mortuum.
3377 2205 3511 2269 Quis
3547 2205 3702 2260 enim
3731 2205 3857 2277 glo-

2225 2299 2467 2354 riabitur
2515 2307 2735 2355 castum
2787 2315 2844 2354 se
2890 2298 3098 2353 habere
3140 2315 3262 2366 cor,
3307 2302 3408 2353 aut
3451 2299 3576 2369 quis
3628 2298 3862 2353 audebit

2225 2393 2413 2447 dicere
2458 2392 2734 2447 mundum
2761 2409 2822 2446 se
2865 2409 2897 2445 a
2924 2391 3168 2463 peccatis
3189 2391 3217 2446 ‘?
3247 2391 3328 2446 Sit
3373 2390 3579 2462 aliquis
3619 2392 3859 2446 fortasse

2226 2487 2318 2558 qui
2364 2486 2422 2539 in
2463 2502 2726 2540 sermone
2765 2502 2878 2540 non
2912 2485 3230 2556 deliquerit,
3259 2484 3393 2540 licet
3431 2501 3594 2539 rarus
3633 2486 3756 2549 iste,
3787 2486 3859 2540 de

2226 2597 2340 2651 quo
2385 2581 2529 2634 Deus
2572 2579 2739 2647 dicat,
2775 2579 2921 2633 sicut
2975 2579 3043 2632 de
3087 2581 3276 2632 sancto
3318 2578 3420 2632 Job
3463 2594 3476 2632 :
3531 2598 3558 2625 «
3600 2578 3695 2634 Ille
3739 2595 3853 2633 non

2227 2673 2476 2745 peccavit
2510 2672 2670 2726 labiis
2711 2672 2825 2726 suis
2857 2673 2987 2742 (Job,
3029 2688 3067 2740 1,
3101 2674 3227 2742 22);
3259 2693 3286 2721 »
3318 2676 3514 2726 tamen
3547 2687 3664 2727 non
3705 2687 3856 2727 sem-

2228 2782 2330 2838 per
2358 2766 2571 2821 habere
2602 2765 2788 2836 potuit
2827 2765 3070 2819 mundas
3098 2765 3283 2820 cordis
3327 2766 3412 2819 sui
3455 2765 3860 2836 cogitationes,

2229 2859 2408 2930 injicit
2451 2875 2509 2912 se
2563 2858 2820 2914 diabolus
2881 2858 2939 2912 in
2995 2875 3094 2913 cor
3146 2857 3416 2914 hominis.
3462 2860 3615 2913 Pone
3664 2863 3863 2930 parata

2228 2968 2457 3023 semper
2499 2955 2556 3006 et
2609 2951 2868 3023 pervigili
2915 2950 3170 3006 custodia
3195 2953 3496 3022 quisquam
3545 2967 3644 3007 cor
3692 2967 3862 3006 suum

2230 3045 2498 3116 sepserit,
2547 3048 2746 3100 tamen
2805 3045 2866 3098 in
2911 3044 3102 3100 medio
3152 3051 3509 3115 peccatorum
3573 3051 3863 3112 versatur,

2235 3155 2458 3193 necesse
2505 3139 2676 3193 habet
2719 3137 2891 3192 etiam
2933 3137 3052 3208 ipse
3105 3137 3412 3210 puriﬁcari.
3454 3137 3615 3193 Unde
3662 3139 3864 3206 Isaias,

2234 3248 2364 3286 cum
2412 3231 2642 3286 dixisset
2675 3251 2685 3286 :
2731 3253 2758 3280 «
2789 3231 2832 3285 Ο
2877 3232 3049 3286 miser
3086 3231 3227 3302 ego!
3260 3230 3530 3301 quoniam
3564 3231 3865 3285 immunda

2235 3325 2385 3379 labia
2428 3325 2630 3391 habeo,
2665 3329 2722 3378 et
2758 3325 2818 3379 in
2860 3325 3049 3379 medio
3089 3325 3288 3396 populi
3331 3340 3527 3378 versor
3565 3323 3866 3378 immunda

2235 3417 2384 3472 labia
2415 3418 2678 3473 habentis
2705 3420 2856 3488 (Isa.,
2886 3435 2957 3486 v1,
2988 3420 3061 3489 5),
3090 3438 3118 3467 »
3146 3417 3339 3472 statim
3365 3417 3661 3472 descendit
3681 3434 3863 3470 unum

2235 3513 2305 3568 de
2350 3512 2668 3583 Seraphim,
2714 3518 2769 3567 et
2821 3510 3062 3581 contigit
3108 3509 3258 3565 labia
3316 3511 3440 3580 ejus
3491 3509 3760 3577 carbone,
3805 3516 3868 3564 ut

2236 3606 2535 3660 immunda
2556 3604 2678 3674 ejus
2705 3604 2860 3658 labia
2888 3603 3194 3658 mandaret
3219 3604 3399 3672 (Ibid.,
3431 3605 3484 3668 6,
3512 3607 3588 3672 7).

2311 3701 2396 3754 14.
2442 3700 2564 3753 Non
2607 3714 2785 3752 unum
2831 3700 2917 3752 est
2971 3696 3251 3767 baptisma
3303 3713 3315 3751 :
3362 3713 3540 3751 unum
3585 3701 3669 3751 est
3711 3696 3866 3768 quod

2237 3794 2328 3850 hic
2377 3792 2547 3848 tradit
2592 3791 2869 3858 Ecclesia,
2897 3805 3002 3861 per
3044 3805 3251 3860 aquam
3290 3794 3346 3845 et
3390 3790 3662 3872 Spiritum
3693 3805 3864 3844 sanc-

2235 3895 2392 3956 tum,
2447 3901 2562 3957 quo
2631 3901 2859 3940 necesse
2919 3887 3007 3938 est
3057 3882 3333 3956 baptizari
3402 3884 3863 3940 catechumenos.

2238 3983 2330 4036 Est
2368 3986 2424 4036 et
2453 3981 2604 4036 aliud
2632 3980 2917 4050 baptisma
2947 3981 3018 4036 de
3047 3995 3158 4052 quo
3189 3978 3324 4034 dicit
3349 3977 3623 4032 Dominus
3654 3978 3816 4031 Jesus
3855 3993 3870 4031 :

2241 4099 2266 4124 u
2301 4076 2584 4147 Baptismo
2646 4075 2830 4130 habeo
2895 4073 3202 4146 baptizari,
3255 4071 3412 4145 quod
3474 4087 3570 4126 vos
3643 4069 3873 4124 nescitis

2237 4171 2405 4241 (Luc.,
2437 4185 2531 4238 xn,
2562 4171 2670 4239 50).
2702 4191 2726 4218 ››
2779 4169 2846 4223 Et
2890 4168 3086 4239 utique
3116 4168 3238 4239 jam
3277 4164 3596 4237 baptizatus
3637 4164 3697 4217 in
3738 4163 3870 4218 Jor-

2236 4264 2383 4318 dane
2419 4263 2606 4318 fuerat
2650 4262 2891 4327 (Matth...
2923 4278 3003 4331 ιιι,
3036 4262 3142 4332 16),
3171 4260 3314 4315 sicut
3354 4257 3644 4330 superiora
3671 4255 3867 4310 decla-

2235 4362 2367 4411 rant
2426 4375 2437 4410 :
2496 4356 2594 4410 sed
2665 4357 2750 4409 sit'
2800 4355 2907 4410 hoc
2967 4355 3317 4426 baptismum
3382 4350 3689 4424 passionis,
3750 4365 3870 4420 quo

2237 4450 2409 4505 etiam
2454 4448 2729 4521 sanguine
2781 4465 2883 4504 suo
2935 4447 3321 4520 unusquisque
3378 4444 3720 4500 mundatur.
3770 4443 3873 4497 Est

514 4544 787 4609 uestram,
831 4542 1005 4596 intrat
1052 4557 1154 4612 per
1211 4539 1419 4594 ostium
1453 4557 1467 4605 ;
1514 4540 1620 4594 nisi
1665 4540 1942 4596 Dominus
1995 4541 2410 4615 ostioDetiam
2450 4542 2800 4614 baptismum
2842 4542 2900 4597 in
2940 4541 3191 4613 paradisi
3236 4539 3513 4595 vestibulo
3555 4538 3682 4608 (54),
3715 4536 3872 4606 quod

512 4639 612 4689 tuo
635 4640 810 4705 ponat
843 4633 1182 4689 custodiam.
1214 4633 1464 4704 Denique
1496 4649 1565 4688 ex
1604 4634 1962 4704 multiloquio
2005 4652 2138 4706 pec-

510 4731 702 4782 catum
751 4728 1021 4782 nascitur.
1064 4728 1208 4798 Lege
1256 4726 1525 4781 mandata
1575 4727 1740 4797 legis,
1783 4731 1839 4781 et
1892 4727 2142 4783 invenies

511 4820 786 4891 scriptum
836 4842 846 4873 :
890 4841 917 4869 (ι
960 4821 1104 4883 Quia
1142 4819 1332 4875 vivens
1379 4819 1423 4873 si
1467 4826 1761 4874 mortuum
1814 4821 2140 4892 contigerit,

512 4913 844 4986 inquinatur
897 4913 1110 4983 (Nam,
1155 4930 1276 4980 xix,
1323 4913 1429 4985 11).
1478 4935 1504 4962 ››
1557 4915 1804 4977 Quantos
1851 4915 2143 4986 tangimus

510 5006 815 5062 mortuos?
855 5007 1009 5061 Inter
1043 5009 1290 5079 quantos
1333 5010 1589 5062 mortuos
1624 5009 1965 5062 versamur?
2006 5007 2140 5063 Ideo

512 5099 615 5153 tibi
660 5104 869 5155 Auctor
912 5100 1037 5153 vita:
1082 5099 1261 5154 dicit:
1315 5100 1646 5172 «Relinque
1690 5105 1942 5156 mortuos
1987 5117 2142 5172 sepe-

510 5191 613 5246 lire
646 5197 903 5248 mortuos
930 5209 1056 5248 suos
1087 5195 1328 5262 (Mutila,
1357 5209 1472 5262 vm,
1504 5195 1613 5266 22).
1650 5216 1676 5244 »
1712 5193 1837 5249 Ideo
1877 5193 1978 5248 tibi
2005 5193 2142 5248 alibi

510 5283 718 5340 dicitur
765 5303 777 5340 :
815 5310 842 5335 u
873 5286 1056 5359 Surge
1100 5287 1196 5358 qui
1231 5287 1464 5356 dormis,
1495 5293 1550 5343 et
1577 5303 1818 5358 exsurge
1845 5303 1877 5340 a
1903 5288 2141 5342 mortuis

577 5429 676 5490 (53)
701 5429 857 5480 Rom.
891 5431 1020 5481 edit.
1059 5432 1196 5492 sola,
1229 5431 1510 5495 Oportebat
1537 5433 1769 5496 primum
1805 5432 1951 5496 loqui
1990 5445 2142 5482 mor-

510 5500 632 5550 tuis.
665 5499 850 5550 Minus
886 5501 1064 5562 bene;
1093 5515 1221 5554 cum
1261 5503 1552 5553 manifeste
1593 5503 1871 5552 alludatur
1897 5502 1967 5552 ad
2002 5502 2140 5552 illud

512 5572 532 5621 Ι
568 5571 732 5634 Petr.,
777 5586 853 5635 xv,
886 5576 919 5625 6
947 5590 958 5624 :
992 5576 1214 5640 Propter
1242 5576 1337 5626 hoc
1373 5582 1419 5626 et
1454 5577 1676 5626 mortuis
1719 5577 2141 5640 evangelizatum

510 5647 614 5704 est;
667 5644 1140 5708 quemadmodum
1190 5648 1350 5697 initio
1392 5646 1642 5710 ejusdem
1685 5647 1883 5710 capitis
1925 5651 1980 5698 et
2033 5646 2141 5698 hoc

508 5715 926 5837 totolﬁmbrosii
963 5717 1086 5768 loco
1112 5719 1254 5767 inter
1283 5731 1341 5768 se
1377 5719 1728 5781 comparatis,
1763 5717 1927 5769 facile
1955 5719 2140 5782 quivis

512 5797 564 5834 in
596 5799 626 5836 e
674 5799 804 5837 me.

512 5787 804 5850 intelliget.

571 5858 664 5918 (54)
708 5859 832 5908 Jam
883 5859 1012 5908 ante
1067 5856 1454 5910 adnotavimus
1507 5861 1823 5925 opinionem
1881 5860 2024 5913 hanc
2071 5861 2138 5913 de

2243 4643 2410 4692 antea
2442 4653 2556 4692 non
2579 4643 2735 4704 erat;
2766 4635 2863 4691 sed
2894 4638 3269 4707 posteaquam
3308 4635 3573 4705 peccator
3617 4629 3879 4684 exclusus

2243 4736 2346 4800 est,
2379 4731 2547 4802 carpit
2585 4747 2706 4786 esse
2745 4730 3040 4802 romphaea
3074 4730 3265 4800 ignea,
3299 4743 3470 4799 quam
3510 4723 3702 4796 posuit
3730 4723 3881 4778 Deus

2243 4826 2416 4896 (Gen.,
2459 4841 2538 4894 ιιι,
2576 4826 2685 4895 24),
2732 4840 2862 4895 quas
2900 4827 3068 4878 antea
3106 4838 3224 4876 non
3270 4823 3424 4887 erat,
3467 4817 3694 4890 quando
3740 4833 3878 4888 pec-

2243 4923 2431 4974 catum
2471 4936 2588 4975 non
2616 4922 2754 4974 erat.
2787 4916 2968 4987 Culpa
3003 4915 3192 4986 coepit,
3220 4919 3278 4969 et
3303 4912 3649 4985 baptismum
3686 4911 3880 4982 coepit,

2243 5029 2356 5083 quo
2394 5013 2796 5084 puriﬁcentur,
2836 5010 2934 5081 qui
2974 5009 3036 5063 in
3080 5007 3412 5081 paradisum
3451 5006 3639 5061 redire
3681 5004 3877 5076 cupie-

2241 5106 2410 5173 bant,
2454 5113 2515 5159 ut
2573 5105 2818 5177 regressi
2877 5103 3128 5158 dicerent
3180 5118 3193 5157 ε
3256 5124 3282 5149 ‹‹
3327 5099 3709 5157 Transivimus
3770 5114 3882 5168 per

2241 5199 2436 5270 ignem
2464 5205 2521 5254 et
2559 5215 2764 5271 aquam
2794 5198 2960 5269 (Psal.
2992 5213 3118 5267 va,
3152 5198 3259 5266 12).
3295 5217 3322 5245 ››
3364 5195 3462 5249 Hic
3499 5208 3600 5265 per
3637 5207 3877 5262 aquam,

2243 5293 2354 5348 illic
2383 5310 2486 5365 per
2515 5294 2730 5364 ignem.
2764 5295 2867 5347 Per
2896 5307 3128 5362 aquam,
3160 5296 3225 5345 ut
3248 5288 3556 5343 abluantur
3592 5288 3823 5358 peccata
3861 5304 3873 5339 :

2235 5438 2399 5501 justis
2453 5437 2685 5488 extremi
2726 5435 2922 5499 judicii
2969 5434 3059 5485 die
3105 5445 3205 5497 per
3258 5432 3444 5496 ignem
3499 5427 3881 5501 expurgandis

2241 5499 2598 5559 Ambrosium
2636 5507 2708 5556 ab
2743 5507 2980 5570 Origene
3022 5507 3338 5554 mutuatum
3376 5515 3499 5553 esse
3544 5517 3556 5550 :
3597 5500 3705 5550 hoc
3752 5499 3883 5550 loco

2241 5579 2296 5628 id
2333 5582 2546 5628 tantum
2586 5572 2863 5638 addimus,
2903 5577 3044 5626 inter
3078 5574 3234 5624 hunc
3273 5574 3460 5637 ignem
3501 5575 3558 5621 et
3598 5583 3726 5620 eum
3765 5581 3883 5633 quo

2239 5648 2494 5699 diabolus
2522 5661 2588 5699 ac
2623 5647 2843 5711 reprobi
2881 5646 3129 5697 exarsuri
3169 5648 3320 5702 sunt,
3346 5642 3710 5693 manifestum
3753 5638 3880 5689 dis-

2238 5721 2450 5771 crimen
2476 5720 2619 5770 infra
2649 5731 2804 5768 num.
2831 5718 2921 5780 ι1¹1,
2952 5717 3217 5769 constitui
3245 5731 3257 5776 ;
3290 5713 3441 5780 quod
3480 5713 3681 5764 fecisse
3721 5723 3878 5776 pror-

2239 5805 2336 5843 sus
2361 5796 2596 5856 negatur
2622 5787 2904 5854 Origenes.
