4082 6186
574 328 706 378 1295

2037 331 2091 384 S.
2133 329 2454 386 AMBROSII

3779 335 3922 386 1296

565 462 691 500 cum
719 447 930 518 species
958 464 1158 502 eorum
1195 449 1421 504 videtur
1462 450 1520 504 in
1553 450 1855 521 Scripturis
1892 452 2056 522 quasi
2089 452 2447 536 perAdedit
2500 452 2586 506 his
2641 453 2791 506 Deus
2833 451 3053 523 (Εποιιυ
3099 469 3276 519 xxxv,
3325 453 3538 523 30-35),
3587 453 3686 507 sed
3739 455 3922 508 etiam

565 541 878 610 speculum,
907 541 1039 612 quia
1071 546 1185 596 tota
1216 542 1419 596 veritas
1445 542 1536 596 hic
1566 560 1682 598 non
1715 549 1900 616 potest
1927 562 2186 616 compre-

545 633 757 688 'liendi.
786 636 925 690 Cum
952 640 1140 689 autem
1169 635 1384 690 venerit
1410 636 1558 706 quod
1593 636 1902 707 perfectum
1934 645 2036 706 est,
2071 655 2185 692 non

555 727 680 796 jam
710 743 814 797 per
837 728 1286 794 descensionem,
1323 745 1437 783 non
1471 746 1573 799 per
1608 731 1859 801 speciem
1900 735 1959 784 ut
2000 736 2184 786 trans-

561 818 808 890 ﬁgurati,
827 820 924 875 sed
955 820 1173 891 integra
1199 826 1369 893 atque
1397 839 1659 894 expressa
1683 825 1918 878 veritate
1942 824 2186 895 resplen-

564 913 717 967 dent.

629 1009 718 1060 20.
766 1007 959 1078 Neque
1011 1012 1066 1061 te
1119 1015 1358 1076 moveat,
1406 1010 1560 1081 quod
1603 1012 1682 1065 ait
1726 1029 1737 1065 :
1795 1012 1963 1065 Multa
2013 1010 2185 1065 verba

559 1100 891 1169 custodiam,
948 1101 1042 1171 qui
1094 1117 1275 1156 unum
1322 1103 1557 1157 verbum
1612 1104 1958 1174 cognoverit,
2005 1105 2185 1158 multa

557 1193 728 1247 verba
763 1194 1053 1263 cognoscit
1094 1196 1218 1266 (ὅθ).
1260 1197 1316 1249 ln
1361 1213 1473 1249 uno
1516 1197 1669 1250 enim
1712 1198 1886 1250 multa
1926 1201 2082 1263 sunt,
2128 1200 2186 1250 et

557 1288 618 1340 in
647 1286 842 1340 multis
869 1303 1045 1340 unum
1069 1293 1170 1344 est.
1199 1289 1563 1344 Probandum
1591 1294 1676 1343 est
1699 1290 1876 1359 igitur
1896 1290 2184 1360 quomodo

559 1396 735 1433 unum
775 1380 1008 1434 verbum
1051 1382 1228 1435 multa
1269 1382 1402 1449 sint,
1455 1386 1513 1436 et
1560 1383 1741 1437 multa
1781 1383 1955 1438 verba
2001 1400 2179 1438 unum

558 1473 786 1527 verbum
835 1473 924 1528 sit.
975 1474 1088 1527 Nec
1136 1477 1222 1528 est
1271 1475 1500 1529 difﬁcile
1541 1476 1748 1542 doceri,
1791 1492 1922 1530 cum
1977 1476 2184 1532 dixerit

555 1567 865 1636 Apostolus,
915 1567 1047 1636 quia
1088 1588 1114 1615 α
1163 1568 1282 1638 ipse
1333 1574 1417 1623 est
1467 1568 1660 1639 imago
1712 1569 1810 1624 Dei
1861 1569 2178 1638 invisibilis,

553 1659 972 1730 primogenitus
1013 1661 1196 1714 omnis
1241 1664 1538 1730 creaturae,
1579 1661 1790 1732 inquo
1828 1665 2012 1716 creata
2049 1666 2180 1717 sunt

553 1752 744 1806 omnia
783 1751 842 1805 in
881 1752 1196 1806 coelestibus
1225 1759 1281 1807 et
1319 1753 1376 1806 in
1418 1759 1592 1821 terra,
1622 1754 1737 1808 sive
1777 1753 2032 1822 visibilia,
2063 1755 2178 1811 sive

2289 546 2511 599 caeteris
2575 545 2925 616 sapientibus
2990 546 3316 615 intelligere
3372 550 3430 600 et
3484 547 3669 600 facere
3719 548 3925 600 omnia

2288 654 2458 709 opera
2503 638 2816 694 secundum
2861 639 3056 693 omnia
3089 653 3219 710 quae
3265 639 3535 694 Dominus
3574 640 3920 710 imperabat.

2291 733 2480 802 Itaque
2545 732 2803 786 fecerunt
2854 749 2981 803 quae
3045 749 3163 787 non
3226 732 3539 788 didicerant
3599 749 3704 787 nec
3759 733 3924 787 vide-

2288 831 2442 892 rant,
2487 826 2801 880 secundum
2855 843 2921 880 ea
2967 843 3095 897 quae
3141 826 3229 880 his
3272 826 3510 897 Spiritus
3564 827 3923 880 demonstra-

2286 919 2400 973 bat.
2447 921 2513 974 Et
2541 919 2828 991 plerisque
2878 919 3100 974 videtur
3140 919 3282 974 alius
3323 919 3708 990 apostolorum
3751 919 3923 990 spiri—

2289 1015 2396 1080 tus,
2421 1011 2565 1065 alius
2604 1012 3034 1082 prophetarum,
3063 1017 3120 1067 et
3149 1012 3402 1067 diversus
3432 1013 3488 1066 in
3523 1011 3791 1083 singulis;
3820 1012 3923 1066 sed

2287 1121 2399 1158 non
2447 1110 2528 1159 est
2571 1105 2844 1174 diversus,
2891 1105 2990 1159 sed
3043 1122 3188 1160 unus
3233 1109 3320 1160 est
3362 1104 3614 1176 spiritus,
3659 1104 3927 1160 dividens

2287 1213 2496 1268 genera
2525 1197 2742 1252 diversa
2776 1198 3068 1252 virtutum.
3112 1199 3268 1253 Unde
3303 1215 3419 1253 non
3456 1198 3692 1252 dubium
3731 1198 3923 1252 videri

2287 1289 2486 1358 debet,
2539 1292 2586 1345 si
2650 1292 2772 1346 aliis
2823 1291 3059 1346 verbum
3126 1292 3536 1363 apostolicum,
3591 1292 3716 1347 aliis
3779 1308 3920 1362 pro-

2284 1384 2606 1453 pheticum,
2661 1385 2782 1439 aliis
2849 1385 3241 1456 evangelicum
3294 1388 3438 1456 (58),
3491 1385 3613 1440 aliis
3679 1384 3922 1440 verbum

2285 1477 2676 1548 operatorium
2721 1478 2920 1534 datum
2967 1481 3084 1546 est;
3113 1486 3168 1533 et
3215 1485 3409 1533 tamen
3449 1494 3626 1533 unum
3667 1483 3749 1533 est
3789 1493 3919 1533 ver-

2281 1570 2419 1624 bum
2464 1570 2725 1625 dividens
2765 1588 2823 1625 se
2865 1572 3101 1642 singulis
3144 1587 3247 1642 pro
3290 1575 3488 1628 nostra
3523 1571 3917 1641 possibilitate,

2281 1664 2366 1718 vel
2428 1680 2531 1734 pro
2595 1681 2698 1719 sua
2763 1665 3087 1720 voluntaria
3146 1665 3431 1736 largitate.
3497 1666 3607 1719 Hoc
3667 1665 3916 1719 verbum

2281 1756 2473 1826 igitur,
2519 1758 2672 1828 quod
2724 1763 2808 1813 est
2857 1763 3029 1828 caput
3082 1758 3362 1828 omnium,
3410 1758 3501 1813 hic
3552 1774 3654 1829 per
3709 1774 3920 1829 specu-

550 1844 882 1914 invisibilia,
943 1844 1058 1898 sive
1121 1845 1321 1914 Sedes,
1375 1846 1491 1900 sive
1551 1848 2003 1915 Dominationes,
2066 1831 2398 1928 siveBlum
2445 1850 2635 1918 video;
2681 1858 2736 1906 et
2779 1851 2905 1906 ideo
2949 1851 3125 1906 verba
3157 1852 3253 1906 hic
3293 1851 3577 1906 custodire
3620 1867 3732 1906 non
3777 1869 3917 1922 pos-

552 1936 922 2007 Principatus,
955 1938 1068 1991 sive
1101 1939 1430 2006 Potestates,
1463 1939 1654 1994 omnia
1684 1957 1787 2011 per
1813 1941 1999 2012 ipsum
2029 1946 2088 1996 et
2117 1943 2176 1996 in

551 2031 672 2101 ipso
714 2037 902 2085 creata
947 2038 1077 2085 sunt
1124 2033 1367 2100 (001033.,
1407 2050 1441 2100 1,
1493 2037 1576 2100 15,
1627 2034 1729 2104 16).
1779 2056 1803 2083 ››
1853 2036 2037 2089 Unum
2095 2042 2180 2090 est

550 2125 724 2194 igitur
752 2125 1018 2192 Verbum,
1049 2126 1204 2195 quod
1247 2130 1518 2197 operatur
1555 2127 1612 2182 in
1649 2128 1920 2199 singulis;
1953 2135 2008 2185 et
2048 2147 2177 2186 cum

550 2221 609 2272 in
641 2217 880 2288 singulis
914 2223 1202 2290 operatur,
1244 2223 1512 2290 operatur
1551 2222 1746 2276 omnia
1786 2223 1844 2296 in
1888 2224 2170 2279 omnibus.

550 2313 664 2366 Hoc
704 2311 950 2366 Verbum
1001 2312 1229 2366 unicum
1268 2313 1420 2383 apud
1469 2316 1690 2370 Patrem
1743 2331 1801 2370 se
1849 2315 2074 2372 diffudit
2116 2318 2173 2372 in

547 2405 812 2474 plurima,
863 2405 994 2476 quia
1037 2405 1107 2459 de
1147 2406 1497 2476 plenitudine
1547 2408 1669 2479 ejus
1713 2425 1916 2464 omnes
1956 2411 2171 2481 accepi-

549 2513 693 2552 mus.
728 2499 922 2568 Itaque
965 2498 1011 2552 si
1053 2498 1239 2552 videas
1277 2499 1507 2570 singula
1546 2501 1803 2557 omnium
1834 2519 1962 2573 quae
1990 2509 2176 2559 creata

549 2594 680 2644 sunt
709 2590 765 2645 in
793 2590 933 2662 ipso,
963 2591 1176 2646 videbis
1213 2591 1271 2646 in
1309 2593 1547 2664 singulis
1575 2612 1752 2650 unum
1781 2596 2020 2652 verbum
2054 2614 2172 2652 esse

546 2684 825 2754 omnium,
856 2685 1015 2754 cujus
1049 2701 1153 2756 pro
1185 2690 1354 2756 captu
1393 2693 1585 2743 nostro
1624 2688 1929 2760 participes
1956 2707 2172 2746 sumus.

547 2781 606 2833 In
639 2795 731 2832 me
759 2777 992 2833 verbum
1019 2783 1104 2834 est
1131 2779 1478 2849 humanum;
1509 2782 1606 2835 sed
1634 2782 1931 2853 Apostolus
1953 2799 2175 2838 succur—

545 2875 633 2925 rat
655 2875 711 2926 et
735 2869 885 2926 dicat
911 2888 924 2925 :
961 2892 987 2919 ι(
1017 2873 1156 2927 Puto
1196 2875 1254 2926 et
1279 2888 1386 2942 ego
1422 2873 1686 2944 spiritum
1725 2877 1821 2929 Dei
1849 2876 2034 2931 habeo
2067 2877 2173 2946 (57)

548 2967 586 3035 (Ι
618 2967 764 3028 σωκ,
791 2981 884 3031 vn,
917 2965 1026 3034 48),
1049 2987 1075 3012 n
1102 2965 1163 3019 in
1193 2965 1302 3019 alio
1328 2966 1564 3020 verbum
1586 2967 1826 3035 caeleste,
1852 2976 1908 3022 et
1935 2969 2172 3024 verbum

544 3057 881 3127 angelorum
940 3057 998 3110 in
1048 3057 1339 3128 plerisque
1395 3063 1499 3114 est.
1554 3058 1810 3132 1000
1869 3061 2011 3116 Sunt
2075 3061 2172 3132 qui

544 3149 760 3204 habent
794 3148 1032 3203 verbum
1068 3149 1531 3206 Dominationum
1564 3155 1621 3206 et
1656 3154 2017 3224 Potestatum,
2048 3169 2169 3210 ver-

543 3243 685 3296 bum
727 3241 982 3312 justitize,
1027 3241 1264 3296 verbum
1301 3243 1590 3310 castitatis,
1638 3245 1872 3300 verbum
1920 3247 2169 3316 pruden-

543 3336 659 3401 tiae,
706 3334 946 3389 verbum
990 3334 1237 3406 pietatis,
1284 3336 1522 3392 verbum
1570 3338 1743 3393 etiam
1792 3339 2036 3395 virtutis.
2084 3340 2171 3396 Sic

547 3444 722 3484 unum
757 3428 995 3483 verbum
1046 3429 1223 3484 multa
1261 3434 1413 3497 sunt,
1452 3435 1510 3485 et
1552 3432 1730 3486 multa
1776 3433 1946 3488 verba
1994 3450 2172 3490 unum

543 3527 692 3576 sunt.
746 3522 853 3576 Nec
896 3538 1026 3576 vero
1079 3522 1323 3577 arduum
1369 3527 1453 3579 est
1498 3523 1649 3579 istud
1703 3525 1991 3597 aestimari,
2041 3544 2170 3584 cum

543 3615 853 3687 legerimus
890 3616 1023 3686 quia
1052 3616 1242 3670 omnia
1272 3620 1458 3687 potest
1485 3617 1725 3688 Spiritus
1751 3620 2061 3691 sapientiae.

611 3712 702 3764 21.
746 3711 944 3780 Itaque
993 3709 1136 3764 sicut
1179 3709 1273 3764 alii
1319 3710 1485 3764 datur
1525 3728 1630 3782 per
1666 3713 1928 3783 spiritum
1976 3731 2168 3770 sermo

541 3803 857 3874 sapientiae,
900 3805 958 3856 et
1003 3802 1098 3856 alii
1133 3819 1320 3858 sermo
1357 3804 1610 3859 scientiae
1651 3806 1965 3862 secundum
2005 3824 2164 3864 eum-

539 3899 672 3952 dem
700 3896 986 3967 spiritum,
1015 3896 1108 3951 alii
1136 3896 1273 3952 ﬁdes
1294 3897 1353 3953 in
1381 3898 1584 3953 eodem
1609 3898 1833 3970 spiritu,
1863 3900 1955 3954 alii
1983 3902 2168 3972 gratia

537 3989 894 4044 curationum
926 3988 983 4042 in
1024 4005 1138 4044 uno
1182 3991 1404 4061 spiritu,
1443 3991 1539 4046 alii
1574 3993 1829 4063 operatio
1869 3993 2164 4065 virtutum,

536 4083 631 4136 alii
671 4082 900 4152 spiritus
944 4082 1317 4153 cognitionis,
1365 4084 1461 4138 alii
1507 4085 1736 4156 spiritus
1783 4087 2000 4142 consilii
2042 4088 2164 4159 ple-

537 4175 732 4242 nioris,
771 4176 868 4230 alii
907 4174 1139 4245 spiritus
1178 4175 1546 4246 fortitudinis,
1587 4179 1683 4232 alii
1721 4179 1949 4250 pietatis
1993 4181 2162 4252 spiri-

537 4275 645 4337 tus,
696 4275 887 4323 tamen
930 4268 987 4322 in
1035 4267 1296 4323 omnibus
1337 4287 1482 4324 unus
1518 4275 1692 4342 atque
1737 4273 1888 4328 idem
1935 4273 2164 4345 spiritus

536 4368 640 4428 est,
675 4361 934 4417 dividens
977 4361 1216 4433 singulis
1251 4368 1420 4434 prout
1455 4365 1592 4420 vult.
1637 4366 1733 4419 Est
1761 4366 1992 4436 spiritus
2033 4385 2160 4439 pro-

537 4456 855 4526 phetarum,
887 4460 944 4511 et
980 4454 1214 4526 spiritus
1253 4457 1639 4528 apostolorum
1672 4475 1684 4512 :
1715 4462 1799 4514 est
1829 4459 1999 4515 etiam
2026 4462 2160 4517 arti-

2194 3197 2247 3270 C

2280 1961 2428 2012 sum,
2469 1945 2568 1999 sed
2600 1961 2730 1999 cum
2773 1945 2961 2000 videro
3001 1945 3242 2016 gloriam
3281 1945 3403 2017 ejus
3448 1946 3696 2000 revelata
3737 1945 3920 2014 facie,

2279 2043 2412 2094 tunc
2465 2037 2678 2107 vivam,
2736 2043 2791 2093 et
2850 2040 2966 2094 vita
3021 2038 3210 2094 vivens
3263 2039 3436 2093 etiam
3491 2039 3658 2093 verba
3711 2038 3919 2095 divina

2279 2130 2620 2186 custodiam.

2347 2227 2436 2278 22.
2480 2225 2655 2294 (Vers.
2703 2227 2810 2295 18.)
2849 2225 2980 2280 ideo
3025 2241 3162 2297 ergo
3202 2225 3449 2280 secundo
3497 2241 3662 2280 versu
3708 2226 3846 2280 dicit
3900 2243 3916 2280 :

2277 2317 2522 2387 Adaperi
2573 2306 2953 2382 oculos'meos,
3001 2325 3052 2374 et
3104 2319 3447 2375 considerabo
3499 2320 3783 2374 mirabilia
3844 2320 3919 2375 de

2277 2411 2388 2478 lege
2415 2415 2531 2466 tua.
2571 2411 2678 2475 Qui
2718 2411 3009 2483 adaperiri
3050 2412 3158 2467 sibi
3195 2413 3383 2466 oculos
3421 2414 3584 2483 petit,
3618 2413 3814 2483 utique
3851 2418 3919 2468 et

2277 2505 2495 2574 gravari
2522 2504 2814 2574 intelligit.
2853 2506 3044 2576 Neque
3083 2505 3240 2559 enim
3267 2505 3551 2560 medicum
3579 2509 3762 2576 rogat,
3794 2505 3912 2560 nisi

2274 2597 2373 2668 qui
2428 2596 2742 2652 remedium
2792 2598 3118 2668 aegritudini
3166 2615 3281 2654 suae
3325 2599 3524 2670 poscit.
3577 2599 3721 2653 Dicit
3767 2615 3916 2670 ergo

2275 2689 2377 2744 iste
2406 2690 2478 2744 ad
2506 2690 2792 2745 medicum
2832 2691 3149 2746 venientem
3184 2692 3254 2746 de
3284 2692 3424 2746 cmlo
3454 2708 3467 2745 :
3507 2693 3752 2762 Adaperi
3774 2708 3908 2746 ocu-

2275 2783 2352 2838 los
2380 2799 2537 2839 meos.
2570 2783 2626 2838 Si
2661 2784 2920 2839 turbatus
2955 2790 3038 2839 est
3077 2785 3292 2853 oculus,
3323 2785 3485 2839 facile
3523 2785 3681 2840 dolor
3720 2786 3916 2840 omnis

2273 2875 2501 2931 sedatur
2544 2876 2774 2947 collyrio
2818 2878 2952 2946 (39);
2992 2877 3076 2932 sin
3114 2893 3246 2932 vero
3289 2877 3439 2932 acies
3477 2877 3598 2948 ejus
3646 2879 3912 2934 humoris

2273 2968 2579 3024 suffusione
2609 2970 2961 3040 praetexitur,
2996 2972 3220 3042 majora
3245 2971 3504 3026 remedia
3534 2977 3902 3043 quaeruntur.

2274 3063 2368 3116 Est
2421 3077 2561 3132 ergo
2613 3062 2756 3116 sicut
2803 3063 2861 3116 in
2917 3063 3092 3117 oculis
3143 3064 3426 3134 corporis,
3485 3065 3561 3119 ita
3611 3065 3785 3119 etiam
3840 3066 3902 3118 in

2272 3155 2446 3208 oculis
2488 3155 2694 3210 animae
2735 3156 3063 3226 hujusmodi
3099 3157 3364 3228 quaedam
3399 3157 3606 3228 passio,
3643 3174 3770 3228 quae
3813 3159 3908 3213 in-

2275 3252 2565 3318 gravescat
2587 3264 2819 3303 necesse
2844 3253 2959 3317 est;
3000 3249 3106 3303 nisi
3142 3249 3329 3304 bonus
3357 3250 3607 3305 medicus
3632 3251 3903 3306 velamen

2273 3340 2410 3396 illud
2470 3340 2795 3408 abstulerit,
2855 3346 2911 3396 et
2967 3342 3235 3397 nebulam
3289 3343 3592 3414 quamdam
3650 3345 3908 3400 concreti

2271 3434 2550 3502 humoris,
2601 3451 2730 3506 quae
2773 3435 3090 3506 impedire,
3144 3436 3231 3492 vel
3286 3437 3472 3508 potius
3529 3438 3769 3508 operire,
3830 3455 3906 3492 ne

2270 3527 2461 3582 videat
2507 3543 2636 3599 quaa
2688 3527 2942 3596 videbat,
2981 3518 3204 3584 mentis
3254 3530 3569 3585 aestimatur
3616 3531 3906 3587 obtutum.

2271 3622 2504 3692 Irrepsit
2553 3622 2830 3692 aegritudo
2884 3624 3059 3679 veteri
3113 3623 3420 3692 fermento,
3462 3640 3529 3679 eo
3577 3623 3734 3695 quod
3786 3641 3907 3681 non

2270 3713 2532 3768 exuimus
2567 3714 2655 3769 vel
2699 3715 2995 3786 gentilem,
3041 3717 3126 3770 vel
3173 3716 3460 3772 Judaicam
3504 3717 3905 3784 suffusionem,

2269 3823 2398 3861 cum
2434 3808 2688 3878 primum
2725 3808 3052 3864 veniremus
3090 3809 3160 3864 ad
3204 3810 3541 3877 Ecclesiam;
3581 3827 3697 3865 non
3737 3812 3906 3866 audi-

2267 3900 2453 3954 vimus
2498 3907 2553 3956 et
2592 3901 2890 3958 docentem
2929 3902 3065 3957 boni
3109 3903 3314 3958 medici
3357 3903 3710 3974 disciplinam
3740 3904 3851 3975 (60)
3888 3922 3901 3959 :

2270 3991 2515 4065 1001
2580 4016 2606 4043 ‹‹
2654 3995 3054 4065 Exspoliantes
3115 3999 3368 4052 veterem
3421 3996 3712 4053 hominem
3765 4013 3904 4052 cum

2268 4086 2486 4141 actibus
2510 4087 2646 4154 suis,
2676 4087 2894 4143 induite
2925 4105 3158 4156 novum,
3185 4090 3283 4160 qui
3316 4093 3622 4147 renovatur
3646 4091 3706 4145 in
3736 4091 3901 4161 agni-

2266 4180 2442 4247 tione,
2486 4180 2798 4236 secundum
2845 4182 3155 4252 imaginem
3208 4182 3330 4252 ejus
3370 4183 3468 4257 qui
3515 4183 3721 4238 creavit
3765 4200 3902 4240 eum

2266 4272 2506 4342 (001038.,
2538 4291 2616 4340 ιιι,
2659 4278 2710 4344 9,
2755 4278 2857 4345 l0).
2886 4297 2913 4324 »
2951 4275 3356 4347 Super-vestivit
3390 4292 3529 4348 ergo
3568 4293 3627 4331 se
3664 4275 3897 4347 aliquis,

2263 4383 2379 4422 non
2429 4367 2812 4438 exspoliavit_:
2861 4369 3036 4439 serpit
3069 4369 3294 4439 gravior
3338 4369 3645 4441 aegritudo,
3697 4376 3900 4441 gravat

2263 4461 2454 4516 oculos
2495 4461 2833 4516 diuturnum
2880 4463 3160 4531 velamen,
3205 4480 3318 4518 non
3360 4467 3552 4533 potest
3589 4463 3894 4534 quisquam

535 4549 704 4602 ticum
764 4548 1021 4620 spiritus,
1071 4549 1213 4604 sicut
1260 4553 1319 4604 et
1368 4551 1613 4606 Beseleel
1667 4555 1725 4606 et
1781 4552 1969 4621 Oliab,
2025 4553 2406 4638 quosDillud
2445 4554 2690 4622 auferre,
2721 4571 2838 4610 non
2873 4555 3145 4627 Angelus,
3188 4572 3305 4611 non
3342 4557 3609 4624 Virtutes,
3637 4573 3749 4611 non
3789 4557 3900 4611 Do-

532 4642 784 4712 implevit
816 4643 1084 4697 Dominus
1110 4643 1313 4714 spiritu
1345 4644 1536 4700 divino
1563 4645 1860 4716 sapientia:
1897 4651 1956 4702 et
1981 4649 2162 4721 scien-_

531 4737 646 4801 tiae,
682 4738 738 4789 et
773 4737 956 4790 omnis
983 4737 1138 4805 artis,
1182 4741 1245 4792 ut
1283 4739 1530 4794 facerent
1556 4739 1829 4794 amictum
1868 4747 1924 4794 et
1950 4741 2160 4796 Taber-

534 4829 835 4899 naculum,
884 4832 1056 4900 atque
1112 4831 1288 4886 altare
1335 4832 1647 4887 secundum
1701 4850 1931 4888 sensum
1987 4851 2163 4906 quem

589 4952 688 5013 (56)
738 4951 830 5001 Sic
873 4950 1004 5001 edit.
1051 4955 1164 5002 ant.
1213 4965 1341 5002 cum
1394 4953 1518 5004 cod.
1569 4967 1740 5004 manu
1783 4957 2035 5006 exaratis.
2091 4960 2162 5008 At

529 5021 684 5072 Rom.
735 5021 868 5072 edit.
908 5022 1313 5074 emendaverat.
1347 5025 1412 5074 Et
1449 5025 1746 5077 custodiam
1790 5026 1968 5087 verba,
2003 5030 2164 5090 quasi

529 5092 720 5154 multa,
767 5097 814 5142 et
857 5107 964 5143 non
1012 5106 1175 5144 unum
1216 5094 1451 5145 verbum.
1501 5097 1636 5147 Nam
1685 5098 1778 5160 qui
1822 5111 2006 5157 unum,
2050 5104 2155 5149 etc.

526 5161 644 5212 Non
695 5163 899 5214 infelici
945 5167 1180 5226 conatu;
1230 5166 1275 5214 si
1328 5165 1412 5216 vel
1465 5179 1611 5215 unus
1675 5179 1774 5216 ms.
1827 5169 2158 5232 astipulare-

528 5238 687 5367 ωἷεέι)
729 5305 911 5356 Verba
966 5307 1079 5369 illa,
1123 5307 1214 5358 sed
1259 5307 1601 5372 Apostolus...
1652 5309 1746 5360 Dei
1787 5311 1981 5372 habeo,
2029 5324 2156 5375 qum

526 5375 580 5422 in
636 5374 766 5423 edit.
815 5376 1290 5438 desiderabantur,
1341 5380 1593 5429 restituta
1647 5385 1777 5430 sunt
1829 5374 2157 5433 auctoritate

524 5458 722 5564 govem
751 5458 903 5508 mss,
934 5449 986 5498 in
1019 5449 1223 5513 quibus
1250 5449 1384 5513 Reg.
1419 5463 1584 5511 unus,
1615 5450 1725 5501 duo
1753 5451 1932 5513 Sorb.,
1965 5451 2152 5514 Vind.,

569 5516 692 5566 isc..
716 5520 823 5566 etc.

524 5659 561 5706 Γ
585 5553 692 5648 (58),
714 5586 842 5635 Mss.
883 5601 988 5638 nec
1027 5592 1213 5654 pauci,
1239 5604 1346 5642 nec
1374 5591 1582 5642 inﬁma:
1621 5596 1784 5656 notas,
1829 5593 1953 5644 aliis
1990 5607 2152 5659 auge-

546 5671 700 5706 (cum.

634 5671 700 5704 m.

546 5671 700 5792 ’Ὑέἔῖ
731 5727 1026 5793 Collyrium
1075 5735 1379 5795 praesertim
1424 5734 1717 5786 oculorum
1772 5735 2150 5788 medicamen-

2264 4647 2622 4716 minationes,
2662 4664 2781 4703 non
2820 4649 3150 4704 Potestates.
3199 4650 3386 4705 Manet
3430 4651 3686 4706 velamen
3731 4649 3897 4719 illud,

2263 4741 2566 4796 lectionem
2620 4741 2877 4812 impedit,
2924 4741 3200 4797 visionem
3252 4743 3513 4813 obducit;
3567 4744 3716 4815 quod
3778 4760 3900 4799 non

2262 4834 2561 4899 revelatur,
2589 4835 2773 4906 inquit
2802 4836 3104 4908 Apostolus
3131 4836 3198 4908 (ll
3225 4835 3371 4900 Cor”
3399 4853 3479 4904 ιιι,
3514 4838 3618 4906 14),
3645 4837 3752 4892 hoc
3782 4843 3893 4906 est,

2261 4956 2356 5007 bus
2393 4956 2558 5007 oculis
2593 4957 2824 5016 mederi;
2852 4961 3094 5008 attamen
3133 4957 3303 5008 etiam
3345 4958 3467 5008 aliis
3501 4958 3696 5008 usibus
3732 4959 3897 5008 adhi-

2260 5027 2458 5086 betur;
2524 5027 2635 5078 imo
2692 5031 2745 5078 et
2805 5041 2980 5092 genus
3035 5028 3318 5093 quoddam
3384 5030 3542 5094 panis
3601 5028 3899 5080 dicebatur

2259 5098 2502 5162 antiquis
2527 5098 2834 5162 collyrium.
2874 5099 3108 5150 Fiebant
3133 5104 3319 5150 autem
3356 5099 3674 5164 hujusmodi
3715 5098 3896 5150 medi-

2258 5173 2512 5220 camenta
2551 5169 2638 5218 vel
2679 5184 2746 5220 ex
2790 5171 2975 5232 aridis,
3017 5175 3072 5221 et
3115 5171 3482 5236 ξηροκολλούρια
3509 5185 3520 5219 :
3551 5172 3642 5220 vel
3679 5183 3747 5222 ex
3787 5171 3897 5220 hu-

2256 5239 2439 5301 midis,
2474 5243 2530 5291 et
2569 5241 2943 5306 ὓγροκολλούρια
2991 5243 3441 5292 nominabantur.
3493 5242 3693 5306 Figura
3744 5247 3893 5293 teres

2257 5316 2393 5371 erat,
2441 5315 2495 5361 et
2545 5312 2614 5361 ad
2668 5313 3094 5363 similitudinem
3145 5318 3414 5364 truncatas
3466 5313 3660 5364 caudae
3711 5315 3895 5364 muris

2255 5381 2556 5443 accedens;
2593 5383 2742 5433 unde
2791 5383 3021 5447 collyria
3068 5382 3217 5434 dicta
3275 5383 3474 5435 volunt
3534 5383 3629 5431 ἀπὸ
3682 5384 3897 5443 κολοϐἧς

2255 5453 2414 5516 οὐρᾶς.
2464 5455 2616 5504 Alias
2654 5453 2904 5518 ejusdem
2950 5454 3106 5504 vocis
3156 5455 3522 5519 etymologiae
3565 5468 3628 5505 ac
3671 5455 3891 5518 signiﬁ—

2254 5525 2499 5575 cationes
2527 5526 2708 5588 legere
2744 5525 2947 5589 poteris
2981 5524 3127 5589 apud
3169 5525 3534 5585 Brissonium,
3571 5525 3665 5575 lib.
3709 5539 3764 5575 ιιι
3808 5528 3894 5576 De

2264 5596 2405 5644 Verb.
2449 5596 2598 5645 Juris
2628 5597 2787 5659 sigm,
2816 5601 2868 5646 et
2911 5596 3194 5661 Vossium,
3224 5598 3395 5661 Etym.
3438 5598 3550 5647 Lat.
3586 5597 3794 5661 lingua,
3826 5598 3889 5648 in

2252 5665 2447 5716 eodem
2477 5665 2665 5716 verbo.

2315 5736 2411 5798 (60)
2434 5734 2581 5786 Edit.
2614 5735 2774 5786 Rom.
2805 5749 2935 5788 cum
2978 5752 3091 5790 uno
3133 5739 3255 5792 cod.
3290 5739 3436 5804 Vat,
3462 5739 3712 5791 dicentem
3756 5739 3889 5791 boni

519 5806 634 5850 tum
675 5799 993 5872 signiﬁcat:
1031 5803 1178 5854 unde
1214 5805 1566 5866 proverbium
1608 5806 1747 5857 illud
1784 5807 1933 5872 apud
1977 5807 2150 5859 Eras-
2249 5807 2435 5857 medici
2454 5805 2785 5872 discipulum.

517 5885 687 5932 mum,
721 5871 847 5922 chil.
880 5874 928 5934 -1,
970 5879 1112 5923 cent.
1155 5876 1202 5935 8,
1240 5875 1396 5939 δάος.
1445 5877 1524 5938 21,
1565 5891 1670 5930 uno
1709 5871 1932 5946 collyrio
1975 5879 2145 5931 omni-
