4082 6186
209 325 304 375 1297
1276 316 1625 371 EXPOSITIO
1667 317 1731 371 IN
1775 315 2084 372 PSALMUM
2124 316 2350 371 CXVIII.

3359 317 3373 368 l
3393 317 3488 370 298

205 465 224 494 τι
248 455 560 512 quocumque
586 438 711 504 alio,
748 439 855 493 nisi
888 439 943 493 in
973 439 1190 493 Christo
1212 437 1384 492 fuerit
1410 445 1761 493 evacuatum.
1790 452 1845 523 Α
1870 455 1941 504 iv,
1973 439 2064 505 6)?
2093 440 2220 492 Erat
2248 438 2350 491 sub
2380 439 2500 508 lege
2540 438 2806 505 nutritus,
2841 437 3048 493 sciebat
3077 437 3206 508 quia
3242 438 3325 493 lex
3358 455 3482 494 um-

201 541 300 591 Cum
325 550 441 588 vero
471 548 772 588 conversus
791 532 1119 603 hujusmodi
1148 532 1317 588 fuerit
1341 532 1409 586 ad
1435 532 1762 602 Dominum,

200 629 434 683 auferetur
462 627 715 681 velamen
752 627 934 688 (lbidn
969 628 1070 695 I6).

242 726 310 776 ‘23.
339 719 511 774 Habes
539 720 710 791 igitur
738 720 1026 791 quomodo
1057 719 1282 775 auferas
1318 720 1582 774 velamen
1612 720 1764 791 quod

193 818 340 869 manet
375 830 540 884 supra
576 813 765 867 oculos
805 813 990 867 cordis
1029 813 1132 868 tui.
1177 814 1517 868 Convertere
1553 812 1624 867 ad
1653 814 1761 866 Do-

191 910 383 975 minum,
430 911 484 960 et
529 907 782 961 velamen
829 907 1006 960 cadet.
1059 907 1374 961 Conversus
1424 913 1508 961 est
1563 907 1763 960 Paulus

189 1003 239 1054 ad
280 999 714 1055 benedictionem
757 1000 1014 1068 Ananiae,
1063 1001 1215 1054 velut
1263 1016 1513 1072 squama:
1559 999 1763 1054 cecide-

188 1099 286 1150 runt
320 1093 382 1148 ab
420 1093 593 1148 oculis
633 1094 754 1164 ejus
791 1093 960 1164 (Act,
992 1111 1062 1161 1x,
1112 1095 1217 1162 18),
1261 1098 1318 1148 et
1351 1093 1492 1148 vidit
1529 1093 1627 1164 qui
1662 1109 1764 1164 per

187 1188 388 1241 triduum
427 1192 557 1241 ante
605 1203 718 1241 non
757 1187 970 1242 viderat
1004 1203 1018 1240 :
1065 1188 1232 1242 simul
1275 1187 1470 1242 oculus
1509 1187 1763 1258 corporis

186 1282 453 1350 animaeque
498 1286 746 1346 sanatur,
794 1281 923 1351 quia
967 1280 1450 1335 medicamentum
1490 1281 1541 1336 ei
1579 1281 1759 1335 medi-

185 1391 254 1427 cus
287 1373 753 1428 demonstraverat
793 1373 886 1427 ille
919 1374 987 1429 de
1030 1375 1190 1440 caelo,
1225 1375 1294 1428 de
1333 1390 1446 1445 quo
1484 1374 1760 1445 scriptum

185 1472 276 1521 est:
315 1467 502 1522 «Misit
540 1467 791 1521 Verbum
836 1483 1028 1534 suum,
1074 1473 1132 1522 et
1170 1468 1388 1522 sanavit
1433 1484 1547 1534 eos,
1595 1474 1650 1521 et
1691 1484 1760 1521 ex

184 1561 396 1614 omnibus
420 1560 850 1614 inﬁrmitatibus
881 1562 995 1615 suis
1035 1561 1290 1616 liberavit
1326 1577 1422 1616 eos
1449 1562 1614 1631 (Psal.
1652 1578 1757 1628 «ενι,

185 1657 261 1720 '20).
295 1678 317 1702 ν
355 1655 466 1708 Non
505 1658 596 1708 est
639 1653 891 1709 medicus
937 1655 1039 1710 iste
1080 1655 1148 1708 de
1196 1655 1378 1722 terris,
1425 1656 1521 1727 qui
1561 1671 1758 1709 omnes

183 1751 303 1800 curat
341 1748 699 1802 inﬁrmitates
743 1751 801 1802 et
843 1749 1082 1819 populos
1128 1749 1384 1818 integros
1424 1753 1581 1802 sanat
1628 1749 1752 1817 (61).

1864 532 2026 585 bram
2073 532 2244 586 habet
2284 530 2546 604 1002
2593 531 2916 585 futurorum
2965 531 3245 585 bonorum
3285 534 3486 593 (ﬂabra,

1865 643 1918 690 x,
1956 625 2035 695 I);
2068 624 2185 695 ipsa
2215 624 2363 678 bona
2384 625 2506 694 jam
2537 641 2649 678 non
2695 641 2798 695 per
2834 624 3123 689 umbram,
3155 623 3250 678 sed
3282 625 3489 695 apertis

1865 718 2038 773 oculis
2074 718 2262 772 videre
2309 717 2595 788 cupiebat.
2638 719 2882 773 Noverat
2927 718 3061 789 quia
3100 716 3402 788 exemplari
3436 720 3491 771 et

1866 811 2083 866 umbrae
2109 811 2426 866 caelestium
2465 811 2870 882 mysteriorum
2906 811 3244 876 serviebant,
3273 810 3372 882 qui
3405 826 3488 865 se-

1864 905 2115 960 cundum
2158 906 2347 975 legem
2383 905 2554 976 Moysi
2597 905 3009 959 deserviebant.
3055 904 3284 959 Volebat
3309 903 3493 973 ipsam

1865 999 2048 1054 cultus
2075 998 2247 1054 divini
2295 998 2783 1069 comprehendere
2819 998 3140 1067 veritatem,
3174 1002 3232 1052 et
3269 997 3400 1052 ideo
3431 1003 3492 1052 ut

1862 1091 1932 1145 ab
1987 1091 2166 1146 oculis
2211 1092 2324 1146 suis
2377 1092 2637 1146 velamen
2685 1091 3025 1158 discuteret,
3073 1107 3375 1146 conversus
3420 1090 3490 1145 ad
3529 1121 3532 1124 ~

1866 1185 2172 1239 Dominum
2225 1185 2563 1254 precabatur
2630 1185 2819 1240 dicens
2868 1202 2881 1239 :
2933 1207 2960 1232 ‹‹
3009 1185 3251 1256 Adaperi
3301 1185 3492 1240 oculos

1863 1295 2040 1342 meos,
2073 1281 2130 1333 et
2156 1278 2523 1333 considerabo
2560 1278 2841 1333 mirabilia
2867 1279 2935 1333 de
2962 1278 3087 1349 lege
3120 1282 3235 1332 tua.
3272 1299 3298 1327 ››
3331 1279 3492 1332 Intel-

1863 1372 2070 1443 Iigebat
2112 1388 2240 1426 vere
2281 1371 2543 1426 militiam
2584 1388 2704 1427 esse
2743 1373 3048 1441 caelestem,
3085 1388 3257 1443 quam
3300 1377 3493 1443 posset

1861 1466 2250 1537 unusquisque
2282 1481 2349 1519 ex
2380 1466 2510 1536 lege
2547 1481 2909 1536 cognoscere,
2947 1465 3036 1519 cui
3065 1469 3258 1520 tamen
3299 1465 3489 1520 Domi-

1863 1575 1967 1614 nus
1998 1559 2300 1613 revelasset
2355 1559 2488 1622 Quis
2524 1558 2682 1629 enim
2723 1559 2794 1613 de
2831 1560 3072 1613 terrenis
3110 1559 3180 1614 ad
3220 1559 3489 1627 cmlestia,

1860 1653 1929 1706 de
1958 1653 2163 1707 umbra
2194 1652 2261 1706 ad
2286 1651 2620 1719 claritatem,
2645 1651 2716 1706 de
2743 1652 3051 1722 exemplari
3079 1652 3148 1706 ad
3177 1652 3491 1722 penetralia

1859 1746 2109 1800 veritatis
2154 1745 2408 1800 humano
2461 1745 2642 1815 gradu
2691 1746 2810 1800 sine
2861 1745 3052 1800 divino
3097 1745 3266 1800 ductu
3317 1743 3489 1816 possit

183 1841 294 1895 Mitte
316 1857 461 1911 ergo,
493 1843 680 1906 Pater,
721 1841 1007 1896 medicum
1045 1842 1218 1896 istum
1250 1859 1262 1896 :
1292 1842 1484 1897 veniat
1513 1841 1758 1896 Verbum
1781 1821 1835 1891 Β
1859 1839 2209 1894 ascendere?

184 1940 324 1999 tuum,
361 1936 576 2004 aperiat
619 1935 807 1988 oculos
848 1950 1024 1989 meos.
1069 1936 1134 1989 Et
1180 1936 1567 2005 apostolorum
1614 1935 1760 1989 oculi

184 2027 312 2080 clausi
359 2034 530 2094 erant,
593 2027 698 2082 nisi
755 2044 850 2081 eos
896 2030 1053 2083 Iesus
1109 2029 1444 2100 aperuisset.
1507 2028 1758 2098 Denique

185 2121 349 2173 duobus
391 2138 454 2175 ex
505 2121 600 2174 his
646 2121 910 2175 euntibus
958 2122 1017 2175 in
1059 2123 1353 2176 castellum
1408 2121 1496 2176 cui
1549 2138 1758 2176 nomen

187 2215 412 2281 Emimus,
441 2231 575 2269 cum
623 2216 1095 2286 interpretaretur
1125 2215 1466 2286 Scripturas,
1495 2222 1552 2268 et
1578 2215 1754 2269 bene-

187 2306 349 2361 diceret
378 2324 483 2373 eos,
522 2330 552 2356 ‹‹
590 2307 784 2378 Aperti
827 2313 978 2376 sunt,
1021 2308 1225 2379 inquit,
1269 2308 1415 2362 oculi
1454 2325 1672 2375 eorum,
1706 2314 1760 2362 et

189 2407 508 2469 cognoverunt
541 2418 676 2456 eum
714 2403 885 2466 (Luc.,
914 2417 1058 2469 xx1v,
1082 2403 1195 2471 31).
1230 2423 1256 2449 ››
1290 2403 1436 2471 Ergo
1467 2401 1572 2455 nisi
1599 2403 1759 2456 Iesus

191 2495 438 2560 aperuisset
476 2494 645 2548 nobis
675 2495 887 2562 oculos,
928 2511 1098 2549 nemo
1145 2494 1416 2549 vidisset:
1461 2495 1570 2548 nisi
1606 2496 1760 2549 Iesus

192 2588 441 2642 sustulisset
463 2589 757 2654 velamen,
793 2589 933 2641 nulli
964 2588 1258 2660 Evangelii
1295 2589 1478 2659 gratia
1506 2588 1754 2642 refulsis-

199 2682 281 2731 set.
308 2681 364 2732 Et
393 2683 582 2736 Petms
619 2681 837 2736 clausos
882 2681 1125 2735 habebat
1168 2681 1374 2748 oculos,
1413 2687 1470 2736 et
1511 2683 1759 2736 Joannes

207 2772 374 2824 clausos
407 2775 658 2838 habebat,
703 2780 760 2828 et
797 2774 1034 2828 Iacobus
1075 2774 1293 2828 clausos
1330 2775 1599 2828 habebat.
1649 2777 1754 2828 De-

204 2865 334 2934 nique
362 2867 406 2919 in
439 2873 635 2922 monte
679 2868 896 2938 gravati
936 2871 1100 2922 erant
1138 2884 1359 2934 somno,
1403 2868 1498 2922 sed
1537 2868 1759 2922 excitati

195 2957 432 3025 majestatis
466 2961 703 3030 fulgore
748 2960 952 3015 divina:
1003 2961 1194 3016 oculos
1244 2961 1425 3016 cordis
1479 2961 1563 3016 sui
1619 2979 1756 3032 ape-

190 3060 384 3106 ruerunt.
411 3056 473 3108 Et
513 3055 684 3126 quia,
709 3054 797 3108 siti
840 3054 898 3108 in
927 3071 1189 3125 corpore,
1220 3055 1387 3125 plene
1415 3054 1607 3110 videre
1642 3072 1759 3110 non

185 3149 405 3212 poterant,
447 3147 817 3202 obumbravit
858 3163 956 3201 eos
996 3148 1173 3202 nubes
1213 3147 1459 3217 (Matth.,
1508 3165 1637 3214 xxu,
1682 3149 1754 3216 5),
1779 3188 1832 3261 Ο

183 3253 236 3289 ne
270 3241 484 3310 corporis
521 3239 717 3294 oculos
763 3240 957 3311 gloriae
1004 3241 1242 3295 ccelestis
1289 3243 1477 3313 fulgor
1523 3242 1756 3296 hebeta-

184 3335 261 3385 ret.

231 3427 300 3478 2i.
329 3428 448 3490 Quis
487 3427 672 3499 igitur
702 3431 891 3483 tantus
929 3433 992 3483 ut
1029 3429 1248 3500 aperiat
1286 3428 1494 3498 oculos,
1529 3433 1587 3483 et
1615 3429 1758 3501 legis

177 3516 320 3572 videat
341 3523 711 3590 sacramenta,
734 3521 843 3576 nisi
871 3521 924 3575 ei
945 3521 1200 3576 Christus
1225 3522 1616 3578 demonstret?
1637 3523 1755 3577 Non

174 3610 340 3680 Moyses
382 3618 598 3669 tantus.
640 3615 912 3686 Denique,
950 3615 1190 3685 jubente
1235 3615 1495 3683 Domino,
1537 3615 1755 3686 virgam

176 3705 379 3775 projecit,
409 3713 463 3763 et
489 3711 640 3763 facta
668 3712 752 3762 est
777 3724 1033 3779 serpens,
1061 3713 1116 3763 et
1141 3708 1291 3778 fugit
1319 3709 1390 3762 ab
1421 3725 1486 3762 eo
1515 3726 1529 3762 :
1560 3724 1757 3780 appre-

174 3796 328 3853 hendit
349 3801 598 3855 caudam
642 3801 938 3871 serpentis,
967 3803 1024 3855 et
1059 3802 1205 3855 facta
1241 3804 1325 3855 est
1353 3802 1510 3872 virga
1535 3801 1753 3872 (Exod,

173 3905 226 3954 Ir,
248 3894 291 3961 3,
317 3895 383 3962 4),
414 3901 468 3949 et
488 3894 684 3948 adhuc
710 3910 821 3947 non
850 3894 1231 3966 cognoscebat
1257 3895 1613 3966 mysterium,
1641 3911 1754 3966 quo

173 3982 510 4041 declarabatur
554 3987 962 4041 descensurum
1006 3988 1066 4041 in
1105 3993 1283 4041 terras
1323 3988 1627 4042 Dominum
1666 3990 1753 4042 .Ie-

174 4092 282 4143 sum,
307 4080 394 4150 qui
421 4096 558 4134 cum
595 4095 652 4133 se
693 4080 1056 4147 exinanisset,
1090 4080 1301 4151 deponi
1340 4081 1397 4134 in
1426 4097 1671 4148 crucem,
1702 4084 1759 4136 et

174 4171 332 4239 projici
375 4176 671 4244 pateretur
715 4173 771 4227 in
818 4174 1140 4242 tumulum,
1186 4173 1344 4245 quasi
1399 4191 1634 4246 serpens
1687 4174 1757 4230 de

171 4262 295 4333 Virga
329 4266 546 4332 factus;
577 4267 712 4338 quia
756 4266 814 4320 in
861 4268 1145 4322 tumulum
1196 4267 1484 4338 projectus
1511 4268 1639 4338 (62),
1684 4267 1756 4322 de

173 4370 254 4422 quo
277 4361 580 4414 secundum
621 4359 855 4414 oracula
886 4360 1028 4431 legis
1067 4376 1375 4432 resurgens
1420 4361 1476 4416 in
1515 4361 1753 4432 gloriam

175 4446 240 4501 [hei
269 4451 576 4526 divinaque
607 4453 754 4507 sedis
795 4454 984 4524 regale
1015 4454 1362 4508 consortium
1393 4455 1463 4508 de
1494 4459 1756 4526 serpente

1930 1936 2018 1986 26.
2063 1933 2197 1996 Quis
2228 1936 2411 2004 potest
2452 1933 2809 1988 considerare
2847 1934 3023 1988 altare
3064 1933 3198 1988 illud
3246 1933 3486 1995 cceleste,

1861 2042 2179 2096 verumque
2224 2027 2530 2097 templum,
2580 2026 2896 2081 sacerdotes
2947 2032 3005 2081 et
3059 2027 3316 2093 Levitas,
3373 2043 3485 2081 non

1861 2121 1999 2174 istos
2037 2120 2349 2174 secundum
2388 2120 2573 2174 carnis
2615 2120 2820 2186 officia,
2863 2121 2960 2174 sed
3009 2121 3132 2174 illos
3172 2120 3486 2174 secundum

1861 2213 2091 2284 spiritus
2119 2213 2399 2284 gratiam?
2428 2214 2682 2284 Denique
2714 2214 2860 2267 hanc
2893 2214 3070 2268 solam
3104 2214 3207 2267 sibi
3247 2214 3487 2283 gratiam

1858 2323 1962 2378 pro
2004 2306 2264 2361 maximis
2307 2308 2544 2378 optabat
2583 2308 2756 2362 David
2805 2307 3038 2362 dicens:
3075 2328 3103 2356 ‹‹
3130 2308 3310 2362 Unam
3353 2309 3487 2378 petii

1858 2417 1890 2453 a
1921 2401 2183 2467 Domino,
2225 2402 2371 2454 hanc
2411 2401 2723 2472 requiram,
2755 2407 2821 2456 ut
2862 2401 3177 2456 inhabitem
3220 2403 3278 2455 in
3319 2401 3488 2456 domo

1861 2493 2081 2548 Domini
2111 2510 2314 2548 omnes
2345 2495 2467 2549 dies
2496 2495 2625 2549 vitae
2655 2511 2797 2550 meae
2830 2512 2841 2548 :
2871 2499 2928 2550 et
2961 2498 3024 2549 ut
3050 2496 3273 2550 videam
3303 2495 3487 2549 delec-

1858 2588 2130 2642 tationem
2192 2588 2450 2654 Domini,
2509 2593 2568 2643 et
2622 2589 2976 2643 considerem
3030 2590 3309 2660 templum
3369 2589 3490 2659 ejus

1859 2681 2024 2750 (Psal.
2084 2698 2228 2749 xxvr,
2278 2684 2352 2749 4).
2398 2704 2423 2729 ››
2469 2682 2604 2745 Quis
2659 2687 2876 2753 poterat
2926 2698 3285 2752 cognoscere,
3339 2683 3487 2753 quod

1859 2774 2088 2830 offerret
2137 2775 2292 2828 dives
2347 2791 2622 2844 magnum
2677 2792 2906 2842 munus,
2965 2777 3280 2829 secundum
3336 2777 3485 2846 quod

1861 2870 2044 2937 potest
2101 2883 2302 2921 manus
2353 2867 2507 2937 ejus,
2567 2870 2628 2945 ut
2681 2868 2927 2922 solvatur
2978 2869 3100 2938 ejus
3157 2870 3489 2939 peccatum?

1858 2961 1993 3024 Quis
2032 2964 2252 3030 poterat
2290 2961 2633 3031 intelligere,
2680 2961 2724 3014 si
2771 2978 2883 3015 non
2925 2961 3193 3015 haberet?
3230 2961 3363 3024 Quis
3402 2961 3484 3015 of-

1859 3055 2027 3120 ferre,
2078 3054 2229 3108 verbi
2281 3054 2486 3125 gratia,
2531 3055 2793 3122 arietem,
2837 3054 2968 3125 quia
3010 3071 3122 3108 non
3172 3054 3489 3108 solvebatur

1861 3149 1980 3218 ejus
2010 3148 2347 3219 peccatum?
2377 3148 2514 3212 Quis
2548 3154 2763 3218 poterat
2797 3148 3112 3215 advertere,
3145 3164 3273 3219 quae
3302 3155 3489 3201 essent

1857 3241 1968 3295 illa;
1995 3241 2397 3307 immunditiae,
2431 3258 2572 3312 quas
2606 3242 2768 3296 solvit
2793 3258 2907 3296 non
2948 3243 3037 3295 lex
3075 3257 3244 3313 quam
3284 3247 3491 3312 putant

1856 3334 2056 3400 Judaei,
2109 3335 2206 3388 sed
2256 3336 2346 3389 lex
2400 3335 2672 3405 spiritalis
2722 3351 2894 3407 quam
2950 3335 3151 3389 Paulus
3207 3335 3489 3406 agnovit?

1857 3428 1992 3492 Quis
2017 3431 2244 3499 poterat
2276 3428 2467 3482 videre
2504 3428 2863 3483 remissiones
2903 3433 3269 3500 peccatorum
3309 3445 3486 3496 veras,

1859 3537 2103 3592 quarum
2130 3521 2420 3592 exemplar
2443 3523 2501 3575 in
2529 3522 2681 3593 lege,
2723 3522 2930 3577 veritas
2961 3523 3018 3576 in
3051 3521 3355 3593 Evangelio
3381 3528 3485 3590 est,

1857 3614 2077 3670 dicente
2118 3615 2359 3669 Domino
2393 3617 2524 3670 Jesu
2557 3632 2569 3669 :
2612 3636 2640 3663 ‹‹
2669 3615 2906 3669 Dimissa
2947 3621 3076 3669 sunt
3112 3615 3212 3670 tibi
3258 3620 3487 3686 peccata

1859 3708 2027 3776 (Luc.,
2056 3725 2150 3774 vn,
2179 3707 2292 3778 48),
2327 3730 2354 3757 ››
2388 3724 2498 3763 non
2541 3725 2641 3780 per
2674 3709 2961 3763 hircorum
2995 3709 3356 3779 sanguinem,
3387 3710 3485 3763 sed

1858 3817 1959 3872 per
1989 3801 2227 3856 hostiam
2256 3802 2341 3855 sui
2372 3802 2663 3872 corporis?
2695 3803 2790 3856 Ille
2829 3802 3023 3872 itaque
3055 3803 3214 3856 dives
3243 3803 3300 3856 in
3333 3803 3483 3872 lege,

1857 3896 1953 3964 qui
1999 3896 2267 3968 perfectas
2320 3895 2628 3965 majestatis
2679 3895 2737 3948 in
2787 3895 3010 3948 Christo
3061 3894 3482 3964 plenitudinem

1857 3989 2196 4056 confitendo,
2225 3994 2280 4044 et
2309 3989 2468 4060 quasi
2497 4004 2624 4042 eam
2660 3987 3001 4059 quibusdam
3033 3988 3104 4040 ad
3132 3987 3272 4041 illud
3304 3987 3484 4041 altare

1857 4083 2078 4137 caeleste
2129 4081 2262 4137 fidei
2310 4082 2570 4136 manibus
2619 4081 2932 4147 oil‘erendo,
2976 4087 3270 4153 peccatum
3322 4097 3487 4134 suum

1857 4175 2105 4229 solverit.
2163 4176 2261 4230 Ille
2313 4176 2470 4229 videt
2513 4192 2711 4229 verum
2753 4175 3137 4240 Sacerdotem,
3184 4175 3281 4246 qui
3336 4174 3492 4228 videt

1860 4268 2181 4340 Principem
2221 4269 2615 4336 sacerdotum;
2663 4269 2758 4322 ille
2799 4269 3074 4340 templum
3121 4284 3316 4323 verum
3361 4284 3492 4320 con-

1858 4361 2089 4430 siderat,
2139 4363 2238 4432 qui
2281 4362 2440 4416 audit
2493 4361 2778 4416 dicentem
2823 4380 2838 4415 :
2890 4383 2918 4411 «
2959 4361 3162 4417 Solvite
3207 4360 3489 4430 templum

1858 4456 1986 4522 hoc,
2035 4458 2093 4509 et
2136 4456 2196 4508 in
2235 4455 2422 4510 triduo
2468 4456 2722 4509 excitabo
2767 4455 2903 4510 illud
2953 4436 3150 4524 (Joani,
3199 4471 3255 4518 ιι,
3314 4456 3419 4522 19).
3460 4476 3486 4500 n

173 4551 422 4600 remearet.
487 4546 1007 4616 Appreheudamus
1060 4563 1199 4618 ergo
1244 4551 1300 4602 et
1359 4564 1458 4601 nos
1514 4548 2118 4628 caudamDMagnum
2151 4551 2446 4620 templum,
2473 4549 2542 4603 de
2569 4564 2681 4619 quo
2726 4548 2903 4602 virtus
2940 4547 3128 4602 exibat
3156 4552 3214 4602 et
3255 4546 3490 4600 curabat

173 4639 398 4705 serpentis
425 4639 576 4693 illius
613 4638 885 4704 cruciﬁxi,
919 4642 985 4692 ut
1010 4643 1353 4711 potestatem
1389 4641 1514 4712 ejus
1537 4641 1757 4712 regiam

173 4731 405 4794 possimus
437 4749 772 4804 agnoscere.
804 4735 872 4786 Et
894 4733 988 4788 illa
1018 4751 1146 4805 quae
1174 4734 1231 4787 in
1261 4735 1429 4805 pedes
1458 4736 1580 4805 ejus
1607 4735 1760 4789 misit

172 4829 510 4893 unguentum,
558 4826 742 4880 tenuit
784 4843 939 4881 cum.
986 4827 1245 4882 Caudam
1295 4845 1432 4900 ergo
1478 4829 1759 4900 serpentis

173 4919 506 4984 apprehendit
538 4921 776 4991 Moyses,
817 4927 872 4974 et
911 4925 1174 4993 apertum
1222 4925 1307 4976 est
1343 4940 1403 4976 os
1448 4923 1588 4994 ejus.
1639 4924 1760 4977 Non

173 5021 274 5077 ergo
297 5011 512 5067 locutus
542 5018 691 5069 esset
717 5014 786 5068 de
811 5031 899 5084 eo,
934 5015 1038 5068 nisi
1070 5015 1190 5086 ipse
1223 5015 1500 5071 Dominus
1539 5034 1600 5070 os
1639 5017 1762 5086 ejus

174 5106 460 5168 aperuisset.

225 5199 295 5250 25.
336 5201 502 5255 David
548 5200 830 5272 adaperiri
881 5202 984 5258 sibi
1029 5203 1218 5257 oculos
1267 5203 1354 5257 hic
1397 5203 1556 5273 petit,
1600 5207 1657 5257 et
1704 5204 1762 5258 in

175 5292 520 5356 superioribus
559 5294 743 5349 dixit:
785 5296 910 5361 Quis
951 5297 1188 5350 ostendit
1229 5297 1381 5350 nobis
1417 5298 1552 5350 bona
1595 5298 1758 5363 (Psal.

219 5429 298 5489 (6|)
352 5433 558 5484 Eadem
625 5435 756 5484 edit.
833 5437 977 5497 sola,
1033 5437 1255 5501 populos
1319 5437 1520 5503 integro
1586 5443 1760 5488 sanat.

179 5494 303 5548 Forte
348 5517 421 5554 ne
479 5506 761 5556 videretur
811 5494 1139 5557 Ambrosius
1201 5494 1462 5559 docuisse
1531 5510 1766 5574 populos

177 5578 307 5644 ianos
344 5587 373 5622 a
419 5575 641 5626 Christo
688 5590 810 5628 esse
857 5583 1098 5628 sanatos.
1148 5580 1286 5629 Nam
1337 5580 1548 5644 integer
1586 5592 1765 5643 quan-

180 5637 323 5716 dmue
366 5645 523 5707 illud,
554 5649 797 5699 maxime
840 5650 887 5698 si
925 5650 996 5700 de
1035 5651 1236 5702 animm
1277 5637 1511 5701 sanitate
1552 5637 1766 5716 agatur,

181 5713 433 5764 SiKniﬁcat.
469 5717 573 5768 Sed
604 5719 698 5769 hic
742 5721 970 5783 integros
1007 5721 1254 5786 intellige
1294 5724 1434 5772 totos
1475 5713 1612 5771 sive'
1634 5723 1767 5771 uni—

184 5791 468 5860 j‘ersosiut
497 5803 604 5839 non
655 5792 924 5841 referatur
965 5792 1034 5841 ad
1085 5806 1250 5844 voces
1288 5793 1355 5843 ab
1396 5792 1639 5843 omnibus
1681 5795 1766 5842 in-

184 5853 513 5917 Mmitatibus,
570 5861 669 5913 sed
729 5862 798 5912 ad
855 5863 978 5914 illas
1033 5865 1251 5915 sanavit
1318 5877 1462 5916 eos...
1524 5863 1770 5915 liberavit

1861 4659 2079 4697 omnes.
2133 4642 2381 4696 Mirabile
2435 4641 2577 4695 illud
2620 4641 2820 4709 altare,
2867 4641 2923 4694 in
2976 4657 3090 4712 quo
3141 4641 3314 4694 unius
3355 4640 3490 4711 agui

1861 4735 2192 4790 sacriﬁcium
2239 4735 2369 4789 tulit
2411 4738 2644 4805 peccata
2687 4734 2906 4789 mundi.
2958 4735 3050 4788 Ille
3099 4733 3494 4805 praestantissi-

1863 4847 1988 4884 mus
2018 4830 2225 4895 Levita,
2256 4828 2350 4900 qui
2381 4829 2535 4882 venit
2559 4845 2677 4882 non
2709 4833 2770 4882 ut
2797 4828 3177 4882 ministerium
3213 4827 3488 4898 exigeret,

1862 4923 1958 4977 sed
1994 4929 2057 4977 ut
2085 4922 2350 4976 omnibus
2383 4922 2680 4976 exhiberet
2720 4939 2836 4976 suae
2874 4922 3257 4976 ministerium
3283 4918 3494 4991 passio-

1865 5016 1999 5070 nis:
2044 5016 2132 5070 cui
2167 5017 2356 5086 portio
2406 5017 2570 5083 Deus,
2603 5015 2699 5086 qui
2745 5015 2835 5069 hic
2881 5015 3020 5070 nihil
3065 5013 3398 5085 possederit,
3433 5014 3494 5063 ut

1864 5110 2053 5164 omnia
2085 5109 2422 5180 possideret.

1933 5207 2024 5258 27.
2055 5203 2199 5267 Quid
2238 5208 2429 5256 autem
2469 5202 2648 5257 dicam
2679 5203 2746 5256 de
2789 5203 3040 5266 Hebraeo,
3073 5215 3243 5271 quem
3276 5199 3360 5255 lex
3399 5217 3491 5252 sex

1865 5297 2263 5352 tantummodo
2296 5296 2463 5366 jubet
2496 5296 2704 5351 servire
2748 5297 2932 5361 annis,
2967 5298 3021 5348 et
3061 5292 3302 5364 septimo
3343 5309 3494 5346 anno

1867 5453 1950 5490 eos
1995 5455 2010 5488 :
2059 5452 2186 5502 quas
2225 5441 2352 5488 sunt
2402 5439 2526 5488 latas
2569 5443 2619 5488 et
2668 5436 3110 5487 indeterminataa
3147 5435 3499 5499 signiﬁcatio-

1867 5524 2031 5644 Πιῗέὲ)
2080 5582 2241 5644 Quasi
2292 5595 2503 5646 serpens
2557 5581 2620 5628 de
2665 5578 2834 5640 virga'
2865 5577 3072 5639 factus;
3117 5578 3249 5641 quia
3301 5579 3358 5626 in
3414 5584 3498 5628 tu—

1868 5653 2070 5703 mulum
2109 5654 2411 5717 projectus;
2452 5652 2576 5701 haec
2612 5651 2667 5698 in
2719 5662 2854 5698 mss.
2904 5649 3045 5700 Gall.
3095 5649 3498 5710 desiderantur,

1869 5723 1964 5774 sed
2005 5728 2192 5775 tamen
2232 5722 2486 5773 nonnihil
2525 5721 2839 5772 conducere
2877 5720 3135 5772 videntur
3173 5722 3242 5772 ad
3288 5722 3499 5785 perspi-

1869 5796 2152 5846 cuitatem.
