3958 6166
541 284 671 336 1299
1400 328 1403 335 .
1989 288 2046 339 5.
2086 285 2166 340 AM

2289 284 2402 339 'JSII
2662 280 2663 283 “
3740 289 3882 341 1300

533 407 693 462 exire
731 424 764 463 a
804 407 1030 462 servitio
1058 408 1279 473 (Εωοάυ
1311 424 1428 475 xxi,
1456 408 1550 473 2)?
1574 408 1709 473 Quis
1743 409 1849 464 iste
1889 407 2158 463 Hebraeus
2180 421 2236 492 Α
2259 423 2468 465 munus
2509 424 2612 479 pro
2651 407 3060 463 emundatione
3098 424 3195 463 sua
3231 407 3466 463 deberet
3494 409 3715 464 olferre.
3745 409 3887 464 Bea-

533 502 769 556 servns?
833 501 968 565 Quis
1041 502 1307 557 Hebraeus
1370 501 1519 557 liber
1585 506 1806 572 poterat
1870 500 2158 572 intelligi?
2258 505 2349 556 tus
2395 500 2493 573 qui
2535 501 2693 557 audit
2728 502 2883 570 haec;
2924 506 3136 573 quanto
3183 500 3398 557 beatior
3428 502 3525 574 qui
3567 501 3741 569 videt,
3786 503 3895 572 qui

532 594 668 660 Quis
712 596 921 661 tantus,
965 601 1030 651 ut
1079 612 1263 650 annos
1305 598 1547 651 aeternos
1591 595 1651 649 in
1703 601 1895 650 mente
1941 593 2158 650 habens
2260 610 2317 649 se
2346 609 2480 653 vero
2519 598 2710 666 potest
2744 594 3044 649 ostendere
3081 594 3389 663 Sacerdoti,
3432 601 3490 650 ut
3530 612 3645 651 non
3675 595 3903 650 habeat

534 688 722 743 videat
767 703 969 744 verum
1020 688 1337 758 Hebrmum,
1388 688 1489 760 qui
1536 705 1651 743 non
1706 688 1764 743 in
1818 690 2155 760 perpetuum
2260 687 2410 759 quod
2439 687 2638 747 timeat
2662 688 2720 742 in
2749 704 2807 742 se
2843 687 3042 755 videri,
3081 687 3176 759 qui
3208 705 3268 742 se
3303 688 3458 759 prius
3492 688 3714 760 aspicit,
3742 688 3899 744 facie

535 784 738 836 manet
768 797 983 849 servus,
1011 782 1109 836 sed
1148 798 1218 836 ex
1265 781 1433 836 annis
1476 781 1663 836 servili
1698 781 1924 836 functus
1948 779 2156 847 ofﬁcio,
2261 782 2534 838 revelata!
2574 783 2714 836 Nam
2758 781 2867 837 nisi
2912 781 3032 853 ipse
3077 797 3137 836 se
3171 782 3329 853 prius
3367 781 3587 848 viderit,
3627 799 3751 836 non
3797 799 3903 836 au-

534 874 776 946 septimo
801 891 953 931 anno
983 874 1227 946 gratiam
1273 874 1550 930 libertatis
1590 873 1961 946 adipiscitur?
1989 872 2161 944 Cujus
2261 876 2419 931 debit
2465 892 2523 931 se
2569 874 2906 944 ostendere;
2952 874 3095 929 sicut
3136 874 3316 929 Adam
3354 875 3449 946 qui
3495 892 3554 930 se
3598 875 3903 930 occultare

536 967 760 1024 videtur
784 970 935 1024 Isaac
960 967 1289 1041 patriarcha
1325 967 1611 1025 servitutis
1636 973 1692 1024 et
1728 966 2004 1023 libertatis
2044 983 2160 1022 non
2262 969 2546 1041 cupiebat,
2579 968 2714 1041 quia
2754 985 2816 1022 se
2855 984 2972 1023 non
3013 968 3379 1039 agnoscebat.
3418 967 3526 1024 Sed
3554 969 3677 1040 jam
3717 967 3904 1024 etiam

536 1062 827 1133 ignorasse
860 1064 1214 1134 mysterium,
1242 1062 1343 1134 qui
1370 1062 1451 1117 ait
1483 1078 1496 1117 :
1534 1084 1561 1111 α
1586 1060 1803 1117 Servies
1843 1059 2003 1115 fratri
2039 1065 2159 1129 tuo,
2263 1063 2322 1119 id
2346 1062 2501 1135 quod
2537 1061 2813 1133 sequitur,
2846 1060 3295 1116 consideremus.

537 1160 595 1211 et
639 1156 749 1211 erit
786 1172 917 1211 cum
959 1156 1288 1227 deposueris
1329 1159 1388 1210 et
1433 1154 1667 1210 solveris
1709 1153 1919 1226 jugnm
1963 1154 2090 1225 ejus
2129 1171 2164 1208 a

538 1249 679 1305 collo
719 1252 816 1304 tuo
860 1250 1032 1318 (Gem,
1065 1266 1228 1316 xxvn,
1265 1250 1375 1319 40),
1410 1271 1438 1299 ››
1480 1247 1804 1320 significans
1844 1248 1964 1302 fore
2011 1250 2159 1302 tem-

538 1360 646 1414 pus
672 1359 786 1415 quo
823 1347 882 1398 et
913 1343 959 1398 si
1005 1343 1132 1415 quis
1167 1342 1423 1398 servierit
1463 1342 1558 1396 hic
1592 1341 1809 1413 positus
1832 1340 1999 1396 fratri
2037 1357 2160 1409 suo,

536 1442 735 1509 postea
778 1442 965 1492 tamen
1014 1436 1223 1491 exactis
1268 1435 1455 1503 annis,
1494 1434 1589 1507 qui
1648 1451 1747 1490 sex
1795 1433 1914 1489 istis
1965 1433 2164 1489 diebus

541 1532 669 1601 (63),
697 1534 867 1601 atque
894 1529 1017 1585 istis
1042 1546 1184 1601 quos
1216 1527 1473 1603 1003
1502 1528 1596 1584 hic
1629 1528 1917 1600 exigimus
1946 1527 2161 1582 mensi-

538 1623 643 1679 bus
680 1623 1046 1695 colliguntur,
1082 1622 1263 1678 solvat
1289 1605 1497 1694 jugum
1534 1639 1569 1676 a
1608 1622 1824 1677 cervice
1862 1638 1982 1689 sua,
2011 1621 2164 1692 quod

538 1718 602 1772 lit
642 1718 892 1789 septimo
933 1732 1085 1771 anno
1128 1715 1496 1770 remissionis.
1534 1714 1830 1786 Conjicere
1868 1730 2165 1785 possumus

537 1811 653 1866 veri
693 1786 909 1865 ἀεὶ)τωί
954 1814 1152 1880 typum
1200 1809 1259 1863 in
1291 1808 1524 1880 Joseph,
1565 1808 1663 1879 qui
1705 1807 1948 1879 portavit
1985 1807 2161 1862 servi-
2185 1786 2241 1859 B

539 1903 677 1960 tutis
690 1903 901 1974 jugum
936 1924 946 1955 :
979 1902 1077 1957 sed
1106 1917 1239 1957 eum
1272 1903 1440 1972 culpa
1477 1918 1590 1957 non
1631 1901 1800 1973 cepit,
1828 1917 1945 1956 non
1975 1917 2166 1956 carcer

541 1998 785 2067 inclusit,
831 2013 947 2051 non
998 1997 1271 2067 Egyptus
1309 1994 1675 2050 decoloravit.
1718 1995 2061 2066 Conjicimus
2103 1995 2163 2050 in

2334 1209 2422 1261 31.
2459 1205 2639 1277 (Vers.
2679 1206 2781 1273 l9.)
2810 1204 3036 1259 Advenu
3064 1220 3157 1274 ego
3195 1219 3312 1259 sum
3348 1206 3402 1258 in
3443 1209 3621 1270 terra;
3662 1220 3730 1259 ne
3769 1205 3900 1258 abs-

2263 1300 2460 1354 condas
2505 1316 2540 1352 ιι
2578 1314 2660 1353 me
2699 1298 2966 1352 mundata
3011 1302 3125 1352 tua.
3174 1298 3293 1352 Non
3336 1297 3747 1369 cujuscumque
3794 1314 3906 1353 vox

2266 1393 2371 1449 ista
2405 1395 2509 1460 est,
2538 1390 2637 1447 sed
2668 1390 2796 1461 ejus
2835 1390 2931 1462 qui
2973 1389 3212 1446 terrenis
3248 1391 3654 1446 renuntiaverit
3690 1390 3903 1461 volup-

2266 1487 2479 1542 tatibus
2524 1488 2580 1539 et
2630 1484 2787 1539 omni
2835 1501 2895 1539 se
2947 1484 3251 1538 mundana:
3304 1483 3623 1555 cupiditatis
3669 1484 3912 1539 exuerit

2264 1579 2488 1634 atfectu.
2534 1579 2632 1633 Ille
2678 1583 2763 1631 est
2804 1577 2862 1630 in
2908 1577 3015 1632 hac
3058 1580 3208 1631 terra
3253 1576 3495 1641 advena,
3545 1577 3643 1647 qui
3700 1580 3911 1648 potest

2265 1674 2451 1729 dicere
2494 1690 2507 1727 :
2560 1695 2585 1720 α
2626 1673 2825 1726 Nostra
2868 1674 3061 1726 autem
3114 1670 3462 1725 conversatio
3507 1670 3566 1724 in
3608 1670 3773 1725 caelis
3818 1675 3910 1725 est

2266 1768 2547 1838 (Philipp,
2576 1782 2654 1833 ιη,
2682 1769 2806 1832 20);
2838 1787 2866 1813 n
2895 1763 2995 1836 qui
3022 1780 3184 1818 suam
3210 1764 3383 1818 habet
3407 1764 3465 1817 in
3494 1764 3739 1819 Domino
3775 1780 3913 1835 por-

2268 1861 2501 1928 tionem,
2553 1859 2652 1931 qui
2699 1860 2884 1930 potest
2926 1857 3117 1913 dolere
3165 1856 3319 1929 quod
3368 1856 3578 1911 diutius
3628 1857 3790 1911 vivat
3850 1858 3909 1911 in

2265 1954 2463 2021 terris,
2516 1953 2617 2025 qui
2661 1953 2791 2007 vita:
2838 1950 3007 2022 hujus
3058 1949 3421 2022 longievitate
3468 1950 3747 2017 lassatur,
3812 1952 3914 2005 cui

2267 2047 2561 2120 prolixitas
2585 2044 2952 2101 habitationis
2975 2044 3143 2116 hujus
3170 2043 3394 2099 fastidio
3421 2043 3509 2109 sit,
3533 2060 3709 2114 quam
3737 2060 3918 2098 sanc-

2266 2147 2359 2197 tus
2401 2145 2712 2207 aversatur,
2751 2144 2810 2195 et
2852 2138 2990 2193 dicit
3027 2155 3042 2193 :
3086 2160 3112 2187 ‹‹
3145 2139 3235 2192 Va:
3277 2138 3346 2192 iis
3388 2138 3486 2209 qui
3528 2136 3803 2192 habitant
3852 2139 3916 2192 in

2268 2240 2422 2292 terra
2467 2236 2679 2305 (Apoc.,
2724 2250 2837 2300 Vill,
2888 2233 2999 2303 l3)!
3052 2256 3079 2282 »
3123 2232 3229 2297 Qui
3273 2230 3495 2287 dissolvi
3538 2246 3655 2286 non
3705 2232 3913 2298 timet,

2270 2333 2329 2385 et
2351 2330 2398 2384 si
2434 2329 2708 2396 solvatur,
2744 2327 3041 2399 praesumit
3080 2342 3139 2381 se
3182 2341 3310 2380 cum
3347 2324 3563 2380 Christo
3605 2324 3915 2391 futurum,

2270 2423 2359 2479 hic
2397 2439 2529 2478 vere
2570 2421 2911 2494 peregrinus
2943 2420 3002 2475 in
3041 2422 3189 2474 terra
3227 2422 3344 2487 est;
3387 2419 3517 2491 quia
3560 2422 3914 2474 sanctorum

2270 2521 2355 2573 est
2379 2516 2536 2580 civis,
2573 2520 2630 2571 et
2673 2513 3016 2570 domesticus
3049 2512 3167 2583 Dei,
3195 2517 3251 2568 et
3275 2513 3600 2569 thesaurum
3626 2512 3743 2567 sibi
3773 2529 3919 2569 con-

2270 2612 2354 2666 dit
2395 2611 2455 2665 in
2496 2611 2657 2665 ccelo.
2695 2610 2822 2664 Non
2860 2608 3056 2680 utique
3102 2606 3151 2661 is
3190 2606 3380 2662 exiens
3419 2606 3489 2661 de
3530 2608 3810 2678 .Egypto,
3856 2607 3917 2662 in

2271 2705 2415 2760 hanc
2460 2702 2878 2775 intelligibilem
2923 2704 3227 2774 .Egyptum
3281 2716 3531 2756 remeare
3580 2699 3916 2768 desiderat,

2273 2815 2377 2855 nec
2408 2796 2666 2871 1004
2696 2795 2967 2868 depositaa
3004 2795 3308 2851 senectutis
3334 2797 3391 2850 et
3422 2793 3616 2849 mortis
3645 2796 3920 2865 pavescit

2271 2892 2537 2959 conﬁnia,
2574 2906 2681 2947 nec
2723 2891 2932 2946 horrea
2969 2890 3138 2945 struit
3179 2888 3455 2944 messibus
3494 2888 3914 2955 recondeudis,

2263 2986 2389 3058 jam
2429 2985 2633 3040 alienis
2677 2984 2928 3040 victurus
2971 2983 3260 3052 aetatibus;
3297 2981 3396 3037 sed
3435 2982 3552 3037 sola
3587 2981 3751 3036 dives
3804 2984 3917 3037 vir-

2272 3084 2460 3135 tutum
2507 3078 2888 3145 fecunditate,
2939 3094 3007 3132 ea
3056 3081 3397 3149 congregat,
3449 3091 3574 3148 quae
3625 3075 3738 3131 sibi
3803 3093 3915 3133 nec

2191 3158 2247 3231 C
2272 3190 2429 3229 mors
2458 3172 2562 3242 (66)
2596 3173 2772 3245 possit
2795 3171 3041 3227 auferre.

542 2094 729 2161 Petro,
774 2093 1009 2157 Joanne,
1043 2088 1274 2159 Jacobo,
1314 2087 1433 2161 qui,
1468 2088 1639 2144 creati
1684 2094 1741 2144 et
1767 2088 2012 2144 instituti
2061 2088 2167 2143 sub

534 2186 679 2256 jugo
721 2184 882 2256 legis,
930 2184 1221 2239 solverunt
1270 2187 1459 2238 tamen
1511 2182 1705 2237 fratris
1745 2182 1831 2237 sui
1871 2181 2164 2237 Judaicum

536 2279 768 2348 jngnm,
790 2276 889 2332 ubi
910 2276 1178 2348 legitima:
1201 2279 1425 2347 tempus
1443 2276 1649 2349 quietis
1668 2275 1920 2346 advenit,
1938 2276 2168 2349 quando

546 2371 760 2427 refulsit
806 2370 894 2425 his
936 2370 1197 2426 remissio
1246 2372 1606 2441 peccatorum
1652 2385 1666 2425 :
1712 2373 1771 2425 et
1822 2370 1927 2425 hoc
1977 2373 2169 2425 tamen

546 2466 635 2521 hic
687 2466 745 2521 in
802 2464 1009 2521 umbra
1051 2464 1239 2519 adhuc
1294 2469 1521 2535 gestum
1571 2464 2005 2535 comparatione
2053 2480 2166 2519 coa-

542 2559 792 2615 lestinm.

612 2655 702 2708 28.
746 2652 971 2717 Quanta
1010 2656 1202 2708 autem
1247 2651 1410 2723 quies
1448 2651 1565 2718 illa,
1605 2667 1733 2723 quae
1774 2668 1837 2705 ex
1878 2652 2001 2722 lege
2032 2668 2166 2707 con-

537 2746 753 2816 jicitur,
802 2746 863 2800 in
912 2745 1218 2816 Evangelio
1266 2746 1565 2813 revelatur,
1611 2750 1668 2800 et
1711 2744 1900 2800 adhuc
1947 2746 2172 2818 integra

542 2841 861 2894 reservatur
889 2838 1020 2909 (64),
1049 2838 1275 2894 dicente
1314 2837 1553 2894 Domino
1591 2840 1767 2894 Jesu:
1806 2840 1935 2894 Volo
1975 2845 2035 2894 ut
2074 2841 2174 2894 ubi

539 2949 635 3003 ego
671 2949 812 2996 sum,
847 2937 898 2988 et
932 2934 1029 2988 isti
1066 2934 1176 2988 sint
1218 2948 1424 2988 mecum
1448 2933 1650 3003 (Joan.,
1680 2949 1810 3001 xvn,
1836 2932 1955 3005 24)!
1989 2934 2170 2997 Quam

541 3026 762 3093 beatus,
791 3025 893 3098 qui
921 3024 1084 3081 istius
1107 3024 1476 3081 habitationis
1498 3026 1771 3093 fructum,
1802 3026 2010 3098 quietis
2038 3042 2172 3082 con-

541 3119 784 3176 sortium
836 3118 950 3174 illic
992 3119 1244 3191 potuerit
1285 3119 1634 3191 promereri!
1685 3121 1842 3175 Tunc
1895 3120 2173 3192 intelliget

541 3213 679 3286 quid
726 3212 802 3268 sit
838 3212 1130 3285 aperuisse
1168 3212 1383 3281 oculos,
1427 3218 1489 3268 ut
1528 3213 1750 3269 videret
1787 3213 2073 3269 mirabilia
2100 3214 2170 3269 de

544 3307 673 3379 lese
698 3307 818 3363 Dei-
2343 3317 2431 3369 3-2.
2465 3314 2639 3383 (Vers.
2664 3312 2775 3385 2o.)
2804 3311 3115 3384 Meritoque
3146 3309 3319 3365 dicit:
3351 3310 3662 3380 Concupiuit
3707 3314 3913 3366 auena

614 3405 704 3458 29.
734 3402 887 3457 Bene
912 3401 1210 3457 admonuit
1240 3402 1406 3458 lectio
1440 3402 1753 3475 Evangelii,
1783 3418 1913 3475 quae
1938 3402 2174 3459 decursa
2270 3424 2391 3464 mea
2424 3408 2738 3463 desiderare
2766 3406 2987 3477 judicia
3029 3411 3127 3461 tua
3166 3407 3227 3459 in
3259 3406 3405 3460 omni
3442 3411 3690 3474 tempore.
3730 3406 3911 3469 Quod

543 3499 648 3564 est,
693 3496 753 3552 in
801 3511 917 3568 qua
955 3500 1188 3551 sanatus
1230 3500 1318 3551 est
1366 3496 1622 3568 leprosus
1664 3496 1778 3567 ille,
1823 3496 1924 3569 qui
1966 3496 2110 3552 dixit
2155 3515 2169 3553 :
2274 3502 2471 3574 utique
2515 3518 2632 3558 non
2672 3500 2807 3557 facit
2856 3500 2965 3555 nisi
3004 3499 3148 3556 liber
3188 3516 3223 3552 a
3270 3497 3523 3565 vinculis,
3565 3513 3674 3552 nec
3709 3499 3912 3555 solum

545 3613 574 3640 ‹‹
609 3590 667 3647 Si
697 3590 802 3656 vis,
841 3592 1005 3661 potes
1042 3605 1135 3644 me
1181 3589 1457 3645 mundare
1484 3590 1656 3661 (Luc.,
1685 3607 1740 3657 v,
1780 3592 1894 3661 l2);
1924 3612 1951 3639 η
1982 3590 2042 3645 in
2071 3608 2166 3647 vo-

2289 3614 2304 3650 ι
2332 3596 2571 3653 vinculis
2606 3594 3002 3652 sollicitudinis
3039 3592 3344 3661 saecularis,
3371 3592 3472 3647 sed
3507 3591 3679 3647 etiam
3709 3610 3746 3647 a
3788 3594 3915 3649 vin-

542 3684 764 3742 lnntate
788 3683 1014 3741 Domini
1053 3683 1399 3740 constituens
1427 3685 1726 3754 potestatis
1750 3685 2035 3741 etfectum.
2069 3686 2172 3742 Cui
2273 3691 2413 3747 culis
2463 3689 2757 3746 charitatis
2805 3689 3100 3745 humanae.
3149 3687 3377 3742 Vincula
3415 3686 3709 3758 complura
3766 3693 3915 3743 sunt

543 3778 842 3851 respondit
882 3778 1145 3834 similiter
1175 3794 1188 3833 :
1234 3797 1263 3829 α
1290 3778 1446 3845 Volo,
1482 3779 1760 3835 mundare
1790 3780 1974 3851 (lbid.,
2007 3781 2112 3852 l3).
2139 3803 2166 3830 υ

2289 3801 2333 3840 .n
2379 3784 2488 3840 hoc
2538 3784 2748 3840 saeculo
2801 3800 2815 3839 :
2864 3783 3090 3838 vincula
3139 3786 3270 3836 sunt
3317 3779 3592 3835 desideria
3642 3780 3911 3849 vivendi,

541 3873 837 3929 Prmmissa
878 3872 1058 3945 pietas
1100 3872 1429 3942 voluntatis,
1467 3875 1661 3928 secuta
1695 3873 1990 3945 potestatis
2034 3890 2171 3929 auc-
2273 3878 2497 3934 vincula
2558 3882 2692 3933 sunt
2753 3877 3163 3932 oblectamenta
3221 3875 3601 3945 voluptatum,
3669 3873 3915 3929 vincula

544 3967 737 4023 toritas
782 3970 887 4024 est.
943 3966 1221 4023 Omnibus
1272 3966 1409 4022 dicit
1459 3968 1648 4034 Jesus,
1698 3969 1846 4031 volo,
1899 3967 2001 4040 qui
2055 3986 2173 4025 non
2272 3978 2406 4028 sunt
2428 3973 2744 4039 honorum,
2775 3970 2997 4025 vincula
3031 3968 3298 4039 conjugii.
3342 3967 3586 4039 Denique
3620 3966 3767 4022 dicit
3798 3968 3911 4023 tibi

543 4062 661 4116 vult
707 4077 829 4117 esse
876 4065 1172 4131 peccatum
1215 4060 1344 4130 (65).
1394 4061 1547 4115 Velle
1589 4061 1819 4130 Christi,
1864 4078 2175 4118 commune
2271 4065 2458 4122 bonus
2496 4064 2800 4137 Magister:
2849 4085 2877 4116 α
2906 4064 3135 4120 Solutus
3168 4079 3229 4117 es
3264 4061 3334 4117 ab
3372 4061 3584 4117 uxore?
3612 4060 3691 4114 Ne
3730 4077 3907 4132 quae-

542 4154 603 4210 in
629 4169 827 4209 omnes
852 4159 972 4219 est;
1002 4153 1290 4223 mandari,
1318 4153 1451 4210 tidei
1482 4161 1564 4209 est
1593 4155 1879 4211 credentis
1904 4156 1964 4211 in
1991 4156 2174 4212 Chris-
2273 4160 2436 4217 sieris
2470 4176 2707 4216 uxorem
2735 4160 2773 4228 (l
2806 4162 2950 4225 Con,
2982 4175 3076 4223 vn,
3106 4158 3214 4227 27).
3246 4178 3273 4206 ››
3312 4157 3420 4210 Nec
3450 4158 3634 4209 tamen
3677 4159 3904 4224 peccat,

543 4252 688 4304 tum.
734 4269 762 4296 ‹‹
789 4248 855 4302 Et
889 4246 1084 4318 tetigit
1124 4262 1276 4302 eum.
1310 4268 1338 4297 »
1373 4249 1575 4319 Tangit
1615 4265 1731 4316 eos,
1772 4266 2020 4322 quorum
2060 4251 2173 4306 fide
2272 4254 2371 4327 qui
2419 4270 2660 4310 uxorem
2708 4252 3023 4324 acceperit,
3076 4250 3173 4305 sed
3218 4249 3451 4306 innectit
3499 4245 3604 4303 sibi
3663 4247 3908 4304 vincula

544 4339 819 4412 tangitur.
848 4339 1105 4412 Denique
1129 4339 1306 4396 dicit:
1344 4362 1372 4389 ‹‹
1402 4341 1608 4413 Tetigit
1645 4359 1741 4398 me
1775 4343 2013 4416 aliquis;
2043 4361 2169 4401 sen-
2273 4348 2507 4416 mentis,
2536 4349 2669 4419 quia
2705 4346 2974 4403 sollicitus
3013 4348 3101 4401 est
3130 4343 3411 4416 quomodo
3453 4341 3667 4413 placeat
3704 4343 3903 4398 uxori.

546 4433 626 4489 tio
663 4434 816 4489 enim
855 4432 1126 4489 virtutem
1165 4434 1348 4489 exisse
1385 4433 1457 4489 de
1494 4451 1588 4490 me
1622 4437 1797 4505 (Luc.,
1841 4453 1954 4505 Vltl,
1998 4440 2109 4509 t6).
2143 4461 2166 4488 ιι

2289 4442 2506 4498 Beatior
2542 4446 2710 4508 esset,
2736 4442 2784 4497 si
2828 4442 2945 4495 Deo
2972 4439 3077 4494 soli
3111 4438 3332 4510 placere
3369 4435 3725 4492 desideraret.
3763 4438 3907 4491 Cer-

546 4525 724 4582 llabes
788 4527 1178 4599 operationem
1237 4527 1585 4584 immaculati
1640 4530 1928 4602 corporis,
1995 4531 2361 4605 babesDnis
2398 4541 2590 4593 autem
2630 4535 2765 4608 quia
2804 4535 3013 4607 ligatus
3051 4538 3155 4601 est,
3191 4531 3287 4604 qui
3325 4530 3409 4585 sui
3434 4529 3536 4600 (67)
3562 4544 3678 4583 non
3715 4528 3912 4586 habet

545 4619 937 4678 remissionem
969 4621 1302 4678 divinitatis.

2289 4631 2533 4702 :orporis
2557 4633 2918 4703 potestatem.
2958 4630 3103 4699 Ergo
3142 4625 3276 4697 quia
3303 4623 3629 4680 mandatum
3654 4621 3755 4676 Dei
3788 4630 3906 4690 est,

614 4716 704 4770 30.
730 4714 842 4771 Sed
885 4718 946 4768 ut
975 4714 1196 4786 plenius
1229 4719 1549 4785 sanaretur,
1577 4717 1801 4788 aperuit
1826 4718 2016 4774 oculos
2047 4719 2174 4791 ejus
2272 4724 2432 4797 quod
2462 4724 2606 4796 legis
2632 4724 2862 4780 oraculo
2890 4727 2949 4778 et
2973 4720 3282 4794 apostolico
3307 4733 3560 4774 sermone
3584 4715 3911 4789 depromp-
3940 4790 3941 4801 χ

543 4807 738 4865 dicens
769 4824 783 4864 :
816 4829 847 4859 «ι
873 4807 1043 4876 Vade,
1072 4808 1308 4865 ostende
1337 4814 1392 4865 te
1417 4810 1699 4867 sacerdoti
1719 4811 1895 4884 (Luc.,
1925 4831 1978 4881 v,
2011 4813 2116 4885 lt).
2145 4836 2171 4863 ι)
2273 4823 2397 4874 tum
2429 4821 2516 4873 est
2540 4819 2738 4888 (Deut,
2771 4835 2840 4887 γι,
2883 4822 2947 4885 5;
2977 4816 3201 4878 Mutth.,
3238 4831 3291 4882 x,
3331 4812 3435 4881 37),
3470 4826 3542 4864 ne
3576 4809 3701 4881 quis
3741 4826 3901 4865 uxo-
3940 4804 3941 4811 “

541 4902 744 4959 Multos
777 4901 1098 4958 sacerdotes
1134 4902 1377 4959 habebat
1416 4905 1751 4978 Synagoga;
1780 4907 1878 4963 sed
1914 4908 2011 4979 qui
2038 4925 2171 4964 ocu-
2273 4928 2418 4980 rem,
2464 4911 2711 4979 divitias,
2756 4912 3054 4978 honorem,
3098 4905 3534 4963 necessitudines
3581 4903 3694 4957 Deo
3736 4919 3904 4972 prae-
3938 4940 3939 4983 ι

543 4997 627 5054 los
648 4997 852 5070 aperit,
881 4996 1053 5052 falsos
1084 5012 1202 5052 non
1239 4996 1396 5052 videt
1422 4999 1763 5067 sacerdotes,
1795 5017 1991 5057 verum
2021 5003 2170 5075 aspi-
2273 5006 2459 5062 ferat:
2501 5005 2602 5077 qui
2637 5007 2831 5060 autem
2869 5002 3207 5076 praetulerit,
3251 5000 3314 5055 tit
3350 4996 3619 5054 obnoxius
3650 4994 3907 5065 judiciis
3938 5002 3939 5025 ‘

543 5090 640 5146 cit.
668 5091 804 5157 Quis
834 5095 920 5146 est
942 5106 1109 5146 verus
1135 5090 1417 5160 sacerdos,
1458 5091 1567 5147 nisi
1604 5093 1697 5149 ille
1727 5095 1824 5167 qui
1873 5103 1959 5151 est
1984 5113 2170 5153 sacer-
2274 5099 2409 5168 Dei;
2440 5099 2569 5154 ideo
2598 5099 2756 5172 prius
2782 5098 3051 5170 poposcit,
3082 5113 3154 5151 ne
3187 5092 3489 5150 abscondat
3526 5089 3594 5145 ab
3629 5105 3697 5144 eo
3736 5091 3905 5145 Dens

543 5182 648 5239 dos
688 5185 748 5240 in
796 5183 1119 5240 internum?
1164 5184 1233 5238 Et
1273 5183 1400 5239 ideo
1447 5186 1612 5241 Pater
1658 5187 1795 5243 dixit
1856 5190 1927 5245 ad
1981 5207 2113 5246 eum
2154 5207 2167 5246 :
2275 5194 2545 5250 mandata
2580 5210 2703 5249 sua.
2749 5192 2858 5258 Qui
2899 5191 3053 5247 enim
3099 5188 3364 5245 mandata
3405 5186 3498 5242 Dei
3536 5186 3937 5255 cognoverit,\

548 5296 577 5323 ‹‹
613 5278 695 5332 Tu
719 5294 778 5334 es
803 5278 1071 5335 sacerdos
1110 5278 1167 5333 in
1211 5281 1487 5333 internum
1516 5281 1684 5348 (Psul.
1718 5298 1826 5350 cxx,
1856 5285 1928 5355 4).
1964 5308 1990 5333 »ι
2020 5287 2166 5357 Ape-

2289 5293 2331 5344 at
2355 5287 2706 5357 custodierit,
2749 5302 2867 5342 non
2908 5284 3118 5355 refugit
3140 5281 3350 5355 judicia
3387 5278 3588 5346 divina,
3614 5276 3712 5331 sed
3739 5276 3905 5334 desi-
3934 5282 3935 5357 ξ

549 5368 663 5421 ruit
698 5386 835 5442 ergo
880 5373 1071 5429 oculos
1114 5372 1258 5446 ejus,
1302 5377 1359 5427 et
1400 5371 1557 5442 vidit,
1596 5380 1651 5430 et
1688 5375 1966 5434 intellexit
2003 5379 2170 5452 quale
2272 5382 2457 5447 derat,
2491 5380 2812 5453 meritoque
2851 5385 3121 5451 tanquam
3166 5374 3419 5430 revelatis
3457 5371 3557 5426 sibi
3599 5370 3907 5428 mandatis

611 5489 717 5568 (βξ).
936 5496 1165 5562 aliquot,
1213 5496 1522 5561 signiﬁcans
1570 5495 1705 5559 forte
1756 5503 2014 5563 tempus...
2077 5506 2172 5568 qui
2335 5505 2432 5567 (66)
2460 5503 2541 5554 Ita
2568 5516 2723 5562 mss.;
2751 5502 2884 5553 edit.
2910 5513 3056 5561 vero,
3098 5499 3218 5561 Quae
3243 5496 3343 5548 sibi
3372 5507 3463 5568 nec
3488 5494 3714 5568 senectus
3753 5505 3903 5555 per-
3932 5542 3933 5567 ι

547 5560 744 5634 existis
763 5561 961 5634 Ψοδιιδ,
992 5560 1096 5618 οἷο.
1358 5560 1361 5561 ν
1858 5560 1869 5563 τ
2086 5560 2102 5568 ’
2269 5560 2439 5627 ditant
2478 5575 2636 5634 dare,
2672 5560 2767 5624 nec
2805 5586 2968 5630 mors,
3005 5560 3123 5622 etc.
3151 5568 3260 5621 Sed
3310 5564 3454 5631 quod
3490 5565 3545 5613 in
3585 5575 3715 5610 ωδε·
3770 5576 3899 5616 non

768 5630 832 5679 Et
881 5634 1051 5712 adhuc
1103 5638 1313 5712 integra
1355 5643 1679 5712 reservatur.
1736 5641 1872 5694 Haec
1926 5644 1981 5694 in
2036 5643 2167 5696 edit.
2271 5620 2773 5712 iam}.
2802 5620 3208 5709 gibsséxhi'esi.
3437 5711 3444 5712 ί
3606 5709 3614 5712 _
3698 5705 3708 5712 _
3836 5706 3870 5712 __
3932 5620 3933 5673 ‘

545 5698 808 5780 omnibus
844 5705 899 5750 et
940 5698 1328 5780 mss._aliquot
1369 5725 1483 5763 non
1529 5711 1838 5771 habentur;
1877 5719 2062 5767 tamen
2114 5717 2169 5768 in
2306 5698 2435 5780 (67)
2465 5698 2607 5769 Octo
2637 5698 3032 5775 mss.,vCarm's
3062 5715 3235 5761 autem
3269 5706 3509 5771 alligatus
3547 5709 3617 5755 cst
3654 5705 3901 5759 vinculis

546 5774 921 5854 δθξῖξξηλξθξδι
950 5786 1059 5823 ηοῐι
1084 5777 1289 5854 inﬁnite
1319 5787 1465 5834 noue
1485 5786 1857 5854 reperiuntur.
2270 5774 2365 5854 qui
2392 5774 2501 5847 sui,
2524 5792 2633 5841 etc.
2666 5774 2929 5840 Atticum
2959 5784 3112 5844 edit.,
3136 5786 3197 5833 ut
3224 5782 3279 5832 in
3306 5783 3469 5830 textu.

610 5840 706 5903 (ὃὸ)
732 5839 958 5905 Septem
984 5856 1137 5905 mss,
1162 5850 1254 5910 qui
1282 5865 1385 5901 non
1408 5853 1517 5906 rut:
1540 5839 1647 5908 esse
1667 5860 2011 5922 peccatorom.
