4082 6186
292 161 395 211 1301

1401 166 1752 222 ΕΧΡΟΞΙΤΙΟ
1793 168 1857 221 IN
1901 165 2211 222 I‘SALMUM
2252 167 2478 223 CXVIII.

3389 167 3394 172 ’
3488 168 3620 220 1302

283 284 385 338 ait:
424 284 707 356 Concupivi
733 285 1043 348 desiderare
1075 289 1296 357 judicia
1344 297 1440 344 tua
1478 295 1535 345 in
1571 295 1719 347 omni
1759 297 1886 378 tem-
1914 304 1972 375 Α
1994 291 2252 346 diabolus
2280 292 2444 346 bonis
2480 292 2745 361 operibus
2776 291 3040 345 intentos.
3075 292 3358 354 Quantum
3395 290 3619 345 labora-

337 393 408 430 re.

337 393 408 430 rc.

275 393 415 525 pO33.
461 471 588 526 Non
629 473 766 528 dixit
805 491 818 528 :
864 475 1172 546 Concupivi
1209 477 1446 547 judicia,
1487 480 1585 534 sed
1627 497 1640 534 :
1685 482 1889 537 Concu-

269 565 373 634 pivi
419 565 742 623 demanare.
789 567 944 624 Sicut
996 569 1151 624 enim
1205 571 1318 625 vita
1387 571 1571 626 vivere
1629 573 1752 643 plus
1805 576 1892 626 est

271 674 432 729 quam
452 659 640 716 vivere
661 661 868 731 (vivere
899 678 1152 734 namque
1185 680 1491 720 commune
1517 665 1692 720 etiam
1718 666 1890 736 hujus

271 757 342 805 est
367 752 515 818 vita,
550 753 666 809 vita
694 758 890 810 autem
929 756 1117 811 vivere
1143 756 1444 812 beatorum
1485 760 1611 829 est),
1643 759 1720 812 sic
1750 775 1885 814 con-

271 846 548 916 cupiscere
602 853 662 902 ut
716 848 1107 905 desideremus
1158 849 1376 920 judicia
1433 851 1570 917 Dei,
1630 851 1754 921 plus
1806 857 1893 907 est

269 955 429 1010 quam
458 938 786 996 desiderare
819 941 1056 1012 judicia.
1089 943 1558 1014 Concupiscimus
1595 946 1753 1000 enim
1787 945 1885 1000 de-

271 1033 526 1099 siderare,
578 1034 740 1104 quasi
790 1051 908 1090 non
959 1035 1030 1090 sit
1076 1037 1372 1107 potestatis
1418 1039 1625 1093 nostrae
1665 1037 1886 1093 deside-

269 1124 425 1191 rium,
455 1126 560 1179 sed
587 1127 783 1196 gratiae.
813 1127 933 1182 Dei.
966 1129 1109 1184 Cum
1139 1131 1294 1185 enim
1321 1131 1593 1186 Dominus
1622 1131 1891 1186 oblectari

268 1235 358 1272 nos
384 1218 593 1273 viderit
620 1219 933 1291 cupiditate
959 1222 1225 1277 desiderii
1250 1223 1601 1294 judiciorum
1629 1240 1887 1290 suorum,

269 1311 510 1366 sobrium
563 1317 743 1384 auget
792 1314 1078 1370 affectum.
1130 1317 1273 1371 Cum
1319 1322 1509 1371 autem
1558 1332 1888 1388 peccamus,

269 1422 368 1459 non
413 1405 870 1477 concupiscimus
911 1407 1239 1464 desiderare
1269 1409 1488 1479 judicia
1534 1409 1650 1464 Dei.
1702 1410 1890 1480 Neque

268 1497 407 1552 enim
446 1505 699 1570 aegrotus
745 1501 834 1554 uri
881 1501 1189 1567 desiderat,
1232 1503 1318 1556 vel
1365 1503 1561 1569 incidi,
1612 1508 1673 1556 ut
1712 1501 1889 1573 possit

269 1593 510 1663 recipere
561 1593 889 1649 sanitatem.
938 1595 1169 1666 Refugit
1208 1596 1306 1667 qui
1356 1595 1581 1666 gravius
1626 1601 1888 1667 aegrotat,

1992 385 2073 438 vit
2113 384 2429 439 Pharisaeus
2474 384 2585 453 ille,
2635 400 2707 440 ne
2753 387 2982 454 raperet
3022 383 3222 449 aliena,
3266 401 3338 438 ne
3381 384 3622 454 injustus

1991 482 2158 545 esset,
2193 494 2265 532 ne
2296 477 2680 532 adulteraret!
2711 477 3002 542 Quantum
3042 475 3338 544 laboravit,
3377 493 3450 530 ne
3485 493 3618 548 pec-

1990 578 2170 637 caret,
2213 572 2356 626 sicut
2392 570 2641 643 peccavit
2680 569 3048 625 Publicanusl
3084 571 3370 632 Quantum
3408 568 3621 623 labora-

1991 663 2090 733 vit,
2130 667 2194 718 nt
2223 664 2307 719 bis
2343 664 2401 718 in
2437 664 2675 719 sabbato
2709 663 3030 735 jejunaret!
3074 662 3364 726 Quantum
3394 661 3616 716 labora-

1992 757 2088 822 vit,
2141 762 2202 812 ut
2245 757 2533 812 decimam
2578 757 2738 812 daret
2786 757 3046 810 omnium
3085 771 3214 826 qua:
3260 753 3619 826 acquireret!

1993 849 2129 914 Quis
2167 857 2429 905 nostrum
2469 851 2589 905 haec
2622 850 2792 904 facit?
2827 849 3029 913 Quanti
3066 847 3284 903 habent
3310 847 3618 918 possessio-

1991 959 2113 1011 nes,
2143 947 2201 997 et
2231 944 2336 998 soli
2373 943 2645 998 incubant
2679 943 2974 1008 fructibus,
3013 945 3072 996 et
3107 941 3236 996 solis
3265 941 3372 995 sibi
3403 957 3623 995 messes

1993 1036 2346 1092 recondunt!
2377 1036 2630 1092 Advertit
2670 1037 2775 1090 hoc
2811 1035 3089 1102 diabolus,
3123 1040 3178 1089 et
3211 1033 3459 1105 perfudit
3489 1050 3623 1089 eum

1995 1129 2184 1185 ulcere
2218 1130 2411 1201 gravi;
2445 1137 2505 1184 ut
2530 1146 2648 1185 non
2680 1133 2904 1185 teneret
2929 1131 3120 1200 caput,
3149 1131 3340 1182 mente
3365 1127 3623 1186 inﬂatus:

1993 1230 2051 1280 et
2105 1225 2164 1279 in
2224 1240 2293 1278 eo
2347 1225 2404 1278 in
2460 1239 2574 1295 quo
2625 1221 2923 1278 laudabilis
2971 1223 3094 1277 fore
3141 1221 3490 1287 crederetur,
3547 1220 3624 1275 ibi

1992 1315 2498 1389 reprehensibilior
2537 1316 2906 1386 judicaretur.
2947 1314 3169 1386 Agebat
3216 1313 3369 1370 enim
3415 1316 3625 1386 gratias

1993 1411 2106 1465 Deo
2137 1410 2291 1481 quod
2319 1426 2436 1464 non
2461 1413 2609 1464 esset
2637 1415 2848 1478 raptor,
2877 1408 3120 1479 adulter,
3151 1409 3416 1479 injustas.
3439 1409 3624 1472 Quam

1993 1503 2161 1559 noxie
2212 1503 2266 1557 ei
2317 1503 2563 1557 luctatus
2623 1507 2708 1556 est
2754 1518 3021 1573 serpens,
3071 1508 3128 1558 et
3178 1501 3440 1572 gravibus
3492 1517 3624 1555 eum

1991 1597 2159 1669 spiris
2197 1595 2428 1666 ligavit!
2468 1595 2835 1666 Superiorem
2881 1595 3034 1663 fecit,
3074 1600 3137 1649 ut
3181 1595 3249 1649 de
3286 1594 3484 1649 altiore
3526 1594 3623 1648 de-

269 1701 330 1738 ne
368 1689 586 1756 uratur,
631 1703 702 1741 ne
737 1687 1037 1755 incidatur,
1069 1705 1144 1743 ne
1187 1689 1466 1760 alligetur,
1500 1705 1572 1744 ne
1609 1668 2217 1762 abstineatBjiceret,
2282 1688 2619 1744 inferiorem
2669 1704 2729 1742 se
2780 1687 3058 1759 praebuit,
3110 1691 3176 1742 ut
3229 1686 3624 1742 sublimiorem

271 1796 296 1831 ει
329 1778 467 1833 cibo.
510 1779 628 1841 Qui
667 1785 862 1834 autem
907 1782 1214 1836 salutarem
1260 1781 1430 1837 habet
1467 1783 1886 1852 valetudinem,

273 1871 473 1926 medico
509 1888 749 1927 securus
778 1874 1040 1928 occurrit.
1073 1876 1230 1930 Unde
1269 1876 1444 1930 etiam
1476 1875 1748 1930 Dominus
1771 1893 1888 1932 non

273 1965 429 2019 otiose
461 1965 543 2018 ait
577 1984 588 2018 :
627 1989 652 2012 ‹‹
684 1966 970 2021 Desiderio
1004 1967 1310 2023 desideravi
1343 1969 1452 2024 hoc
1480 1969 1691 2023 Pascha
1728 1987 1884 2024 man-

273 2056 452 2112 ducare
486 2058 784 2113 vobiscum
831 2062 1001 2127 (Lua,
1032 2077 1167 2127 xxu,
1213 2062 1320 2131 15),
1359 2078 1474 2116 non
1516 2063 1698 2117 solum
1741 2063 1885 2118 desi-

274 2151 472 2221 derans,
499 2151 605 2206 sed
633 2151 802 2206 etiam
839 2154 1128 2223 geminato
1164 2155 1448 2210 desiderio
1486 2157 1888 2227 concupiscens

276 2243 654 2300 remissionem
706 2246 1023 2300 retribuere
1067 2251 1449 2317 peccatorum.
1507 2250 1884 2320 Concupisca-

281 2353 384 2390 mus
413 2354 548 2408 ergo
594 2344 651 2392 et
684 2355 785 2392 nos
814 2338 1136 2396 desiderare
1162 2340 1374 2410 iudicia
1414 2342 1535 2396 Dei.
1573 2344 1721 2397 Bona
1747 2359 1887 2397 con-

282 2431 483 2485 scientia
511 2448 651 2503 qua:
678 2448 811 2486 cum
841 2433 1230 2501 examinatur,
1263 2434 1555 2504 probatur.
1592 2438 1658 2490 Et
1686 2452 1890 2490 concu-

291 2523 530 2591 piscamus
583 2524 912 2580 desiderare
954 2528 1013 2580 in
1059 2529 1207 2580 omni
1255 2532 1517 2598 tempore;
1565 2533 1626 2582 ut
1668 2530 1887 2584 nullum

298 2620 610 2671 momentum
643 2617 813 2672 bonae
843 2622 1149 2689 praetereat
1175 2635 1415 2674 vacuum
1445 2622 1786 2691 cupiditatis.

357 2710 425 2762 3-1.
449 2711 616 2776 (Vers.
656 2710 772 2782 2i.)
810 2715 1108 2782 Incrqaasti
1138 2714 1392 2782 superbos
1431 2732 1447 2767 :
1486 2715 1766 2770 maledicti
1793 2717 1892 2784 qui

294 2802 516 2858 declinant
561 2819 601 2857 α
637 2805 919 2860 mandatis
953 2807 1080 2860 tuis.
1117 2806 1259 2860 Cum
1300 2806 1568 2861 Dominus
1595 2809 1756 2862 Jesus
1787 2825 1890 2878 per

289 2893 640 2950 obedientiam
674 2912 858 2967 genus
898 2897 1217 2952 humanum
1254 2899 1582 2966 redemerit,
1604 2900 1890 2971 justitiam

285 2986 682 3056 reformaverit,
741 3005 976 3060 serpens
1030 2993 1225 3046 autem
1289 3009 1389 3062 per
1443 2993 1888 3048 inobedientiam

283 3086 550 3148 peccatum
589 3081 994 3153 introduxerit,
1041 3083 1180 3155 quid
1217 3084 1335 3139 vitii
1367 3084 1573 3140 habeat
1602 3086 1886 3157 superbia,

283 3171 394 3227 hinc
419 3174 709 3230 aestimare
734 3192 1053 3247 possumus,
1081 3176 1241 3247 cujus
1267 3181 1464 3233 auctor
1494 3178 1756 3234 diabolus
1781 3183 1886 3250 est,

278 3281 423 3335 quem
461 3267 692 3323 inducit
720 3269 998 3340 propheta
1031 3269 1314 3325 dicentem
1351 3288 1365 3325 :
1408 3292 1436 3320 «
1481 3273 1698 3328 Ponam
1739 3273 1889 3328 thro-

277 3373 394 3414 num
430 3378 636 3416 meum
681 3377 854 3433 super
886 3362 1086 3430 nubes,
1125 3369 1182 3418 et
1223 3379 1322 3418 ero
1361 3364 1563 3420 similis
1603 3365 1889 3420 Altissimo

277 3453 403 3518 (186.,
444 3471 563 3520 xiv,
613 3455 716 3523 14).
771 3475 798 3504 ››
847 3457 1039 3527 Itaque
1086 3472 1218 3511 cum
1263 3457 1337 3512 sit
1380 3457 1783 3530 nequissimus,
1830 3464 1892 3515 ut

275 3543 538 3602 honorem
568 3563 686 3601 non
716 3547 942 3604 dederit
969 3548 1224 3622 1005
1263 3549 1505 3606 Domino
1531 3551 1642 3606 Deo
1677 3557 1886 3620 nostro,

275 3638 475 3708 pejores
517 3646 720 3695 tamen
757 3641 1062 3713 discipulos
1099 3643 1361 3698 erudivit.
1390 3644 1488 3698 Ille
1522 3645 1679 3700 enim
1712 3662 1771 3700 se
1811 3646 1888 3700 sic

274 3733 548 3799 exaltavit,
569 3738 636 3788 ut
661 3734 830 3790 vellet
858 3735 1072 3807 aequari
1099 3742 1156 3791 et
1182 3736 1381 3791 similis
1409 3753 1530 3792 esse
1561 3738 1846 3794 Altissimo
1871 3757 1884 3794 :

272 3822 563 3896 discipulus
595 3832 789 3883 autem
831 3828 952 3899 ejus
988 3829 1344 3900 signiﬁcatur
1387 3830 1457 3884 ab
1502 3833 1766 3902 Apostolo
1796 3832 1885 3886 in-

274 3915 600 3988 dignaturus
638 3923 918 3992 aequalem
957 3922 1317 3994 similemque
1352 3939 1412 3977 se
1449 3924 1717 3979 aestimari
1754 3925 1884 3981 Deo.

275 4009 548 4083 Scriptum
587 4018 671 4068 est
706 4014 861 4068 enim
898 4032 910 4069 :
946 4037 974 4064 ‹‹
1011 4018 1151 4072 Cum
1193 4017 1474 4072 revelatus
1503 4017 1679 4072 fuerit
1714 4018 1888 4074 homo

275 4102 606 4176 iniquitatis,
660 4111 719 4161 et
766 4107 914 4162 filius
965 4108 1263 4176 interitus,
1315 4111 1414 4180 qui
1461 4112 1789 4166 adversatur
1832 4115 1890 4167 et

277 4199 546 4253 extollitur
579 4215 748 4270 supra
785 4217 955 4256 omne
985 4202 1134 4272 quod
1170 4202 1376 4256 dicitur
1403 4203 1552 4258 Deus
1587 4205 1646 4271 (ll
1687 4205 1885 4268 Thess.,

276 4304 323 4352 ιι,
363 4293 411 4356 3,
457 4293 536 4361 4).
587 4315 616 4342 ››
663 4293 926 4364 Magister
971 4295 1146 4364 igitur
1192 4294 1436 4350 similem
1484 4313 1542 4350 se
1594 4297 1890 4366 praesumit

1989 1801 2120 1838 casu
2153 1783 2414 1855 graviore
2451 1785 2853 1853 prosterneret.
2879 1782 3019 1835 Mala
3048 1781 3214 1836 ruina
3239 1786 3323 1836 est
3347 1796 3619 1851 arrogan-

1991 1877 2121 1944 tiae,
2176 1893 2303 1948 quin
2355 1875 2705 1946 superiorem
2759 1874 3060 1946 subripuit.
3119 1874 3259 1929 Mala
3308 1875 3424 1928 haec
3476 1873 3627 1927 lucta

1993 1969 2304 2041 serpentis,
2349 1985 2461 2040 qua
2505 1985 2564 2023 se
2617 1967 2676 2022 in
2731 1968 3002 2038 plurimos
3049 1972 3277 2039 torquet
3317 1967 3620 2021 anfractus.

2065 2066 2156 2118 36.
2200 2064 2403 2118 Inﬂare
2447 2061 2672 2116 volebat
2717 2064 2776 2114 et
2825 2062 3064 2115 Paulum
3111 2063 3174 2127 (Il
3215 2061 3360 2123 Con,
3404 2077 3497 2124 xu,
3550 2062 3622 2128 7).

1993 2158 2175 2222 Quem
2225 2155 2501 2211 Paulum?
2550 2155 2713 2210 Illum
2767 2153 2959 2225 utique
3009 2155 3332 2224 apostolum
3386 2169 3499 2207 non
3551 2154 3622 2206 ab

1991 2249 2342 2317 hominibus,
2395 2264 2581 2320 neque
2629 2264 2732 2318 per
2777 2246 3087 2314 hominem,
3137 2246 3235 2301 sed
3287 2263 3388 2316 per
3429 2248 3623 2301 Jesuni

1990 2342 2277 2400 Christum
2319 2341 2546 2411 (Galat.,
2589 2357 2628 2408 1,
2670 2341 2739 2409 1).
2775 2341 2840 2394 Et
2883 2355 3026 2410 pene
3071 2339 3396 2409 deceperat,
3441 2339 3519 2393 ita
3560 2342 3624 2392 ut

1951 2436 2289 2491 'stimulum
2332 2434 2518 2489 carnis
2563 2450 2698 2503 suae,
2741 2434 2838 2504 qui
2882 2449 2942 2487 se
2986 2431 3346 2498 humiliabat,
3390 2436 3624 2502 rogaret

1990 2528 2224 2584 auferri.
2254 2528 2364 2583 Sed
2395 2527 2575 2582 bonus
2604 2527 2894 2594 Dominus,
2924 2526 3020 2597 qui
3053 2527 3288 2580 Paulum
3319 2525 3619 2579 inﬁrmita-

1991 2622 2140 2676 tibus
2180 2621 2349 2676 vellet
2389 2620 2574 2674 t‘acere
2612 2621 2928 2684 fortiorem,
2971 2618 3230 2673 adhibuit
3267 2619 3318 2672 ei
3354 2620 3621 2688 angelum

1991 2715 2233 2779 Satanae,
2279 2717 2344 2767 ut
2385 2713 2499 2766 suis
2541 2712 2801 2766 diabolus
2846 2712 3066 2766 artibus
3111 2712 3458 2765 vinceretur.
3503 2713 3622 2765 Non

1991 2806 2380 2861 mentiebatur
2422 2805 2758 2872 Pharisaeus,
2808 2803 2920 2858 imo
2961 2804 3133 2858 etiam
3168 2819 3298 2856 vera
3342 2803 3563 2858 dicebat
3608 2827 3615 2854 :

1989 2900 2092 2955 sed
2117 2900 2302 2954 omnis
2332 2898 2430 2969 qui
2465 2914 2523 2953 se
2549 2898 2776 2964 exaltat,
2813 2896 3035 2951 etiamsi
3073 2910 3204 2949 vera
3239 2895 3410 2962 dicat,
3441 2895 3615 2950 offen-

1991 2994 2074 3050 dit
2101 2997 2272 3064 (Luc.,
2313 3009 2463 3059 XVIII,
2502 2993 2607 3060 14).
2641 2991 2890 3062 Denique
2926 2989 3271 3061 probabilior
3306 2988 3620 3043 Pharisaeus

1993 3087 2282 3158 ingressus
2322 3089 2407 3139 est
2451 3085 2750 3156 templum,
2797 3098 2967 3155 quam
3017 3081 3389 3151 Publicanus;
3437 3089 3491 3136 et
3537 3087 3616 3135 ta-

1991 3194 2126 3234 men
2164 3178 2578 3235 condemnatus
2615 3176 2802 3232 exivit.
2834 3177 3122 3240 Quantum
3161 3176 3378 3230 crimen
3416 3191 3616 3246 super-

1989 3273 2119 3342 biae,
2149 3277 2211 3327 ut
2239 3272 2292 3327 ei
2319 3272 2489 3326 etiam
2515 3269 2791 3325 adulteria
2818 3267 3230 3340 praeferantur!

2062 3369 2151 3420 37.
2200 3366 2452 3436 Denique
2491 3364 2784 3429 Dominus,
2830 3362 2927 3434 qui
2969 3362 3094 3417 aliis
3132 3362 3324 3428 donat,
3367 3361 3620 3433 superbis

1991 3459 2222 3526 resistit,
2251 3463 2308 3513 et
2333 3460 2609 3529 tanquam
2639 3455 3008 3527 congreditur
3034 3455 3102 3509 iis
3133 3455 3232 3526 qui
3261 3471 3319 3508 se
3349 3455 3616 3522 exaltant,

1991 3553 2210 3625 sibique
2243 3551 2351 3606 hoc
2379 3554 2670 3606 certamen
2699 3549 2979 3615 vindicat;
3017 3553 3075 3604 et
3103 3548 3202 3620 qui
3243 3546 3367 3602 aliis
3395 3565 3618 3619 compa-

1993 3648 2152 3714 titur,
2176 3647 2511 3715 arrogantes
2539 3644 2820 3714 increpat;
2851 3642 2983 3713 quia
3004 3641 3146 3696 nihil
3173 3641 3422 3712 gravius,
3447 3658 3617 3712 quam

1991 3743 2054 3794 ut
2079 3739 2285 3794 fratres
2313 3740 2536 3792 nostros
2569 3751 2852 3808 pauperes
2879 3735 3126 3806 superbo
3166 3733 3422 3806 1006
3454 3735 3616 3788 oculo

1991 3831 2390 3905 despiciemus,
2431 3829 2749 3885 conformes
2789 3827 2952 3882 nobis
2993 3826 3331 3880 intolerabili
3373 3827 3614 3896 repella-

1989 3942 2116 3981 mus
2171 3924 2417 3990 fastidio,
2471 3928 2670 3976 nostra
2722 3920 2992 3992 indignos
3042 3919 3227 3989 gratia
3271 3918 3614 3988 judicantes,

1989 4019 2126 4090 quia
2165 4024 2297 4072 sunt
2341 4017 2558 4087 inopes,
2604 4031 2737 4069 cum
2779 4018 3084 4086 paupertas
3127 4009 3349 4066 facilius
3390 4013 3497 4081 (69)
3546 4012 3619 4066 sit

1989 4114 2121 4180 Deo,
2155 4127 2327 4182 quam
2362 4110 2660 4164 thesaurus
2686 4106 2986 4178 acceptior.

2061 4208 2148 4260 38.
2199 4204 2498 4266 Maledicti,
2538 4201 2743 4273 inquit,
2795 4203 2894 4270 qui
2929 4201 3210 4256 declinant
3259 4216 3294 4254 a
3341 4199 3619 4253 mandatis

1990 4301 2117 4354 tuis.
2164 4297 2348 4368 Supra
2385 4295 2605 4350 dixerat
2646 4296 2807 4364 (vers.
2853 4293 2938 4363 19)
2972 4310 2985 4348 :
3018 4296 3096 4349 Ne
3137 4294 3430 4348 abscondas
3469 4309 3504 4346 (ι
3542 4308 3620 4348 me

276 4384 385 4453 (68),
422 4385 520 4440 hic
556 4386 932 4457 superiorem.
970 4387 1218 4458 Ideoque
1258 4393 1314 4443 et
1343 4389 1621 4444 Dominus
1659 4389 1744 4444 ad
1770 4390 1884 4445 dis-
1908 4389 2255 4462 Dmandata
2297 4396 2423 4455 tua;
2472 4397 2529 4443 et
2570 4387 2697 4443 ideo
2735 4388 2892 4460 quasi
2930 4387 3164 4442 revelata
3208 4385 3315 4440 sibi
3347 4385 3618 4440 mandata

275 4476 468 4546 cipulos
505 4495 634 4534 suos
664 4479 808 4534 dixit
837 4497 849 4533 :
885 4503 909 4525 ο(
945 4481 1157 4552 Majora
1187 4481 1273 4535 his
1302 4482 1518 4536 facietis
1543 4483 1745 4552 (Joan.,
1775 4501 1888 4552 xw,

281 4571 367 4637 l2);
394 4593 420 4619 η
452 4578 520 4626 ut
546 4569 754 4643 quibus
791 4589 1024 4644 serpens
1061 4575 1188 4646 plus
1213 4573 1525 4641 ademerat,
1557 4592 1730 4647 quam
1767 4577 1891 4647 ipse

276 4664 558 4734 amiserat,
606 4667 822 4737 majora
868 4667 1124 4722 Christus
1166 4667 1355 4722 facere
1398 4669 1668 4736 donaret,
1715 4686 1890 4740 quam

277 4754 378 4824 ipse
405 4758 463 4814 in
505 4761 672 4815 terris
706 4760 935 4816 fecerat.
966 4762 1028 4816 In
1059 4777 1118 4817 se
1158 4761 1314 4817 enim
1352 4762 1532 4817 voluit
1569 4763 1889 4834 principem

280 4853 456 4907 mundi
483 4853 702 4920 fallere,
732 4853 789 4908 in
816 4853 1104 4926 discipulis
1131 4855 1515 4926 triumphare.

336 4947 415 4998 35.
453 4948 648 5018 Itaque
685 4963 717 5000 a
754 4951 912 5003 tanto
940 4948 1132 5003 volens
1171 4948 1416 5003 crimine
1453 4948 1740 5004 vindicare
1777 4949 1886 5004 hu-

282 5051 490 5094 manum
536 5056 735 5111 genus,
782 5039 1094 5096 introduxit
1134 5042 1482 5097 Pharismum
1527 5045 1586 5096 et
1630 5042 1886 5097 Publica-

283 5144 404 5186 num
449 5134 508 5188 in
555 5136 768 5206 templo
807 5139 1036 5190 orantes
1088 5137 1256 5203 (Luc.,
1307 5152 1456 5204 xvui,
1513 5138 1578 5190 10
1628 5136 1784 5206 seq.);
1832 5143 1890 5190 et

283 5221 453 5280 docuit
505 5226 720 5282 etiamsi
765 5228 914 5282 bona
967 5231 1175 5284 caetera
1221 5229 1449 5297 habeat,
1504 5229 1657 5300 quod
1707 5229 1890 5301 magis

283 5320 539 5387 superbus
581 5322 830 5377 offendat
874 5339 1046 5394 quam
1087 5322 1340 5389 humilis,
1385 5322 1483 5394 qui
1522 5322 1675 5378 nulla
1712 5323 1886 5377 virtu-

286 5413 389 5466 tum
432 5414 558 5470 dote
605 5416 878 5471 subnixus
924 5416 1031 5483 sit;
1078 5417 1272 5472 studet
1318 5416 1474 5471 enim
1524 5415 1890 5488 supplantare

339 5556 428 5611 (68)
469 5557 635 5612 Edit..
673 5558 894 5609 similem
933 5560 1181 5611 honorem
1213 5560 1500 5624 praesumit.
1551 5560 1680 5610 Mss.
1729 5565 1793 5610 ut
1833 5561 1888 5610 in

289 5628 440 5710 testu,
469 5631 658 5710 paucis
681 5632 938 5710 exceptis
961 5632 1019 5682 in
1048 5631 1255 5697 quibus
1282 5644 1336 5684 se
1360 5631 1696 5697 scriptorum
1719 5633 1889 5685 incu-

291 5706 356 5743 ria
381 5705 638 5750 omissum
665 5705 764 5750 est.

1990 4500 2368 4556 cognoscens,
2426 4482 2766 4537 condemnat
2817 4498 2913 4535 eos
2971 4480 3070 4551 qui
3128 4479 3536 4534 declinaverint
3589 4498 3618 4532 ει

1991 4577 2276 4633 mandatis
2303 4575 2640 4630 caelestibus.
2680 4577 2745 4629 Et
2773 4574 2916 4628 bene
2950 4573 3092 4628 dixit
3121 4592 3132 4626 :
3168 4573 3272 4640 Qui
3305 4573 3616 4636 declinant;

1993 4673 2268 4727 directum
2314 4670 2469 4725 enim
2510 4667 2840 4722 mandatum
2887 4672 2989 4733 est,
3038 4668 3164 4722 ideo
3211 4667 3280 4723 ab
3331 4684 3398 4721 co
3445 4682 3618 4720 nemo

1991 4764 2274 4820 deﬂectat.

2062 4861 2148 4912 39.
2199 4858 2380 4912 Movet
2429 4860 2623 4910 autem
2676 4872 2787 4928 qua
2837 4855 3057 4910 ratione
3107 4854 3202 4909 hic
3247 4852 3498 4908 dixerit:
3544 4855 3619 4907 Nc

1992 4951 2287 5006 abscondas
2329 4967 2365 5004 a
2408 4966 2491 5005 me
2527 4951 2792 5004 mandata
2826 4955 2939 5004 tua.
2986 4948 3148 5012 Quod
3185 4946 3338 5000 enim
3377 4945 3618 4998 abscon-

1992 5044 2165 5113 ditur,
2207 5044 2511 5099 obscurum
2550 5044 2613 5096 Iit
2650 5048 2706 5097 et
2745 5044 3058 5106 occultum;
3091 5056 3219 5094 cum
3260 5053 3431 5108 supra
3463 5037 3616 5092 dixe-

1990 5138 2064 5192 rit
2119 5154 2132 5191 :
2189 5157 2215 5189 «
2274 5138 2596 5192 Mandatum
2664 5135 2884 5190 Domini
2943 5133 3223 5199 lucidum,
3289 5131 3620 5186 illuminans

1991 5231 2184 5286 oculos
2214 5231 2379 5302 (Psal.
2407 5247 2561 5296 xvm,
2591 5231 2662 5298 9).
2692 5252 2717 5276 η
2747 5229 2802 5284 Si
2829 5227 3076 5282 lucidum
3104 5224 3461 5292 mandatum,
3487 5243 3622 5297 quo~

1991 5324 2159 5379 modo
2198 5323 2582 5390 absconditur,
2613 5339 2744 5377 cum
2777 5322 3063 5374 lucernam
3105 5335 3274 5373 nemo
3311 5324 3490 5389 ponat
3519 5319 3621 5373 sub

1992 5417 2223 5473 modio?
2270 5417 2381 5474 Nisi
2424 5418 2570 5472 forte
2618 5413 2870 5470 lucidum
2915 5417 2999 5467 est
3038 5429 3216 5467 unum
3263 5413 3619 5481 mandatum,

2054 5563 2150 5624 (69)
2180 5561 2435 5617 Facilius,
2463 5559 2516 5609 id
2556 5562 2658 5619 est,
2690 5558 2886 5622 magis,
2921 5560 2976 5608 et
3013 5558 3080 5609 ad
3123 5571 3322 5610 vocem
3364 5559 3627 5620 acceptior

1991 5632 2292 5691 referetur;
2321 5635 2517 5693 estque
2545 5631 2898 5693 pleonasmus
2926 5631 3020 5695 qui
3067 5644 3176 5681 non
3217 5644 3340 5681 raro
3379 5630 3435 5680 in
3478 5629 3627 5680 Lati-

1991 5704 2077 5755 nis
2105 5702 2430 5755 auctoribus
2458 5700 2909 5766 deprehenditur.
