3958 6166
447 194 583 246 1303

1899 195 1953 243 S.
1993 189 2308 246 AMBROSII

3682 187 3810 239 1304

440 317 624 372 multa
656 320 844 371 autem
875 317 1147 370 mandata
1177 316 1502 371 abscondita
1533 322 1684 370 sunt.
1715 319 1874 383 Nam,
1911 336 1937 366 (ι
1968 318 2063 386 ju-
2089 319 2252 398 Ater
2291 312 2602 378 resisteret,
2641 312 2856 382 iudices
2897 318 3087 364 autem
3139 310 3408 364 sedentes
3459 309 3519 362 in
3563 308 3810 363 tribuna-

437 408 582 462 dicia
608 413 726 474 tua,
755 408 962 480 inquit,
989 408 1134 463 sicut
1155 409 1388 480 abyssus
1415 411 1598 465 multa
1619 410 1724 478 (Ps.
1745 427 1910 478 xxxv,
1937 411 2009 478 7).
2033 431 2061 457 ››

438 502 558 555 Non
593 501 875 571 judicium
919 501 1062 556 sicut
1100 503 1354 573 abyssus,
1403 503 1501 556 sed
1531 503 1745 572 judicia
1778 503 2062 557 dicuntur.

510 597 601 648 40.
645 594 778 648 Vide
817 601 1010 648 autem
1049 595 1333 650 ordinem.
1376 596 1558 666 Supra
1587 597 1667 649 ait
1694 613 1707 650 :
1736 599 1814 651 Ne
1839 597 2067 666 repellas

438 704 520 742 me
556 704 593 741 α
625 689 903 742 mandatis
938 690 1046 744 tuis
1086 689 1252 758 (vers.
1295 691 1397 759 l0);
1441 688 1497 743 in
1537 690 1907 760 sequentibus
1937 690 2016 742 ait
2048 705 2061 742 :

441 784 521 837 Ne
544 781 848 836 abscondas
881 798 917 834 a
945 797 1027 835 me
1056 782 1321 836 mandata
1349 787 1446 836 tua
1477 785 1638 850 (vers.
1678 785 1784 850 l9);
1813 781 1904 835 hic
1939 782 2017 835 ait
2049 797 2062 835 :

441 875 724 930 Maledicti
751 875 848 943 qui
876 874 1152 929 declinant
1186 891 1221 928 ιι
1247 876 1524 929 mandatis
1561 877 1688 930 tuis.
1719 876 1860 930 Vere
1889 874 2065 929 male-

441 966 575 1022 dicti
625 963 725 1038 qui
777 966 1065 1022 declinant
1113 985 1148 1022 a
1197 968 1474 1024 mandatis
1522 967 1653 1036 tuis,
1702 967 1799 1038 qui
1854 967 2067 1022 referre

441 1059 683 1131 gratiam
715 1060 1070 1129 debuerunt;
1104 1061 1314 1132 primo,
1348 1061 1484 1132 quia
1511 1077 1628 1115 non
1658 1064 1793 1115 sunt
1819 1061 2066 1132 repulsi;

442 1153 712 1218 secundo,
757 1154 894 1224 quia
933 1170 1046 1208 non
1090 1154 1360 1210 abscondi
1399 1171 1434 1208 a
1478 1171 1537 1210 se
1573 1153 1765 1208 divina
1803 1154 2069 1208 mandata

442 1251 792 1302 meruerunt.
824 1248 1074 1302 Declinat
1099 1264 1237 1319 ergo
1265 1247 1467 1319 aliquis
1495 1247 1646 1318 quod
1674 1247 1906 1318 optavit.

512 1341 599 1394 41.
633 1341 806 1407 (Vers.
842 1343 951 1410 22.)
983 1341 1251 1411 Sequitur
1280 1358 1293 1394 :
1329 1342 1507 1406 Aufer
1537 1357 1572 1394 α
1607 1355 1690 1394 me
1726 1342 2071 1410 opprobrium

442 1441 492 1488 et
537 1438 921 1502 contemptum,
967 1436 1224 1502 quoniam
1277 1435 1585 1488 testimonia
1639 1438 1733 1487 tua
1781 1435 2068 1502 exquisivi.

444 1529 500 1580 Si
563 1530 923 1596 contemptus
971 1526 1263 1597 opprobrii
1313 1527 1435 1581 loco
1489 1526 1733 1592 ducitur,
1781 1526 2071 1597 quomodo

443 1618 713 1688 scriptum
746 1623 832 1672 est
859 1635 873 1671 :
912 1641 938 1666 ‹‹
970 1619 1432 1689 Contemptibilia
1467 1619 1637 1689 hujus
1673 1619 1872 1673 mundi
1899 1619 2073 1690 elegit

445 1713 586 1766 Deus
615 1712 658 1779 (Ι
702 1714 843 1772 Cor.,
886 1728 924 1779 ι,
964 1711 1100 1781 28)?
1142 1733 1169 1760 ››
1215 1711 1328 1765 Sed
1374 1711 1668 1766 considera
1704 1711 1835 1782 quia
1876 1689 2151 1766 mundiB

444 1803 898 1874 contemptibilia
937 1804 1098 1871 dixit,
1149 1819 1266 1858 non
1312 1804 1428 1858 Dei.
1462 1805 1621 1866 Quod
1667 1805 1819 1859 enim
1862 1805 1918 1858 in
1967 1805 2076 1860 hoc

443 1897 658 1950 mundo
711 1896 1174 1966 contemptibile,
1242 1897 1349 1952 hoc
1403 1897 1711 1967 pretiosum
1777 1903 1859 1952 est
1922 1897 2074 1969 apud

444 1990 647 2043 Deum.
681 1989 942 2059 Denique
979 1989 1270 2044 humilitas
1307 1989 1368 2044 in
1411 1990 1516 2043 hoc
1560 1991 1777 2046 mundo
1815 1995 2099 2046 contem-.

446 2083 620 2147 nitur,
652 2081 748 2136 sed
792 2082 890 2136 Dei
919 2081 1134 2152 judicio
1165 2083 1592 2154 comprobatur.
1637 2085 1706 2138 Et
1736 2084 1782 2138 si
1813 2084 2072 2139 Publica-

449 2191 552 2228 nus
582 2190 640 2228 se
678 2175 1084 2243 humiliaverit,
1124 2176 1420 2230 exaltatur.
1455 2177 1603 2230 Audi
1647 2193 1818 2248 quem
1855 2178 2072 2250 diligat,

445 2270 503 2321 et
555 2283 668 2322 non
711 2283 816 2338 pro
862 2267 1044 2323 nihilo
1091 2267 1305 2322 habeat
1355 2269 1500 2323 Deus
1549 2270 1674 2339 (70).
1723 2270 2072 2342 Quicumque

445 2365 671 2414 sanctus
705 2363 808 2427 est,
839 2360 938 2432 qui
967 2361 1092 2415 sine
1126 2361 1345 2416 macula
1376 2361 1530 2427 vivit,
1563 2363 1854 2418 veritatem
1884 2367 2074 2418 custo-

447 2453 550 2520 dit,
581 2469 696 2508 non
727 2453 1002 2524 appetivit
1034 2454 1363 2526 proximum
1391 2471 1582 2524 suum,
1610 2455 1681 2510 ad
1707 2456 1950 2512 nihilum
1977 2459 2074 2513 de-
2102 2461 2116 2474 '

445 2546 648 2601 ductus
686 2549 771 2602 est
812 2547 872 2601 in
918 2551 1224 2620 conspectu
1267 2549 1389 2618 ejus
1427 2549 1713 2621 malignus
1753 2552 1916 2612 (Psal.
1963 2569 2073 2615 xw,

446 2641 554 2709 2-4)
585 2657 597 2694 :
623 2640 816 2694 omnia
843 2657 972 2712 quae
1003 2641 1233 2696 malitia:
1259 2645 1414 2709 sunt,
1439 2642 1764 2713 reprobavit
1789 2644 1918 2714 (7t);
1952 2645 2077 2700 talis

449 2733 622 2786 etiam
668 2733 714 2786 si
759 2733 832 2787 sit
874 2734 1119 2804 gentilis,
1163 2734 1460 2790 devotione
1508 2735 1843 2791 humilitatis
1886 2754 1920 2791 a
1959 2739 2074 2793 Deo

443 2826 868 2897 comprobatur.
905 2826 1149 2898 Superbi
1177 2833 1394 2895 autem,
1423 2828 1580 2883 velut
1616 2829 1952 2900 Pharisaius,
1984 2848 2072 2885 ar-

445 2920 706 2990 rogantia
729 2936 834 2974 sua
861 2936 964 2991 pro
994 2919 1176 2975 nihilo
1199 2921 1269 2974 ab
1297 2921 1392 2975 illo
1419 2921 1792 2976 aestimantur.
1822 2923 2074 2995 Denique

447 3011 736 3082 gentilitas
778 3028 896 3067 non
933 3016 1018 3066 est
1049 3029 1063 3066 :
1093 3012 1314 3067 devotio
1351 3019 1543 3068 autem
1581 3017 1775 3069 manet
1813 3015 1870 3069 in
1909 3020 2072 3070 eter-
2098 3053 2152 3126 Ο

447 3121 580 3126 ..--..-
635 3105 776 3126 Π-..-
814 3121 942 3126 -..--
975 3120 1045 3126 ..Α
1077 3104 1290 3126 [Ἷι--2-ι-
1329 3105 1622 3126 -..--Αι-.Αξ-
1658 3107 1720 3126 s2,
1771 3109 1899 3126 |Y,I-
1955 3125 1961 3126 ,
2001 3109 2032 3126 'I
2062 3109 2072 3118 °

445 3121 609 3159 num.
635 3105 780 3159 Cave
808 3121 948 3176 ergo
975 3120 1048 3159 ne
1076 3104 1297 3160 Christo
1323 3105 1630 3176 opprobrio
1651 3107 1746 3162 sis.
1770 3109 1908 3163 Nolo
1936 3109 2076 3164 mihi

444 3197 776 3268 quicunque
817 3196 1158 3266 maledicat,
1198 3202 1258 3252 et
1293 3199 1453 3270 quasi
1499 3203 1850 3270 peccatorem
1890 3202 2074 3274 despi-

449 3290 560 3344 ciat
601 3306 615 3344 :
653 3305 829 3361 quam
872 3305 1066 3360 grave,
1110 3291 1155 3344 si
1193 3291 1449 3347 Christus
1485 3292 1724 3364 dignum
1770 3294 2078 3366 opprobrio

451 3382 650 3438 ducat!
679 3383 770 3436 Vae
795 3383 916 3449 tibi,
943 3383 1154 3454 inquit,
1181 3384 1470 3439 Corozaim
1498 3390 1554 3440 et
1585 3387 1883 3442 Bethsaida
1910 3387 2077 3458 (Luc,

451 3492 502 3542 x,
539 3477 644 3548 13).
667 3497 696 3526 ››
716 3475 1204 3545 Condemnantur,
1228 3478 1360 3548 quia
1384 3495 1500 3533 non
1525 3486 1769 3550 egerunt
1791 3481 2076 3552 poeniten-

449 3568 587 3624 tiam
629 3569 970 3625 delictorum
1013 3586 1269 3626 suorum.
1316 3573 1428 3626 Nos
1468 3589 1607 3643 ergo
1649 3590 1906 3644 agamus,
1949 3581 2010 3631 ut
2049 3593 2081 3630 a

448 3661 610 3718 nobis
653 3662 944 3718 auferatur
982 3663 1378 3735 opprobrium.
1426 3666 1561 3730 Quis
1605 3670 1799 3721 autem
1845 3673 1931 3722 est
1982 3669 2079 3740 qui

449 3771 566 3810 non
609 3760 692 3810 est
733 3756 1038 3828 opprobrio
1078 3757 1322 3829 dignus?
1362 3759 1469 3822 Qui
1513 3760 1816 3830 exquisivit
1853 3761 2079 3815 Domini

449 3849 791 3904 testimonia.
833 3850 989 3904 Multi
1036 3851 1270 3921 quidem
1311 3857 1443 3906 sunt
1487 3855 1586 3924 qui
1629 3854 1825 3908 volunt
1866 3854 2080 3909 inferre

446 3943 812 4015 opprobrium
835 3944 1008 3998 servis
1028 3944 1158 4010 tuis,
1181 3943 1281 3998 sed
1307 3945 1412 4016 ipsi
1437 3952 1570 4001 sunt
1590 3948 1774 4018 magis
1795 3947 2078 4018 probrosi,

447 4036 583 4106 quia
603 4052 704 4105 pro
727 4036 960 4090 nomine
981 4041 1079 4091 tuo
1103 4038 1222 4107 pati
1251 4038 1622 4109 opprobrium
1645 4040 1955 4111 gloriosum
1975 4046 2075 4097 est.

517 4127 606 4181 42.
651 4127 826 4196 (Vers.
863 4131 972 4197 23.)
1006 4131 1076 4182 Et
1105 4130 1222 4184 ideo
1251 4133 1332 4185 ait
1360 4149 1378 4184 :
1407 4134 1618 4186 Etenim
1644 4134 1892 4188 sederunt
1916 4137 2077 4204 prin-

448 4222 608 4290 cipes,
659 4226 710 4274 et
756 4222 1039 4276 adversum
1094 4237 1175 4277 me
1221 4221 1472 4296 1007
1524 4225 1912 4281 detrectabant.
1969 4229 2080 4282 Vox

450 4312 715 4384 martyris
754 4319 857 4383 est,
899 4315 996 4386 qui
1039 4316 1347 4386 perductus
1387 4317 1458 4371 ad
1495 4317 1779 4387 judicium
1821 4336 2080 4390 persecu-

2166 406 2314 459 libus
2348 405 2538 476 stipati
2569 405 2765 460 ofﬁciis
2792 405 2921 472 (72),
2953 403 3325 473 indignantes
3356 401 3524 472 quod
3553 401 3673 454 suis
3706 419 3815 457 non

2167 499 2651 553 obsecundaretur
2698 497 2971 567 imperiis,
3026 496 3355 550 conferrent
3401 510 3526 565 quo
3579 494 3812 565 dignum

2168 591 2446 663 supplicio
2488 597 2819 657 censerent,
2864 589 3045 643 stabat
3086 587 3414 658 intrepidus
3457 585 3661 641 dicens
3693 610 3702 640 :
3732 589 3814 642 Se-

2168 687 2364 739 derant
2402 687 2697 754 principes,
2735 688 2786 738 et
2824 684 3108 737 adversum
3149 696 3233 736 me
3275 682 3689 735 detrectabant.
3729 681 3815 735 Est

2170 778 2344 833 etiam
2384 777 2610 833 Domini
2647 793 2755 831 vox
2797 777 2918 841 ista,
2952 791 3083 829 cum
3122 775 3494 829 convenisset
3525 774 3809 844 presbyte-

2170 872 2317 927 rium
2346 871 2524 942 plebis
2544 871 2675 941 (73),
2703 874 2759 924 et
2786 869 3071 940 principes
3094 867 3468 922 sacerdotum
3499 872 3561 920 et
3589 867 3811 933 Scriba»,

2171 971 2228 1019 et
2272 964 2346 1019 ad
2388 964 2688 1019 concilium
2727 963 3046 1018 Judmorum
3087 961 3372 1015 deductus
3421 963 3580 1014 esset
3623 961 3810 1014 dicen-

2169 1060 2311 1112 tium
2345 1077 2360 1113 :
2398 1080 2426 1108 «
2467 1057 2610 1121 Quid
2653 1056 2837 1110 adhuc
2884 1056 3271 1110 desideramus
3319 1053 3555 1108 testes?
3604 1053 3811 1108 audivi-

2171 1168 2298 1206 mus
2327 1151 2480 1205 enim
2507 1151 2577 1206 de
2604 1165 2702 1205 ore
2728 1149 2903 1220 ipsius
2941 1149 3184 1216 (Matth,
3215 1164 3368 1212 xxvr,
3412 1148 3539 1216 65);
3572 1169 3599 1194 »ι
3631 1153 3690 1200 et
3718 1153 3812 1200 sta-

2174 1250 2257 1299 ret
2296 1248 2427 1299 ante
2467 1242 2790 1314 praesidem,
2833 1245 2890 1296 et
2927 1242 3232 1296 duceretur
3268 1241 3341 1294 ad
3385 1256 3652 1302 crucem,
3684 1240 3808 1310 quid

2174 1337 2462 1409 pulchrius
2490 1337 2722 1401 diceret,
2751 1351 2921 1407 quam
2953 1351 2965 1388 :
2998 1335 3266 1389 Sederunt
3300 1335 3611 1403 principes,
3641 1338 3692 1388 et
3715 1336 3807 1386 ad-

2172 1446 2384 1486 versum
2418 1447 2498 1485 me
2542 1429 2937 1491 detrectabant,
2978 1429 3084 1482 hoc
3121 1433 3225 1492 est,
3261 1443 3356 1481 me
3397 1433 3622 1491 stante,
3662 1428 3808 1480 sede—

2173 1528 2307 1579 runt
2331 1524 2651 1595 principes?
2673 1525 2739 1577 Et
2757 1522 2892 1593 quia
2921 1520 3296 1576 tribunalium
3329 1521 3522 1586 fulcro
3548 1519 3809 1574 sublimes

2175 1624 2365 1682 erant,
2421 1617 2724 1670 Dominum
2773 1631 2890 1670 non
2946 1614 3231 1670 videbant.
3284 1613 3592 1668 Sedebant
3644 1629 3806 1683 ergo,

2176 1714 2342 1764 erant
2379 1710 2435 1763 in
2475 1708 2701 1780 fastigio
2742 1708 3109 1779 principatus,
3149 1723 3255 1761 nec
3301 1706 3636 1776 Principem
3674 1707 3811 1777 prin-

2176 1803 2367 1874 cipum
2405 1803 2750 1873 cogitabant.
2796 1802 2905 1856 Sed
2953 1817 3159 1872 parum
3201 1800 3331 1854 hoc.
3381 1801 3666 1855 Aduersus
3715 1816 3806 1860 me,

2176 1896 2380 1968 inquit,
2408 1897 2803 1950 detrectabant.
2835 1896 2950 1965 Ego
2980 1909 3176 1949 eorum
3207 1894 3553 1964 redemptor
3580 1892 3808 1946 advene-

2177 2006 2318 2058 ram,
2352 2005 2462 2060 ego
2489 2005 2760 2043 veneram
2799 1991 2863 2042 ut
2892 1988 3149 2042 omnium
3181 1991 3424 2057 peccata
3455 1986 3805 2050 mundarem,

2175 2087 2238 2137 ut
2300 2097 2699 2154 recuperarem
2775 2081 3042 2146 amissos,
3106 2079 3484 2134 restituerem
3566 2078 3804 2149 paradiso

2175 2175 2354 2230 sancti
2377 2176 2548 2230 Jacob
2570 2174 2995 2242 haereditatem;
3024 2177 3082 2228 et
3104 2173 3185 2228 illi
3215 2174 3487 2228 adversus
3513 2187 3595 2227 me
3614 2172 3802 2227 detrec-

2178 2270 2388 2323 tabant.
2417 2270 2486 2323 Et
2512 2269 2640 2323 ideo
2667 2268 2977 2322 imitatores
3011 2268 3140 2330 mei,
3172 2266 3446 2338 discipuli
3479 2265 3615 2332 mei,
3645 2263 3803 2318 nolite

2176 2361 2442 2432 injuriam
2505 2361 2836 2416 erubescere
2890 2361 2935 2414 si
3003 2360 3270 2416 steteritis
3334 2365 3472 2413 ante
3532 2357 3802 2428 principes

2178 2473 2281 2528 pro
2312 2454 2546 2511 nomine
2575 2470 2728 2520 meo,
2759 2469 2890 2508 cum
2929 2469 3036 2524 ego
3073 2453 3334 2509 steterim
3377 2467 3483 2523 pro
3514 2456 3695 2506 vestra
3728 2465 3801 2503 sa-

2177 2552 2314 2606 lute.

2249 2645 2334 2697 43.
2389 2641 2640 2712 Denique
2684 2639 2924 2695 traditus
2971 2640 3029 2694 in
3073 2639 3394 2695 custodiam
3445 2640 3641 2692 Petrus
3682 2653 3796 2690 cum

2180 2736 2402 2790 caeteris
2430 2733 2716 2806 apostolis,
2754 2737 2811 2786 et
2849 2738 3074 2804 postera
3110 2733 3203 2787 die
3240 2735 3494 2787 statutus
3522 2734 3651 2784 ante
3683 2745 3799 2783 con-

2177 2828 2390 2897 cilium,
2431 2829 2757 2882 constanter
2793 2825 3056 2880 dicebat:
3093 2847 3120 2875 «
3160 2825 3464 2896 Principes
3503 2821 3713 2895 populi,
3753 2825 3799 2874 et

2177 2921 2432 2975 seniores
2487 2919 2688 2985 Israel,
2744 2919 2790 2973 si
2841 2935 2946 2973 nos
2998 2918 3173 2973 hodie
3239 2921 3350 2988 (74)
3406 2917 3792 2987 dijudicamnr,

2177 3014 2327 3085 quod
2377 3013 2734 3068 benefactum
2782 3011 2853 3066 sit
2891 3011 3112 3067 homini
3154 3011 3413 3077 infirmo,
3453 3010 3512 3063 in
3557 3025 3665 3080 quo
3703 3007 3796 3061 iste

2179 3107 2364 3161 salvus
2415 3106 2595 3160 factus
2647 3106 2755 3175 sit,
2811 3108 3012 3160 notum
3065 3105 3138 3159 sit
3193 3104 3466 3160 omnibus
3521 3102 3699 3166 vobis,
3746 3103 3797 3152 et

2182 3200 2342 3255 omni
2374 3199 2526 3271 plebi
2554 3199 2746 3266 Israel,
2775 3199 2925 3270 quod
2952 3200 3006 3252 in
3042 3198 3277 3253 nomine
3305 3201 3443 3253 lesu
3467 3195 3667 3252 Christi
3694 3194 3790 3248 Na-

2183 3294 2373 3348 zareni
2404 3309 2578 3364 quem
2612 3309 2708 3347 vos
2738 3291 3115 3358 cruciﬁxistis,
3144 3308 3321 3363 quem
3352 3293 3502 3346 Deus
3531 3284 3793 3343 suscitavit

2181 3403 2215 3440 a
2269 3386 2526 3451 mortuis,
2574 3385 2632 3439 in
2680 3385 2787 3439 hoc
2834 3384 2941 3439 iste
2992 3388 3139 3439 astat
3189 3399 3390 3438 coram
3441 3382 3594 3437 vobis
3643 3393 3792 3433 sanus

2181 3480 2348 3549 (Act,
2389 3495 2462 3548 Iv,
2508 3480 2674 3549 8-l0),
2720 3499 2750 3528 »
2790 3477 2896 3532 hoc
2937 3481 3024 3532 est
3063 3494 3076 3530 :
3120 3479 3224 3532 Vos
3267 3478 3408 3532 estis
3448 3476 3546 3546 qui
3585 3470 3789 3526 statuis-

2179 3572 2251 3628 tis
2299 3577 2356 3628 et
2391 3570 2710 3638 Christum;
2755 3571 2952 3642 glorias
2992 3573 3118 3626 loco
3160 3571 3430 3625 ducimus
3464 3570 3625 3623 istam
3663 3563 3790 3633 inju-

2181 3667 2348 3733 riam,
2380 3665 2512 3736 quia
2541 3664 2838 3735 arguimur
2874 3680 2978 3735 pro
3011 3663 3210 3734 aegroti
3238 3662 3493 3719 hominis
3527 3658 3749 3714 sanitate
3775 3669 3785 3706 :

2181 3759 2329 3813 hanc
2369 3757 2759 3813 haereditatem
2790 3757 3028 3811 servulis
3068 3756 3324 3811 Salvator
3361 3754 3611 3810 omnium
3643 3750 3787 3804 dere-

2181 3851 2364 3923 liquit.
2393 3853 2461 3906 At
2495 3849 2578 3905 illi
2613 3850 2986 3906 conferebant
3011 3850 3164 3904 inter
3190 3867 3247 3904 se
3279 3850 3535 3905 dicentes
3565 3863 3578 3900 :
3609 3866 3632 3891 ‹‹
3660 3837 3786 3905 Ουίά

2178 3944 2451 4000 faciemus
2487 3943 2607 3998 istis
2646 3943 2976 3998 hominibus
3019 3944 3202 4008 (Ibid.,
3248 3942 3380 4015 l6)?
3421 3964 3448 3991 »
3483 3941 3545 3994 Et
3581 3933 3784 3991 dimise-

2180 4043 2314 4093 runt
2352 4054 2470 4092 eos.
2509 4037 2869 4092 Gloriabatur
2907 4053 3045 4107 ergo
3077 4038 3294 4103 Petrus,
3330 4040 3388 4090 et
3427 4028 3784 4100 unusquisque

2180 4130 2590 4202 apostolorum,
2635 4129 2768 4200 quia
2806 4129 2964 4201 digni
3007 4129 3190 4183 habiti
3229 4134 3366 4184 sunt
3406 4126 3504 4198 qui
3541 4118 3784 4194 injuriam

2179 4241 2285 4296 pro
2332 4223 2534 4279 Christi
2584 4223 2812 4278 nomine
2863 4223 3227 4277 sustinerent.
3280 4223 3449 4277 Recte
3490 4232 3620 4287 ergo
3668 4215 3780 4264 tunc

2180 4318 2431 4373 dicerent
2461 4316 2674 4387 singuli
2708 4333 2720 4370 :
2759 4319 2967 4372 Etenim
3006 4317 3261 4372 sederunt
3292 4315 3580 4386 principes,
3613 4311 3658 4361 et
3692 4301 3775 4355 ad-

450 4411 661 4475 torum,
695 4424 826 4462 cum
866 4413 1162 4480 cogeretur
1195 4410 1363 4465 idolis
1391 4409 1710 4480 immolare,
1739 4415 1795 4467 et
1829 4415 2080 4468 constan-
2100 4417 2159 4488 Β
2179 4426 2390 4467 versum
2418 4427 2499 4466 me
2527 4410 2918 4465 detrectabant.

509 4583 606 4646 (70)
637 4583 805 4646 Edit.,
834 4584 975 4635 Audi
1009 4599 1163 4650 quem
1201 4599 1302 4649 pro
1343 4585 1512 4636 nihilo
1543 4599 1652 4638 non
1688 4586 1878 4638 habeat
1923 4590 2078 4640 Deus.

446 4653 576 4704 Mss.
624 4655 840 4719 aliquot
878 4656 1141 4706 omittunt
1179 4669 1308 4716 non,
1343 4658 1554 4710 vitiose.
1593 4659 1705 4710 Alii
1750 4662 1944 4726 majori
1983 4675 2084 4710 nu-

449 4738 621 4786 mero,
651 4730 715 4776 ut
739 4727 797 4776 in
828 4730 997 4776 textu.

517 4799 614 4860 (Ἠ)
663 4798 792 4848 Mss.
842 4798 934 4848 hic
982 4800 1208 4862 prmﬂxo
1259 4806 1466 4865 puncto
1512 4803 1594 4854 sic
1649 4803 1905 4855 habent:
1955 4807 2084 4854 0m—

449 4871 545 4919 nia
592 4883 710 4933 quae
752 4868 964 4920 malitia
1012 4876 1160 4930 sunt,
1203 4885 1304 4934 pro
1355 4872 1524 4924 nihilo
1575 4875 1937 4936 zstimantur;
1985 4875 2083 4925 ubi

449 4952 561 4989 non
591 4953 766 5002 pauca
793 4953 920 5004 qua:
949 4939 1009 4989 in
1037 4944 1191 4990 textu
1221 4942 1402 5005 legere
1432 4948 1537 5005 est,
1569 4947 2081 5008 praetermittuntur.

451 5011 521 5059 Et
562 5014 712 5061 certe
755 5011 920 5062 nobis
965 5011 1116 5061 haud
1152 5012 1501 5064 mediocriter
1547 5015 1604 5064 id
1645 5019 1818 5066 totum
1865 5029 2085 5080 suspec-

450 5085 570 5130 tum
607 5086 736 5142 est;
792 5083 1012 5133 videtur
1070 5083 1220 5133 enim
1269 5098 1299 5132 a
1353 5085 1614 5148 quopiam
1672 5088 2082 5151 interpolatum,

453 5152 548 5213 qui
584 5165 696 5202 non
739 5152 950 5205 videret
989 5167 1100 5218 quo
1140 5168 1247 5205 vox
1285 5156 1555 5216 gentilitas
1595 5159 1882 5209 referenda
1918 5164 2082 5221 esset,

449 5224 778 5287 putaretque
827 5227 1052 5291 gentilis
1103 5226 1547 5290 przemittendam
1602 5229 1776 5280 fuisse
1838 5233 2084 5280 mentio-

448 5303 592 5340 nem.
633 5292 839 5344 Verum
891 5297 1180 5358 gentilitas,
1222 5297 1328 5348 hoc
1365 5297 1508 5359 loco,
1552 5299 1710 5361 nihil,
1751 5303 1813 5350 ut
1854 5300 2082 5350 arbitra-

450 5373 600 5433 mur,
651 5363 802 5412 aliud
849 5373 934 5416 est
987 5382 1153 5432 quam
1206 5367 1464 5418 nobilitas
1507 5382 1573 5418 ac
1619 5371 1891 5433 prosapia,
1944 5385 2084 5433 quo-

451 5430 625 5510 inodo_
668 5435 947 5510 gentilitas
999 5430 1239 5510 insignia
1290 5442 1343 5489 et
1398 5430 1690 5489 stemmata
1755 5430 2082 5501 vbcitantur,

450 5502 565 5549 imo
588 5500 891 5575 hodieque
938 5500 1363 5560 etiam—nobiles
1399 5511 1548 5574 apud
1593 5524 1694 5561 nos
1740 5500 2086 5575 appellantur

450 5573 704 5653 gentiles.
743 5574 947 5653 itaque
1004 5579 1294 5632 humilitati
1337 5582 1406 5632 de
1434 5573 1562 5649 iqna
1608 5573 1788 5647 paulo'
1814 5573 2085 5647 superius

452 5645 684 5720 dicitur,
743 5645 1040 5720 hic_recte
1093 5655 1390 5715 opponitur
1444 5645 1728 5720 gentilitas.
1782 5645 1914 5707 Sed
1956 5670 2086 5707 cum

451 5715 712 5778 pradicta
751 5716 915 5768 verba
957 5718 1012 5768 in
1057 5721 1318 5774 omnibus
1349 5715 1480 5777 edit.
1519 5728 1843 5790 habeantur,
1882 5731 1937 5780 et
1972 5740 2085 5779 non

2183 4590 2325 4640 male
2354 4589 2617 4652 explicari
2644 4588 2858 4654 possint
2881 4588 2951 4639 de
2985 4587 3178 4652 gentili
3208 4589 3322 4650 jam
3360 4585 3428 4636 ad
3461 4581 3619 4633 ﬁdem
3655 4585 3775 4654 conj

2181 4675 2365 4723 verso,
2414 4673 2535 4710 eam
2580 4661 2651 4710 ob
2693 4673 2807 4710 rem
2857 4659 2952 4709 illa
3009 4660 3132 4710 loco
3180 4671 3402 4710 movere
3454 4665 3560 4705 non
3605 4653 3774 4697 sumus

2183 4747 2324 4782 81181.

2243 4804 2342 4868 (72)
2394 4803 2608 4866 Ofﬁciis,
2660 4802 2768 4852 hoc
2808 4807 2909 4862 est,
2954 4802 3317 4860 ofﬁcialibus;
3362 4803 3422 4848 ut
3466 4803 3645 4859 operas
3691 4795 3772 4868 Ριξίξ

2183 4864 2470 4939 operariis
2502 4874 2760 4925 dicimus.
2820 4873 3018 4924 Ofﬁcia
3068 4878 3255 4924 autem
3319 4872 3376 4921 in
3425 4871 3544 4932 jure
3595 4864 3772 4939 seu“?

2183 4934 2464 4996 ministros
2497 4950 2551 4994 et-
2590 4945 2926 5009 apparitores
2959 4944 3259 5008 praesidum
3297 4947 3352 4994 et
3387 4934 3769 5009 procuratorlﬂn

2183 4992 2689 5079 ﬁféiéﬁiﬁéaﬁ’if
2877 4992 2890 4994 ﬁ
2902 4992 3268 5074 Bitias—ouium,
3306 4992 3374 5062 ἀθ
3387 4992 3404 5004 ³
3417 5005 3552 5058 Verb.
3591 4992 3767 5059 signiﬂ.

2183 5089 2240 5138 in
2269 5101 2409 5138 voce
2439 5087 2690 5150 Officium.
3490 5148 3497 5150 _
3575 5143 3587 5150 .
3634 5139 3669 5150 η

2247 5134 2458 5221 (ᾖ)-ιῂιὰ
2658 5171 2787 5207 cum
2821 5171 2953 5207 mss.
2986 5157 3184 5206 Navar.
3231 5168 3359 5214 uno,
3385 5154 3434 5202 et
3471 5134 3766 5221 A_ud..R!eii:

2184 5213 2278 5293 qui
2319 5213 2501 5279 autem
2548 5241 2660 5276 mss
2687 5264 2700 5288 ,
2730 5225 3158 5290 presbyterorum
3194 5213 3529 5296 plebsiQuo‘d
3568 5213 3764 5296 min‘igl‘e

2185 5283 2458 5363 displicet,
2485 5303 2602 5348 tum
2631 5283 2759 5362 quia
2789 5297 2870 5347 sic
2887 5283 3251 5361 bpponuntur
3277 5283 3586 5360 princiltlbm
3607 5285 3764 5363 “Et?

2185 5345 2894 5434 agitalta‘aaipais
2933 5345 3462 5432 idemissepe'sonat
3500 5370 3559 5406 ac
3598 5345 3761 5399 multi-

2185 5442 2335 5499 tudo,
2363 5454 2494 5504 grex
2525 5444 2580 5491 et
2607 5442 2828 5490 similia.

2251 5487 2831 5574 (17-4,)‘19-i'no's'h—odie,et
2858 5525 2983 5575 quae
3011 5525 3079 5561 ex
3119 5511 3312 5562 eodem
3347 5502 3624 5580 Scriptura;
3643 5487 3758 5580 lio

2186 5565 2518 5645 sequuntur,
2564 5565 2898 5632 omittuntur
2939 5584 2994 5631 in
3046 5583 3325 5672 plerisque
3362 5568 3600 5672 (’J‘nin‘l‘gl'l:
3627 5565 3754 5672 ἓῗέ

2189 5654 2292 5672 D“.
2323 5654 2424 5672 μ’*
2460 5654 2884 5672 ’·“¹²“----²Α----λ
2929 5667 3152 5672 Α--μ---
3203 5655 3248 5672 ε-
3284 5656 3362 5672 ,ιη
3407 5656 3467 5672 ηη
3673 5661 3676 5664 .

2187 5629 2429 5705 eam};
2444 5629 2892 5718 sauciam;
2923 5629 3253 5718 amissa};
3266 5629 3598 5702 ﬁstudentium
3626 5629 3752 5679 festi-

2186 5726 2401 5778 nationi
2426 5724 2784 5777 tribuendum
2814 5729 2912 5778 est.
