4082 6186
244 274 352 325 I305
1352 269 1698 324 EXPOSITIO
1739 270 1803 324 IN
1844 270 2162 324 PSALMUM
2203 269 2424 323 CXVIII.
3437 272 3568 323 1306

291 393 363 444 t—t.
400 391 673 446 Sederunt
712 390 997 462 principes
1035 389 1307 444 adversus
1347 390 1569 459 Isaiam,
1616 394 1673 445 et
1711 391 1820 445 dis-
1849 403 1904 475 Α
1928 397 2052 448 tuus
2084 393 2428 446 exercebatur
2457 392 2514 444 in
2532 391 3010 460 justiﬁed-tionibus
3045 393 3166 444 (uis.
3207 392 3565 446 Advertimus

235 487 545 556 putaverunt
572 490 630 538 ut
667 489 984 549 secaretur;
1027 485 1124 538 sed
1168 500 1283 539 non
1327 484 1559 538 timebat
1590 500 1687 539 eos
1723 485 1821 556 qui
1927 501 2092 539 arma
2124 485 2284 554 justi,
2331 484 2538 555 quibus
2579 501 2780 537 omnes
2819 483 3272 538 adversariorum
3316 485 3562 556 repellat

231 577 422 631 dicebat
452 595 463 628 :
499 596 527 626 α
562 576 833 631 Audite...
869 576 1152 648 principes
1187 577 1564 632 Sodomorum
1603 579 1753 646 (Isa.,
1787 595 1824 644 ι,
1926 578 2192 648 impetus.
2235 577 2379 633 Alibi
2409 577 2489 630 ait
2530 593 2542 630 :
2577 599 2603 623 «ι
2646 576 3066 632 Circumierunt
3105 591 3200 630 me
3244 581 3302 630 et
3341 593 3560 647 expug-

233 669 673 736 leJSederunt
695 669 964 723 adversus
987 669 1292 724 Jeremiam
1323 676 1386 724 ut
1414 669 1737 725 mitteretur
1767 671 1825 725 in
1926 674 2204 726 naverunt
2249 687 2339 724 me
2398 670 2569 741 gratis
2625 688 2636 724 :
2687 687 2790 741 pro
2842 687 2909 724 eo
2965 673 3028 724 ut
3083 686 3172 723 me
3223 653 3562 739 diligerent,

224 764 402 816 lacum.
444 761 724 816 Sederunt
763 761 1030 816 adversus
1071 762 1420 832 Zachariam,
1467 764 1564 835 qui
1610 764 1826 818 occisus
1927 763 2302 819 detrahebant
2339 764 2479 818 mihi
2511 780 2524 817 :
2555 780 2661 834 ego
2699 768 2890 817 autem
2930 763 3160 817 orabam
3203 763 3369 830 (Psut.
3418 779 3563 821 cun.

222 859 291 909 est
335 854 484 908 inter
539 855 814 925 templum
866 860 923 909 et
969 855 1166 910 altare.
1227 855 1515 911 Sederunt
1560 855 1826 910 adversus
1926 860 1979 923 3,
2029 857 2112 927 4);
2153 879 2178 904 »
2221 856 2312 911 hic
2357 857 2436 911 ait
2477 857 2630 928 quod
2671 855 2921 910 studium
2963 855 3014 910 ei
3065 872 3176 909 non
3225 856 3560 910 exercenda:

221 952 527 1016 Susannam,
555 950 614 1002 et
637 951 832 1002 contra
857 948 1124 1004 castitatis
1148 948 1420 1004 feminam
1441 949 1820 1020 judicabant:
1925 949 1996 1003 ad
2033 949 2162 1003 belli
2201 955 2349 1004 artes
2375 949 2546 1004 fuerit
2565 949 2905 1019 juventutis,
2941 964 3053 1003 non
3095 948 3423 1020 decipiendi
3460 949 3563 1001 ad-

223 1041 303 1095 sed
352 1045 407 1094 ut
453 1040 852 1096 ostenderetur
900 1040 1222 1112 principum
1275 1042 1487 1096 bonum
1535 1059 1649 1096 non
1704 1058 1825 1098 esse
1926 1043 2199 1097 versantis
2260 1042 2467 1097 astutia
2527 1043 2640 1096 ulla
2698 1041 2913 1106 cordis,
2976 1047 3039 1096 ut
3093 1042 3253 1096 illum
3312 1042 3564 1096 vinceret

219 1134 515 1200 concilium,
572 1134 834 1189 excitavit
879 1135 1040 1205 pueri
1094 1135 1358 1205 spiritum
1415 1135 1717 1205 Dominus;
1771 1142 1827 1191 et
1924 1152 2100 1207 quem
2127 1135 2378 1200 videbat;
2412 1135 2510 1190 sed
2541 1135 2839 1191 adversum
2881 1150 2975 1189 eos
3012 1133 3382 1205 praeliabatur
3420 1151 3565 1205 quos

218 1245 369 1299 quam
398 1227 684 1298 principes
710 1243 869 1282 ream
898 1228 1098 1282 mortis
1124 1229 1649 1299 pronuntiaverant,
1677 1245 1824 1284 eam-
1923 1245 2040 1283 non
2079 1227 2301 1283 videbat
2340 1229 2666 1299 majorque,
2706 1229 2765 1282 in
2810 1244 2878 1284 eo
2918 1228 3126 1299 pietas,
3170 1244 3344 1299 quam
3387 1228 3565 1282 virtus

220 1321 329 1375 dem
349 1321 816 1392 prophetatotius
831 1319 1114 1375 innoxiam
1134 1320 1548 1376 criminationis
1564 1321 1823 1376 absolvit.
1925 1321 2174 1393 corporis
2213 1321 2509 1377 militabat.
2552 1324 2746 1393 Itaque
2775 1321 2835 1374 in
2863 1321 2959 1377 Dei
2996 1321 3372 1376 exercebatur
3389 1320 3559 1392 justi-

277 1416 352 1468 45.
385 1415 531 1468 Sunt
566 1419 628 1468 et
666 1413 763 1467 alii
795 1413 1100 1484 principes,
1143 1413 1241 1485 qui
1277 1414 1544 1469 adversus
1581 1431 1684 1469 nos
1723 1415 1822 1470 de-
1924 1414 2298 1484 ﬁcationibus,
2339 1421 2398 1468 ut
2431 1416 2716 1470 contrario
2749 1415 2863 1470 ictu
2891 1413 3183 1469 diabolum
3213 1415 3560 1469 vulneraret.

220 1512 455 1573 trectant,
500 1504 759 1578 1008
801 1505 870 1559 de
917 1506 1122 1576 quibus
1168 1506 1374 1561 dicitur
1415 1524 1427 1560 :
1477 1528 1504 1555 ι(
1551 1507 1825 1571 Quoniam
1924 1509 2022 1563 Ille
2064 1525 2196 1562 eum
2230 1508 2300 1562 ab
2338 1507 2654 1563 intentione
2679 1507 2936 1578 justitiie,
2979 1511 3036 1563 et
3071 1507 3262 1562 studio
3303 1507 3559 1562 devotio-

218 1617 312 1653 uon
348 1604 427 1653 est
466 1599 638 1654 nobis
670 1598 992 1654 colluctatio
1034 1599 1304 1654 adversus
1341 1617 1570 1655 carnem
1613 1605 1670 1656 et
1705 1618 1825 1656 san-
1925 1601 2032 1671 nis,
2082 1601 2545 1673 occupationibus
2587 1601 2807 1656 bellicis
2854 1601 3165 1656 conabatur
3210 1599 3491 1655 abducere
3551 1618 3562 1653 :

220 1694 441 1763 guinem,
469 1693 568 1748 sed
604 1693 871 1747 adversus
904 1692 1255 1764 principatus
1289 1698 1345 1749 et
1371 1698 1691 1764 potestates,
1719 1695 1820 1749 ad-
1926 1694 2016 1749 hic
2053 1695 2240 1766 magis
2275 1711 2332 1749 se
2368 1694 2543 1749 divini
2579 1695 2765 1765 operis
2795 1698 2850 1750 et
2883 1694 3066 1748 cultus
3098 1693 3560 1748 meditationibus

220 1803 381 1840 versus
422 1785 633 1840 mundi
672 1787 842 1857 hujus
875 1791 1144 1853 rectores,
1185 1787 1551 1842 tenebrarum
1595 1788 1822 1855 harum,
1844 1771 1901 1841 B
1927 1789 2260 1860 occupabat.
2294 1790 2490 1860 Itaque
2520 1788 2795 1842 Dominus
2825 1787 3071 1858 protexit
3106 1803 3261 1854 eum,
3293 1787 3353 1840 in
3386 1803 3560 1857 quem

221 1881 459 1934 adversus
480 1879 762 1950 spiritalia
787 1880 1081 1950 nequitia,
1110 1896 1239 1950 quae
1267 1881 1480 1935 suntin
1507 1881 1828 1936 cuilestibus
1929 1882 2196 1954 speravit,
2235 1898 2368 1936 cum
2399 1897 2511 1953 quo
2548 1880 2903 1952 loquebatur,
2944 1881 3034 1934 cui
3075 1883 3192 1934 toto
3231 1879 3564 1933 adherebat

224 1975 425 2043 iliphes.,
459 1989 534 2041 vi,
575 1973 681 2043 l2).
726 1995 750 2022 η
795 1973 889 2026 Isti
919 1974 1117 2028 sedent
1146 1977 1205 2028 et
1233 1974 1551 2044 explorant,
1581 1975 1823 2046 quijus-
1929 1976 2154 2031 alfectu.
2195 1977 2384 2030 Justus
2422 1991 2554 2028 eum
2594 1979 2689 2028 aut
2718 1990 2848 2028 eum
2881 1974 2992 2028 Deo
3032 1973 3284 2043 loquitur
3321 1972 3563 2034 orando,

223 2072 291 2119 tus
327 2067 390 2121 sit
425 2067 484 2120 in
529 2067 642 2120 hoc
685 2069 908 2135 saeculo,
945 2067 1043 2138 qui
1074 2066 1422 2122 Christianus
1459 2068 1676 2123 intente
1717 2070 1826 2123 Deo
1927 2075 2028 2123 aut
2076 2065 2334 2140 1009
2379 2066 2568 2122 divina
2612 2067 2863 2138 loquitur
2907 2082 3082 2136 opera
3121 2064 3407 2120 laudando
3454 2082 3467 2118 ε
3509 2069 3565 2120 et

222 2162 412 2225 serviat,
457 2159 753 2214 studiosus
792 2160 928 2215 boni
977 2161 1168 2231 operis
1208 2164 1266 2214 et
1302 2160 1456 2216 facti.
1500 2163 1828 2216 Detrectant
1927 2178 2154 2233 semper
2193 2161 2446 2233 loquitur
2484 2176 2655 2231 opera
2694 2160 2824 2226 Dei,
2869 2176 2938 2214 ne
2979 2160 3244 2230 loquatur
3286 2175 3348 2212 os
3394 2175 3559 2212 suum

225 2254 276 2306 de
311 2270 368 2306 eo
406 2254 666 2307 dicentes
697 2269 709 2306 :
740 2253 1080 2308 lnsidiemur
1120 2253 1221 2320 illi,
1252 2253 1635 2324 impediamus
1669 2271 1822 2321 eum,
1925 2271 2099 2326 opera
2147 2253 2469 2309 hominum.
2525 2253 2673 2308 Nihil
2724 2257 3018 2308 terrenum
3055 2253 3243 2323 justus
3289 2252 3560 2323 loquitur,

225 2346 596 2414 prohibeamus
632 2352 764 2400 eum
802 2347 1026 2400 efﬁcere
1065 2362 1194 2417 qua:
1233 2346 1536 2413 desiderat,
1566 2352 1820 2402 contera-
1930 2348 2074 2403 nihil
2106 2348 2341 2403 mortale
2371 2348 2509 2418 agit.

230 2455 327 2493 mus
347 2440 458 2509 ejus
484 2442 768 2508 mentem,
793 2439 1124 2510 frangamus
1146 2439 1404 2494 animum
1431 2441 1553 2512 ejus
1579 2440 1826 2496 adversis
1997 2443 2086 2496 47.
2133 2443 2307 2511 (Vers.
2349 2442 2459 2510 24.)
2502 2440 2740 2510 Ideoque
2779 2440 2917 2494 dicit
2955 2457 2966 2494 :
3007 2441 3215 2495 Etenim
3256 2442 3564 2494 testimonia

230 2532 582 2602 frequentibus
629 2548 695 2586 ac
737 2532 1077 2603 repentinis;
1115 2537 1172 2588 et
1211 2533 1256 2586 si
1296 2535 1409 2588 Deo
1444 2533 1712 2605 probatus
1743 2539 1827 2589 est
1927 2539 2050 2597 tua,
2094 2536 2375 2590 meditatio
2418 2549 2535 2588 mea
2571 2539 2674 2595 est,
2717 2538 2765 2587 et
2803 2533 3026 2588 consilia
3063 2549 3213 2594 mea,
3242 2533 3564 2601 justi/tentia

236 2633 423 2696 propter
449 2625 766 2697 justitiam,
808 2641 1079 2696 rogemus
1117 2625 1238 2680 dari
1283 2626 1444 2681 nobis
1483 2627 1826 2683 tentationes
1928 2634 2045 2682 tua.
2086 2627 2342 2683 Advertis
2379 2627 2518 2698 quid
2551 2626 2768 2693 doceat,
2808 2627 2960 2697 quod
2991 2626 3114 2681 haec
3150 2625 3399 2682 debeant
3441 2641 3561 2679 esse

246 2718 356 2786 ejus.
381 2720 564 2791 Neque
614 2719 771 2774 enim
810 2718 869 2774 in
904 2722 1125 2774 tantum
1167 2720 1520 2791 prophetam,
1560 2721 1822 2776 tentatio-
1926 2720 2161 2776 consilia
2189 2720 2352 2790 justi,
2397 2724 2459 2774 ut
2493 2720 2801 2774 meditetur
2843 2719 3110 2774 mandata
3152 2719 3270 2782 Dei,
3312 2723 3367 2774 et
3403 2734 3560 2773 exer-

253 2825 360 2864 num
380 2812 474 2881 ejus
503 2828 658 2884 quas
697 2811 968 2883 plurimas
1002 2812 1193 2881 subiit,
1229 2816 1574 2883 potestatem
1606 2814 1824 2868 habere
1925 2817 2121 2870 ceatur
2168 2813 2226 2868 in
2280 2813 2381 2866 Dei
2429 2813 2693 2867 laudibus
2744 2815 2802 2865 et
2854 2813 3125 2879 oraculis;
3180 2817 3236 2865 ut
3288 2811 3564 2882 justiﬁcet

241 2904 515 2973 potuissent,
559 2905 672 2960 nisi
709 2905 976 2960 Dominus
1002 2905 1279 2976 probandi
1314 2906 1401 2961 sui
1433 2906 1628 2961 militis
1653 2924 1825 2962 causa
1927 2907 2232 2962 Dominum
2286 2922 2531 2976 semper.
2578 2904 2682 2970 Qui
2739 2905 2873 2958 facit
2923 2921 3048 2976 quae
3105 2906 3256 2959 Deus
3299 2904 3558 2970 mandat,

236 2997 436 3052 dedisset
460 3000 598 3069 (75),
629 3001 692 3052 ut
718 2999 938 3070 majore
967 3015 1100 3053 cum
1133 2998 1315 3070 gloria
1342 3003 1664 3055 coronaret.
1693 3001 1824 3064 Quis
1927 3017 2056 3072 quae
2097 3000 2279 3055 credit
2317 3001 2428 3054 Deo
2469 2999 2714 3070 placere,
2756 2999 2936 3052 Deum
2962 2997 3253 3069 justiﬁcat.
3298 2997 3462 3061 Quod
3493 3014 3559 3053 ex

230 3090 370 3158 igitur
403 3109 607 3164 regem
646 3092 775 3147 Sau'.
822 3092 1085 3148 excitavit
1124 3092 1183 3147 in
1227 3109 1389 3160 eum,
1440 3093 1546 3147 nisi
1592 3093 1825 3164 spiritus
1846 3135 1898 3207 Ο
1927 3093 2164 3149 lectione
2208 3092 2494 3164 Evangelii
2538 3107 2836 3163 possumus
2879 3091 3203 3163 intelligere
3250 3089 3419 3161 (Luc.,
3463 3106 3558 3157 vn,

231 3184 373 3207 _-I---
413 3186 513 3207 Ι-Δὶ
596 3185 734 3207 ,2---ι
779 3185 1018 3207 l-_:_.--_
1091 3185 1178 3207 ---Ξ
1230 3202 1280 3207 __
1333 3185 1554 3207 .I_I-L-a
1607 3187 1821 3207 -_-l___l2
1928 3187 2008 3207 nn‘
2080 3186 2292 3207 .12--_A-
2337 3185 2683 3207 D---.._-lﬂ_1-
2753 3184 2872 3207 _--2_
2919 3183 3182 3207 nl___:-_1
3227 3188 3558 3207 -_..--.-...._l.

229 3184 375 3238 malus
410 3186 543 3256 (76),
593 3185 738 3239 sicut
776 3185 1040 3257 legimus,
1086 3185 1181 3257 qui
1226 3202 1284 3241 se
1327 3185 1559 3241 dolebat
1601 3183 1898 3242 excludiu
1926 3187 2032 3252 30),
2073 3186 2297 3240 dicente
2337 3185 2711 3256 Evangelista,
2747 3184 2879 3256 quia
2917 3183 3186 3238 Pharismi
3226 3188 3564 3254 spreverunt

226 3277 662 3349 quotiescumque
700 3278 874 3332 David
918 3279 1004 3333 vel
1043 3278 1270 3334 citharae
1308 3295 1472 3348 sono,
1513 3279 1599 3333 vel
1641 3280 1822 3334 bono-
1925 3279 2230 3334 consilium
2258 3278 2378 3347 Dei,
2412 3294 2523 3332 non
2561 3277 2832 3349 baptizati
2864 3277 3143 3348 baptismo
3168 3277 3403 3332 Joannis
3433 3277 3560 3345 (77).

225 3386 326 3424 rum
351 3372 719 3427 conciliorum
751 3388 1104 3444 operumque
1134 3372 1338 3427 fidibus
1365 3389 1428 3427 ac
1455 3373 1642 3428 nervis
1669 3389 1824 3428 men-
1929 3375 2037 3427 Hoc
2064 3372 2124 3426 in
2160 3387 2276 3426 uno
2307 3371 2470 3440 libro,
2500 3371 2558 3424 in
2589 3370 2700 3425 alio
2735 3374 2925 3424 autem
2963 3369 3160 3436 habes;
3199 3385 3312 3423 non
3344 3369 3556 3440 justiﬁ-

225 3469 313 3516 tem
337 3465 478 3535 regis
505 3464 889 3536 animumque
922 3464 1278 3520 demulcebat
1305 3466 1341 3535 (l
1369 3468 1520 3534 Reg.,
1555 3467 1827 3538 xv1,23)?
1925 3470 2199 3520 caverunt
2253 3467 2459 3532 Deum,
2519 3463 2654 3536 quia
2712 3463 2982 3534 baptizari
3043 3463 3367 3517 noluerunt.
3431 3462 3562 3517 ldeo

218 3555 327 3618 Quis
361 3558 632 3613 excitavit
677 3557 864 3613 Doech
908 3558 1033 3629 Syri
1077 3558 1418 3630 nequitiam,
1461 3563 1524 3613 ut
1566 3565 1825 3614 sanctum
1928 3560 2200 3614 Dominus
2241 3558 2313 3612 ad
2339 3560 2614 3614 Joannem
2651 3557 2935 3612 dicentem
2971 3573 2982 3610 :
3020 3578 3047 3604 ι(
3080 3558 3198 3627 Ego
3239 3559 3353 3610 ate
3384 3555 3562 3610 debeo

220 3649 369 3705 virum
401 3652 680 3723 proderet
710 3656 766 3708 et
802 3651 1149 3723 hospitalem
1188 3652 1604 3707 humanitatem
1645 3653 1824 3708 dedu-
1926 3652 2223 3724 baptizari,
2267 3655 2323 3707 et
2368 3658 2430 3706 tu
2470 3651 2625 3706 venis
2665 3651 2734 3704 ad
2767 3667 2888 3719 me;
2923 3674 2950 3700 »
2989 3648 3278 3720 respondit
3312 3664 3325 3700 :
3362 3670 3389 3697 ‹‹
3431 3648 3563 3702 Sine

217 3747 342 3798 ceret
372 3745 426 3799 in
465 3745 791 3817 periculum
828 3745 1133 3801 sacerdotis
1174 3746 1213 3815 (l
1251 3748 1404 3816 Reg.,
1446 3764 1577 3814 xxn,
1611 3750 1663 3814 9,
1703 3747 1826 3816 IO)?
1929 3747 2097 3802 modo
2130 3763 2142 3800 :
2174 3746 2250 3800 sic
2281 3745 2437 3799 enim
2471 3747 2701 3817 Oportet
2727 3760 2828 3798 nos
2864 3743 3098 3813 implere
3137 3758 3370 3796 omnem
3391 3741 3562 3812 justi-

215 3836 323 3898 Ouis
349 3838 723 3894 inﬂammavit
756 3839 1019 3894 ardorem
1059 3842 1326 3908 Ammon,
1368 3842 1433 3894 ut
1463 3840 1700 3895 domum
1735 3841 1824 3894 in-
1926 3840 2068 3894 tiam
2097 3839 2340 3910 (Matth.,
2364 3855 2445 3905 ιιι,
2473 3839 2537 3893 14
2563 3841 2620 3891 et
2651 3838 2752 3906 15).
2784 3859 2809 3885 »ι
2837 3835 2940 3900 Qui
2970 3851 3108 3906 ergo
3137 3834 3270 3889 facit
3295 3834 3565 3888 mandata

215 3935 422 3986 restaret
475 3933 879 4004 propheticum
927 3932 990 4002 (II
1038 3935 1188 4001 369.,
1241 3949 1358 4002 χιιι,
1419 3935 1532 4003 lli),
1582 3936 1639 3987 et
1688 3951 1826 3988 con—
1929 3933 2062 4003 Dei,
2097 3933 2374 4005 justiticat
2415 3932 2596 3986 Deum
2637 3930 2767 4001 quia
2805 3929 2942 3984 facit
2983 3928 3106 3998 ejus
3133 3927 3412 3998 justitiam
3453 3943 3465 3979 :
3509 3930 3565 3980 et

216 4023 428 4080 tristaret
469 4026 736 4081 animum
781 4027 981 4097 patris,
1029 4025 1262 4081 alterius
1300 4027 1517 4081 incesta
1559 4026 1824 4096 libidine,
1927 4026 2143 4081 bonum
2171 4030 2254 4082 est
2278 4029 2340 4080 ut
2365 4024 2667 4080 consilium
2697 4023 2796 4078 Dei
2815 4025 3083 4094 sequatur
3109 4019 3410 4075 hominum
3433 4037 3565 4074 con-

217 4115 420 4172 alterius
439 4119 882 4190 injuria;etqui
909 4119 1032 4173 aliis
1060 4119 1460 4190 prophetabat,
1487 4120 1688 4174 domus
1710 4138 1826 4174 sua:
1928 4121 2079 4188 silia,
2125 4120 2260 4191 quia
2305 4119 2404 4173 Dei
2451 4117 2749 4173 consilium
2794 4120 3012 4170 certum
3060 4131 3326 4186 semper;
3372 4116 3565 4168 nostra

218 4210 341 4263 mala
382 4212 702 4282 praevidere
750 4228 864 4267 non
902 4213 1188 4284 potuerit?
1215 4212 1347 4277 Quis
1393 4214 1633 4268 armavit
1670 4215 1827 4268 furo-
1928 4219 2122 4268 autem
2169 4213 2505 4284 plerumque
2545 4211 2760 4266 incerta
2801 4209 3030 4266 consilia
3074 4226 3144 4263 ex
3193 4224 3386 4262 rerum
3431 4223 3562 4279 pro-

217 4318 316 4357 rem
344 4304 673 4372 Abessalon,
706 4309 767 4360 ut
795 4310 1022 4378 patrem
1049 4306 1220 4361 domo
1249 4306 1592 4374 excluderet,
1621 4313 1678 4362 et
1704 4324 1829 4378 par-
1927 4308 2141 4361 bantur
2167 4312 2391 4360 eventu.

216 4394 402 4452 ricidali
433 4401 886 4470 persequeretur
925 4399 1124 4470 praelio
1164 4399 1231 4470 (lI
1264 4404 1416 4470 Reg.,
1444 4416 1533 4469 XV,
1569 4401 1691 4467 ιω
1720 4401 1827 4455 Sed

216 4504 321 4544 cum
353 4508 536 4563 prope
563 4491 774 4546 viribus
802 4492 964 4564 regni
987 4493 1111 4564 jam
1138 4498 1286 4548 esset
1312 4496 1540 4548 sanctus
1569 4493 1826 4561 inferior,
1851 4503 1908 4573 1)
2443 4477 2670 4533 SERMO
2709 4476 3046 4540 QUARTUS.

217 4580 299 4636 hoc
336 4601 446 4638 uno
487 4586 721 4640 incensa
749 4586 1050 4641 adversum
1081 4603 1142 4640 se
1173 4585 1382 4641 diaboli
1421 4586 1680 4641 restinxit
1709 4587 1820 4658 spi-
2592 4630 2626 4674 -τ
2672 4613 2901 4673 palam.

215 4675 342 4741 ruta,
389 4678 552 4749 quod
597 4694 726 4732 cum
771 4679 920 4733 tilius
970 4695 1168 4734 necem
1209 4683 1429 4750 peteret
1471 4680 1676 4751 patris,
1728 4680 1823 4734 ille

215 4773 381 4824 tamen
430 4771 676 4826 salutem
723 4770 821 4827 ﬁlii
872 4772 1094 4843 pietatis
1148 4772 1453 4828 mandabat
1499 4772 1704 4828 affectu
1758 4772 1822 4842 (ll
2003 4771 2287 4837 LQuarta
2315 4771 2499 4826 littera
2526 4769 2836 4824 secundum
2863 4767 3123 4822 Hebraeos
3151 4765 3361 4828 Daleth,
3393 4764 3556 4834 signi-

217 4861 340 4929 ηερ-ι
368 4881 528 4931 XVI“,
559 4869 631 4931 5)-
1925 4865 2056 4920 ticat
2080 4865 2252 4919 latine
2281 4864 2562 4930 timorem,
2592 4863 2680 4915 vel
2710 4863 2792 4930 (ut
2835 4860 2966 4915 alibi
2996 4859 3332 4928 invenimus)
3370 4856 3564 4911 nativi-

277 4956 348 5010 ιδ.
373 4959 530 5029 Ergo
558 4958 844 5029 principes
871 4960 1092 5031 populi,
1120 4965 1183 5014 ut
1208 4958 1550 5030 Achitophel
1581 4959 1642 5027 (ll
1671 4962 1820 5027 Περ..
1928 4962 2124 5013 tatem.
2158 4957 2267 5013 Sed
2296 4960 2605 5027 utrumque
2633 4959 2816 5026 potest
2839 4969 3157 5025 congruere
3179 4958 3234 5006 et
3261 4947 3562 5005 convenire

219 5062 288 5115 ιν,
317 5053 420 5118 31),
453 5055 516 5104 et
542 5052 735 5106 caeteri
765 5052 1105 5107 bellantium
1138 5053 1310 5107 duces
1338 5053 1626 5106 sederunt.
1668 5054 1826 5107 Trac-
1926 5068 2118 5106 sensu.
2149 5050 2419 5105 Nativitas
2447 5050 2600 5104 enim
2631 5065 2831 5103 eorum
2859 5053 2941 5102 est
2968 5061 3095 5117 qua:
3126 5046 3479 5115 generantur
3506 5041 3562 5093 in

220 5140 389 5196 labant
445 5145 730 5216 principes
779 5145 973 5216 populi
1024 5162 1153 5200 cum
1202 5146 1512 5200 Abessalon
1558 5145 1826 5199 adversus
1929 5146 2034 5200 hoc
2078 5145 2305 5210 saeculo,
2353 5159 2456 5213 per
2502 5159 2673 5214 quam
2725 5140 3097 5211 intelligimus
3149 5134 3463 5206 corporalia
3508 5138 3566 5188 et

219 5231 555 5304 Prophetam.
606 5238 674 5292 Et
725 5237 850 5293 ideo
892 5238 1027 5293 dicit
1071 5256 1084 5292 :
1128 5242 1340 5294 Etenim
1376 5239 1628 5293 sederunt
1658 5242 1822 5308 prin-
1930 5237 2267 5304 materialia,
2312 5253 2440 5308 quae
2469 5241 2604 5290 sunt
2639 5235 2869 5301 caduca,
2909 5237 2964 5287 et
2999 5232 3122 5286 ideo
3149 5246 3182 5283 a
3211 5229 3421 5284 timore
3451 5245 3564 5284 non

219 5329 355 5394 τέρεε,
403 5338 452 5384 et
496 5331 782 5386 adversum
825 5348 907 5386 me
946 5333 1320 5387 detrectabant
1363 5351 1379 5386 :
1424 5348 1607 5387 servus
1650 5337 1828 5387 autem
1929 5333 2132 5400 distat;
2167 5347 2232 5385 ex
2264 5329 2657 5399 corporalibus
2688 5327 2840 5382 enim
2871 5329 2927 5379 et
2958 5321 3345 5377 materialibus
3382 5323 3560 5376 nasci-

267 5458 357 5517 l75)
394 5459 554 5511 Rom.
586 5461 715 5512 edit.
749 5463 804 5512 in
850 5475 1097 5527 corpore,
1130 5477 1196 5513 ac
1238 5467 1346 5513 vet.
1380 5463 1436 5512 in
1477 5477 1670 5528 marg.,
1701 5475 1827 5526 pro-
1993 5461 2087 5522 (76)
2119 5459 2254 5511 Cod.
2304 5459 2492 5528 Vind.,
2530 5457 2659 5520 Quis
2701 5457 2866 5519 igitur
2901 5454 2957 5502 in
2999 5465 3116 5516 rege
3157 5451 3290 5502 Saut
3323 5453 3567 5502 excitarit

221 5524 364 5577 bendi
411 5533 499 5580 sui
547 5532 731 5583 militis
787 5524 976 5585 ansam
1022 5535 1262 5585 dedisset.
1311 5535 1431 5584 Vet.
1489 5535 1545 5584 in
1599 5524 1831 5598 corpore
1930 5534 2038 5582 vim
2065 5532 2284 5594 spiritus
2309 5527 2492 5580 mali?

224 5609 329 5648 cum
376 5614 510 5652 mss.
561 5603 926 5661 nonnullis...
981 5619 1169 5656 ansam
1228 5605 1467 5656 dedisset.
1528 5605 1636 5656 Alii
1695 5594 1826 5654 mss.
1991 5603 2087 5665 (77)
2135 5603 2216 5652 Ita
2260 5600 2450 5652 cuncti
2494 5611 2625 5648 mss.
2671 5611 2736 5647 ac
2776 5599 2880 5646 vet.
2924 5594 3057 5646 edit.
3105 5595 3179 5646 At
3223 5594 3381 5646 Rom.
3430 5595 3564 5656 sola,

227 5670 444 5740 melioris
497 5677 698 5724 notas...
745 5687 907 5725 causa
959 5675 1198 5726 dedisset.
1252 5675 1507 5740 Optime;
1551 5675 1829 5739 siquidem
1929 5675 2158 5726 Joannis
2193 5689 2208 5722 :
2236 5670 2514 5738 publicani
2554 5673 2728 5720 autem
2762 5666 3187 5730 justiﬁcavcrunt
3234 5667 3401 5717 Deum
3443 5665 3568 5728 bap-

230 5737 302 5787 iiic
343 5742 870 5808 subintelligendum
915 5751 998 5797 est
1049 5737 1394 5796 tentationum
1451 5749 1564 5810 ejus
1605 5737 1832 5811 potesta-
1933 5747 2089 5797 tizati
2119 5745 2186 5795 ab
2219 5737 2296 5796 eo.

228 5812 327 5867 ιω,
352 5813 499 5875 quod
531 5818 801 5881 superiori
833 5818 1083 5870 membro
1107 5819 1450 5882 exprimitur.
