4082 6186
345 207 458 260 1309

1391 265 1394 267 _
1450 201 1800 258 EXPOSITIO
1843 204 1911 259 IN
1950 204 2267 261 PSALMUM
2309 207 2532 262 CXVIII.

3537 210 3666 263 I310

339 333 407 381 ter
432 328 532 380 hoc
563 330 850 379 terrenum
886 325 1297 395 habitaculum,
1331 325 1538 396 partim
1571 324 1703 396 quia
1732 341 1938 397 corpus
1960 339 2016 411 Α
2040 328 2251 398 peccati
2279 329 2636 383 dominatum
2673 329 2730 383 in
2761 346 2831 384 ca
2867 329 3117 399 posthinc
3147 329 3354 384 habere
3385 346 3500 385 non
3537 347 3663 400 pos-

334 420 461 475 istud
491 436 520 473 e
548 423 696 474 terra
723 422 829 473 est.
858 419 926 472 Et
955 418 1206 490 regionis
1237 417 1415 488 igitur
1443 418 1843 486 diversorium,
1879 425 1937 474 et

333 513 553 567 materia
579 513 696 582 ipsa
719 512 969 583 corporis
1009 511 1189 566 nostri
1229 511 1360 566 huic
1389 513 1676 566 concurrit
1705 515 1932 567 senten-

330 607 427 660 tiaa.
481 605 715 675 Ideoque
765 605 1001 675 pulchre
1051 605 1350 674 Apostolus
1393 605 1462 660 de
1509 605 1711 659 mortis
1766 605 1934 676 hujus

329 715 553 770 corpore
594 697 820 753 liberari
862 697 1020 769 cupit
1042 697 1235 768 (Rom,
1275 713 1373 766 vn,
1406 697 1492 769 24)
1510 715 1528 766 ;
1559 698 1693 769 quia
1716 714 1937 754 carcere

329 791 552 863 quodam
574 790 908 857 claudimur,
941 795 998 845 et
1016 790 1076 845 in
1101 791 1351 863 quodam
1376 790 1614 846 luxuriae
1639 791 1937 862 gurgustio

330 886 427 948 siti,
461 884 708 939 tenebris
731 884 1074 939 involvimur
1097 885 1458 940 delictorum.

391 984 437 1033 7.
479 979 631 1048 Ergo
674 977 989 1033 secundum
1031 979 1387 1033 voluntatem
1430 978 1522 1034 Dei
1556 978 1934 1046 ambulemus,

328 1080 380 1126 ut
406 1072 693 1126 adhaerere
721 1071 980 1127 dicamur
1005 1074 1141 1126 Deo.
1173 1073 1313 1127 Nam
1347 1071 1445 1143 qui
1478 1072 1788 1128 secundum
1822 1088 1937 1126 cor-

331 1165 467 1238 poris
505 1164 891 1236 appetentiam
930 1165 1086 1232 vivit,
1131 1181 1264 1220 caro
1305 1171 1427 1232 est;
1477 1166 1576 1237 qui
1619 1165 1937 1221 secundum

327 1262 591 1330 praecepta
619 1259 738 1326 Dei,
762 1258 995 1330 spiritus
1021 1263 1123 1313 est.
1151 1259 1274 1314 Non
1302 1275 1441 1330 ergo
1473 1259 1573 1314 fiat
1597 1259 1786 1314 anima
1813 1276 1939 1314 nos-

327 1360 404 1408 tra
430 1369 576 1419 caro,
609 1353 720 1407 hoc
757 1357 860 1422 est,
897 1357 964 1408 ut
1001 1352 1260 1408 dicamur
1294 1369 1424 1408 caro
1459 1352 1603 1406 sicut
1641 1357 1698 1406 et
1728 1352 1808 1407 illi
1840 1353 1938 1424 qui

325 1448 376 1500 in
413 1446 618 1500 diluvio
662 1446 979 1517 perierunt,
1010 1446 1081 1501 de
1124 1446 1331 1518 quibus
1371 1446 1589 1501 dictum
1623 1450 1708 1501 est
1744 1464 1757 1500 :
1798 1447 1940 1513 Quia

325 1555 432 1594 curo
464 1544 591 1594 sunt
627 1538 802 1609 (Gem,
832 1557 906 1607 v1,
935 1542 1018 1610 3);
1061 1539 1164 1594 sed
1190 1539 1377 1610 magis
1407 1555 1538 1595 caro
1574 1541 1766 1593 nostra
1803 1539 1935 1593 obe-

329 1632 473 1686 diens
497 1632 709 1687 animae
737 1633 1145 1705 gubernaculo,
1170 1633 1266 1687 ﬁat
1293 1633 1511 1700 anima,
1536 1638 1592 1686 et
1619 1633 1726 1687 hoc
1753 1633 1941 1704 appel-

328 1725 415 1779 lari
461 1729 749 1782 mereatur
787 1727 1046 1793 nomine,
1092 1727 1235 1781 sicut
1275 1727 1560 1796 appellata
1601 1732 1686 1782 est
1719 1707 2016 1782 familiaB

330 1819 640 1888 patriarcha:
679 1819 866 1888 Iacob,
912 1825 970 1874 et
1007 1819 1392 1890 generationis
1426 1819 1549 1889 ejus
1584 1823 1777 1874 sancta
1819 1837 1941 1890 pos-

331 1915 523 1969 teritas.
578 1915 676 1970 Sic
729 1915 884 1969 enim
938 1915 1212 1986 scriptum
1263 1919 1348 1969 est
1394 1932 1406 1968 :
1465 1935 1492 1963 α
1549 1917 1616 1969 111
1660 1914 1758 1969 filii
1816 1916 1939 1968 Bala

331 2024 478 2077 quam
510 2007 670 2062 dedit
701 2007 890 2062 Laban
928 2009 1135 2062 Rachel
1167 2008 1300 2062 ﬁlim
1329 2024 1470 2076 suae,
1499 2012 1557 2063 et
1587 2008 1812 2080 peperit
1840 2009 1940 2063 hos

328 2100 492 2168 Iacob,
512 2100 739 2155 animas
765 2106 982 2172 septem
1013 2100 1120 2172 (81)
1143 2101 1317 2171 (6611.,
1341 2117 1466 2169 XLV,
1495 2104 1604 2170 25).
1628 2123 1654 2150 ››
1681 2102 1749 2155 Et
1767 2101 1899 2155 alibi
1922 2118 1935 2156 :

332 2216 354 2238 ιι
379 2195 569 2249 Omnes
595 2200 798 2249 autem
831 2194 1040 2248 animae
1069 2211 1196 2266 qua:
1228 2192 1582 2250 intraverunt
1614 2211 1742 2249 cum
1769 2195 1938 2250 Iacob

334 2289 380 2340 in
403 2289 724 2358 .ﬂgj'ptum,
748 2304 876 2358 qua:
902 2288 1160 2343 exierunt
1189 2287 1260 2343 de
1283 2287 1599 2343 femoribus
1627 2289 1778 2342 illius
1798 2305 1940 2360 prte-

337 2386 404 2435 ter
439 2381 711 2436 mulieres
759 2381 1070 2452 sexaginta,
1116 2381 1319 2452 inquit,
1371 2386 1428 2436 et
1465 2397 1559 2437 sex
1605 2383 1710 2452 (82)
1753 2383 1938 2452 (Ibid.,

338 2477 422 2544 ‘26).
466 2499 489 2522 η
534 2476 603 2528 Et
658 2475 721 2528 in
771 2474 1049 2546 principio
1103 2474 1282 2530 Exodi
1329 2475 1574 2546 legimus
1625 2491 1638 2528 :
1693 2497 1719 2523 ‹‹
1765 2477 1942 2531 Erant

343 2575 491 2623 autem
526 2585 743 2624 omnes
782 2567 990 2622 animae
1028 2568 1097 2622 de
1131 2568 1303 2623 Jacob
1335 2567 1590 2639 quinque
1625 2572 1683 2622 et
1713 2573 1938 2640 septua-

355 2659 470 2730 ginta
488 2662 579 2733 qui
624 2664 799 2716 erant
833 2677 962 2716 cum
996 2661 1165 2716 Iacob
1195 2661 1411 2730 (Emod.,
1442 2678 1480 2731 ι,
1511 2661 1586 2732 5).
1619 2682 1644 2713 υ
1677 2663 1823 2733 Ergo
1861 2662 1941 2717 illi

352 2754 424 2823 qui
451 2755 788 2811 habitabant
820 2770 951 2809 cum
975 2755 1183 2826 Ioseph
1210 2759 1266 2809 et
1289 2755 1360 2809 de
1391 2756 1632 2826 Egypto
1659 2755 1938 2823 exierunt,

346 2845 515 2904 anima:
540 2851 688 2904 sunt
707 2847 838 2920 (83).

393 2944 436 2995 8.
460 2943 555 3006 Qui
582 2947 788 2997 autem
816 2957 947 2997 cum
975 2945 1167 2996 essent
1192 2941 1384 3012 angeli
1410 2942 1507 2998 Dei
1539 2943 1666 3012 (84),
1700 2943 1805 2997 hoc
1833 2947 1938 3009 est,

2037 420 2128 488 sit,
2163 428 2536 493 posteaquam
2578 421 2911 493 consepulta
2948 437 3080 476 cum
3117 421 3334 477 Christo
3363 423 3665 493 justiticata

2037 518 2125 568 est
2168 532 2203 568 a
2247 521 2500 586 peccato.
2547 515 2655 571 Sed
2703 513 2962 588 1012
3001 513 3099 585 qui
3140 513 3440 584 justiﬁcari
3488 515 3662 586 cupit,

2037 607 2156 662 vias
2186 624 2314 663 suas
2343 614 2474 662 ante
2506 608 2854 680 pronuntiet.

2112 705 2196 756 10.
2226 703 2401 769 (Vers.
2431 703 2540 772 ‘26.)
2575 702 2816 772 Ideoque
2851 703 3096 756 secundo
3127 717 3290 755 versu
3319 699 3399 753 ait
3427 719 3440 754 :
3477 722 3500 746 ‹‹
3539 700 3666 754 Vias

2038 811 2197 849 meas
2226 795 2611 866 pronuntiavi,
2639 801 2695 850 et
2727 795 3002 850 exaudisti
3042 811 3133 848 me
3164 811 3176 848 :
3209 794 3350 849 doce
3378 810 3471 847 me
3500 793 3666 862 justi-

2036 888 2328 943 Iicationes
2361 893 2502 942 tuas.
2546 911 2572 938 ››
2612 889 2855 944 Pulchro
2897 889 3094 943 ordine
3135 888 3204 943 ad
3235 887 3668 958 justiﬁcationes

2039 982 2135 1038 Dei
2179 981 2633 1052 perveniendum
2671 987 2860 1053 putat;
2893 987 2959 1036 ut
3002 981 3249 1052 primum
3294 998 3398 1036 sua
3435 983 3668 1051 peccata

2036 1076 2295 1132 fateatur.
2333 1075 2421 1130 Sic
2461 1076 2616 1130 enim
2656 1075 2929 1130 docemur
2960 1079 3019 1130 et
3053 1075 3187 1130 alibi
3221 1091 3234 1129 :
3271 1096 3298 1121 «
3333 1074 3428 1128 Dic
3458 1073 3667 1142 iniqui-

2039 1172 2184 1225 tates
2211 1173 2354 1236 tuas,
2400 1172 2461 1223 ut
2489 1169 2819 1240 justiticeris
2856 1169 3006 1240 (Isa.,
3055 1185 3200 1236 XLIII,
3242 1168 3352 1239 26).
3397 1190 3424 1217 »
3469 1169 3668 1236 Itaque

2039 1263 2183 1317 scire
2213 1262 2507 1329 debemus,
2541 1263 2678 1334 quid
2717 1263 2791 1317 sit
2827 1262 2943 1317 vias
2982 1279 3112 1317 suas
3148 1261 3441 1316 ambulare
3482 1259 3667 1314 homi-

2041 1372 2191 1423 nem,
2221 1360 2278 1411 et
2306 1356 2425 1410 vias
2455 1356 2576 1410 Dei.
2604 1355 2709 1419 Qui
2745 1356 2880 1410 facit
2913 1356 3237 1412 voluntates
3267 1353 3472 1421 carnis,
3503 1357 3560 1407 et
3587 1352 3666 1405 vi-

2041 1450 2117 1504 vit
2165 1449 2477 1505 secundum
2523 1449 3037 1520 concupiscentiam
3079 1449 3278 1504 mundi
3325 1448 3514 1519 hujus,
3559 1447 3668 1500 vias

2040 1559 2172 1598 suas
2199 1542 2473 1608 ambulat,
2505 1542 2710 1613 quibus
2742 1542 3053 1597 delectatur
3081 1545 3139 1595 et
3168 1541 3402 1612 gaudet.
3429 1539 3532 1604 Qui
3564 1556 3667 1593 au—

2041 1639 2161 1691 tem
2189 1636 2341 1692 venit
2364 1637 2711 1691 voluntatem
2744 1637 2932 1690 facere
2968 1635 3148 1689 Patris
3175 1635 3261 1689 sui
3296 1633 3394 1705 qui
3425 1633 3483 1686 in
3514 1632 3670 1686 caelis

2041 1733 2144 1797 est,
2182 1731 2343 1801 cujus
2381 1729 2538 1784 cibus
2581 1735 2664 1783 est
2709 1736 2769 1784 ut
2814 1729 3145 1783 mandatum
3183 1728 3284 1782 Dei
3332 1725 3620 1797 compleat
3653 1741 3665 1777 :

2039 1824 2137 1895 qui
2181 1840 2293 1878 non
2330 1822 2538 1895 quaerit
2582 1823 2736 1893 quod
2777 1822 2879 1876 sibi
2928 1821 3202 1892 voluptati
3243 1821 3332 1886 sit,
3380 1820 3479 1874 sed
3517 1817 3666 1888 quod

2041 1917 2259 1988 placeat
2298 1918 2446 1984 Deo;
2494 1916 2588 1970 ille
2630 1916 2776 1969 viam
2821 1915 3046 1969 Domini
3087 1914 3292 1986 pergit,
3334 1913 3492 1968 illam
3523 1912 3668 1964 viam

2041 2027 2169 2082 qua:
2213 2010 2293 2064 ait
2331 2027 2344 2064 :
2389 2033 2416 2058 ‹‹
2456 2010 2574 2080 Ego
2617 2026 2742 2063 sum
2788 2009 2895 2075 via,
2943 2008 3174 2075 veritas,
3218 2011 3275 2062 et
3313 2007 3424 2060 vita
3471 2007 3668 2074 (Icum,

2042 2121 2154 2172 xxv,
2186 2104 2260 2173 6).
2303 2125 2329 2153 »
2364 2102 2528 2157 Vides
2561 2119 2700 2172 ergo
2739 2103 2869 2173 quia
2906 2102 3003 2156 ille
3041 2101 3174 2156 vivit
3201 2099 3515 2155 secundum
3545 2115 3669 2152 ver-

2041 2199 2178 2253 bum
2208 2196 2329 2263 Dei,
2361 2197 2458 2268 qui
2485 2197 2634 2250 viam
2665 2196 2922 2250 ambulat
2947 2194 3173 2250 Christi.
3205 2197 3328 2264 Ipse
3359 2193 3530 2248 etiam
3561 2193 3668 2263 Do,-

2042 2293 2234 2346 minus
2275 2292 2421 2346 Deus
2467 2290 2524 2344 in
2571 2290 3008 2345 Deuteronomio
3048 2289 3231 2355 docet,
3277 2286 3564 2358 quomodo
3612 2286 3670 2339 in

2039 2384 2145 2439 viis
2179 2384 2296 2440 suis
2341 2383 2616 2450 ambules,
2655 2382 2892 2438 dicens:
2932 2404 2960 2433 «
2998 2384 3068 2437 Et
3097 2397 3269 2449 nunc,
3304 2379 3493 2445 Israel,
3534 2377 3671 2450 quid

2040 2477 2309 2533 Dominus
2351 2478 2494 2532 Deus
2531 2476 2732 2548 petita
2772 2481 2846 2544 te,
2887 2476 2993 2530 nisi
3027 2481 3090 2531 ut
3122 2475 3324 2529 timeas
3368 2473 3672 2528 Dominum

2043 2573 2228 2626 Deum
2277 2576 2465 2638 tuum,
2513 2576 2572 2625 et
2619 2570 2876 2625 ambules
2923 2571 2980 2624 in
3022 2570 3126 2624 viis
3179 2569 3322 2638 ejus,
3374 2571 3429 2622 et
3470 2566 3674 2636 diligas

2041 2681 2198 2732 eum,
2236 2671 2294 2720 et
2319 2664 2526 2719 servias
2561 2663 2802 2718 Domino
2834 2665 2946 2718 Deo
2977 2666 3074 2717 tuo
3102 2679 3172 2717 ex
3208 2664 3327 2716 toto
3357 2659 3525 2715 corde
3553 2662 3671 2726 tuo,

2043 2763 2101 2812 et
2145 2775 2213 2812 ex
2258 2761 2378 2812 tota
2422 2755 2617 2810 anima
2657 2760 2756 2810 tua
2806 2755 3087 2810 custodias
3131 2753 3406 2808 mandata
3452 2752 3574 2822 ejus
3617 2753 3676 2804 et

2034 2851 2282 2922 justitias
2306 2850 2427 2922 ejus
2458 2850 2656 2919 (Deut.,
2688 2865 2742 2916 x,
2777 2851 2861 2913 12,
2895 2849 3020 2918 13)?
3049 2867 3075 2898 »
3107 2847 3309 2917 Liquet
3334 2845 3512 2916 igitur
3539 2845 3675 2898 alias

2043 2946 2160 2999 vias
2201 2961 2321 3000 esse
2358 2943 2561 3012 carnis,
2592 2942 2730 2997 alias
2765 2942 2867 2997 Dei
2908 2959 2920 2996 :
2956 2947 3013 2996 et
3049 2941 3094 2995 si
3139 2939 3265 3012 quis
3300 2937 3437 2993 velit
3467 2937 3672 2992 ambu-

340 3034 441 3088 vitaa
474 3035 768 3106 probitate
810 3035 1149 3106 angelorum
1200 3035 1491 3091 imitantes
1531 3036 1773 3107 gratiam
1821 3037 2016 3141 (quiC
2042 3039 2159 3093 lare
2204 3038 2322 3092 vias
2365 3037 2497 3102 Dei,
2544 3036 2681 3091 sciat
2725 3035 2776 3090 ei
2829 3035 2982 3106 prius
3032 3050 3150 3089 esse
3195 3033 3310 3088 vias
3353 3031 3571 3096 carnis,
3617 3033 3676 3085 et

339 3127 465 3182 enim
490 3145 608 3183 non
641 3128 857 3183 ducunt
877 3144 1096 3195 uxores,
1121 3131 1177 3183 et
1200 3145 1329 3199 qua:
1356 3145 1474 3184 non
1502 3129 1743 3198 nubunt,
1773 3132 1944 3184 erunt
1969 3126 2016 3141 ν
2042 3131 2295 3203 corporis
2323 3134 2380 3185 et
2409 3130 2690 3185 saecularis
2719 3128 3017 3200 sapientia:
3047 3126 3408 3183 deserendas.

336 3218 454 3274 sicut
479 3220 674 3292 angeli
698 3220 758 3275 in
792 3221 970 3291 coelo);
1002 3220 1100 3292 qui
1135 3236 1270 3292 ergo
1303 3237 1434 3276 cum
1465 3222 1655 3292 angeli
1686 3221 1944 3278 videren-

338 3317 428 3378 tur,
460 3314 614 3385 capti
647 3318 780 3368 sunt
813 3313 1014 3369 decore
1047 3313 1320 3382 femineo,
1354 3315 1415 3368 hi
1451 3331 1584 3369 caro
1617 3320 1768 3385 sunt,
1801 3316 1945 3370 sicut

336 3405 580 3461 Dominus
633 3407 780 3460 Deus
822 3407 963 3461 dixit
1012 3423 1026 3461 :
1075 3428 1103 3456 α
1148 3407 1275 3462 Non
1319 3408 1674 3478 permanebit
1715 3408 1945 3480 spiritus

336 3515 477 3553 meus
503 3501 561 3554 in
597 3498 930 3554 hominibus
960 3500 1082 3555 istis
1109 3500 1168 3554 in
1197 3505 1497 3572 aeternum,
1526 3505 1763 3574 propter
1789 3503 1946 3572 quod

333 3608 440 3647 caro
465 3597 599 3648 sunt
631 3593 806 3661 (Gem,
831 3611 904 3660 γι,
933 3595 1008 3665 3).
1036 3616 1063 3645 ››
1085 3597 1154 3651 Et
1180 3595 1383 3650 merito
1405 3600 1668 3667 expertes
1691 3595 1944 3650 libidinis

331 3687 526 3754 angelis
562 3692 1010 3758 comparantur:
1044 3705 1176 3744 caro
1205 3705 1322 3744 non
1360 3694 1494 3744 sunt
1529 3688 1585 3743 in
1626 3706 1816 3756 carne,
1848 3690 1946 3744 sed

333 3776 381 3832 in
404 3780 630 3850 spiritu;
654 3781 848 3851 quales
873 3786 1038 3837 erant
1061 3781 1144 3836 illi
1173 3781 1269 3854 qui
1298 3782 1590 3837 doctorem
1620 3782 1944 3854 Apostolum

332 3873 726 3942 sequebantur,
755 3874 961 3945 quibus
986 3875 1106 3930 ait:
1145 3896 1172 3926 ‹‹
1209 3877 1312 3930 Vos
1348 3879 1541 3931 autem
1579 3892 1692 3931 non
1726 3876 1862 3932 estis
1889 3876 1947 3931 in

336 3980 506 4033 carne,
533 3967 640 4022 sed
665 3967 726 4021 in
747 3967 947 4038 spiritu
976 3969 1172 4038 (Rom.,
1198 3986 1313 4037 vni,
1337 3971 1408 4040 9).
1434 3992 1462 4019 »
1484 3970 1588 4034 Qui
1616 3975 1809 4025 autem
1830 3987 1949 4025 cor-

335 4074 486 4126 porea
529 4059 884 4116 feminarum
931 4062 1235 4132 capiuntur
1276 4062 1535 4131 libidine,
1588 4080 1719 4118 caro
1764 4069 1897 4118 sunt
1934 4085 1943 4116 :

334 4156 482 4223 atque
533 4153 761 4210 utinam
807 4171 940 4210 caro
991 4157 1249 4223 tantum,
1300 4159 1358 4210 et
1406 4172 1524 4210 non
1588 4157 1760 4212 etiam
1816 4157 1948 4229 equi

332 4244 720 4303 adhinnientes
760 4265 773 4302 :
808 4269 837 4297 «
879 4248 1013 4320 quia
1055 4249 1114 4303 in
1155 4265 1418 4317 uxorem,
1458 4250 1662 4322 inquit,
1709 4251 1948 4322 proximi

334 4337 409 4392 sui
433 4340 842 4397 adhinniebant
870 4341 1103 4413 (Jerem.,
1136 4360 1188 4409 v,
1218 4345 1291 4413 8).
1322 4362 1350 4393 »

2120 3229 2206 3281 11.
2251 3225 2593 3296 Relinquens
2630 3223 2820 3294 itaque
2864 3239 2956 3277 eas
2997 3221 3190 3291 David,
3231 3218 3582 3292 pronuntiat,
3621 3220 3678 3273 et

2044 3319 2195 3390 apud
2225 3319 2402 3374 Deum
2431 3335 2543 3372 non
2572 3321 2738 3372 tacet.
2767 3317 3084 3372 Conﬁtetur
3112 3331 3353 3382 errores,
3385 3329 3498 3368 non
3527 3315 3678 3365 tacet

2047 3414 2233 3483 lapsus
2263 3413 2390 3482 (85).
2422 3411 2618 3466 Simile
2652 3410 2732 3464 illi
2770 3411 2876 3464 hoc
2914 3409 3054 3463 dixit
3083 3427 3094 3461 :
3131 3427 3158 3459 «
3188 3406 3552 3462 Annuntiabo
3583 3404 3676 3459 ad-

2047 3521 2269 3560 versum
2302 3521 2396 3559 me
2435 3505 2795 3576 iniquitatem
2826 3519 3014 3556 meam
3053 3501 3294 3556 Domino
3326 3501 3494 3569 (Psul.
3526 3514 3672 3562 xxxn,

2049 3601 2120 3670 5).
2164 3621 2192 3649 ››
2236 3599 2292 3655 Si
2329 3599 2484 3652 enim
2529 3615 2587 3653 se
2626 3597 2973 3652 accusaverit
3003 3596 3208 3666 justus,
3253 3609 3452 3649 vocem
3493 3591 3677 3663 parati

2049 3690 2393 3747 accusatoris
2431 3690 2689 3756 exclusit,
2728 3689 2823 3760 qui
2863 3689 3008 3743 solet
3033 3688 3303 3742 acerbare
3338 3690 3588 3758 peccata,
3623 3686 3679 3738 et

2050 3785 2494 3856 uniuscujusque
2523 3797 2864 3854 exaggerare
2895 3781 3127 3852 ﬂagitia.
3158 3779 3413 3835 Obstruit
3448 3793 3586 3848 ergo
3615 3793 3677 3830 os

2049 3879 2196 3950 ejus,
2227 3878 2325 3951 qui
2352 3878 2486 3949 ,ipse
2527 3878 2598 3932 de
2636 3892 2693 3930 se
2729 3874 2906 3930 fuerit
2931 3877 3064 3928 ante
3101 3873 3408 3940 confessus,
3443 3875 3500 3925 et
3532 3885 3676 3940 pree-

2049 3973 2217 4028 struit
2261 3972 2484 4026 veniam
2529 3969 2868 4026 conﬁtentis.
2909 3966 3266 4023 Verecundia
3300 3967 3404 4033 (86)
3451 3967 3679 4019 excusat

2049 4083 2230 4134 reum,
2262 4066 2445 4136 pudor
2469 4081 2604 4120 suus
2639 4066 2864 4119 accusat
2901 4067 3184 4116 auctorem
3227 4058 3356 4129 (8’7).
3384 4059 3489 4123 Qui
3521 4057 3676 4112 enim

2049 4177 2154 4216 sua
2181 4160 2386 4215 delicta
2421 4176 2537 4214 non
2571 4157 2764 4227 tacuit,
2795 4157 3017 4211 videtur
3051 4155 3109 4210 in
3147 4171 3206 4210 se
3246 4153 3492 4209 doluisse
3528 4151 3675 4222 quod

2051 4254 2202 4320 fecit,
2247 4255 2305 4308 in
2357 4253 2581 4308 diabolo
2631 4251 2948 4324 prodidisse
2993 4249 3147 4320 quod
3191 4247 3388 4301 suasit.
3439 4246 3678 4316 Ideoque

2054 4347 2133 4402 ait
2160 4348 2450 4419 Scriptura
2481 4364 2494 4400 :
2525 4367 2553 4394 ‹‹
2580 4347 2764 4400 Justus
2794 4345 2852 4398 in
2883 4342 3114 4398 exordio
3146 4339 3423 4396 sermonis
3457 4355 3679 4394 accusa-

398 4434 444 4486 9.
475 4434 656 4505 Rogat
680 4450 818 4506 ergo
845 4435 943 4506 qui
975 4435 1361 4506 dejectionem
1395 4436 1606 4492 animae.
1639 4453 1754 4492 suae.
1782 4437 2030 4510 seutitD
2053 4444 2142 4496 tor
2178 4446 2262 4496 est
2299 4441 2380 4496 sui
2423 4441 2622 4508 (Prov.,
2666 4456 2814 4506 xvm,
2852 4438 2956 4509 17).
2989 4457 3016 4486 ››
3051 4435 3156 4500 Qui
3195 4451 3252 4488 se
3289 4437 3531 4499 accusat,
3577 4430 3678 4485 etsi

335 4524 394 4576 ad
423 4527 812 4596 pavimentum
842 4545 1022 4599 usque
1054 4534 1316 4599 curvatas,
1341 4533 1404 4583 ut
1428 4530 1737 4586 vivificetur
1755 4547 1949 4586 secun-

335 4616 458 4673 dum
496 4620 735 4676 verbum
776 4623 891 4690 Dei,
918 4623 1073 4693 quod
1109 4623 1326 4678 animas
1359 4624 1432 4678 ad
1472 4641 1531 4678 se
1569 4625 1742 4680 trahit
1779 4643 1948 4697 quas-

334 4726 571 4784 cunque,
601 4719 658 4770 et
695 4714 1060 4772 miseratione
1099 4717 1186 4771 sui
1223 4719 1406 4772 levare
1438 4718 1673 4789 cupiens
1720 4719 1952 4774 abducit

333 4818 360 4854 ει
385 4807 567 4862 terris.
601 4807 929 4865 Viviﬁcatur
951 4815 1144 4865 autem
1178 4811 1406 4879 anima;
1437 4827 1566 4882 quae
1599 4812 1713 4868 vias
1744 4813 1948 4868 ambu-

338 4895 402 4952 lat
425 4899 650 4971 Christi,
677 4905 908 4974 peccato
946 4906 1171 4959 mortua
1209 4905 1318 4959 Deo
1347 4904 1559 4972 vivens,
1595 4905 1675 4960 ita
1704 4911 1768 4961 ut
1801 4923 1951 4961 mors

390 5030 479 5091 (81)
505 5031 763 5098 Plerique
792 5046 948 5094 mss.,
974 5039 1020 5083 et
1056 5035 1258 5098 peperit
1299 5034 1390 5084 hos
1421 5034 1584 5086 Jacob
1615 5049 1790 5087 omnes
1821 5038 1951 5088 ani-

339 5110 438 5168 [nae
461 5108 668 5166 septem.
701 5105 822 5156 Vet.
856 5103 1008 5166 edit.,
1038 5110 1085 5154 et
1119 5106 1320 5168 peperit
1349 5105 1492 5162 haec,
1523 5111 1627 5156 etc.
1659 5107 1751 5158 Sic
1784 5110 1949 5160 etiam

340 5166 502 5234 Rom.,
523 5176 628 5225 nisi
654 5176 805 5240 quod
826 5189 955 5227 cum
983 5166 1318 5241 quibus—dam
1346 5191 1500 5240 mss.,
1527 5179 1731 5229 omittit
1753 5193 1950 5231 vocem

339 5249 516 5293 omnes.

338 5312 485 5432 δέξἶῆ
520 5316 662 5368 Edit.
712 5317 890 5381 Rom.,
933 5324 1124 5382 praeter
1160 5331 1356 5370 uxores
1399 5319 1630 5382 ﬁliorum
1670 5322 1950 5385 sexaginta

401 5459 495 5522 (83)
542 5461 671 5512 Mss.
733 5461 1004 5523 nonnulli,
1056 5461 1324 5522 exierunt,
1373 5459 1709 5527 septuaginta
1757 5464 1949 5514 anima:

341 5536 484 5664 “(82)
507 5603 624 5656 Hoc
643 5605 766 5656 loco
789 5605 1010 5656 videtur
1029 5604 1356 5656 Ambrosius
1375 5605 1641 5657 accedere
1662 5606 1731 5656 ad
1757 5619 1947 5657 eorum

343 5675 648 5725 sententiam
691 5691 720 5725 a
769 5676 975 5741 quibus
1022 5677 1244 5725 initium
1291 5690 1347 5726 vr
1390 5690 1509 5740 cap.
1542 5677 1680 5727 Gen.
1721 5678 1789 5728 de
1820 5678 1948 5728 ﬁliis

347 5741 468 5792 Setb
496 5747 760 5810 accipitur
791 5762 801 5794 :
834 5759 964 5796 cum
999 5745 1146 5798 idem
1185 5747 1304 5812 ipse
1347 5747 1484 5798 illud
1520 5747 1589 5798 de
1623 5748 1946 5812 angelorum

2052 4539 2325 4606 peccator
2353 4540 2456 4601 est,
2480 4535 2667 4605 justus
2692 4548 2812 4587 esse
2837 4529 3055 4602 incipit,
3084 4528 3216 4601 quia
3241 4543 3345 4583 nec
3371 4527 3476 4582 sibi
3505 4525 3681 4598 parcit

2053 4632 2110 4684 et
2140 4629 2237 4683 Dei
2274 4628 2526 4699 justitias
2563 4626 2888 4692 confitetur,
2920 4639 3091 4695 quem
3133 4626 3298 4693 putat
3328 4622 3504 4675 latere
3538 4617 3677 4674 nihil

2052 4739 2238 4793 posse.
2267 4723 2494 4777 Utinam
2531 4719 2710 4774 Adam
2759 4734 2816 4773 se
2853 4718 3012 4789 prius
3046 4731 3332 4783 accusare,
3371 4729 3541 4785 quam
3584 4727 3675 4764 ce-

2052 4815 2169 4868 lare
2209 4812 2508 4868 voluisset!
2556 4812 2668 4867 Sed
2718 4827 2834 4865 non
2883 4810 3012 4864 satis
3060 4814 3146 4863 est
3197 4813 3260 4862 ut
3306 4805 3681 4860 conﬁteamur

2054 4924 2307 4963 errorem
2332 4925 2346 4962 :
2372 4923 2572 4962 verum
2600 4905 2820 4960 etiamsi
2850 4903 3060 4975 corrigi
3088 4903 3363 4970 volumus,
3385 4916 3418 4952 a
3445 4895 3679 4952 Domino

2051 5053 2182 5090 cum
2228 5038 2559 5090 mulieribus
2604 5037 2906 5089 concubitu
2957 5034 3163 5099 saepius
3214 5029 3562 5093 exposuerit;
3623 5031 3683 5076 ut

2052 5110 2349 5160 docuimus
2375 5109 2442 5159 ad
2469 5123 2588 5173 cap.
2621 5111 2652 5158 4
2686 5108 2779 5158 lib.
2818 5111 2893 5158 De
2925 5111 3033 5160 Noe
3064 5109 3110 5154 et
3136 5114 3286 5159 arca,
3312 5113 3467 5173 num.
3496 5101 3546 5173 9,
3571 5099 3682 5149 imo

2051 5185 2105 5232 et
2144 5182 2285 5230 intra
2316 5194 2478 5231 serm.
2517 5169 2568 5239 ἑ,
2595 5193 2738 5230 vers.
2779 5179 2858 5229 64.
2893 5179 3174 5230 Caeterum
3219 5171 3448 5236 angelos
3487 5169 3558 5222 ob
3588 5183 3683 5218 su-

2049 5253 2258 5318 perbiae
2304 5256 2597 5316 peccatum
2640 5266 2670 5302 e
2711 5250 2852 5301 cho
2902 5250 3076 5299 fuisse
3121 5243 3471 5318 deturbatos
3496 5245 3684 5318 aperte

2049 5313 2212 5374 docet
2259 5313 2400 5373 infra
2447 5337 2610 5374 serm.
2639 5325 2685 5384 7,
2722 5335 2862 5372 vers.
2893 5322 2975 5380 51,
3007 5324 3062 5369 et
3098 5320 3178 5379 16,
3209 5329 3352 5368 vers.
3386 5314 3478 5364 122
3514 5313 3684 5374 hujus

2051 5395 2253 5459 operis,
2284 5398 2450 5460 atque
2475 5395 2624 5445 alibi.

2112 5468 2209 5529 (85)
2238 5467 2358 5517 Non
2385 5467 2547 5530 pauci
2573 5464 2720 5525 cod.,
2749 5475 2857 5512 non
2880 5467 3035 5526 negat
3058 5461 3271 5534 lapsus._
3588 5525 3622 5534 υ

2110 5525 2211 5601 (86)
2257 5525 2497 5601 Quidam
2553 5549 2707 5596 mss.,
2752 5525 2964 5584 veniant
3008 5531 3297 5598 conﬁtentis
3338 5525 3678 5579 verecundia.

2051 5611 2280 5660 Excusat
2307 5621 2490 5658 rerum
2515 5606 2688 5671 pudor
2705 5619 2852 5664 suus,
2879 5611 3094 5657 accusat
3117 5608 3401 5654 auctorem.

2113 5680 2213 5742 (87)
2242 5670 2542 5732 Auctorem
2565 5691 2665 5729 seu
2690 5678 3048 5742 impulsorem
3077 5674 3363 5727 diabolum
3398 5671 3490 5722 hic
3524 5670 3684 5720 intel-

2050 5749 2145 5813 ligi
2173 5751 2306 5802 satis
2333 5750 2615 5802 declarant
2642 5749 2950 5814 sequentia.
