4082 6186
328 260 438 312 1313

1432 253 1784 309 EXPOSITIO
1825 254 1888 307 IN
1930 253 2245 308 PSALMUM
2283 254 2504 308 CXVIII.

3509 261 3642 313 1314

321 377 668 432 viriditatibus
713 393 1139 449 prosperorum,
1193 387 1250 431 et
1293 379 1452 432 omni
1505 378 1772 449 Spoliatos
1822 394 1910 430 se-
1939 391 2130 460 Anon
2173 379 2468 447 putrescit,
2501 377 2574 431 ita
2615 392 2716 431 nec
2762 377 3045 447 majorum
3092 379 3272 448 gloria
3302 380 3415 435 ulla
3452 385 3637 437 vetus-

318 473 604 525 cuudorum
662 470 793 524 ﬂore
840 487 1198 526 succcssuum
1252 472 1431 526 exitus
1485 471 1685 526 mortis
1753 471 1907 524 inve-

317 567 431 618 niat.

375 663 460 713 17.
508 660 816 712 Cavcamus
870 674 1010 730 ergo
1067 675 1136 713 ne
1191 658 1580 730 unusquisque
1650 661 1910 711 nostrum

312 753 544 821 ejiciatur
581 753 651 806 de
687 757 834 806 statu
873 752 1081 807 mentis
1121 767 1260 818 suae,
1293 759 1351 806 et
1384 751 1626 806 naturali
1664 751 1911 822 quadam

314 845 600 909 mansione,
631 845 676 898 si
718 845 931 900 habeat
973 846 1259 900 foramina
1296 845 1678 910 mansionum,
1707 861 1737 900 e
1781 845 1909 914 qui-

311 937 399 990 bus
455 936 686 992 ﬂueutia
751 937 1033 992 stillicidia
1081 945 1350 1010 tanquam
1398 955 1466 994 ex
1528 937 1912 992 fundamentis

312 1029 562 1084 subruant
603 1029 899 1084 hominem
937 1031 1096 1086 nulla
1131 1031 1421 1102 sapientiai
1457 1031 1736 1086 soliditate
1780 1030 1909 1084 fun-

309 1125 500 1176 datum.
551 1122 795 1194 Ideoque
843 1125 922 1178 ait
957 1124 1242 1196 propheta
1285 1143 1298 1179 :
1350 1146 1377 1173 α
1421 1124 1543 1190 Fili,
1578 1141 1650 1178 ne
1695 1123 1913 1179 deﬂuas

311 1219 484 1280 (Prata,
533 1233 612 1284 ιιι,
658 1220 769 1286 21).
821 1241 849 1266 ››
896 1218 1298 1274 Conﬁrmanda
1354 1221 1440 1272 est
1493 1218 1672 1288 igitur
1723 1216 1914 1272 anima

311 1313 497 1377 nostra,
525 1326 595 1363 ne
633 1310 809 1366 stillet
840 1328 858 1379 ;
890 1316 947 1366 et
989 1311 1283 1366 individua
1333 1311 1607 1366 virtutum
1634 1326 1910 1381 compage

309 1402 611 1470 solidanda,
653 1408 719 1458 ut
766 1404 947 1476 possit
990 1404 1142 1474 regis
1184 1405 1385 1460 aeterni
1433 1420 1655 1459 servare
1699 1409 1909 1475 myste-

307 1496 456 1550 rium.
484 1496 767 1551 Caaterum
808 1497 856 1551 is
893 1497 1221 1568 quicunque
1261 1502 1347 1552 est
1383 1497 1560 1552 facilis
1609 1497 1666 1550 in
1703 1496 1910 1565 verbis,

308 1591 437 1644 velut
486 1591 690 1660 plenus
730 1591 1044 1660 rimarum,
1089 1592 1192 1646 hac
1245 1595 1416 1662 atque
1455 1591 1582 1645 illac
1637 1590 1910 1660 efﬂuens,

307 1683 550 1737 interiora
593 1689 828 1738 evacuat
870 1701 998 1752 sua,
1038 1690 1097 1740 et
1140 1684 1516 1741 exterioribus
1558 1685 1912 1756 passionibus

307 1775 609 1844 inundatur,
648 1782 845 1848 tegere
891 1795 950 1832 se
987 1778 1264 1846 nesciens,
1292 1795 1396 1834 nec
1441 1782 1631 1833 tenere
1673 1755 1988 1832 verbumB

308 1870 436 1940 quod
475 1871 764 1942 acceperit
803 1887 818 1926 :
861 1872 1008 1926 sicut
1053 1876 1246 1927 sancta
1292 1873 1468 1927 Maria
1513 1887 1641 1943 quae
1683 1888 1909 1926 conser-

310 1963 446 2018 vabat
486 1963 684 2018 omnia
728 1965 898 2019 verba
945 1965 1003 2019 in
1046 1965 1220 2020 corde
1265 1983 1366 2020 suo
1413 1965 1581 2035 (Luc.,
1613 1982 1665 2032 ιι,
1698 1965 1806 2035 Si),
1841 1980 1910 2018 ne

309 2057 419 2126 quid
444 2074 505 2111 ex
531 2058 662 2128 ejus
685 2058 856 2113 corde
883 2058 1164 2114 deﬂueret
1195 2059 1326 2130 (92).

367 2154 446 2205 18.
498 2151 615 2205 Tali
679 2167 738 2206 se
792 2152 1074 2207 munitam
1137 2152 1266 2207 dote
1327 2152 1601 2207 virtutum
1667 2150 1912 2206 Ecclesia

310 2243 541 2312 loquitur,
600 2249 672 2298 ut
729 2243 904 2315 digna
967 2245 1223 2299 videatur
1299 2245 1356 2299 in
1419 2245 1579 2315 cujus
1646 2243 1910 2298 invitatus

312 2337 519 2406 Sponsus
583 2338 866 2393 succedat
924 2338 1271 2409 hospitium.
1340 2339 1476 2393 Hinc
1531 2337 1784 2408 primum
1849 2354 1908 2392 se

315 2431 565 2499 presumit
605 2447 737 2486 esse
781 2431 1137 2502 placituram,
1169 2432 1216 2486 si
1253 2432 1400 2486 bene
1445 2435 1672 2497 tectam,
1705 2436 1761 2486 et
1795 2431 1908 2485 tida

320 2531 580 2580 servantem
651 2525 876 2580 silentia
927 2525 1179 2581 Christus
1243 2524 1506 2596 aspiciat.
1557 2545 1584 2576 ιι
1635 2525 1770 2579 Ecce
1813 2541 1906 2593 es,

325 2617 485 2686 inquit,
532 2619 858 2685 formosus,
911 2618 1278 2673 consobrinus
1320 2634 1516 2687 meus,
1562 2621 1619 2672 et
1673 2617 1906 2689 quidem

337 2711 522 2778 pulcher,
553 2711 866 2767 acclinatio
905 2715 1101 2767 nostra
1145 2728 1337 2783 opaca,
1377 2712 1565 2768 trabes
1606 2711 1905 2766 domorum

328 2807 587 2860 nostrarum
651 2805 829 2872 cedri,
858 2806 1153 2861 lacunaria
1190 2811 1384 2861 nostra
1413 2805 1664 2877 cupressi
1704 2806 1905 2873 (Cant,

324 2902 464 2965 1,15,
508 2901 620 2970 16).
675 2920 701 2947 ››
752 2899 1002 2954 Laudate
1060 2900 1256 2971 sponsi
1313 2899 1580 2954 decorem
1633 2899 1904 2968 Ecclesia,

316 3006 448 3059 quem
493 2994 626 3062 plus
674 2993 1062 3064 unusquisque
1109 2993 1276 3049 tacito
1329 2993 1522 3049 laudat
1562 2993 1796 3062 aﬂ'ectu,
1851 2995 1909 3046 et

315 3082 426 3138 ﬁdus
453 3086 855 3157 mysteriorum
875 3087 1158 3158 interpres
1181 3087 1422 3141 tacendo
1450 3088 1577 3158 plus
1606 3087 1899 3158 prmdicat.

312 3175 418 3230 Nam
454 3180 545 3248 qui
587 3195 801 3234 arcana
844 3168 1118 3250 divulgat,
1159 3179 1450 3234 imminuit
1487 3179 1693 3235 Christi
1731 3179 1902 3234 deco-

313 3285 420 3324 rem.
453 3271 582 3328 Ideo
632 3288 800 3327 nemo
836 3273 1028 3327 mittat
1061 3273 1396 3345 margaritas
1435 3289 1562 3328 suas
1600 3273 1804 3344 porcis,
1833 3291 1905 3330 ne

309 3366 589 3420 conculcari
653 3366 828 3420 faciat
881 3371 1222 3421 ornamenta
1269 3367 1543 3437 pretiosa.
1592 3369 1713 3422 Non
1766 3384 1904 3439 ergo

307 3458 350 3509 in
385 3457 746 3514 tabernaculo
787 3460 1039 3531 loquacis
1078 3466 1135 3515 et
1170 3461 1418 3531 garruli,
1462 3461 1598 3531 quia
1640 3460 1700 3514 in
1756 3462 1903 3516 mul-

304 3550 511 3622 tiloquio
575 3556 878 3626 peccatum
940 3553 1279 3622 admittitur,
1339 3554 1437 3609 sed
1499 3554 1559 3608 in
1622 3553 1724 3608 viri
1772 3555 1904 3609 serii

304 3644 382 3714 qui
417 3647 484 3700 sit
523 3662 734 3717 parcus
769 3646 1021 3718 alloquii,
1054 3663 1160 3702 nec
1184 3647 1463 3702 sermonis
1491 3647 1901 3718 intemperans,

303 3742 346 3789 et
381 3739 680 3794 verborum
720 3739 1022 3795 sobrietate
1081 3740 1483 3796 temulentiam
1544 3741 1903 3812 loquacitatis

302 3831 506 3900 evitans,
533 3839 713 3904 caput
743 3849 912 3888 suum
941 3834 1196 3890 Christus
1219 3834 1478 3890 inclinat.

362 3928 435 3981 l9.
471 3929 538 3981 Et
581 3927 790 3981 merito
837 3943 1076 3998 opacam
1125 3927 1405 3998 signiﬁcat
1445 3929 1900 3997 acclinationem,

301 4019 412 4088 quia
451 4021 507 4075 in
536 4021 788 4075 Ecclesia
817 4023 1146 4076 constitutos
1184 4023 1360 4077 virtus
1401 4023 1705 4079 obumbrat
1733 4023 1900 4077 Altis-

301 4111 436 4168 simi.
497 4115 612 4169 Hac
664 4113 869 4169 umbra
929 4114 1100 4170 David
1157 4117 1379 4188 protegi
1438 4133 1496 4171 se
1551 4117 1899 4188 postulabat,

2017 475 2126 524 tate
2155 470 2556 542 corrumpitur.

2080 597 2170 647 21.
2210 595 2519 648 Lacunam‘u
2571 601 2756 648 nostra
2797 597 3050 664 cupressi.
3089 595 3274 648 Genus
3325 595 3431 650 hoc
3477 597 3637 651 arbo-

2015 688 2088 741 ris
2130 703 2425 758 nunquam
2484 687 2692 742 amittit
2749 687 3091 742 viriditatem
3142 704 3304 742 suam
3372 705 3384 742 :
3452 690 3639 744 hieme

2005 781 2204 849 juxta,
2241 797 2394 846 vere,
2436 784 2606 851 atque
2649 785 2842 834 azstate
2887 797 3118 835 comam
3161 782 3367 852 pascit,
3406 797 3511 836 nec
3555 783 3638 836 di-

2014 890 2175 928 verso
2212 875 2402 928 colore
2444 879 2717 928 mutatur.
2751 873 2936 929 Solam
2965 875 3112 929 hanc
3143 874 3405 930 arborem
3443 882 3643 930 ventus

2013 983 2115 1021 suo
2181 983 2471 1038 nunquam
2529 967 2746 1022 honore
2798 967 3078 1038 despoliat
3126 985 3138 1022 :
3189 969 3304 1021 sola
3348 983 3645 1039 nunquam

2012 1060 2190 1114 veteri
2250 1060 2476 1115 exuitur
2540 1061 2782 1127 amictu,
2827 1067 2922 1114 aut
2987 1077 3136 1116 novo
3203 1061 3341 1116 ﬂore
3387 1061 3642 1118 vestitur.

2014 1153 2104 1208 Sic
2136 1153 2446 1224 apostolica
2489 1170 2712 1225 quoque
2744 1155 2928 1223 gratia
2967 1156 3147 1209 nescit
3183 1154 3469 1210 defectum
3499 1172 3511 1210 :
3543 1156 3645 1209 sed

2013 1249 2290 1301 vetustate
2344 1247 2430 1300 sui
2472 1247 2659 1301 ﬂoret.
2689 1247 2890 1303 Anima
2935 1264 3071 1318 ergo
3111 1249 3402 1320 corrumpi
3447 1249 3642 1317 nescit,

2013 1344 2141 1412 quae
2193 1340 2532 1395 ﬂorentibus
2591 1342 2810 1395 meritis
2864 1342 3090 1411 vigens,
3136 1357 3364 1412 semper
3405 1342 3644 1412 justitia!

2012 1440 2467 1504 caeterarumque
2508 1433 2782 1488 virtutum
2829 1435 3080 1488 culmina
3120 1435 3355 1504 patienti
3404 1452 3641 1506 magna-

2013 1527 2269 1582 nimitate
2312 1530 2609 1582 sustentat.
2639 1528 2705 1582 Et
2734 1527 2860 1583 ideo
2890 1544 3006 1582 non
3045 1527 3262 1594 deﬂuit,
3293 1545 3477 1599 neque
3503 1529 3641 1583 defi-

2012 1621 2125 1686 cit;
2175 1620 2306 1692 quia
2350 1619 2491 1674 nihil
2539 1621 2598 1674 in
2646 1636 2711 1676 ea
2757 1621 3032 1675 rimosum
3077 1626 3163 1675 est
3203 1637 3266 1675 ac
3313 1622 3639 1689 remissum,

2013 1713 2154 1766 nihil
2194 1712 2425 1778 mobile,
2455 1713 2597 1768 nihil
2642 1712 2944 1781 lubricum,
2978 1713 3122 1768 nihil
3161 1713 3313 1785 quod
3344 1714 3480 1768 vitio
3520 1730 3640 1769 ser-

2011 1807 2198 1861 monis
2241 1822 2308 1861 ex
2347 1823 2416 1861 ea
2450 1807 2626 1878 possit
2669 1805 2908 1862 effundi.
2951 1806 3195 1878 Ideoque
3245 1806 3543 1861 conﬁmari
3579 1823 3641 1863 se

2011 1900 2156 1971 petit
2203 1899 2260 1954 in
2303 1899 2485 1954 verbis
2541 1899 2655 1954 suis
2694 1900 3004 1970 Propheta,
3049 1917 3119 1955 ne
3160 1905 3494 1955 moveantur
3538 1918 3638 1972 pe-

2010 1996 2109 2049 des
2133 1995 2276 2064 ejus,
2301 2010 2371 2048 ne
2393 1993 2762 2049 effundantur
2788 2009 3013 2064 gressus
3034 1994 3156 2064 ejus
3177 1996 3343 2064 (Psal.
3368 2011 3540 2061 Lxxn,
3563 1997 3638 2063 2).

2008 2089 2144 2151 Quae
2190 2087 2236 2141 si
2281 2087 2406 2158 quis
2449 2091 2602 2142 recto
2645 2087 2833 2158 vigeat
2873 2087 3064 2154 corde,
3109 2103 3226 2142 non
3272 2088 3506 2159 patitur,
3541 2089 3640 2144 sed

2010 2181 2297 2235 radicatus
2320 2185 2490 2251 atque
2511 2179 2782 2234 fundatus
2803 2180 3071 2236 adversus
3089 2196 3287 2236 omnes
3307 2182 3637 2253 passionum

2011 2274 2212 2328 ﬂuctus
2244 2272 2555 2328 immobilis
2586 2281 2932 2345 perseverat.

2079 2401 2166 2453 22.
2196 2400 2371 2469 (Vers.
2409 2400 2518 2467 29.)
2557 2398 2920 2454 Contirmatis
2956 2398 3134 2471 igitur
3175 2399 3232 2454 in
3277 2399 3464 2455 verbis
3507 2401 3587 2455 ait
3619 2419 3634 2455 :

2016 2493 2172 2546 Viam
2217 2494 2530 2562 iniquitatis
2571 2508 2756 2548 amove
2797 2510 2832 2548 a
2858 2508 2976 2559 me;
3004 2499 3055 2547 et
3106 2493 3217 2562 lege
3253 2498 3348 2547 tua
3392 2497 3638 2549 miserere

2008 2588 2128 2640 mei.
2159 2586 2278 2639 Non
2325 2585 2513 2640 dixit:
2543 2589 2754 2641 Amove
2805 2602 2898 2642 me
2939 2603 2971 2640 a
3014 2586 3104 2641 via
3145 2585 3485 2658 iniquitatis,
3513 2589 3634 2656 sed,

2015 2680 2171 2733 Viam
2221 2681 2534 2748 iniquitatis
2575 2695 2760 2734 amove
2798 2697 2832 2733 a
2869 2696 2990 2744 me;
3035 2681 3194 2750 quasi
3240 2680 3308 2748 in
3341 2681 3504 2735 nobis
3543 2681 3634 2747 sit,

2008 2776 2066 2826 et
2115 2771 2276 2826 nobis
2329 2772 2512 2826 inesse
2565 2773 2854 2826 videatur.
2902 2773 3167 2835 Quandiu
3211 2773 3363 2827 enim
3420 2790 3636 2829 exerce-

2008 2881 2138 2920 mus
2198 2864 2413 2936 aliquid
2476 2864 2838 2936 improbum,
2881 2864 2968 2918 via
3030 2864 3352 2936 iniquitatis
3404 2866 3636 2922 interius

2008 2964 2221 3027 manet,
2254 2965 2310 3014 et
2355 2975 2471 3014 non
2510 2958 2726 3013 recedit
2773 2975 2806 3013 a
2851 2957 3008 3014 nobis
3049 2975 3063 3012 :
3112 2957 3353 3029 ideoque
3390 2960 3635 3014 studiose

2008 3068 2267 3124 agamus,
2302 3056 2362 3107 ut
2408 3069 2534 3106 eam
2569 3069 2602 3106 a
2632 3051 2794 3107 nobis
2836 3067 3182 3123 separemus.
3214 3051 3325 3108 Sed
3355 3053 3487 3125 quia
3515 3053 3632 3108 hae-

2007 3151 2344 3205 reditarium
2399 3151 2716 3222 iniquitatis
2777 3149 3065 3221 glutinum
3119 3150 3404 3207 mentibus
3450 3152 3632 3207 inhae-

2007 3245 2078 3298 sit
2120 3244 2420 3311 humanis,
2463 3261 2605 3315 opus
2652 3249 2738 3298 est
2782 3243 3082 3299 liberantis
3123 3244 3359 3300 auxilio.
3401 3246 3636 3300 Precare

2008 3341 2066 3391 et
2115 3342 2195 3407 tu,
2233 3343 2288 3392 et
2346 3337 2560 3392 dicito:
2609 3337 2807 3393 Infelix
2854 3353 2962 3408 ego
3016 3337 3212 3404 homo,
3251 3339 3376 3410 quis
3415 3355 3636 3394 amove-

2004 3430 2088 3486 bit
2129 3427 2161 3485 a
2209 3447 2300 3485 me
2341 3431 2655 3502 iniquitatis
2703 3430 3117 3488 viam?Gratia
3166 3431 3263 3486 Dei
3311 3448 3414 3503 per
3441 3434 3635 3488 Iesum

2007 3525 2296 3580 Christum
2355 3524 2664 3579 Dominum
2714 3530 2969 3579 nostrum
3013 3544 3024 3578 :
3079 3528 3137 3580 et
3189 3525 3428 3596 pulchre
3490 3528 3634 3581 viam

2005 3618 2145 3672 dixit
2172 3618 2514 3689 iniquitatis,
2565 3635 2680 3673 non
2756 3618 3113 3690 iniquitatem
3149 3635 3163 3686 ς
3198 3635 3265 3673 eo
3322 3620 3472 3690 quod
3518 3637 3633 3675 non

2007 3713 2166 3782 quasi
2222 3712 2492 3766 naturalis
2550 3711 2815 3783 iniquitas
2879 3712 2952 3765 sit
3008 3713 3068 3766 in
3120 3712 3302 3782 nobis,
3357 3714 3454 3767 sed
3509 3730 3632 3768 ma-

1997 3805 2188 3876 jorum
2243 3811 2366 3876 post
2425 3809 2653 3876 peccata
2703 3805 3056 3860 currentium
3106 3806 3179 3858 sit
3228 3806 3418 3860 attrita
3468 3809 3634 3861 vcsti-

2006 3900 2131 3970 giis.

2075 4026 2170 4078 23.
2207 4021 2518 4094 Meritoque
2559 4023 2695 4093 quia
2731 4022 2931 4076 vulnus
2965 4022 3186 4094 grande
3229 4038 3294 4078 ac
3329 4028 3492 4079 vetus
3525 4029 3630 4091 est,

2005 4123 2061 4171 et
2131 4117 2225 4170 diu
2285 4132 2550 4187 serpens,
2596 4115 2951 4186 perfectioris
3021 4116 3320 4172 medicinas
3386 4118 3633 4173 remedia

301 4220 357 4259 ne
384 4223 506 4262 eum
554 4223 661 4279 per
690 4208 843 4263 diem
885 4209 965 4263 sol
997 4214 1206 4277 ureret,
1235 4209 1324 4264 vel
1359 4209 1497 4264 luna
1541 4226 1644 4282 per
1680 4213 1900 4265 noctem
2002 4209 2276 4280 deposcit,
2304 4209 2604 4264 obsecrans
2641 4211 2703 4264 ut
2729 4210 2953 4264 Domini
2984 4210 3244 4281 legitima
3270 4211 3633 4266 miseratione

301 4301 448 4358 (Psal.
486 4319 624 4369 cxx,
663 4304 750 4372 6).
788 4304 944 4358 Hanc
986 4303 1253 4358 umbram
1302 4303 1574 4375 spiritalis
1623 4303 1903 4359 ministrat
2001 4306 2251 4358 curetur.
2281 4305 2400 4358 Cito
2439 4303 2592 4358 enim
2625 4303 2925 4358 refricatur
2948 4304 3172 4370 vulnus,
3201 4305 3349 4374 quod
3377 4309 3633 4360 sanatum

301 4393 740 4468 gratia1015
771 4396 988 4452 torrida
1008 4397 1193 4452 saeculi
1220 4397 1392 4468 hujus
1412 4401 1470 4452 et
1491 4397 1690 4452 mundi
1710 4399 1902 4452 aestiva
2001 4397 2299 4451 medicina!
2355 4398 2477 4468 lege
2537 4414 2650 4452 non
2701 4397 2869 4452 fuerit
2910 4415 2923 4463 ;
2966 4397 3081 4451 imo
3133 4397 3303 4451 etiam
3357 4399 3630 4455 seriorem

299 4486 646 4557 fugientibus.
680 4491 864 4561 Opaca
904 4490 1080 4562 igitur
1120 4491 1415 4546 acclinatio
1458 4492 1666 4548 Christi
1698 4498 1753 4545 et
1803 4493 1898 4545 Ec-
1924 4492 1980 4562 Ι)
2003 4491 2222 4546 curatio
2254 4491 2424 4546 sentit
2469 4491 2810 4562 profectum.
2844 4491 3091 4562 Ideoque
3141 4491 3187 4544 si
3216 4492 3363 4545 virus
3393 4492 3448 4546 in
3499 4493 3635 4548 inte-

299 4581 477 4650 clesiaz,
509 4584 717 4655 quibus
761 4584 857 4640 Dei
896 4585 1078 4640 Patris
1107 4591 1322 4640 aeterna
1348 4585 1444 4640 illa
1480 4585 1707 4656 requies
1751 4585 1901 4656 aspi-
2003 4585 2156 4639 riora
2200 4583 2508 4655 proserpit,
2550 4584 2968 4640 medicamenta
3026 4583 3165 4638 foris
3212 4587 3472 4656 apposita
3515 4603 3630 4641 non

301 4682 385 4729 rat.
419 4679 476 4732 In
517 4679 620 4733 hac
656 4694 792 4749 ergo
822 4678 1245 4749 requiescamus
1278 4679 1504 4746 umbra,
1538 4681 1901 4750 peccatorum
2003 4678 2193 4732 sentit.
2244 4677 2428 4748 Exigit
2482 4694 2621 4748 ergo
2676 4677 2972 4732 medicinae
3026 4678 3191 4746 ratio,
3240 4685 3302 4733 ut
3359 4685 3456 4734 aut
3509 4694 3628 4733 sec-

301 4774 601 4826 nostrorum
642 4772 870 4827 aestibus
902 4773 1144 4844 fatigati.
1175 4772 1233 4828 Si
1277 4789 1418 4844 quos
1453 4772 1666 4827 adussit
1703 4772 1898 4839 libido,
2004 4773 2192 4837 tione,
2243 4774 2344 4824 aut
2395 4771 2695 4826 adustione
2754 4774 3014 4826 curetur.
3061 4772 3176 4826 Nisi
3234 4772 3387 4826 enim
3436 4775 3627 4842 putre-

301 4861 386 4915 hos
422 4865 644 4920 Domini
687 4883 824 4921 crux
872 4866 1197 4938 refrigeret,
1227 4866 1288 4920 in
1317 4881 1428 4937 qua
1470 4882 1529 4920 se
1572 4865 1901 4934 reclinavit;
2000 4865 2148 4919 facta
2197 4864 2555 4932 recidantur,
2597 4871 2697 4920 aut
2741 4866 2951 4919 humor
3002 4864 3216 4920 inutilis
3261 4865 3629 4935 decoquatur,

302 4963 352 5008 ut
378 4964 564 5014 nostra
597 4960 803 5015 delicta
827 4961 1159 5031 susciperet.
1190 4960 1247 5015 Si
1282 4976 1426 5030 quos
1454 4959 1622 5030 culpa
1658 4959 1898 5029 lassavit,
2000 4958 2210 5012 frustra
2260 4956 2563 5012 medicinas
2615 4974 2820 5012 manus
2871 4957 3216 5012 adhibentur
3247 4956 3319 5009 ad
3365 4957 3626 5012 vulnera.

303 5049 391 5104 hos
442 5054 601 5108 Iesus
644 5054 860 5125 gremio
912 5054 1178 5126 suscipiat
1222 5070 1345 5121 suo,
1393 5059 1448 5109 et
1502 5054 1663 5108 molli
1713 5054 1903 5109 foveat
2003 5052 2245 5130 Ideoque
2272 5051 2455 5106 bonus
2482 5053 2732 5106 medicus
2762 5050 3087 5121 hujusmodi
3119 5065 3338 5120 aegrum
3371 5047 3629 5122 1016

301 5147 558 5215 amplexu.
603 5147 764 5203 Unde
819 5148 1004 5204 audeo
1050 5147 1237 5205 dicere
1295 5148 1444 5219 quod
1503 5164 1634 5203 caro
1692 5147 1900 5203 Christi
2000 5146 2258 5217 legitime
2298 5145 2434 5200 dicit
2475 5162 2597 5200 esse
2646 5145 2986 5213 curandum,
3028 5148 3094 5197 ut
3133 5141 3309 5213 possit
3345 5143 3630 5198 medicina

302 5240 576 5295 acclinatio
603 5242 672 5296 sit
698 5242 979 5297 Ecclesia.
2001 5239 2297 5310 proﬁcere.
2346 5239 2494 5310 Lege
2542 5255 2681 5309 ergo
2733 5238 3057 5303 miseretur,
3097 5237 3193 5306 qui
3236 5252 3365 5290 cum
3408 5237 3630 5307 justitia

359 5335 438 5386 20.
473 5336 662 5391 Trabes
701 5335 982 5390 domorum
1021 5340 1328 5391 nostrarum
1366 5336 1530 5391 cedri.
1558 5335 1726 5392 Cedri
1770 5351 1896 5406 spe-
2001 5333 2394 5405 sapientiaque
2456 5333 2778 5397 miseretur,
2825 5337 2889 5384 ut
2935 5346 3002 5384 ea
3061 5328 3312 5383 dimittat
3357 5345 3484 5401 quae
3529 5331 3633 5384 scit

301 5425 389 5491 cie,
423 5429 690 5498 majortun
731 5429 828 5500 qui
859 5429 998 5499 justi
1037 5430 1289 5498 fuerunt,
1320 5429 1502 5500 gloria
1541 5429 1896 5496 declaratur;
1993 5427 2124 5498 jure
2171 5442 2336 5498 posse
2381 5423 2612 5491 dimitti,
2647 5440 2718 5477 ne
2761 5440 2892 5476 cum
2943 5423 3178 5477 alterius
3222 5423 3543 5493 miseretur,
3571 5440 3630 5477 se

298 5517 462 5584 justus
491 5522 638 5576 enim
676 5526 741 5576 ut
769 5522 960 5592 palma
992 5522 1234 5590 ﬂorebit,
1263 5526 1319 5578 et
1348 5523 1491 5577 sicut
1530 5522 1734 5577 cedrus
1770 5539 1899 5595 quae
2000 5520 2187 5591 ipsum
2219 5519 2336 5589 legi
2360 5517 2532 5573 faciat
2554 5515 2891 5570 obnoxium.
2920 5520 3100 5588 Agag,
3132 5519 3434 5588 postquam
3469 5518 3630 5571 mise-

305 5608 352 5662 in
395 5612 594 5669 Libano
641 5619 744 5682 est,
773 5615 1258 5686 multiplicabitur.
1299 5615 1454 5671 Sicut
1492 5616 1646 5670 enim
1696 5616 1898 5672 cedrus
1998 5614 2221 5669 ratione
2267 5612 2510 5667 donatus
2556 5618 2670 5680 est,
2713 5610 2847 5664 fecit
2890 5625 3126 5682 peccare
3177 5611 3331 5666 Saul.
3379 5611 3632 5664 Peccavit

362 5795 448 5860 (ἢ)
487 5800 682 5854 Omnes
726 5803 879 5865 edit.,
905 5816 996 5854 ore
1023 5803 1281 5866 deflueret.
1325 5806 1532 5856 Omnes
1557 5817 1710 5868 mss,
1743 5803 1898 5856 corde
1925 5803 2188 5869 deﬂueret.
