4082 6186
245 324 358 378 1317

1348 315 1694 371 EXPOSITIO
1735 315 1800 369 IN
1841 315 2153 370 PSALMUM
2193 315 2419 370 CXVIII.

3425 314 3560 367 13I8

241 450 314 496 tur
346 441 508 496 nobis
543 456 557 494 :
597 460 621 487 «
645 438 1101 493 Dormitaverunt
1126 437 1221 508 qui
1247 437 1632 492 ascenderunt
1665 454 1839 508 equos
1863 438 2034 521 Ased
2085 438 2241 509 quod
2287 436 2552 492 omnibus
2596 435 2857 506 possibile
2903 434 3224 488 considerat
3264 452 3278 489 :
3332 435 3460 490 ideo
3505 441 3564 490 et

238 536 381 603 {,Psal.
412 549 574 599 Lxxv,
603 535 672 600 7).
705 554 732 581 η
760 531 1188 586 Transeundum
1215 535 1300 586 est
1333 531 1443 586 hoc
1471 547 1626 585 mare
1667 531 1835 602 impi-

235 645 335 700 gre.
375 627 474 681 Vix
515 625 786 680 transitur
834 641 867 678 a
909 623 1274 696 vigilantibus
1315 643 1330 680 :
1380 625 1425 679 si
1471 625 1601 696 quis
1643 630 1838 680 autem

233 719 542 787 dormierit,
582 719 815 774 transire
868 734 986 772 non
1038 719 1284 788 poterit;
1327 719 1423 773 sed
1465 719 1838 789 demergitur,

235 819 284 867 ut
325 813 638 884 :Egyptius,
683 812 844 882 cujus
885 815 946 866 et
988 811 1178 866 anima
1223 817 1280 866 et
1319 827 1524 882 corpus
1569 812 1786 867 interiit
1824 828 1837 867 :

236 931 258 956 ιι
293 908 510 977 Equum
562 907 711 960 enim
766 911 822 960 et
880 921 1231 960 ascensorem
1281 905 1522 977 projecit
1564 906 1622 960 in
1682 920 1841 960 mare

233 1000 432 1062 (Ετοάη
473 1016 569 1065 xv,
610 1000 680 1069 1),
709 1019 739 1050 ι)
781 998 878 1070 qui
923 1016 1036 1054 non
1079 999 1460 1070 sequebantur
1496 999 1706 1071 legem,
1745 997 1840 1054 sed

231 1093 722 1165 persequebantur.

588 1262 846 1337 1018
886 1264 1113 1320 SERMO
1154 1264 1470 1330 QUINTUS.

937 1408 976 1453 Π
1018 1391 1128 1454 He.

291 1561 338 1612 1.
365 1554 642 1626 Sequitur
667 1553 867 1626 quinta
890 1553 1083 1610 littera
1113 1558 1208 1617 He,
1245 1570 1372 1626 quae
1411 1554 1583 1611 latine
1624 1555 1841 1627 signiﬁ-

232 1653 308 1705 cat
344 1655 451 1712 est,
501 1649 632 1717 vel,
681 1650 746 1702 ut
795 1646 930 1701 alibi
979 1647 1330 1714 invenimus,
1375 1651 1518 1704 vivo.
1573 1649 1847 1704 Convenit

234 1742 322 1796 sibi
360 1745 603 1812 utraque
639 1740 1042 1811 interpretatio
1072 1757 1086 1794 :
1120 1740 1216 1811 qui
1253 1740 1410 1795 enim
1449 1744 1554 1808 est,
1581 1741 1743 1810 vivit;
1790 1747 1847 1796 et

235 1835 314 1906 qui
351 1835 510 1902 vivit,
555 1839 667 1889 est.
707 1834 962 1905 Denique
1003 1833 1246 1905 gentiles
1283 1850 1401 1888 non
1442 1837 1595 1902 sunt,
1625 1838 1681 1889 et
1717 1813 1922 1891 ideoB

237 1945 332 1983 non
353 1928 571 1997 vivunt,
601 1927 701 1983 sed
730 1927 945 1982 mortui
975 1931 1108 1982 sunt
1140 1943 1154 1982 :
1190 1948 1218 1977 «
1245 1928 1403 1983 Jesus
1429 1930 1622 1983 autem
1646 1929 1770 1984 heri
1791 1934 1849 1984 et

238 2021 401 2089 hodie,
438 2020 562 2092 ipse
609 2025 698 2076 est
735 2023 794 2076 et
828 2020 888 2074 in
939 2021 1145 2075 saecula
1185 2021 1388 2090 (Hebr.,
1435 2037 1552 2088 xm,
1593 2020 1667 2092 8).
1710 2045 1736 2072 »
1783 2023 1849 2076 Et

239 2116 318 2186 qui
366 2120 463 2183 est,
509 2113 655 2168 vivit
696 2131 711 2168 :
764 2135 792 2163 «
831 2113 966 2168 Vivo
1009 2113 1163 2169 enim
1209 2130 1340 2184 ego,
1369 2114 1532 2170 'dicit
1574 2115 1848 2170 Dominus

243 2209 358 2263 Deus
394 2208 630 2276 (Ezech.,
671 2222 860 2273 xxxm,
912 2210 1018 2277 11).
1051 2228 1077 2255 ι)
1117 2206 1420 2270 Quomodo
1466 2208 1620 2262 enim
1663 2213 1850 2279 potest

247 2317 338 2354 non
370 2318 502 2367 esse,
545 2300 654 2371 qui
687 2299 860 2354 vivit?
901 2299 1043 2354 Vivit
1072 2303 1268 2355 autem
1305 2301 1488 2370 Jesus,
1534 2301 1630 2372 qui
1674 2301 1848 2357 etiam

247 2397 467 2449 mortuos
503 2393 776 2462 viviﬁcat,
807 2395 866 2448 et
899 2399 1057 2448 vocat
1094 2409 1165 2448 ea
1199 2409 1330 2464 quas
1371 2410 1488 2450 non
1525 2399 1690 2462 sunt,
1721 2399 1845 2450 tan-

251 2504 388 2558 quam
426 2504 492 2542 ea
519 2503 660 2559 quae
702 2493 856 2543 sunt.
894 2487 1046 2542 Nihil
1088 2487 1302 2542 mirum
1343 2488 1389 2541 si
1434 2487 1671 2543 Domino
1699 2489 1849 2543 cedit

255 2585 434 2646 natura,
461 2584 522 2634 ut
546 2578 914 2634 viviﬁcentur
950 2583 1008 2634 et
1045 2579 1278 2647 mortui,
1307 2585 1366 2635 et
1401 2580 1678 2652 incipiant
1706 2597 1845 2649 esse,

265 2674 455 2742 quinos
484 2677 679 2730 erant.
711 2675 781 2728 Et
819 2673 948 2729 ideo
987 2673 1124 2745 quia
1164 2673 1260 2728 via
1289 2672 1460 2729 etiam
1499 2673 1614 2728 vita
1652 2678 1738 2730 est
1768 2692 1850 2728 se-

275 2766 653 2822 cundumillum
675 2767 772 2838 qui
797 2768 914 2822 ait:
944 2788 972 2818 (ι
992 2768 1112 2838 Ego
1135 2783 1260 2822 sum
1280 2766 1388 2836 via,
1414 2767 1639 2836 veritas,
1663 2773 1721 2822 et
1738 2769 1851 2822 vita

272 2861 425 2926 (leam,
450 2877 556 2929 xxv,
590 2861 674 2931 6),
710 2884 738 2910 »
771 2861 922 2915 viam
967 2877 1308 2932 quaeramus,
1335 2866 1400 2916 ut
1433 2861 1607 2916 vitam
1638 2862 1851 2918 habere

262 2967 555 3010 mereamur.
572 2954 896 3009 Audiamus
915 2970 1054 3024 ergo
1075 2953 1238 3009 illum
1255 2954 1356 3026 qui
1370 2953 1509 3010 vivit
1528 2954 1588 3009 in
1603 2955 1845 3011 Christo.

259 3045 369 3100 Vivit
392 3055 583 3104 autem
620 3048 723 3119 qui
753 3048 833 3103 ait
868 3070 877 3100 :
914 3068 943 3097 «ι
976 3047 1079 3103 Sed
1117 3064 1221 3102 nos
1251 3048 1350 3119 qui
1374 3048 1637 3118 vivimus,
1670 3048 1846 3105 bene-

1939 531 2166 585 stativas
2205 531 2472 585 ordinat:
2511 529 2702 584 triduo
2741 527 3002 583 ambulat
3039 528 3331 597 exercitus,
3361 535 3562 599 quarto

1940 623 2245 694 requiescit
2287 623 2402 678 die.
2444 623 2746 694 Eliguntur
2787 621 3058 688 civitates,
3107 619 3166 673 in
3209 620 3412 691 quibus
3462 621 3561 674 tri-

1941 716 2142 784 duum,
2177 715 2561 786 quatriduum,
2604 720 2660 770 et
2701 715 2891 786 plures
2937 714 3380 784 interponantur
3423 713 3563 779 dies,

1941 810 1989 864 si
2027 810 2188 880 aquis
2228 809 2546 874 abundant,
2589 808 2943 863 commerciis
2989 808 3472 878 frequentantur:
3511 811 3567 861 et

1941 904 2018 957 ita
2045 903 2166 958 sine
2195 902 2389 958 labore
2416 901 2712 957 conﬁcitur
2740 902 2866 967 iter,
2896 900 3081 956 donec
3108 899 3181 954 ad
3210 915 3340 954 eam
3362 899 3567 953 urbem

1940 996 2325 1069 perveniatur,
2377 1011 2504 1066 quae
2565 995 2722 1066 quasi
2779 994 2990 1065 regalis
3037 993 3283 1065 eligitur,
3340 994 3399 1047 in
3455 1009 3568 1064 qua

1944 1089 2102 1146 fessis
2129 1088 2472 1144 exercitibus
2498 1089 2727 1159 requies
2758 1087 3130 1142 ministretur.

2015 1185 2067 1237 3.
2100 1184 2253 1237 Hanc
2293 1183 2483 1252 legem
2513 1181 2702 1236 viandi
2742 1197 2863 1235 esse
2907 1180 3321 1252 prmscriptam,
3348 1178 3570 1234 Christo

1945 1275 2213 1342 ducente,
2241 1275 2449 1329 sanctis
2473 1273 2941 1342 commeantibus,
2975 1289 3347 1345 recognoscas
3372 1273 3566 1328 velim.

1944 1368 2187 1424 Profecti
2214 1374 2348 1423 sunt
2374 1368 2526 1424 enim
2557 1371 2614 1422 et
2641 1373 2831 1438 patres
2858 1367 3038 1422 nostri
3071 1367 3142 1422 de
3167 1371 3320 1422 terra
3344 1366 3572 1438 [Egypti

1944 1477 2046 1532 per
2087 1462 2258 1532 longa
2301 1461 2480 1532 spatia
2526 1466 2834 1528 terrarum,
2885 1476 3132 1531 quorum
3180 1461 3394 1516 stativae
3445 1475 3569 1514 om-

1944 1570 2047 1610 nes
2095 1554 2536 1626 mansionesque
2582 1553 2876 1625 descripta:
2925 1558 3056 1608 sunt
3095 1572 3109 1609 :
3154 1554 3334 1608 donec
3376 1553 3570 1620 Cades,

1947 1647 2006 1703 id
2030 1651 2136 1714 est,
2165 1649 2237 1704 ad
2273 1652 2528 1703 sanctam
2564 1653 2801 1714 terram,
2828 1647 3246 1719 perveniretur.
3282 1647 3403 1700 Ista
3441 1650 3574 1701 sunt

1946 1742 2162 1798 stativa;
2205 1741 2457 1797 ﬁliorum
2504 1741 2688 1808 Israel,
2731 1757 2868 1813 quas
2913 1739 3208 1812 descripsit
3243 1739 3459 1810 Moyses
3505 1755 3571 1794 ex

1947 1839 2230 1906 praecepto
2267 1834 2509 1889 Domini.
2550 1834 2909 1890 Advertimus
2947 1849 3087 1905 ergo
3126 1833 3251 1904 quis
3291 1833 3392 1887 has
3419 1831 3571 1886 ordi-

1948 1928 2168 1983 naverit
2215 1927 2563 1995 mansiones,
2613 1927 2902 1999 quomodo
2945 1926 3240 1982 ambulem
3289 1929 3576 1997 oporteret

1948 2021 2092 2076 iilios
2129 2022 2317 2077 Israel.
2360 2021 2600 2077 Praeibat
2633 2021 2790 2075 enim
2825 2020 2953 2076 illos
2993 2018 3249 2092 1019
3287 2021 3435 2074 Deus
3473 2036 3577 2090 per

1947 2115 2096 2170 diem
2124 2115 2183 2168 in
2217 2115 2487 2170 columna
2530 2113 2716 2182 nubis,
2751 2117 2814 2168 ut
2842 2113 3208 2185 refrigeraret
3241 2113 3526 2168 viantibus
3557 2129 3570 2168 :

1947 2212 2116 2263 noctu
2155 2213 2350 2264 autem
2394 2209 2454 2263 in
2484 2209 2748 2264 columna
2777 2207 2949 2278 ignis,
2979 2212 3040 2263 ut
3071 2208 3219 2262 viam
3250 2209 3577 2262 ostenderet

1949 2301 2394 2371 ambulantibus,
2429 2305 2487 2356 et
2523 2300 2789 2358 tenebras
2820 2301 3155 2357 dimoveret.
3201 2301 3311 2357 Lex
3352 2301 3575 2356 viarum

1948 2395 2212 2451 columna
2251 2401 2374 2451 erat
2417 2401 2472 2451 et
2511 2394 2681 2466 ignis,
2728 2401 2785 2451 et
2823 2395 2992 2450 nubis
3032 2411 3045 2450 :
3093 2394 3338 2466 denique
3383 2394 3441 2450 in
3481 2411 3573 2450 co-

1949 2490 2144 2544 lumna
2171 2489 2338 2545 nubis
2373 2489 2709 2562 loquebatur
2743 2489 2816 2543 ad
2856 2505 2974 2545 eos.
3015 2488 3120 2544 Ubi
3161 2488 3386 2544 volebat
3409 2504 3573 2544 exer-

1948 2583 2125 2638 citum
2155 2583 2514 2654 requiescere
2543 2600 2578 2638 a
2602 2582 2798 2637 labore
2823 2582 3063 2651 itineris,
3093 2599 3210 2637 non
3238 2582 3576 2638 movebatur

1950 2677 2219 2732 columna
2246 2675 2416 2747 ignis,
2447 2692 2553 2730 nec
2585 2676 2861 2731 transibat
2888 2675 3098 2732 nebula
3124 2675 3264 2731 lucis
3296 2691 3310 2731 :
3339 2675 3575 2748 quando

1948 2772 2140 2824 autem
2185 2768 2409 2824 volebat
2447 2769 2752 2824 exercitum
2791 2785 3045 2840 movere,
3085 2769 3498 2840 provehebatur
3522 2773 3580 2824 et

1949 2864 2210 2917 columna
2254 2862 2405 2934 ignis
2448 2863 2506 2916 in
2549 2867 2736 2930 nocte,
2771 2863 3035 2917 columna
3074 2865 3266 2916 autem
3308 2861 3480 2916 nubis
3518 2863 3577 2916 in

1950 2956 2061 3012 die.
2088 2956 2189 3012 Illa
2225 2961 2418 3012 autem
2453 2956 2718 3011 columna
2752 2954 2918 3010 nubis
2947 2954 3130 3026 specie
3159 2953 3392 3026 quidem
3428 2970 3576 3024 prae-

1950 3049 2193 3106 cedebat
2235 3049 2383 3105 ﬁlios
2428 3049 2620 3119 Israel,
2669 3048 2940 3121 mysterio
2985 3051 3180 3103 autem
3223 3047 3582 3120 signiﬁcabat

255 3138 458 3195 dicimus
496 3147 583 3209 te,
630 3140 872 3195 Domine
913 3142 1075 3211 (Psal.
1116 3157 1263 3210 cxm,
1311 3141 1420 3212 18),
1455 3159 1482 3193 »
1531 3143 1588 3198 in
1626 3143 1924 3212 Christon
1954 3144 2259 3198 Dominum
2323 3146 2513 3199 Jesum
2577 3144 2635 3197 in
2688 3143 2840 3198 nube
2896 3145 3208 3197 venturum
3261 3143 3387 3212 levi,
3439 3141 3583 3197 sicut

251 3234 378 3288 enim
400 3236 526 3290 Jesu
569 3235 751 3289 etiam
778 3235 1122 3306 quicumque
1165 3238 1424 3290 mortuus
1462 3235 1657 3304 fuerit,
1693 3236 1850 3291 vivit.

306 3328 350 3380 2.
393 3329 563 3394 (Vere.
621 3330 732 3398 33.)
775 3327 1109 3397 Audiamus,
1153 3328 1413 3401 inquam,
1464 3329 1604 3400 quid
1651 3328 1856 3384 dixerit

251 3423 301 3472 ut
338 3421 540 3477 viveret
595 3439 608 3474 :
661 3423 851 3491 Legem
899 3423 1034 3477 mihi
1087 3425 1373 3485 constitue,
1427 3425 1668 3487 Domine,
1712 3425 1854 3478 viam

241 3513 672 3584 justiﬁcationum
714 3521 932 3570 tuarum
951 3557 966 3578 ,
1020 3520 1072 3570 et
1123 3531 1362 3585 queram
1411 3517 1568 3571 illam
1630 3531 1852 3588 semper.

247 3607 379 3661 Miles
411 3609 509 3680 qui
547 3607 876 3679 ingreditur
903 3608 1032 3675 iter,
1059 3607 1250 3663 viandi
1290 3608 1549 3665 ordinem
1589 3625 1708 3664 non
1736 3609 1856 3681 ipse

248 3697 470 3771 disponit
496 3701 634 3769 sibi,
659 3716 762 3756 nec
787 3716 890 3772 pro
917 3717 1021 3755 suo
1057 3700 1294 3756 arbitrio
1330 3699 1480 3756 viam
1516 3701 1720 3774 carpit,
1753 3719 1857 3758 nec

247 3794 584 3864 voluptuaria
619 3799 808 3864 captat
846 3794 1206 3864 compendia,
1234 3810 1308 3849 ne
1349 3796 1575 3851 recedat
1606 3813 1640 3850 a
1681 3794 1858 3867 signis

247 3888 362 3956 {94);
391 3889 479 3943 sed
509 3887 880 3942 itinerarium
905 3887 974 3942 ab
994 3887 1336 3959 imperatore
1354 3888 1576 3960 accipit,
1600 3893 1658 3945 et
1677 3893 1860 3944 custo-

246 3979 315 4033 dit
350 3981 483 4036 illud
520 3998 537 4036 :
592 3981 927 4052 praascripto
973 3980 1186 4036 incedit
1234 3982 1468 4050 ordine,
1508 3998 1639 4036 cum
1685 3983 1861 4037 armis

246 4071 346 4126 suis
370 4074 653 4140 ambulat,
682 4077 948 4144 rectaque
981 4074 1071 4128 via
1098 4072 1326 4130 conﬁcit
1353 4075 1491 4142 iter;
1522 4079 1588 4129 ut
1612 4075 1862 4131 inveniat

247 4171 650 4222 commeatuum
687 4170 889 4238 parata
919 4166 1192 4223 subsidia.
1233 4167 1289 4223 Si
1328 4169 1439 4222 alio
1486 4168 1862 4224 ambulaverit

249 4257 445 4328 itinere,
475 4276 776 4316 annonam
801 4276 915 4315 non
945 4259 1171 4332 accipit,
1207 4261 1571 4317 mansionem
1603 4266 1858 4333 paratam

250 4367 347 4407 non
375 4353 615 4422 invenit,
647 4351 784 4424 quia
819 4353 1133 4424 imperator
1173 4353 1239 4409 iis
1270 4355 1437 4426 jubet
1473 4356 1594 4410 haec
1634 4372 1857 4427 praepa-

249 4445 346 4500 rari
381 4447 585 4502 omnia
615 4448 716 4518 qui
749 4450 1086 4519 sequuntur,
1129 4462 1234 4502 nec
1278 4447 1536 4516 dextera,
1564 4464 1668 4504 nec
1697 4449 1859 4503 sinis-

1874 3186 1927 3259 C

1953 3237 2094 3293 dixit
2128 3238 2294 3292 Isaias
2328 3237 2480 3306 (Isu.,
2510 3252 2620 3303 xxx,
2651 3238 2721 3307 1),
2755 3236 2864 3291 hoc
2894 3239 2998 3303 est,
3037 3235 3099 3289 in
3129 3234 3363 3306 Virgine
3388 3235 3582 3301 Maria,

1954 3347 2081 3402 quae
2136 3329 2314 3384 nubes
2373 3335 2497 3385 erat
2553 3329 2866 3384 secundum
2930 3327 3331 3384 hiereditatem
3386 3329 3513 3383 Evee
3567 3346 3578 3382 :

1955 3423 2094 3478 levis
2125 3426 2251 3478 erat
2275 3424 2588 3479 secundum
2615 3422 2958 3494 virginitatis
2987 3421 3394 3492 integritatem.
3425 3422 3584 3476 Levis

1958 3521 2114 3583 erat,
2166 3533 2293 3588 quae
2358 3533 2476 3572 non
2540 3516 2755 3571 homini
2821 3515 3112 3587 quaerebat
3173 3516 3433 3586 placere,
3486 3517 3584 3571 sed

1959 3609 2220 3665 Domino.
2271 3611 2431 3664 Levis
2473 3613 2615 3676 erat,
2663 3625 2789 3680 quae
2846 3625 2959 3664 non
2999 3609 3059 3664 in
3110 3609 3405 3681 iniquitate
3455 3625 3586 3665 con-

1959 3709 2202 3775 ceperat,
2231 3704 2328 3758 sed
2367 3703 2579 3774 Spiritu
2624 3704 3062 3774 superveniente
3103 3703 3452 3775 generabat;
3481 3720 3584 3759 nec

1961 3798 2016 3851 in
2045 3797 2270 3863 delicta,
2304 3796 2400 3851 sed
2422 3813 2551 3851 cum
2579 3797 2762 3867 gratia
2790 3797 3160 3868 parturiebat.

2031 3893 2084 3946 4.
2121 3891 2298 3945 Aliter
2338 3905 2565 3962 quoque
2608 3891 2753 3944 hanc
2793 3889 3321 3962 interpretationem
3361 3904 3586 3945 sumere

1960 3985 2110 4040 licet.
2168 3984 2331 4040 Venit
2383 3985 2440 4039 in
2490 3984 2639 4039 nube
2691 3983 2796 4039 levi
2839 3983 3094 4039 Christus
3146 3983 3205 4038 in
3256 3985 3583 4054 lEgyptum,

1962 4080 2065 4133 hoc
2094 4084 2196 4145 est,
2223 4078 2373 4133 venit
2405 4079 2463 4132 in
2501 4077 2856 4148 susceptione
2883 4076 3136 4149 corporis
3173 4077 3234 4132 in
3274 4078 3380 4132 hoc
3407 4093 3583 4132 saecu-

1962 4173 2102 4227 lum.
2128 4174 2188 4227 In
2219 4172 2368 4227 nube
2390 4172 2566 4239 venit,
2589 4187 2761 4243 quem
2783 4172 2987 4227 nebula
3013 4171 3267 4243 corporis
3287 4171 3590 4227 obumbra‘

1961 4266 2090 4331 bat;
2122 4265 2214 4320 sed
2246 4265 2386 4320 levis
2417 4270 2537 4320 erat
2564 4282 2715 4332 caro,
2746 4282 2922 4337 quam
2962 4265 3112 4320 nulla
3139 4282 3240 4320 sua
3274 4265 3591 4337 gravabant

1964 4357 2190 4413 delicta.
2237 4360 2534 4423 Quomodo
2579 4358 2733 4413 enim
2779 4359 3026 4431 peccatis
3081 4363 3413 4430 gravaretur
3455 4359 3588 4427 suis,

1963 4453 2060 4523 qui
2091 4452 2389 4508 auferebat
2418 4452 2676 4507 omnium
2704 4456 2936 4524 peccata
2962 4453 3339 4524 populorum?
3371 4475 3399 4503 «
3428 4455 3589 4520 Ecce,

249 4544 320 4592 lra
348 4558 376 4593 ει
415 4540 752 4613 praescripto
791 4541 994 4595 itinere
1035 4540 1350 4597 declinant.
1395 4541 1708 4613 Meritoque
1744 4547 2177 4621 nonDinquit,
2243 4548 2438 4617 Agnus
2506 4547 2644 4614 Dei;
2713 4563 2841 4601 ecce
2906 4547 3004 4616 qui
3079 4545 3221 4600 tollit
3291 4550 3590 4617 peccatum

251 4631 438 4704 deﬁcit,
466 4634 573 4707 qui
603 4635 1004 4705 imperatorem
1046 4635 1302 4705 sequitur
1335 4651 1504 4690 suum
1528 4651 1542 4702 ;
1570 4635 1861 4691 moderate

251 4727 389 4782 enim
415 4727 694 4798 ambulat,
720 4727 854 4800 quia
884 4727 1198 4800 imperator
1226 4743 1340 4784 non
1377 4728 1528 4800 quod
1566 4727 1670 4783 sibi
1699 4729 1860 4795 utile,

300 4860 388 4921 (94)
431 4859 578 4910 Cum
624 4858 909 4910 tradantur
951 4858 1050 4910 hic
1093 4859 1292 4921 multa,
1337 4872 1466 4924 quas
1509 4859 1580 4910 ad
1620 4863 1862 4911 veterem

249 4935 479 4990 spectent
521 4931 802 4991 militiam,
841 4943 906 4981 ea
940 4943 1042 4980 nos
1069 4930 1313 4981 breviter
1351 4935 1407 4982 et
1448 4937 1598 4982 recta
1627 4933 1768 4982 serie
1807 4933 1863 4982 in

250 5002 464 5059 gratiam
507 5002 780 5052 lectorum
827 4999 1250 5064 explicabimus.
1301 5003 1340 5051 A
1393 5002 1593 5066 signis;
1645 5003 1865 5066 pr0prie

252 5070 357 5122 hec
381 5077 517 5123 sunt
541 5071 734 5124 solida
761 5073 1050 5137 imagines.
1078 5073 1273 5136 quales
1300 5075 1456 5123 erant
1478 5072 1701 5137 aquilas,
1725 5073 1863 5137 lupi,

252 5141 490 5194 draconis
514 5161 525 5193 :
549 5144 645 5195 sed
667 5145 776 5195 hoc
798 5143 925 5195 loco
951 5145 1120 5194 etiam
1144 5157 1242 5208 pro
1264 5144 1502 5206 vexillis,
1526 5143 1583 5194 id
1604 5149 1708 5205 est,
1727 5145 1866 5195 velis

254 5225 312 5263 ex
333 5215 491 5266 hasta
516 5215 824 5280 suspensis,
849 5217 1157 5278 ponuntur.
1191 5213 1439 5277 Singulis
1468 5218 1655 5265 autem
1685 5214 1864 5278 legio—

255 5284 404 5336 nibus
443 5300 512 5338 ac
552 5285 855 5350 manipulis
893 5299 998 5336 sua
1033 5285 1190 5349 signa
1231 5288 1407 5346 erant,
1446 5298 1478 5334 a
1520 5285 1728 5348 quibus
1769 5287 1869 5350 qui

255 5355 580 5410 discessisset
619 5359 839 5422 longius
877 5371 1046 5423 quam
1085 5356 1236 5408 unde
1267 5356 1404 5406 tuba
1442 5356 1621 5407 audiri
1659 5361 1866 5420 posset,

254 5431 418 5492 capite
442 5429 644 5480 luebat.
665 5431 1032 5488 Itinerarium,
1048 5428 1198 5479 idem
1223 5432 1307 5479 est
1328 5441 1394 5478 ac
1422 5431 1630 5479 tessera
1665 5429 1735 5479 ad
1765 5430 1869 5480 iter

256 5499 568 5552 edicendum
611 5501 758 5552 data.
811 5502 942 5554 Cum
970 5500 1137 5551 armis
1166 5497 1438 5560 ambulat;
1480 5498 1604 5550 leve
1643 5497 1753 5550 hoc
1800 5499 1868 5549 iis

258 5572 337 5632 qui
370 5585 522 5622 arma
559 5573 933 5624 membrorum
958 5571 1237 5623 ducebant
1263 5570 1388 5620 loco
1425 5585 1436 5618 :
1469 5569 1569 5619 sed
1601 5572 1868 5633 praeterea

262 5643 494 5695 ferebant
517 5647 572 5696 in
607 5647 754 5697 fasce
777 5647 1118 5696 frumentum
1149 5657 1214 5695 ac
1243 5643 1400 5695 cibos
1429 5655 1576 5707 saepe
1603 5645 1661 5692 in
1695 5643 1868 5707 quin—

261 5713 422 5766 decim
465 5717 601 5780 dies,
637 5718 833 5780 vallos,
869 5719 1118 5769 sarcinas
1161 5721 1218 5767 et
1259 5716 1384 5767 alia.
1433 5716 1732 5766 Mansionis
1761 5729 1869 5766 vox

264 5787 583 5850 temporibus
604 5788 818 5841 affecta
846 5789 1132 5841 latinitatis
1167 5801 1265 5853 pro
1297 5787 1434 5852 ipsis
1463 5787 1659 5839 castris
1700 5800 1869 5837 usur-

267 5861 374 5918 pata
424 5862 522 5908 est.
573 5859 800 5912 Stativas
850 5861 1092 5918 ordinat,
1150 5858 1504 5924 subintellige
1564 5859 1722 5910 sedes
1777 5864 1866 5908 aut

1963 4639 2161 4694 mundi
2208 4642 2403 4708 (Joan.,
2433 4656 2470 4706 1,
2500 4640 2608 4708 '29).
2639 4662 2665 4688 ››
2693 4642 2839 4694 Ante
2884 4639 3212 4694 hesternum
3240 4639 3450 4695 lectum
3485 4644 3590 4708 est,

1965 4732 2099 4802 quia
2143 4733 2330 4788 stabat
2367 4734 2545 4799 Jesus,
2586 4737 2644 4786 et
2677 4731 2922 4787 habebat
2967 4733 3301 4788 vestimenta
3331 4733 3589 4798 sordida;

1965 4863 2300 4922 mansiones,
2331 4862 2405 4911 ita
2437 4862 2653 4912 scilicet
2680 4875 2712 4912 a
2739 4861 2938 4912 stando
2971 4861 3167 4914 dictas.
3201 4863 3376 4926 Negat
3406 4865 3591 4912 autem

1963 4935 2157 4984 Justus
2198 4932 2417 4996 Lipsius
2461 4934 2542 4982 sic
2589 4932 2701 4983 dici
2737 4947 2801 4984 ea
2840 4938 3041 4996 castra,
3084 4934 3142 4983 in
3189 4934 3391 4998 quibus
3433 4933 3594 4983 miles

1966 5005 2160 5070 paucis
2187 5007 2402 5054 tantum
2433 5003 2632 5055 diebus
2656 5009 3047 5056 commoretur.
3073 5004 3183 5056 Sed
3210 5004 3304 5055 ille
3331 5003 3485 5053 hunc
3509 5003 3592 5052 lo-

1966 5090 2095 5127 cum
2127 5088 2238 5126 non
2278 5075 2507 5140 legerat,
2535 5075 2760 5138 quando
2800 5077 3027 5140 quidem
3066 5074 3409 5126 intercalaris
3437 5073 3595 5124 istius

1967 5148 2170 5214 quietis
2196 5151 2320 5210 post
2344 5147 2569 5196 tertium
2598 5160 2883 5211 quemque
2906 5148 3116 5198 itineris
3141 5146 3287 5196 diem
3315 5157 3595 5209 nusquam

1967 5219 2238 5268 meminit.
2258 5216 2423 5278 Quod
2440 5230 2570 5267 vero
2592 5219 2780 5268 subdit
2803 5219 3128 5269 Ambrosius
3148 5216 3215 5266 de
3235 5215 3391 5277 urbe,
3409 5217 3466 5265 in
3485 5228 3595 5280 qua

1966 5289 2114 5351 fessis
2133 5287 2448 5338 exercitibus
2476 5290 2685 5352 requies
2703 5291 3055 5345 ministretur,
3081 5301 3209 5338 eum
3228 5286 3415 5338 locum
3437 5287 3508 5337 ab
3527 5301 3595 5338 eo

1968 5359 2246 5422 designari
2271 5359 2572 5420 credimus,
2599 5360 2694 5423 qui
2723 5361 2915 5410 castris
2955 5360 3203 5409 hibernis
3231 5357 3591 5424 deligebatur.

1966 5429 2223 5492 Denique
2253 5430 2548 5492 Imperator
2569 5442 2682 5478 non
2713 5442 2933 5492 semper
2971 5429 3120 5479 idem
3167 5434 3252 5480 est
3278 5433 3446 5494 atque
3475 5444 3593 5493 rex,

1968 5501 2085 5550 sive
2112 5499 2370 5562 princeps
2399 5498 2546 5549 orbis
2576 5499 2839 5550 Romani:
2865 5499 2963 5548 sed
2993 5499 3040 5548 is
3068 5500 3236 5550 etiam
3261 5500 3483 5563 dicitur,
3508 5503 3597 5550 vel

1969 5571 2065 5635 qui
2101 5569 2312 5621 bellum
2343 5583 2446 5620 suo
2485 5570 2663 5620 ductu
2703 5574 2759 5621 et
2799 5569 3065 5633 auspiciis
3091 5571 3594 5623 administrandum

1968 5641 2222 5705 suscipit,
2269 5641 2358 5690 vel
2401 5641 2497 5705 qui
2549 5641 2747 5691 occisis
2796 5641 2853 5689 in
2900 5642 3018 5692 acie
3063 5642 3310 5708 legitimo
3350 5643 3596 5695 hostium

1969 5725 2204 5763 numero
2224 5711 2378 5762 hunc
2397 5711 2625 5761 honoris
2643 5711 2866 5760 titulum
2887 5718 3226 5764 consecutus
3245 5718 3343 5766 est.
3363 5715 3472 5766 Sed
3499 5719 3616 5780 qui,

1969 5783 2132 5848 plura
2176 5782 2246 5833 de
2286 5784 2392 5832 hac
2435 5786 2546 5831 tota
2583 5795 2640 5832 re
2669 5781 2958 5846 desiderat,
2987 5783 3146 5834 adeat
3172 5785 3430 5836 eumdem
3468 5786 3594 5849 Lip-

1972 5857 2137 5917 sium,
2167 5855 2261 5906 lib.
2296 5867 2332 5904 v
2371 5857 2450 5904 De
2470 5853 2665 5905 militia
2693 5854 2946 5915 Ronmna,
2974 5854 3101 5906 dial.
3135 5857 3184 5914 1,
3204 5856 3253 5918 9,
3291 5859 3339 5906 11
3369 5860 3425 5907 et
3454 5857 3527 5906 12.
