4082 6186
452 231 585 281 1319

442 447 659 511 nostra,
709 448 769 496 ut
813 458 913 495 nos
951 441 1249 512 splendore
1291 441 1738 496 immortalitatis
1783 441 2068 496 indueret.

446 538 612 593 Venit
649 537 708 589 in
751 535 900 589 nube
947 535 1053 588 levi
1105 534 1264 605 quasi
1303 533 1554 604 justitia;
1605 533 1874 606 iniquitas
1917 535 2072 588 enim

444 632 500 686 in
548 630 759 684 talento
800 627 1069 700 plumbeo
1109 627 1268 682 sedet
1305 644 1318 681 :
1361 627 1617 682 Christus
1660 627 1717 681 in
1757 627 1923 681 corda
1957 626 2074 697 jus-

442 724 656 791 torum,
698 723 756 776 in
796 722 1002 794 quibus
1036 726 1271 793 peccata
1308 737 1426 776 non
1465 723 1649 774 erant.
1692 722 1758 775 Et
1798 719 1927 775 ideo
1966 720 2073 788 (93)

445 817 590 872 bene
622 817 830 871 lectum
871 821 956 870 est
999 814 1168 870 hodie
1205 835 1214 870 :
1247 837 1274 864 «
1302 813 1448 878 Quid
1487 813 1799 868 retribuam
1831 811 2071 867 Domino

439 928 544 984 pro
587 909 851 965 omnibus
893 924 1021 980 quae
1052 907 1317 964 retribuit
1347 907 1491 962 mihi
1525 907 1694 976 (Psal.
1726 922 1852 973 cxv,
1884 905 2012 976 i2)?
2040 927 2068 954 »

443 1006 546 1059 Pro
598 1003 764 1056 nobis
806 1001 1054 1057 Verbum
1098 1000 1344 1072 suscepit
1388 999 1571 1056 carnis
1621 997 2011 1052 inﬁrmitatem
2055 1015 2068 1052 :

443 1114 546 1168 pro
587 1095 749 1151 nobis
789 1095 1040 1163 esurivit,
1079 1093 1384 1164 vapulavit,
1421 1091 1721 1147 crucifixus
1762 1095 1868 1158 est,
1914 1107 2070 1148 mor-

441 1194 573 1244 tuus
604 1195 716 1258 est;
754 1196 812 1244 ut
844 1187 1006 1243 nobis
1049 1188 1106 1241 in
1137 1187 1343 1258 quibus
1383 1190 1514 1242 ante
1554 1186 1663 1240 vita
1709 1184 1976 1256 ignobilis
2019 1189 2076 1239 et

441 1284 697 1354 degener
741 1281 1075 1348 habebatur,
1123 1280 1404 1350 inciperet
1444 1294 1595 1333 mors
1638 1294 1757 1334 esse
1799 1278 2071 1348 pretiosa.

514 1383 567 1430 5.
613 1376 721 1431 Sed
767 1377 1122 1429 revertamur
1167 1373 1236 1427 ad
1287 1371 1705 1427 coniectionem
1750 1371 1965 1426 itineris
2018 1373 2077 1425 et

441 1469 703 1525 ordinem
728 1467 1110 1522 mansionum.
1141 1467 1207 1520 Et
1227 1470 1289 1520 tu
1311 1481 1548 1537 sequere
1575 1464 1904 1536 spiritaliter
1930 1465 2075 1518 hanc

438 1563 628 1632 legem
675 1560 885 1626 viandi,
926 1564 989 1614 ut
1027 1574 1195 1614 exeas
1237 1575 1305 1613 ex
1343 1561 1625 1630 Egypto:
1664 1563 1721 1612 et
1761 1557 1895 1613 inde
1934 1573 2073 1629 pro-

1937 224 1990 278 S.
2036 219 2348 280 AMBROSII

441 334 574 406 me:
614 350 768 406 enim
817 353 1051 420 peccata
1104 347 1385 418 portabat.
1432 349 1683 419 Sumpsit
1731 349 2070 403 vestimenta
2094 361 2151 432 Α
2245 354 2294 402 7.
2340 348 2488 402 Hanc
2530 348 2681 404 viam
2726 348 3028 404 ambulans
3075 348 3316 404 Ecclesia
3361 351 3494 404 dicit
3543 367 3554 405 :

3669 230 3804 283 1320

3613 373 3640 399 ι(
3686 353 3806 423 Ego

2175 444 2281 495 tios
2333 441 2517 512 campi
2567 446 2624 496 et
2673 440 2857 496 lilium
2902 442 3273 513 convallium,
3319 443 3464 498 sicut
3503 443 3687 498 lilium
3742 445 3804 497 in

2176 533 2363 588 medio
2391 533 2684 604 spinarum
2710 534 2913 604 (Cant.,
2943 552 3000 604 ιι,
3031 538 3076 605 1)
3093 554 3109 604 ;
3141 559 3168 586 ››
3197 537 3256 590 in
3285 540 3463 592 totam
3504 536 3658 592 enim
3685 541 3800 592 ter-

2175 643 2300 681 ram
2349 627 2488 682 ﬁdes
2533 629 2731 698 populi
2773 629 3056 684 credentis
3105 629 3298 699 exivit,
3345 635 3401 685 et
3445 631 3503 684 in
3558 631 3808 702 spatioso

2175 720 2360 790 posuit
2390 720 2566 791 pedes
2590 737 2722 776 suos
2751 723 3024 777 Christus.
3059 725 3124 777 Et
3162 723 3290 778 ideo
3321 723 3556 794 pulchre
3593 725 3670 779 ait
3697 724 3804 778 ﬁo-

2175 829 2295 866 rem
2351 829 2410 867 se
2459 830 2577 869 esse
2617 816 2824 886 campi.
2874 816 2998 870 Flos
3039 821 3164 870 erat
3205 817 3380 871 etiam
3430 817 3654 883 Paulus,
3705 818 3806 887 qui

2174 905 2400 961 dicebat
2430 923 2443 961 :
2477 928 2504 954 ‹‹
2533 909 2718 962 Bonus
2759 907 2898 962 odor
2931 908 3136 963 Christi
3177 925 3374 963 sumus
3409 911 3524 963 Deo
3565 911 3626 976 (ll
3656 912 3806 970 Con,

2175 1013 2235 1064 η,
2282 1001 2384 1070 15).
2419 1018 2446 1050 ››
2486 1000 2556 1053 Et
2593 1016 2725 1054 vere
2766 1000 2890 1069 ﬂos,
2931 1001 3027 1072 qui
3068 1004 3296 1072 poterat
3334 1018 3476 1056 nova
3511 1005 3570 1056 et
3610 1006 3809 1056 vetera

2174 1091 2242 1145 de
2309 1093 2394 1144 sui
2442 1091 2630 1147 cordis
2681 1093 2936 1163 proferre
2995 1094 3278 1149 thesauro.
3337 1094 3576 1149 Pulchre
3630 1094 3804 1148 etiam

2174 1184 2356 1238 lilium
2403 1185 2612 1240 dicitur
2651 1186 2943 1241 Ecclesia:
2983 1187 3131 1242 sicut
3169 1188 3323 1242 enim
3368 1187 3549 1242 lilium
3594 1187 3802 1258 fulget,

2179 1277 2256 1332 ita
2280 1278 2448 1332 etiam
2487 1278 2788 1349 splendent
2819 1295 2996 1349 opera
3035 1282 3380 1334 sanctorum.
3416 1279 3804 1335 Pulcherrime

2175 1371 2349 1425 etiam
2379 1370 2591 1425 dictum
2631 1377 2713 1425 est
2751 1371 2935 1427 lilium
2976 1373 3336 1442 convallium,
3371 1372 3503 1444 quia
3530 1373 3588 1427 in
3615 1373 3803 1428 humi—

2174 1463 2321 1518 libus
2347 1463 2528 1534 magis
2561 1465 2747 1520 elucet
2785 1465 2990 1535 gratia.
3023 1465 3137 1520 Sed
3168 1465 3273 1520 hoc
3300 1465 3482 1520 lilium
3514 1465 3570 1520 in
3608 1465 3804 1521 medio

2175 1557 2490 1626 spinarum,
2527 1557 2635 1611 hoc
2667 1561 2771 1624 est,
2802 1557 2952 1612 inter
2992 1557 3216 1612 Judaaos
3255 1563 3313 1612 et
3346 1558 3664 1626 haereticos,
3695 1559 3807 1614 hoc

439 1671 674 1710 movens
721 1654 832 1725 ﬁge
876 1652 1306 1708 tabernaculum
1349 1652 1407 1705 in
1450 1650 1676 1720 Socoth,
1722 1650 1843 1705 haec
1888 1650 2076 1722 prima
2177 1654 2281 1718 est,
2311 1649 2464 1704 inter
2493 1649 2904 1705 sollicitudines
2940 1651 3110 1721 hujus
3141 1651 3356 1720 saeculi,
3386 1667 3514 1723 qua:
3541 1659 3804 1706 mentem

439 1749 542 1802 tibi
570 1748 734 1802 statio
761 1747 851 1802 sit.
881 1746 1084 1802 Socoth
1124 1745 1312 1816 prima
1345 1744 1564 1798 mansio
1611 1749 1714 1810 est,
1745 1743 2073 1815 signiﬁcans
2094 1725 2150 1796 B
2174 1741 2420 1797 hominis
2454 1742 2824 1814 animumque
2859 1749 3255 1814 conpungunt.
3293 1745 3600 1799 Possumus
3626 1745 3806 1800 etiam

442 1840 888 1897 tabernaculum.
926 1839 1061 1909 Fige
1105 1855 1242 1909 ergo
1272 1837 1705 1892 tabernaculum
1743 1837 1895 1908 quod
1933 1837 2072 1891 inte

440 1938 546 2004 est,
589 1933 907 2005 mentisque
953 1937 1065 1986 tua!
1111 1931 1418 1986 stationem
1464 1931 1760 2000 conﬁrma,
1804 1933 1867 1984 ut
1918 1929 2069 1984 radi-

437 2032 593 2081 catus
635 2031 804 2098 atque
843 2025 1114 2080 fundatus
1159 2039 1396 2079 maneas
1433 2023 1493 2078 in
1537 2023 1650 2078 ﬁde
1695 2021 1922 2078 Christi.
1971 2023 2070 2078 Se-

441 2120 640 2192 quitur
683 2119 902 2174 mansio
948 2119 1005 2174 in
1048 2119 1218 2185 Mara,
1261 2118 1367 2172 hoc
1413 2121 1516 2184 est,
1563 2118 1622 2170 in
1666 2115 2068 2170 amaritudine.

439 2215 560 2268 Non
590 2229 789 2268 omnes
825 2213 1148 2267 mansiones
1190 2211 1434 2282 aequales
1475 2213 1628 2265 sunt.
1663 2209 1802 2265 Inde
1839 2213 2071 2264 ventum

438 2313 522 2361 est
566 2307 622 2360 in
673 2306 870 2372 Helim,
920 2305 1013 2360 ubi
1057 2306 1241 2360 fontes
1282 2303 1580 2358 duodecim
1621 2308 1804 2371 erant,
1847 2308 1904 2358 et
1937 2318 2068 2374 sep-

435 2401 694 2472 tuaginta
745 2399 975 2454 arbores
1027 2399 1367 2470 palmarum.
1429 2399 1559 2453 Post
1610 2396 2068 2462 amaritudinem,

436 2509 507 2548 ne
539 2493 779 2564 populus
818 2492 1101 2558 deﬁceret,
1142 2490 1461 2546 debuerunt
1496 2505 1720 2544 amama
1749 2493 1805 2544 et
1830 2489 2071 2544 fecunda

437 2587 762 2642 succedere.
796 2584 932 2639 Inde
964 2583 1273 2655 Raphidin,
1297 2583 1449 2654 quod
1478 2588 1561 2637 est
1588 2583 1833 2638 laudatio
1847 2581 2065 2653 judicii.

439 2680 573 2735 Inde
604 2679 862 2750 sequitur
906 2678 1058 2744 Sina,
1087 2677 1307 2730 habens
1344 2675 1402 2730 in
1448 2693 1506 2730 se
1547 2679 1605 2730 et
1649 2675 1841 2747 populi
1881 2679 2066 2729 tenta-

440 2773 680 2840 tionem,
709 2775 766 2826 et
792 2771 932 2842 legis
967 2769 1514 2842 promulgationem.
1542 2769 1845 2823 Variantur
1869 2768 2070 2822 merita

435 2866 820 2933 mansionum,
853 2864 988 2935 quia
1016 2863 1158 2918 nulli
1187 2863 1347 2934 jugis
1389 2863 1448 2917 in
1475 2863 1584 2917 hoc
1615 2862 1820 2916 saeculo
1845 2860 2068 2916 vivendi

436 2964 624 3032 potest
652 2974 772 3013 esse
802 2962 1108 3011 successus.
1139 2956 1327 3010 Bonus
1367 2955 1544 3026 igitur
1583 2955 1893 3026 imperator
1936 2953 2068 3008 alibi

436 3069 652 3108 manna
693 3050 964 3105 esurienti
1009 3049 1218 3120 populo
1265 3047 1639 3116 ministravit;
1683 3047 1816 3102 alibi
1867 3049 2068 3118 potum
2090 3086 2144 3160 Ο

436 3147 505 3200 de
562 3148 720 3216 petra
767 3144 977 3209 ﬂuere,
1031 3159 1144 3213 quo
1195 3142 1350 3196 sitim
1406 3141 1602 3212 populi
1665 3141 2066 3212 restingueret,

435 3242 677 3309 augusta
726 3235 1051 3316 provisione
1100 3235 1402 3306 praecepit;
1457 3233 1589 3288 alibi
1642 3233 1827 3305 legem
1883 3234 2066 3300 dedit;

437 3331 568 3386 alibi
606 3328 863 3403 1020
903 3328 1223 3400 triumphos
1261 3328 1507 3394 donavit,
1548 3331 1613 3382 ut
1657 3328 1743 3382 his
1781 3327 2070 3384 beneﬁciis

435 3425 590 3480 fotus
615 3424 896 3480 exercitus
926 3422 1147 3478 nullum
1170 3421 1377 3494 prolixi
1404 3421 1624 3476 itineris
1653 3421 1892 3477 sentiret
1918 3421 2069 3476 labo-

439 3535 587 3574 rem.

508 3615 560 3666 6.
617 3612 808 3682 Itaque
861 3611 918 3665 in
971 3610 1070 3664 illo
1121 3608 1336 3681 populo
1393 3611 1562 3678 typus
1613 3605 1740 3672 fuit,
1791 3605 1848 3660 in
1908 3606 2069 3661 nobis

440 3705 663 3761 veritas.
735 3706 845 3759 Nos
911 3703 1090 3773 igitur
1155 3700 1582 3757 committamus
1646 3700 1754 3754 iter
1814 3703 2066 3754 nostrum

436 3798 627 3854 ductui
659 3796 884 3852 Domini
907 3797 1062 3860 lesu,
1090 3795 1189 3867 qui
1215 3795 1403 3866 legem
1431 3793 1618 3864 primo
1643 3792 1984 3863 introduxit,
2015 3799 2071 3848 et

437 3895 607 3947 antea
635 3908 740 3963 per
769 3892 962 3945 Iesum
1006 3895 1216 3944 terram
1260 3886 1711 3960 repromissionis
1753 3886 1810 3941 in
1851 3902 2064 3958 posses-

440 3987 657 4040 sionem
685 3985 892 4056 populo
923 4000 1023 4037 suo
1056 3982 1230 4036 dedit.
1261 3982 1370 4036 Sed
1398 3982 1571 4037 etiam
1597 3980 1826 4053 quando
1853 3981 2068 4051 Moyses

440 4078 738 4133 videbatur
793 4076 998 4132 ductor
1047 4092 1197 4141 esse,
1249 4074 1446 4129 aderat
1493 4074 1574 4128 illi
1621 4076 1812 4143 Jesus;
1873 4073 2069 4128 aderat

443 4176 639 4226 autem
666 4188 779 4225 non
823 4170 1030 4241 palam,
1060 4185 1165 4222 nec
1203 4173 1397 4238 aperte
1429 4167 1747 4234 ductorem,
1779 4170 1877 4222 aut
1905 4167 2065 4238 prin-

439 4265 624 4335 cipem
653 4263 848 4335 populi
878 4279 1000 4317 sese
1029 4277 1235 4333 gerens
1265 4278 1278 4314 :
1311 4261 1679 4332 exspectabat
1703 4260 1856 4315 enim
1885 4260 2068 4315 donec

439 4359 656 4429 Moyses
686 4360 914 4428 tempus
953 4355 1208 4427 expleret
1243 4371 1430 4422 suum,
1470 4369 1583 4424 quo
1611 4353 1911 4424 completo,
1941 4369 2065 4408 suc-

2171 1836 2334 1891 aliter
2359 1835 2636 1907 accipere,
2665 1835 2821 1906 quia,
2849 1837 2994 1890 sicut
3029 1836 3212 1891 lilium
3250 1836 3403 1891 inter
3431 1838 3624 1908 spinas
3651 1839 3798 1893 emi-

2172 1932 2288 1996 net,
2319 1928 2396 1982 ita
2426 1944 2598 1998 super
2621 1943 2820 1984 omnes
2857 1932 3167 1985 conventus
3208 1929 3454 1984 Ecclesia
3495 1929 3595 1985 Dei
3622 1930 3799 1985 reful-

2173 2027 2291 2093 get.

2241 2119 2293 2170 8.
2346 2116 2544 2170 Refert
2603 2115 2775 2170 etiam
2833 2115 3188 2170 considerare
3245 2116 3398 2188 quod
3454 2117 3562 2171 hoc
3612 2116 3804 2174 lilium

2171 2208 2478 2280 splendore
2500 2209 2906 2264 circumfusum
2929 2208 3021 2278 sit,
3044 2209 3197 2264 intus
3221 2214 3410 2266 autem
3437 2210 3587 2282 quod
3608 2210 3803 2280 habet,

2169 2302 2415 2358 rubeum
2459 2302 2550 2372 sit,
2591 2302 2730 2358 boni
2770 2306 2827 2356 et
2875 2303 3065 2373 ipsum
3103 2302 3311 2372 odoris,
3357 2319 3424 2358 eo
3467 2304 3620 2374 quod
3664 2319 3800 2358 caro

2170 2394 2382 2450 Christi
2449 2395 2603 2450 velut
2663 2395 2873 2450 murali
2937 2395 3244 2450 divinitatis
3296 2395 3634 2450 claritudine
3685 2397 3795 2467 (97)

2171 2487 2565 2560 circumsepta,
2587 2488 2828 2543 caelestis
2846 2487 3112 2543 habuerit
3137 2489 3551 2559 protectionem
3573 2489 3800 2560 gratiae.

2171 2581 2422 2652 Denique
2469 2581 2529 2635 in
2583 2581 2990 2652 posterioribus
3035 2581 3117 2636 ait
3224 2603 3251 2631 «
3286 2583 3591 2637 Fraternus
3638 2598 3804 2638 meus

2170 2673 2439 2728 candidus
2479 2679 2536 2728 et
2571 2673 2784 2728 rubeus
2815 2676 3013 2740 (Cant.,
3056 2690 3111 2741 v,
3159 2676 3265 2746 10).
3297 2694 3324 2726 ιι
3357 2675 3644 2732 Candidus
3679 2676 3800 2728 cla-

2169 2767 2333 2822 ritate
2377 2767 2594 2835 divina;
2629 2767 2838 2822 rubens
2879 2768 3061 2838 specie
3104 2768 3304 2822 coloris
3333 2769 3588 2836 humani,
3627 2785 3799 2840 quem

2169 2865 2527 2915 sacramento
2569 2860 2975 2915 incarnationis
3017 2861 3337 2933 assumpsit.
3383 2863 3696 2934 Meritoque
3741 2867 3802 2916 et

2171 2953 2352 3024 ipsum
2404 2953 2554 3024 quod
2606 2957 2691 3007 est
2745 2953 3016 3022 rubeum,
3069 2954 3216 3009 bene
3272 2955 3412 3022 olet,
3466 2956 3602 3026 quia
3667 2972 3801 3010 caro

2169 3046 2374 3103 Christi
2409 3047 2529 3101 sine
2569 3051 2802 3118 peccato
2843 3049 2945 3114 est,
2975 3063 3148 3119 quam
3186 3047 3389 3118 perfidi
3434 3052 3790 3104 contrectau—

2170 3143 2277 3207 tes,
2317 3155 2522 3194 manus
2557 3156 2684 3195 suas
2727 3139 3200 3212 inquinaverunt;
3233 3143 3413 3198 sancti
3442 3147 3800 3212 venerantes,

2169 3232 2396 3304 pietatis
2423 3233 2596 3288 odore
2618 3233 2966 3304 fragrarunt.

2242 3329 2294 3381 9.
2350 3328 2583 3398 Accepit
2631 3327 2781 3381 hunc
2843 3327 3079 3383 odorem
3137 3327 3413 3384 Dominus
3464 3329 3626 3383 Jesus
3683 3330 3797 3383 fra-

2172 3418 2386 3491 grantis
2423 3419 2685 3475 Ecclesia
2726 3435 2865 3489 suae,
2905 3424 2964 3474 et
2986 3421 3107 3475 ait:
3149 3442 3176 3470 ‹‹
3210 3422 3345 3476 Ecce
3383 3422 3644 3493 proxima
3668 3439 3801 3476 mea

2168 3513 2322 3568 bona
2349 3513 2554 3582 (Cant,
2578 3531 2616 3581 ι,
2645 3515 2750 3584 14).
2783 3536 2810 3564 ››
2839 3515 2908 3570 Et
2931 3515 3178 3570 Ecclesia
3204 3515 3340 3570 dicit
3365 3515 3440 3570 ad
3465 3515 3751 3571 Christum
3783 3533 3797 3570 :

2171 3627 2198 3658 (ι
2240 3609 2374 3661 Ecce
2431 3607 2613 3662 bonus
2660 3607 2942 3663 fraternus
2991 3624 3186 3678 meus;
3246 3625 3376 3664 ecce
3429 3625 3488 3664 es
3540 3609 3800 3665 bonus...

2170 3705 2444 3772 tanquam
2463 3701 2680 3756 malum
2705 3700 2762 3756 in
2785 3701 2955 3773 lignis
2971 3701 3125 3756 silva).
3145 3704 3342 3771 (Cant.,
3362 3719 3422 3769 u,
3444 3705 3496 3766 3)
3522 3725 3573 3757 ››.
3597 3703 3803 3773 Hujus-

2169 3793 2326 3849 modi
2368 3811 2601 3866 pomum
2633 3795 2869 3850 oderam
2911 3795 3156 3866 gratiam
3188 3795 3365 3850 habet
3393 3796 3524 3866 (98),
3555 3801 3618 3851 ut
3641 3801 3809 3852 ciete-

2169 3904 2365 3942 rorum
2395 3905 2699 3960 pomorum
2734 3888 3110 3961 fragrantiam
3135 3888 3344 3945 vincat.
3377 3889 3628 3946 Christus
3661 3906 3801 3961 ergo

2167 3981 2366 4036 afﬁxus
2391 3982 2461 4037 ad
2487 3982 2733 4054 lignum,
2763 3983 2910 4036 sicut
2946 3983 3162 4038 malum
3191 3983 3446 4054 pendens
3483 3984 3541 4038 in
3572 3983 3799 4048 arbore,

2169 4075 2378 4130 bonum
2416 4075 2651 4130 odorem
2698 4075 3010 4131 mundanas
3049 4075 3328 4131 fundebat
3363 4075 3797 4148 redemptionis,

2169 4170 2302 4239 quia
2345 4169 2557 4239 peccati
2599 4169 2783 4240 gravis
2825 4169 3062 4225 detersit
3107 4169 3390 4239 faetorem,
3432 4175 3488 4225 et
3531 4186 3798 4242 unguen-

2171 4268 2290 4316 tum
2353 4267 2524 4333 potus
2585 4263 2770 4316 vitalis
2833 4262 3049 4318 effudit.
3119 4285 3145 4310 «
3201 4264 3493 4335 Tanquam
3555 4264 3798 4332 malum,

2170 4355 2375 4426 inquit,
2425 4354 2483 4409 in
2535 4355 2707 4426 lignis
2755 4355 2927 4422 silvm,
2979 4356 3055 4410 ita
3105 4355 3478 4411 consobrinus
3528 4372 3688 4412 meus
3738 4358 3798 4412 in

439 4451 605 4507 cessit
631 4451 806 4506 Jesus.
842 4451 1033 4520 Itaque
1071 4448 1115 4503 si
1144 4447 1468 4502 consideres
1494 4446 1841 4517 Scripturam
1875 4445 2062 4501 dicen-
2087 4456 2144 4527 D
2167 4448 2357 4504 medio
2393 4448 2640 4503 ﬁliorum
2686 4449 2869 4520 (Ibid.)
2896 4471 2948 4516 ι),
2988 4466 3056 4504 eo
3093 4449 3244 4521 quod
3287 4465 3459 4521 super
3493 4451 3801 4522 prophetas

442 4549 556 4599 tem
585 4561 598 4600 :
631 4566 659 4594 ‹‹
685 4545 865 4598 Erunt
889 4542 1011 4598 dies
1032 4557 1229 4596 eorum
1251 4540 1385 4596 anni
1406 4545 1637 4595 centum
1664 4539 1865 4610 viginti
1891 4541 2065 4608 (Gem,

442 4655 509 4702 γι,
539 4638 619 4708 3);
653 4658 682 4688 ››
709 4635 928 4691 videbis
970 4634 1304 4706 mysterium
1345 4632 1718 4704 plenitudinis
1744 4637 2069 4704 temporum

441 4737 494 4788 et
525 4736 754 4787 centum
797 4729 996 4800 viginti
1033 4745 1213 4784 annos
1248 4729 1376 4798 (96),
1415 4732 1538 4798 post
1577 4743 1720 4799 quos
1764 4733 1817 4780 et
1856 4727 2070 4798 Moyses

439 4826 497 4882 iu
530 4828 723 4880 monte
762 4821 1062 4895 requievit,
1095 4825 1153 4875 et
1178 4822 1333 4876 Jesus
1372 4820 1674 4875 manifeste
1707 4823 2068 4876 mansionum

443 4920 688 4991 suscepit
716 4918 1119 4990 principatum,
1150 4919 1215 4970 ut
1248 4915 1370 4985 jam
1401 4931 1514 4970 non
1558 4915 1662 4969 sub
1697 4915 1839 4987 legis
1865 4914 2070 4969 timore

437 5015 509 5066 sit
537 5012 800 5084 populus,
831 5011 925 5065 sed
963 5008 1327 5064 resuscitatus
1359 5025 1391 5062 a
1433 5007 1692 5076 mortuis,
1727 5008 1910 5062 fructu
1943 5008 2070 5063 vitae

440 5107 662 5162 fruatur
689 5109 936 5160 aeternae.
967 5101 1333 5160 Ambulemus
1375 5103 1550 5174 igitur
1591 5101 1901 5156 secundum
1930 5101 2070 5170 legis

445 5199 763 5254 doctrinam
797 5198 926 5253 :via
949 5196 1113 5252 nobis
1141 5197 1232 5250 lex
1263 5195 1357 5249 Dei
1396 5195 1482 5249 sit.

507 5333 604 5396 (95)
643 5333 798 5383 Rom.
833 5331 986 5393 edit.,
1013 5344 1144 5396 quos
1173 5335 1385 5394 peccata
1415 5342 1520 5379 non
1559 5334 1803 5379 onerant.
1835 5331 1897 5379 Et
1936 5330 2072 5387 ideo,

442 5408 545 5456 etc.

499 5476 596 5540 (96)
629 5473 795 5537 Edit.,
828 5475 909 5524 Ea:
935 5480 1133 5525 contum
1163 5472 1353 5537 viginti
1381 5473 1554 5522 annis.
1583 5470 1712 5521 Mss.
1738 5483 1866 5521 vero
1889 5471 2072 5523 nobis-

441 5561 572 5598 cum
605 5547 834 5598 faciunt.

503 5620 598 5682 (97)
649 5618 776 5670 Mss.
817 5630 936 5676 sex,
975 5616 1114 5666 velut
1145 5613 1389 5666 mortalis
1429 5615 1740 5664 divinitatis.
1788 5613 2072 5678 Quinque,

440 5691 579 5739 velut
619 5688 821 5738 murali
853 5687 1149 5737 divinitatis
1184 5685 1430 5736 claritate
1463 5685 1548 5736 vel
1581 5685 1920 5735 claritudine.
1964 5686 2074 5735 Alii

440 5773 568 5810 cum
619 5759 774 5819 edit.,
819 5757 958 5806 velut
995 5756 1206 5812 morali,
1256 5761 1359 5807 etc.
1410 5757 1660 5806 Nostram
1698 5769 1827 5807 vero
1873 5756 2075 5808 lectio-

2171 4540 2417 4614 1021
2467 4546 2524 4596 et
2565 4543 2845 4614 apostolos
2885 4543 3090 4598 intima
3127 4542 3296 4598 corda
3333 4543 3632 4600 hominum
3674 4559 3800 4600 ver-

2169 4636 2376 4690 borum
2419 4635 2696 4691 suavitate
2736 4636 3039 4692 mulcebat.
3089 4636 3203 4692 Sed
3245 4652 3359 4691 non
3404 4637 3589 4693 solum
3634 4637 3800 4706 odor,

2170 4745 2364 4784 verum
2396 4729 2570 4784 etiam
2613 4730 2771 4785 cibus
2808 4731 2994 4786 suavis
3037 4731 3093 4786 in
3137 4732 3285 4786 malo
3324 4737 3425 4786 est.
3456 4733 3603 4802 Ergo
3642 4731 3802 4786 cibus

2172 4824 2357 4878 suavis
2390 4829 2475 4878 est
2501 4823 2772 4878 Christus.

2246 4920 2329 4971 10.
2373 4937 2400 4966 ‹‹
2438 4919 2497 4972 In
2536 4917 2758 4985 umbra,
2800 4917 3006 4988 inquit,
3045 4917 3166 4988 ejus
3213 4917 3532 4988 concupivi,
3584 4921 3642 4971 et
3681 4918 3802 4972 sedi

2175 5011 2381 5081 (Ibid)
2429 5032 2458 5060 »
2505 5011 2713 5082 Legem
2767 5011 2920 5065 enim
2973 5017 3286 5082 acceperat,
3333 5011 3479 5064 hanc
3529 5011 3804 5082 sequeba-

2175 5107 2283 5170 tur,
2330 5103 2480 5158 hanc
2523 5103 2782 5159 currebat
2825 5103 2998 5159 viam.
3048 5105 3106 5157 In
3150 5103 3277 5174 lege
3320 5103 3510 5175 itaque
3552 5104 3803 5175 requies-

2176 5213 2328 5266 cens,
2358 5197 2416 5251 in
2461 5197 2668 5252 umbra
2701 5196 2905 5251 Christi
2949 5195 3362 5267 requiescebat.
3395 5197 3548 5251 Bona
3577 5197 3802 5266 umbra,

2173 5346 2303 5384 nem
2332 5331 2734 5396 pmferendam
2763 5345 2886 5383 esse
2914 5331 3076 5382 docet
3100 5331 3210 5382 loci
3237 5333 3407 5382 totius
3435 5333 3634 5393 series;
3663 5332 3807 5383 nihil

2175 5404 2324 5454 enim
2347 5403 2501 5454 aliud
2527 5403 2804 5468 signiﬁcat
2831 5402 3179 5465 Ambrosius,
3203 5404 3308 5453 nisi
3345 5402 3550 5455 Christi
3579 5416 3807 5454 carnem

2175 5474 2479 5557 divinitatis
2533 5474 2828 5539 splendore
2880 5475 3032 5526 velut
3079 5473 3319 5540 quodam
3379 5487 3540 5525 muro
3589 5479 3807 5538 septem

2175 5547 2580 5678 fu(galbinatas
2607 5617 2763 5680 edit.,
2789 5618 3002 5670 odorem
3025 5618 3256 5681 gratiam
3279 5617 3430 5668 habet
3456 5631 3471 5666 :
3507 5629 3638 5667 mss.
3675 5629 3809 5668 vero

2176 5687 2378 5751 partim
2406 5687 2586 5737 odoris
2620 5691 2715 5738 aut
2741 5690 2965 5740 odorum
2997 5690 3249 5753 gratiam,
3277 5689 3478 5752 partim
3521 5693 3585 5738 ut
3621 5701 3724 5738 nos
3749 5688 3805 5737 in

2178 5769 2423 5823 corpore.
