3958 6166
178 297 258 350 lilii
1182 287 1537 343 EXPOSITIO
1576 287 1644 344 IN
1687 288 1999 346 PSALIIUM
2042 287 2268 344 CXVIII.
2366 297 2370 300 ’

3271 289 3407 345 1322

177 435 254 490 qua!
284 431 365 470 nos
410 413 472 468 ab
522 411 823 484 iniquitatis
869 410 1049 467 calore
1095 411 1210 466 sola
1250 412 1506 468 defendit
1550 413 1678 484 (99).
1705 426 1760 497 Α
1857 417 1940 468 13.
1999 415 2146 485 Ergo
2202 412 2294 466 ubi
2349 412 2597 482 gustavit
2651 412 2893 467 fructum
2944 413 3255 480 suavitatis,
3311 414 3410 468 im-

175 510 231 564 Cui
244 513 394 562 autem
422 505 660 572 dubium,
683 505 832 576 quod
861 505 948 560 lex
979 505 1082 559 Dei
1110 504 1320 560 umbra
1344 507 1418 560 sit
1438 506 1683 561 Christi?
1783 507 2008 578 patiens
2046 509 2118 562 ad
2156 507 2496 578 perfectiora
2535 505 2770 560 festinat
2803 507 2994 560 dicens

171 604 260 667 Quid
279 605 347 655 est
377 600 456 654 lex
480 599 586 654 diei
624 599 750 653 festi
791 598 1134 663 neomenite,
1163 598 1548 668 sabbatorum,
1579 600 1685 653 nisi

168 696 304 751 umbra
316 695 604 748 futurorum
615 693 641 747 ‘?
655 693 758 756 Qui
779 691 899 747 dies
912 692 1225 748 secundum
1245 693 1435 764 legem
1454 693 1682 764 Moysis;

167 796 203 842 ut
224 789 390 843 videam
417 803 504 842 sex
541 787 677 854 dies,
716 790 776 840 et
817 785 1026 842 iterum
1073 787 1385 858 septimum
1426 786 1600 855 diem,
1631 791 1688 841 et

162 886 211 936 sic
234 885 458 952 perpetua
488 879 726 936 saecula?
753 880 858 945 Qui
897 880 1114 934 mensis
1151 880 1464 935 secundum
1501 881 1686 951 legem

159 976 319 1046 loysis;
352 981 406 1029 ut
435 976 608 1029 sciens
649 988 923 1041 mensem,
966 974 1140 1029 sciam
1182 974 1431 1045 primam
1476 973 1687 1028 mensis

157 1069 454 1135 neomeniam,
475 1074 527 1122 et
551 1085 676 1123 vera
699 1075 892 1123 sancta
922 1067 979 1122 in
1009 1068 1334 1123 neomeniis
1359 1067 1689 1122 offerenda?

154 1164 224 1226 Qui
252 1162 521 1217 secundum
554 1163 738 1233 legem
767 1163 971 1234 Moysis
996 1178 1180 1216 annus
1212 1179 1311 1216 sex
1353 1162 1466 1216 illis
1493 1161 1690 1216 diebus

155 1259 331 1322 constat,
351 1255 410 1309 de
426 1256 618 1326 quibus
643 1257 725 1310 ait
749 1273 763 1310 :
800 1276 823 1306 ει
849 1255 958 1311 Sex
987 1255 1152 1310 annis
1177 1255 1383 1310 serviet
1401 1254 1688 1323 Hebrmus,

152 1355 189 1401 et
227 1349 424 1420 septimo
476 1365 622 1404 anno
681 1349 1017 1404 liberabitur
1066 1350 1274 1420 (Deut,
1330 1366 1428 1417 xv,
1490 1350 1602 1419 t2);
1660 1368 1688 1396 ››

154 1450 191 1496 ut
223 1443 529 1498 inveniantur
577 1459 674 1497 sex
717 1443 873 1510 anni,
919 1442 1126 1514 quibus
1169 1443 1376 1514 aliquis
1424 1446 1694 1513 operatur

153 1543 329 1602 terram;
352 1537 573 1608 septimo
603 1542 796 1592 autem
825 1553 979 1591 anno
1017 1537 1276 1592 remittet
1310 1536 1464 1590 illam
1500 1551 1689 1606 prose-

152 1631 254 1699 lytis,
276 1638 320 1683 et
355 1631 704 1702 pauperibus,
733 1634 793 1685 et
819 1630 1014 1686 bestiis
1041 1632 1250 1686 terrai?
1277 1630 1383 1695 Qui
1416 1629 1694 1701 septimus

3036 522 3048 560 :
3093 526 3119 555 ι(
3150 507 3407 562 Introdu-

1786 601 1893 656 cite
1925 617 2014 655 me
2047 601 2104 654 in
2131 601 2364 655 domum
2406 600 2541 666 vini,
2573 599 2893 654 constituite
2938 600 2999 653 in
3047 615 3138 653 me
3165 599 3410 654 dilectio-

1786 710 1936 760 nem,
1967 694 2302 748 conﬁrmate
2336 691 2595 765 1022
2629 709 2720 746 me
2752 693 2812 746 in
2839 693 3172 763 unguentis,
3205 692 3411 764 stipate

1786 804 1878 842 me
1913 788 1970 840 in
2017 788 2212 857 malis;
2247 787 2384 859 quia
2426 787 2721 842 vulnerata
2761 786 3078 840 dilectionis
3116 802 3226 857 ego
3261 803 3411 854 sum,

1787 881 1950 936 Laeva
1977 881 2097 952 ejus
2124 881 2226 935 sub
2253 880 2438 953 capite
2459 896 2607 948 meo,
2637 883 2695 934 et
2716 879 2954 934 dextera
2982 880 3103 950 ejus
3130 879 3415 950 amplexa-

1789 974 1943 1028 bitur
1981 990 2090 1029 me.
2139 973 2408 1044 Adjuravi
2438 989 2556 1043 vos,
2602 972 2734 1027 ﬁliae
2779 973 3110 1039 Jerusalem,
3150 974 3207 1026 in
3249 973 3417 1028 virtu-

1789 1067 1936 1122 tibus
1990 1074 2046 1121 et
2105 1067 2534 1122 fortitudinibus
2589 1067 2734 1137 agri,
2787 1067 2834 1120 si
2892 1067 3314 1135 suscitaveritis,
3362 1072 3418 1121 et

1791 1161 2258 1216 resuscitaveritis
2330 1161 2724 1226 dilectionem,
2803 1176 3102 1231 usquequo
3184 1160 3420 1214 voluerit

1761 1255 1993 1324 '(Cant.,
2025 1271 2080 1322 ιι,
2108 1255 2241 1324 4-7).
2275 1276 2302 1304 ››
2334 1254 2530 1308 Merito
2580 1253 2788 1325 quaerit
2829 1270 2985 1323 eum,
3027 1255 3230 1308 merito
3273 1253 3416 1307 desi-

1793 1349 1984 1417 derat;
2016 1349 2147 1419 quia
2177 1348 2324 1402 bene
2356 1347 2549 1402 omnia
2575 1346 2633 1401 in
2661 1348 2766 1401 hoc
2801 1364 2966 1401 cursu
3004 1355 3179 1418 atque
3211 1347 3415 1401 itinere

1794 1443 2070 1514 disposuit
2105 1443 2418 1512 imperator
2446 1444 2659 1496 noster.
2700 1441 2957 1494 Primum
2996 1442 3257 1494 omnium
3288 1440 3419 1496 ﬁdei

1795 1536 2168 1591 fundamento
2194 1535 2617 1590 tabernaculum
2645 1535 2750 1588 hoc
2775 1534 3233 1588 conﬁrmandum
3261 1538 3420 1605 puta-

1794 1635 1890 1688 vit.
1939 1633 2153 1688 Deinde
2198 1633 2242 1686 si
2286 1650 2402 1704 qua
2445 1638 2528 1686 est
2581 1632 2740 1687 nobis
2797 1648 2997 1703 aspera
3045 1637 3213 1703 atque
3259 1631 3419 1685 arida

152 1741 298 1791 annus,
342 1740 443 1796 quo
488 1725 878 1780 conceduntur
924 1724 1120 1779 debita
1164 1724 1361 1780 omnia
1411 1726 1756 1798 Hebraeis?_
1797 1734 1853 1782 et
1879 1730 2168 1798 praerupta
2212 1727 2450 1794 mansio,
2489 1725 2804 1796 imperator
2842 1730 3037 1780 tamen
3067 1726 3135 1796 (2)
3166 1725 3270 1779 iste
3299 1729 3418 1778 tur-

153 1819 190 1870 ln
208 1818 288 1871 hac
311 1795 489 1872 umbra
515 1817 910 1889 requiescebat
932 1823 1160 1890 patrum
1180 1818 1342 1889 ﬁdes,
1370 1821 1428 1874 et
1451 1820 1695 1891 prophe-
1715 1795 1772 1867 B
1796 1795 1925 1875 bata
1966 1795 2256 1886 discernit,
2305 1819 2463 1873 arida
2509 1795 2728 1890 irrigat,
2769 1819 2994 1873 deserta
3041 1795 3327 1874 fecundat.
3365 1819 3422 1874 Si

152 1914 282 1965 larum
304 1916 474 1966 sancta
502 1911 746 1966 devotio.

197 2009 259 2057 ll.
293 2004 416 2059 Dicit
455 2021 592 2076 ergo
642 2005 1012 2077 congregatio
1059 2005 1346 2076 religiosa,
1382 2007 1468 2060 vel
1503 2007 1699 2060 sancta

148 2096 318 2151 anima:
351 2118 374 2150 α
400 2099 452 2152 In
497 2097 701 2153 umbra
741 2099 866 2169 ejus
906 2099 1224 2170 concupivi,
1261 2105 1318 2154 et
1342 2100 1460 2155 sedi
1488 2100 1696 2171 (Cant,

150 2206 184 2254 ιι,
203 2192 259 2259 3).
283 2213 306 2239 υ
336 2193 530 2246 Umbra
555 2193 682 2263 ejus
724 2195 812 2246 est
843 2192 1112 2248 Jubilseus
1139 2209 1348 2248 annus.
1379 2192 1514 2258 Quis
1544 2193 1697 2248 enim

149 2283 230 2352 ejus
258 2285 460 2356 mystica
499 2286 686 2356 videt;
728 2290 790 2340 ut
835 2286 971 2342 facie
1017 2287 1090 2341 ad
1129 2287 1336 2342 faciem
1377 2290 1698 2359 cognoscat,

149 2393 234 2445 qua:
268 2395 394 2434 anno
435 2380 912 2452 quinquagesimo
958 2380 1320 2452 complenda,
1371 2381 1498 2451 lege
1551 2397 1698 2452 prae-

149 2470 298 2542 scripta
319 2478 438 2527 sunt
475 2473 692 2544 (Leuit,
722 2490 847 2541 xxv,
888 2477 918 2528 3
943 2473 1124 2544 seq.)?
1154 2474 1363 2529 Umbra
1408 2479 1540 2528 sunt
1582 2474 1702 2528 dies

151 2564 233 2618 festi
266 2567 552 2621 secundum
604 2567 800 2638 legem
846 2566 1034 2638 primo
1087 2584 1288 2622 mense
1336 2567 1558 2623 decima
1611 2567 1701 2622 die

153 2659 298 2712 mensis
318 2675 475 2731 usque
511 2661 585 2714 ad
631 2666 897 2732 quartam
933 2660 1235 2728 decimam,
1277 2667 1333 2716 et
1356 2661 1491 2715 inde
1525 2677 1703 2732 usque

152 2749 197 2801 ad
226 2752 504 2809 vicesimam
555 2755 809 2825 primam
855 2754 1066 2810 mensis
1115 2755 1333 2823 (Leuit,
1377 2770 1526 2822 χχιιι,
1573 2756 1700 2824 3-7).

155 2844 243 2904 Ulla
265 2848 433 2902 umbra
460 2854 546 2903 est
578 2847 886 2904 celebritas
914 2847 1015 2903 illa
1039 2849 1190 2903 inter
1215 2848 1470 2919 primum
1497 2854 1553 2903 et
1576 2864 1701 2919 sep-

153 2937 298 2994 timum
317 2958 558 2998 mensem
599 2943 663 2996 in
705 2946 966 3014 tempore
991 2941 1092 2997 illo
1117 2958 1404 3012 anonymo
1433 2943 1542 3011 (1)?
1568 2943 1704 2996 Um-

157 3029 223 3083 bra
248 3037 325 3100 est,
347 3036 699 3092 sanctiﬁcata
735 3035 966 3090 libertas
993 3035 1051 3089 in
1092 3035 1342 3090 sabbato.
1375 3035 1584 3091 Umbra
1621 3039 1710 3090 est

159 3123 237 3178 dies
259 3127 398 3183 festus
415 3130 651 3202 septimi
683 3129 890 3184 mensis
919 3128 1257 3197 neomeniaa,
1286 3133 1343 3184 et
1371 3129 1704 3184 memoriale

166 3215 346 3274 tubarum
373 3223 599 3294 septimi
643 3222 877 3291 mensis,
904 3221 1023 3277 dies
1053 3223 1328 3288 decimus,
1361 3223 1484 3277 dics
1513 3223 1702 3294 propi-

172 3308 335 3368 tiationis
366 3316 576 3385 (Leuit,
620 3331 777 3382 mn,
815 3318 875 3370 2t
919 3316 1074 3386 seq.)
1124 3315 1288 3370 Vides
1332 3315 1464 3386 quia
1505 3331 1707 3371 monas

168 3405 202 3454 et
219 3403 333 3460 decas
348 3409 449 3464 duo
476 3409 612 3466 festi
657 3409 798 3464 dies.
833 3411 974 3464 Item
1013 3409 1245 3480 quintus
1277 3409 1530 3464 decimus
1563 3409 1705 3479 dies,

158 3494 238 3549 dies
257 3501 730 3558 tabernaculorum
773 3518 874 3573 per
910 3506 1034 3557 octo
1070 3502 1207 3558 dies.
1250 3504 1312 3558 In
1356 3502 1554 3558 umbra
1589 3503 1709 3557 haec

158 3592 304 3670 omnia.
328 3596 380 3650 In
410 3597 615 3652 umbra
641 3595 829 3668 prima
868 3595 988 3651 dies
1014 3600 1234 3667 vocata,
1273 3602 1328 3652 et
1365 3600 1563 3651 octava
1589 3596 1711 3651 dies

155 3692 291 3740 vocata
325 3689 378 3744 in
417 3691 650 3758 umbra,
700 3705 830 3761 quae
880 3689 940 3744 in
989 3689 1342 3761 scenOpegiis
1386 3690 1712 3760 praescripta

154 3780 394 3836 secundum
422 3784 662 3855 Legem.

201 3875 261 3926 12.
285 3874 550 3932 Constitue
581 3876 731 3932 mihi
773 3876 994 3948 aliquos
1028 3893 1093 3932 ex
1133 3876 1562 3932 circumcisione
1589 3894 1710 3932 cre-

152 3962 309 4035 dentes,
330 3969 384 4024 in
407 3972 556 4042 Lege
601 3970 824 4039 doctos,
853 3970 1230 4024 observantiae
1255 3970 1508 4025 sollicitae
1539 3971 1710 4040 viros,

150 4062 187 4107 et
219 4075 341 4116 nunc
382 4063 680 4135 Evangelii
724 4063 1015 4134 agnitione
1066 4063 1436 4131 illuminatos,
1476 4064 1716 4136 spiritali

149 4152 366 4217 saginatus
408 4158 624 4228 gratia;
673 4156 809 4210 dicit
856 4157 916 4210 in
954 4155 1045 4212 his
1088 4157 1356 4224 Ecclesia,
1398 4173 1525 4228 qua:
1565 4157 1718 4212 videt

146 4240 389 4319 Christum,
437 4267 571 4322 quae
621 4249 908 4321 Sponsum
961 4249 1189 4322 recipit,
1242 4266 1371 4321 qua:
1418 4250 1547 4305 cibo
1598 4251 1718 4322 ejus

149 4339 381 4402 punitur:
425 4363 454 4395 α
483 4345 547 4399 ln
594 4343 804 4398 umbra
845 4344 967 4414 ejus
1009 4343 1327 4416 concupivi,
1374 4347 1432 4399 et
1472 4344 1620 4412 sedi;
1661 4347 1720 4399 et

145 4427 307 4488 {metus
329 4435 444 4507 ejus
470 4437 659 4492 dulcis
687 4436 747 4491 in
779 4435 1040 4491 faucibus
1075 4435 1222 4491 meis
1258 4436 1463 4508 (Cant,
1492 4453 1551 4504 ιι,
1580 4439 1653 4500 3).
1687 4457 1713 4489 ιο

1798 1915 1936 1985 quid
1975 1912 2396 1981 amaritudinis,
2439 1914 2486 1966 si
2524 1913 2660 1983 quid
2705 1913 3052 1981 tentationis,
3088 1913 3130 1966 si
3174 1912 3308 1984 quid
3345 1913 3425 1967 in-

1797 2007 2088 2063 ﬁrmitatis
2118 2011 2220 2072 est,
2252 2006 2456 2060 ductor
2481 2009 2674 2059 noster
2705 2011 2760 2059 et
2801 2022 2997 2060 amara
3035 2010 3342 2076 temperat,
3372 2012 3428 2060 et

1799 2101 2033 2156 sollicita
2085 2099 2330 2170 mitigat,
2385 2099 2524 2154 dura
2578 2099 2850 2166 dissolvit,
2898 2105 2956 2154 et
3008 2098 3252 2154 invalida
3301 2117 3405 2154 con

1799 2196 2010 2250 ﬁrmat.

1873 2290 1956 2343 14.
1989 2287 2081 2343 Sic
2110 2287 2203 2342 ubi
2233 2288 2352 2342 vult
2387 2287 2747 2358 requiescere
2786 2303 2884 2341 rex
2920 2291 3090 2341 terra;
3119 2287 3429 2341 exercitum

1802 2399 1988 2450 suum,
2043 2397 2157 2436 non
2209 2380 2520 2452 ignobilem
2574 2381 2794 2447 vicum,
2853 2396 2968 2436 non
3017 2379 3431 2435 commeatibus

1803 2476 2175 2547 indigentem,
2213 2491 2326 2530 non
2357 2489 2590 2529 arenosa
2628 2479 2685 2528 et
2725 2473 2881 2528 nuda
2920 2473 3433 2545 gignentium,sed

1807 2569 2006 2624 urbem
2031 2568 2284 2624 aediﬁciis
2306 2567 2580 2638 nobilem,
2605 2567 2904 2635 refertam,
2927 2572 2984 2622 et
3002 2567 3229 2624 uberem
3250 2569 3435 2640 copia-

1804 2679 1955 2730 rum,
1983 2669 2081 2717 aut
2118 2678 2323 2732 agrum
2349 2677 2639 2716 amoenum
2672 2665 2730 2716 et
2758 2662 3038 2716 virentem
3065 2661 3307 2732 pascuis,
3336 2665 3435 2716 aut

1807 2773 2100 2811 nemorosa
2139 2761 2198 2810 et
2243 2756 2590 2826 campestria
2633 2754 2851 2808 stativis
2889 2758 3210 2825 Opportuna
3249 2755 3434 2809 decer-

1805 2850 1910 2905 nit.
1932 2851 2078 2919 Ergo
2104 2851 2150 2902 si
2175 2864 2343 2919 reges
2372 2854 2537 2903 terrae
2567 2853 2782 2902 norunt
2807 2847 3107 2901 commoda
3135 2846 3431 2917 providere

1807 2943 2178 3014 sequentibus
2227 2958 2318 3008 se,
2364 2945 2580 3012 quanto
2633 2941 2817 3011 magis
2867 2942 3044 3010 Deus,
3095 2940 3196 3012 qui
3249 2939 3434 2995 bonus

1809 3041 1913 3104 est,
1948 3037 2108 3091 novit
2152 3034 2635 3107 quemadmodum
2677 3034 2968 3106 profutura
3010 3034 3273 3105 disponat
3313 3034 3436 3090 dili-

1810 3131 2078 3202 gentibus
2110 3130 2206 3184 se?
2242 3133 2318 3183 Ac
2344 3128 2599 3200 primum
2624 3127 2670 3182 si
2703 3128 3059 3200 incognitum
3085 3127 3436 3199 carpendum

1807 3227 1892 3278 est
1929 3225 2059 3292 iter,
2106 3223 2278 3276 duces
2324 3221 2616 3292 eliguntur
2655 3221 2896 3289 viarum,
2943 3221 3040 3292 qui
3084 3223 3438 3292 praeurrant

1809 3317 2046 3389 agmini.
2089 3315 2198 3372 Sed
2246 3317 2356 3370 hoc
2399 3315 2776 3387 imperatores
2819 3315 2908 3369 isti
2944 3314 3284 3385 injuriosum
3330 3315 3440 3370 sibi

1806 3410 2161 3464 arbitrantur
2206 3427 2218 3464 :
2275 3409 2425 3464 Deus
2470 3413 2665 3462 autem
2709 3407 2976 3479 prteibat,
3029 3424 3161 3463 cum
3219 3408 3439 3465 Hebraei

1809 3504 2057 3559 facerent
2094 3503 2218 3558 iter.
2250 3503 2504 3573 Denique
2546 3505 2606 3556 in
2642 3502 2890 3556 columna
2926 3502 3086 3557 nubis
3117 3503 3440 3572 loquebatur

1809 3598 1884 3652 ad
1930 3613 2035 3654 eos.
2078 3598 2145 3652 Et
2187 3600 2254 3651 ut
2289 3596 2432 3651 scias
2471 3595 2611 3667 quia
2653 3595 2938 3666 praeibat:
2981 3615 3009 3644 «
3036 3595 3200 3664 Deus,
3230 3596 3438 3668 inquit,

1812 3691 2056 3762 praeibat
2099 3691 2209 3745 illis
2251 3690 2382 3756 iter,
2425 3689 2517 3744 die
2564 3687 2802 3759 quidem
2845 3689 2904 3742 in
2947 3689 3210 3744 columna
3251 3689 3438 3756 nubis,

1811 3784 2120 3839 ostendens
2167 3783 2278 3839 illis
2329 3783 2506 3853 viam;
2562 3786 2733 3836 noctu
2794 3787 2988 3837 autem
3052 3782 3109 3836 in
3176 3781 3440 3837 columna

1812 3879 1982 3950 ignis,
2007 3883 2064 3933 et
2085 3894 2202 3933 non
2232 3876 2528 3932 deﬁciebat
2551 3876 2822 3930 columna
2846 3875 3009 3928 nubis
3031 3875 3089 3929 in
3107 3875 3196 3930 die
3219 3876 3438 3942 (Emod.,

1813 3988 1932 4040 xm,
1961 3975 2052 4041 2i,
2083 3973 2193 4040 22).
2229 3993 2255 4020 ››

1889 4070 1972 4120 15.
2015 4067 2166 4119 Hanc
2195 4063 2616 4136 praecedentem
2646 4062 2812 4118 nubis
2848 4063 3170 4118 columnam
3200 4080 3443 4136 sequens

1816 4159 2064 4214 Ecclesia
2093 4174 2209 4212 non
2247 4157 2629 4225 deﬁcientem,
2658 4173 2729 4212 ne
2764 4158 2886 4229 ipsa
2920 4157 3206 4227 deﬁceret,
3239 4159 3445 4215 umbra

1817 4254 1940 4324 ejus
1981 4251 2447 4323 refrigerabatur,
2479 4253 2536 4305 et
2571 4251 2698 4306 ideo
2727 4250 2866 4306 dicit
2892 4268 2905 4306 :
2939 4273 2967 4302 «
3005 4253 3063 4306 In
3095 4252 3294 4306 umbra
3322 4253 3445 4324 ejus

1817 4345 2136 4418 concupivi,
2167 4350 2222 4400 et
2257 4345 2414 4415 sedi;
2452 4348 2510 4399 et
2538 4344 2718 4399 dulcis
2754 4345 2876 4416 ejus
2918 4345 3132 4400 fructus
3176 4347 3232 4400 in
3267 4346 3445 4400 fauci-

1816 4440 1922 4494 bus
1949 4440 2088 4495 meis
2117 4442 2318 4506 (Cant.,
2344 4455 2403 4507 ιι,
2429 4441 2482 4506 3)
2504 4455 2521 4507 ;
2554 4458 2582 4486 ››
2607 4439 2742 4510 quia
2767 4454 2800 4492 a
2819 4439 3063 4493 Domino
3089 4438 3446 4510 pascebatur,

146 4521 241 4582 Qui:
273 4527 472 4584 fructus
503 4531 632 4601 ejus
670 4529 870 4598 dulcis,
901 4528 1008 4584 nisi
1037 4530 1374 4602 praedicatio
1405 4529 1717 4586 Dominicis
1737 4533 1796 4605 D
1820 4533 2064 4589 deducta
2095 4532 2153 4587 in
2188 4533 2378 4587 locum
2420 4547 2715 4603 pascuum,
2745 4537 2801 4586 et
2838 4547 3050 4603 aquam
3075 4532 3399 4588 refectionis
3433 4550 3445 4588 :

145 4617 380 4689 passionis,
423 4627 489 4678 ut
532 4623 659 4696 ipse
699 4623 778 4678 ait
815 4639 828 4678 :
875 4643 903 4673 ι(
942 4624 1080 4679 Ecce
1122 4623 1426 4680 haereditas
1469 4624 1716 4693 Domini,

146 4705 241 4778 ﬁlii,
282 4730 491 4771 merces
544 4717 763 4772 fructus
826 4715 1041 4772 ventris
1095 4717 1262 4786 (Psal.
1315 4733 1494 4786 CXXVI,
1551 4718 1642 4787 3)?
1689 4739 1716 4767 ››

149 4798 246 4862 Qui:
276 4808 418 4864 enim
465 4809 690 4865 dulcior
729 4809 949 4865 fructus
988 4813 1179 4881 potest
1216 4826 1337 4866 esse
1376 4811 1435 4866 in
1462 4810 1720 4866 faucibus

149 4901 319 4969 nostris,
361 4919 533 4974 quam
581 4903 837 4959 remissio
879 4905 1283 4975 peccatorum?
1326 4906 1390 4959 Et
1429 4905 1576 4959 bene
1618 4904 1722 4959 ﬂos

147 4995 207 5044 est
230 4992 451 5052 Ecclesia
480 5014 612 5070 quae
643 4998 895 5052 fructum
922 4997 1242 5066 annuntiat,
1267 4998 1375 5052 hoc
1404 5002 1508 5066 est,
1539 4998 1723 5053 Domi-

149 5096 248 5138 num
280 5089 461 5146 Iesum
505 5091 818 5158 Christum,
861 5090 932 5146 de
970 5107 1082 5163 quo
1127 5090 1340 5146 dictum
1369 5097 1454 5146 est
1485 5091 1674 5146 Maria:
1705 5108 1718 5146 :

153 5197 166 5216 ν
197 5176 469 5239 Benedicta
490 5189 558 5240 tu
583 5186 731 5241 inter
757 5185 1048 5254 mulieres,
1069 5190 1126 5240 et
1150 5183 1482 5241 benedictus
1506 5185 1724 5241 fructus

150 5275 313 5330 Ventris
336 5278 414 5332 tui
441 5279 617 5348 (Luc,
645 5295 682 5348 ι,
711 5279 821 5350 42).
854 5301 882 5330 ››

191 5411 264 5486 ξω)
294 5415 432 5468 Edit.
481 5423 538 5468 et
581 5433 709 5471 mss.
757 5420 988 5486 aliquot,
1030 5420 1152 5482 Quas
1186 5433 1282 5471 nos
1313 5419 1381 5470 ab
1423 5420 1726 5485 iniquitatis

151 5481 225 5556 ψει
242 5486 474 5547 defendit
505 5490 617 5541 Alii
652 5505 782 5542 mss.
814 5481 1097 5556 partim...,
1123 5491 1301 5542 calore
1331 5496 1379 5542 et
1407 5481 1724 5554 sole—daren-

153 5551 224 5627 ἷίιεῑ
245 5561 512 5624 partim...,
545 5562 719 5614 calore
753 5551 999 5627 defendit.
1032 5551 1231 5615 Melius
1267 5563 1461 5614 Navar.
1490 5551 1638 5614 unus
1671 5567 1727 5614 et

153 5619 302 5690 Leti",
329 5619 508 5683 colare
528 5633 643 5685 sola
665 5619 916 5698 defendit.

197 5698 382 5772 tt)_V_et.
409 5705 573 5766 edit,
606 5707 658 5756 in
690 5712 919 5772 tempore
952 5702 1065 5766 illo,
1088 5719 1232 5757 anno
1268 5707 1725 5772 quinquagesimo.

155 5767 474 5825 “ilicibus
499 5776 710 5827 dicitur.
754 5767 976 5842 Optime
1013 5778 1173 5829 Rom.
1211 5767 1342 5828 cu'm
1380 5767 1534 5841 parte
1574 5790 1723 5838 mss,

156 5848 191 5881 τη
212 5843 414 5906 tempore
442 5844 542 5896 illo
571 5861 850 5913 anonymo,
875 5863 987 5900 non
1012 5851 1164 5900 enim
1194 5849 1288 5900 hic
1321 5849 1474 5899 illius
1497 5847 1725 5898 celebri-

428 5925 702 5993 PATROL.
748 5929 874 5993 XV.
923 5929 1102 6008 (XIV,
1153 5949 1305 5993 mas
1350 5929 1452 6009 ll).

1824 4649 1851 4677 «
1891 4625 2237 4683 lntroducite
2275 4642 2366 4680 me
2407 4625 2464 4679 in
2508 4625 2745 4680 domum
2793 4624 2906 4680 vini
2947 4627 3155 4696 (Cant,
3201 4643 3260 4693 ιι,
3306 4628 3385 4694 4).
3418 4650 3446 4677 ››

1821 4720 1956 4775 Inde
1993 4719 2169 4790 copiis
2211 4718 2558 4790 praeparatis,
2600 4717 2806 4790 quaerit
2849 4719 3118 4791 progredi
3159 4720 3228 4775 ad
3273 4720 3446 4775 aliam

1822 4813 2205 4879 mansionem,
2226 4812 2285 4865 in
2308 4828 2422 4882 qua
2441 4811 2847 4882 mysteriorum
2871 4813 3135 4884 gratiam,
3155 4819 3211 4868 et
3237 4813 3450 4868 laetitiae

1821 4907 2011 4978 capiat
2039 4905 2393 4960 suavitatem.
2435 4905 2574 4959 Hinc
2613 4921 2842 4977 quoque
2878 4922 3220 4978 promoveus
3251 4921 3449 4960 verum

1822 5001 1948 5067 iter,
1975 4999 2056 5055 ait
2087 5017 2100 5055 :
2139 5021 2167 5049 ιι
2196 4997 2534 5056 Constituite
2570 4999 2629 5054 in
2667 5015 2758 5056 me
2784 4999 3148 5055 dilectionem
3181 4999 3386 5066 (lbid.).
3419 5018 3446 5050 »

1826 5095 1982 5148 Bona
2025 5092 2244 5160 stativa,
2294 5091 2389 5148 ubi
2432 5092 2730 5164 plenitudo
2774 5097 2859 5148 est
2902 5093 3216 5148 charitatis.
3246 5113 3272 5139 α
3301 5093 3448 5147 Coni-

1822 5187 2048 5242 ﬁrmate
2075 5204 2188 5254 me,
2220 5187 2428 5259 inquit,
2459 5186 2515 5241 in
2544 5187 2875 5258 unguentis,
2897 5187 3102 5257 stipate
3132 5200 3222 5240 me
3248 5186 3306 5240 in
3336 5203 3451 5242 ma-

1825 5281 1891 5335 lis
1921 5281 2131 5348 (Ibid.).
2166 5304 2192 5329 η

1826 5420 1952 5471 tatis
1999 5425 2219 5485 tempus
2260 5421 2584 5471 nominatim
2643 5420 2984 5483 exprimitur.
3037 5419 3315 5472 Caeterum
3367 5423 3454 5474 lia:

1824 5503 1991 5542 voces
2037 5508 2047 5540 :
2097 5491 2292 5542 Umbra
2341 5496 2413 5542 est
2454 5491 2780 5554 sanctiﬁcata
2832 5489 3052 5540 libertas
3097 5492 3150 5540 in
3205 5492 3455 5552 Sabbalo,

1826 5564 2030 5615 desunt
2056 5564 2112 5613 in
2153 5561 2415 5612 omnibus
2453 5576 2606 5623 mss,
2633 5574 2702 5611 ex
2735 5560 2942 5625 quibus
2976 5562 3146 5627 aliqui
3195 5567 3459 5615 orationis

1826 5635 2024 5687 seriem
2054 5635 2130 5685 ita
2161 5637 2502 5685 connectunt
2529 5649 2540 5682 :
2571 5633 2631 5682 In
2661 5637 2889 5698 tempore
2911 5633 3004 5684 illo
3033 5647 3104 5684 an
3133 5649 3238 5686 non
3268 5637 3452 5686 umbra

1826 5712 1898 5758 est
1927 5707 2038 5757 dies
2058 5706 2241 5769 festus,
2263 5709 2366 5757 etc.

1889 5777 1954 5840 (2)
1987 5777 2114 5827 Mss.
2143 5777 2373 5839 aliquot,
2407 5777 2504 5824 ista
2531 5778 2723 5826 statim
2752 5777 3016 5828 discernit.

3061 5940 3136 5998 4:2
