4082 6186
536 312 666 362 1323

2003 303 2058 358 S.
2100 299 2413 358 AMBROSll

3746 299 3880 351 132i

604 435 688 485 16.
719 430 900 484 Habes
935 429 1070 482 alias
1111 428 1460 494 mansiones,
1488 427 1559 481 ad
1589 443 1726 498 quas
1757 426 1995 481 Ecclesia
2027 443 2155 481 cum
2180 439 2231 510 Α
2259 425 2409 477 bona
2441 422 2683 490 mansio,
2712 420 2843 492 quia
2874 420 2958 474 via
2998 418 3204 491 regalis
3232 424 3333 473 est.
3375 418 3620 489 Ideoque
3656 419 3882 489 sapien-

531 522 905 578 delectatione
941 522 1218 576 succedit.
1263 524 1386 576 [stin
1435 522 1762 576 mansiones
1805 525 1936 575 sunt
1977 522 2156 575 crucis

528 618 767 686 Christi,
825 619 879 670 et
934 616 1272 686 sepulturaa,
1330 616 1386 668 in
1445 615 1650 686 quibus
1712 615 2007 669 vulnerata
2071 617 2157 667 est

531 711 792 778 Ecclesia,
835 710 932 764 sed
982 711 1218 763 vulnere
1263 708 1573 763 charitatis.
1621 710 1832 763 Vulnus
1874 709 2026 763 enim
2072 713 2156 762 est

529 805 678 876 quod
721 803 974 858 Christus
1023 803 1266 873 excepit,
1317 803 1415 856 sed
1461 807 1820 872 unguentum
1871 806 1956 855 est
2002 801 2154 872 quod

529 897 748 952 effudit.
795 900 1036 951 Pomum
1087 901 1170 950 est
1211 896 1366 967 quod
1418 896 1714 968 pependit.
1764 897 1874 949 Hoc
1918 910 2154 965 pomum

529 991 776 1062 gustavit
811 991 1078 1059 Ecclesia,
1119 994 1175 1045 et
1209 991 1286 1045 ait
1326 1007 1338 1045 :
1383 1012 1410 1038 ‹‹
1445 992 1511 1044 Et
1551 991 1767 1044 fructus
1813 989 1936 1059 ejus
1976 988 2154 1042 dulcis

529 1086 585 1139 in
629 1084 884 1139 faucibus
932 1085 1075 1139 meis
1115 1087 1324 1152 (Cant.,
1368 1101 1425 1150 ιι,
1460 1086 1536 1146 3).
1570 1105 1596 1132 ››
1643 1085 1709 1138 Et
1751 1088 1812 1137 ut
1851 1083 1994 1137 scias
2019 1081 2154 1152 quia

526 1195 764 1249 pomum
815 1182 898 1232 est
942 1175 1234 1245 Dominus,
1278 1177 1464 1248 legisti
1510 1193 1678 1247 supra
1727 1195 1737 1230 :
1794 1197 1822 1229 «
1859 1177 2154 1246 Tanquam

529 1274 743 1327 malum
809 1272 866 1326 in
932 1272 1104 1342 lignis
1167 1271 1354 1339 silvae,
1410 1271 1487 1323 ita
1551 1269 1926 1324 consobrinus
1991 1283 2176 1322 meus

529 1367 740 1432 (Ibid).
780 1388 808 1415 ››
855 1367 964 1419 Nos
1008 1381 1236 1437 quoque
1279 1366 1482 1418 vulnus
1526 1364 1787 1430 fatemur,
1833 1379 1962 1418 cum
2006 1379 2150 1433 prae-

527 1459 782 1515 dicamus
841 1460 1125 1515 Christum
1188 1458 1547 1526 cruciﬁxum;
1615 1459 1710 1513 sed
1772 1458 1953 1512 bonus
2015 1456 2155 1511 odor

528 1571 722 1608 sumus
763 1555 900 1619 Deo,
946 1553 1080 1623 quia
1122 1569 1254 1607 crux
1304 1552 1507 1607 Christi
1548 1551 1758 1606 Iudaeis
1802 1551 2150 1617 scandalum,

525 1649 728 1702 Graecis
778 1647 1010 1702 stultitia
1069 1665 1082 1700 :
1138 1647 1300 1700 nobis
1355 1651 1552 1700 autem
1606 1647 1784 1701 virtus
1835 1647 1932 1700 Dei
1983 1651 2154 1715 atque

525 1740 801 1810 sapientia
831 1744 935 1794 est.
981 1741 1095 1794 lloc
1123 1740 1353 1794 vulnere
1384 1740 1630 1795 Ecclesia
1660 1737 1917 1810 1023
1958 1738 2150 1793 vulne-

526 1837 707 1899 ratur,
757 1849 886 1887 cum
929 1833 1234 1887 Salvatoris
1279 1833 1364 1886 sui
1414 1832 1686 1902 prmdicat
1734 1835 2006 1900 mortem;
2057 1810 2232 1886 sedB

528 1927 630 1980 hoc
657 1927 860 1980 vulnus
887 1930 971 1980 est
1012 1925 1319 1980 charitatis.
1365 1927 1617 1996 Denique
1659 1926 1756 1996 qui
1798 1942 1915 1980 non
1953 1924 2153 1991 credit,

528 2025 730 2089 negat;
779 2019 880 2090 qui
932 2019 1138 2090 diligit,
1184 2020 1507 2074 conﬁtetur.
1566 2018 1904 2073 Manichzeus
1955 2022 2152 2089 negat,

526 2113 876 2167 Christianus
911 2113 1143 2174 fatetur,
1188 2119 1244 2168 et
1284 2113 1411 2167 ideo
1449 2113 1726 2183 scriptum
1766 2116 1890 2166 est:
1938 2111 2156 2166 «Utilia

526 2208 759 2261 vulnera
821 2207 1019 2275 amici,
1086 2223 1259 2276 quam
1324 2206 1638 2260 voluntaria
1694 2205 1885 2260 oscula
1940 2205 2155 2260 inimici

529 2303 732 2368 (Prov.,
779 2316 945 2367 xxvn,
999 2302 1074 2362 6).
1126 2321 1154 2350 ››
1208 2300 1448 2354 Pulchre
1489 2316 1627 2370 ergo
1669 2299 1806 2354 dicit
1852 2299 2097 2354 Ecclesia
2138 2315 2150 2351 :

529 2416 555 2441 u
601 2394 743 2457 Quia
771 2394 1062 2448 vulnerata
1088 2393 1376 2449 charitatis
1405 2409 1515 2463 ego
1543 2409 1668 2447 sum
1696 2394 1900 2461 (Cant,
1933 2409 1992 2460 ιι,
2021 2390 2093 2462 5).
2123 2413 2151 2440 ››

602 2491 685 2540 17.
719 2486 1011 2540 Nudemus
1037 2486 1293 2541 membra
1321 2489 1510 2541 nostra
1537 2487 1687 2540 bono
1716 2485 1958 2552 vulneri,
1983 2485 2157 2540 nude-

527 2595 655 2656 mus
703 2580 923 2651 sagittae
957 2581 1167 2635 electze.
1215 2579 1434 2651 Sagitta
1474 2580 1592 2634 haec
1632 2579 1885 2636 Christus
1927 2583 2029 2646 est,
2059 2578 2154 2649 qui

525 2672 659 2728 dicit
704 2689 717 2727 :
766 2695 794 2722 ‹‹
840 2672 1029 2728 Posuit
1074 2689 1165 2727 me
1209 2673 1351 2728 sicut
1397 2672 1668 2743 sagittam
1713 2673 1952 2728 electam
2001 2675 2152 2740 (Isa.,

527 2783 668 2836 xmx,
712 2769 790 2834 2).
825 2790 853 2817 ››
898 2768 1116 2821 Bonum
1155 2772 1240 2821 est
1279 2783 1417 2838 ergo
1453 2766 1560 2821 hac
1599 2767 1883 2822 vulnerari
1927 2765 2152 2836 sagitta.

525 2861 649 2914 Non
705 2860 1012 2914 mediocris
1089 2860 1405 2915 mansionis
1471 2860 1573 2914 iste
1637 2875 1972 2931 processus;
2042 2875 2155 2913 non

524 2969 723 3009 omnes
749 2955 993 3024 possunt
1017 2953 1204 3008 dicere
1243 2954 1377 3024 quia
1406 2954 1682 3008 vulnerati
1721 2959 1855 3008 sunt
1895 2953 2151 3008 dilectio-

526 3046 633 3100 nis.
661 3046 934 3102 Dicebant
957 3046 1199 3116 apostoli
1221 3062 1351 3101 cum
1372 3063 1478 3117 pro
1499 3046 1719 3103 Christo
1743 3046 2152 3117 lapidarentur,

2257 522 2340 572 tes
2366 517 2550 571 nuntii
2590 516 2828 570 dicunt:
2868 536 2894 563 α
2926 515 3023 567 Via
3068 514 3244 583 regali
3286 512 3519 579 ibimus,
3557 529 3668 565 non
3706 513 3886 566 diver-

2257 615 2442 666 temus
2479 610 2739 673 dextera,
2772 623 2956 678 neque
2997 606 3241 672 sinistra,
3280 605 3654 676 quoadusque
3703 609 3883 659 trans-

2256 721 2450 760 eamus
2497 702 2768 760 terminos
2808 705 2936 755 tuos
2979 703 3188 766 (Num,
3229 716 3320 766 xx,
3371 703 3538 765 17).»
3579 700 3692 753 Hoc
3735 699 3886 752 dixe-

2256 801 2392 853 runt
2429 797 2588 852 missi
2638 815 2670 850 a
2715 798 2897 866 Moyse
2945 794 3135 849 nuntii
3179 794 3249 848 ad
3289 808 3486 863 regem
3535 793 3731 861 Edom,
3780 793 3884 846 hoc

2255 897 2341 947 est
2367 896 2682 957 terrenum,
2710 889 2842 960 quia
2871 893 3104 943 terrena
3128 888 3342 949 omnia,
3375 886 3490 940 sive
3535 887 3591 940 in
3629 887 3883 954 dextera,

2254 986 2367 1040 sive
2413 986 2469 1040 in
2501 985 2748 1052 sinistra,
2792 983 2942 1036 mala
2979 987 3131 1036 sunt.
3166 981 3304 1035 Mala
3349 979 3568 1034 mansio
3617 979 3887 1050 insipien-

2256 1079 2356 1144 tia,
2383 1079 2528 1132 mala
2557 1077 2774 1132 mansio
2815 1076 3276 1146 intemperantia,
3312 1077 3370 1127 et
3404 1073 3530 1128 ideo
3573 1074 3888 1143 pertransit

2257 1173 2358 1226 has
2400 1171 2720 1226 mansiones
2760 1170 3053 1238 Hebraeus;
3105 1185 3222 1223 non
3262 1167 3492 1222 divertit
3530 1167 3600 1220 ad
3639 1182 3753 1233 eas,
3783 1166 3884 1220 sed

2258 1269 2582 1341 pertransit,
2615 1272 2679 1322 ut
2724 1267 3019 1338 perveniat
3059 1267 3133 1320 ad
3176 1265 3457 1319 sinistram
3505 1262 3794 1334 sapientiae
3831 1267 3887 1316 et

2258 1363 2575 1429 dexteram,
2606 1367 2660 1416 et
2692 1363 2749 1415 in
2779 1361 2913 1432 ipsis
2950 1365 3200 1429 maneat,
3227 1359 3323 1413 ubi
3367 1358 3578 1413 divitia:
3608 1356 3881 1427 simplici-
3953 1429 3955 1431 _

2256 1457 2404 1522 tatis,
2449 1455 2541 1510 ubi
2579 1455 2783 1526 gloria,
2825 1454 2920 1509 ubi
2961 1453 3258 1525 longitudo
3303 1453 3433 1506 vita:
3477 1456 3583 1506 est.
3627 1472 3653 1499 α
3683 1449 3886 1520 Longi-

2257 1550 2392 1604 tudo
2422 1549 2576 1604 enim
2603 1548 2731 1602 vitae
2771 1548 2831 1601 in
2875 1547 3111 1603 dextera
3140 1547 3285 1617 ejus,
3315 1565 3344 1597 ι)
3373 1550 3436 1599 ut
3461 1546 3540 1600 ait
3567 1545 3838 1600 Salomon
3871 1565 3879 1594 :

2259 1665 2286 1691 ‹‹
2326 1645 2386 1698 ln
2413 1642 2640 1697 sinistra
2668 1647 2858 1696 autem
2887 1641 3011 1710 ejus
3036 1640 3243 1695 divitiae
3269 1645 3326 1693 et
3353 1638 3539 1709 gloria
3570 1641 3774 1707 (Prov.,
3805 1653 3880 1704 ιιι,

2259 1739 2366 1804 16).
2403 1757 2430 1786 »
2460 1738 2520 1791 ln
2553 1736 2789 1790 dextera
2831 1735 2943 1788 vita
2979 1739 3083 1800 est,
3120 1734 3178 1788 in
3218 1733 3445 1787 sinistra
3479 1731 3720 1802 requies.
3761 1731 3882 1786 Uti-

2259 1847 2392 1885 nam
2426 1845 2594 1900 super
2623 1829 2914 1883 sinistram
2946 1829 3070 1898 ejus
3105 1828 3481 1898 requiescam,
3513 1842 3586 1880 ne
3628 1840 3883 1896 quaram

2257 1923 2580 1979 cervicalia!
2616 1944 2644 1970 «
2677 1924 2770 1976 Vae
2798 1922 2954 1977 enim
2995 1921 3061 1976 iis
3093 1922 3190 1991 qui
3227 1923 3462 1975 assuunt
3503 1919 3823 1984 cervicalia,
3854 1942 3881 1968 »

2258 2017 2511 2073 Ezechiel
2563 2016 2698 2070 dicit
2753 2017 2992 2084 (Ezech.,
3061 2031 3186 2083 xm,
3238 2018 3343 2084 18).
3401 2015 3509 2068 Has
3562 2013 3884 2067 mansiones

2256 2115 2538 2182 praeparat
2579 2109 2839 2164 Ecclesiae
2879 2126 2998 2163 suae
3037 2108 3222 2164 bonus
3263 2109 3487 2176 ductor,
3531 2111 3588 2161 et
3626 2123 3731 2177 per
3768 2107 3885 2160 vias

2257 2203 2550 2275 sapientiae
2579 2203 2774 2274 dirigit
2803 2203 2911 2257 iter
2940 2202 3080 2272 ejus.
3125 2201 3379 2273 Denique
3423 2199 3617 2255 laudat
3652 2199 3886 2270 Sapiens

2257 2298 2371 2352 vias
2407 2299 2528 2368 ejus
2558 2313 2570 2352 :
2603 2319 2630 2346 ‹‹
2661 2297 2771 2351 Via:
2813 2296 2937 2367 ejus
2971 2296 3074 2350 via:
3112 2296 3300 2364 bonae,
3332 2298 3388 2351 et
3425 2310 3625 2349 omnes
3665 2293 3884 2348 semitm

2257 2392 2379 2461 ejus
2405 2391 2463 2446 in
2489 2406 2630 2463 pace
2659 2392 2862 2458 (Prom,
2895 2406 2975 2456 Ill,
3010 2395 3115 2455 17).
3147 2411 3173 2439 ››

2326 2486 2416 2539 20.
2470 2484 2575 2539 Sed
2637 2483 2770 2554 quia
2815 2482 3108 2554 sapientia,
3164 2483 3449 2550 honestas,
3504 2481 3748 2546 claritas,
3805 2481 3884 2534 ita

2258 2578 2525 2648 perfecta:
2581 2582 2731 2642 sunt,
2777 2577 2822 2629 si
2887 2575 3135 2630 habeant
3183 2574 3540 2641 charitatem,
3591 2573 3888 2645 plenitudo

2257 2670 2410 2726 enim
2457 2671 2598 2742 legis
2641 2669 2884 2724 Charitas
2938 2675 3021 2724 est
3065 2673 3260 2731 (Rom,
3309 2685 3424 2736 xm,
3476 2670 3580 2739 10),
3631 2667 3886 2721 suscitari

2258 2769 2315 2819 et
2358 2763 2679 2819 resuscitari
2721 2762 2842 2816 vult
2888 2763 3256 2830 charitatem;
3305 2753 3559 2816 sdiscitari
3599 2761 3656 2814 in
3701 2761 3888 2814 Veteri

2255 2860 2643 2924 Testamento,
2681 2857 3007 2912 resuscitari
3037 2855 3298 2928 1024
3324 2856 3382 2909 in
3422 2856 3592 2909 Novo.
3627 2875 3654 2902 ι(
3682 2854 3885 2908 Chari-

2257 2959 2342 3007 tas
2363 2953 2513 3007 Deus
2538 2955 2641 3020 est,
2675 2973 2702 3000 »
2735 2954 2797 3004 ut
2834 2951 3082 3022 legimus
3113 2953 3152 3017 (l
3192 2953 3375 3012 Joun.,
3409 2966 3482 3015 ιν,
3518 2952 3608 3016 8);
3637 2948 3887 3002 charitas

2255 3045 2512 3101 Christus
2560 3051 2661 3100 est.
2713 3044 3029 3100 Suscitatur
3075 3049 3346 3115 tanquam
3396 3042 3504 3112 leo,
3561 3045 3618 3096 et
3667 3041 3888 3096 catulus

524 3143 581 3193 et
614 3139 899 3194 Christum
934 3138 1333 3208 praedicarent.
1374 3139 1605 3195 Dicebat
1648 3140 1850 3194 Paulus
1895 3155 2025 3194 cum
2068 3141 2157 3193 ter
2177 3177 2231 3251 Ο
2258 3139 2452 3207 leonis,
2484 3143 2545 3192 ut
2572 3139 2727 3194 Judm
2767 3137 3036 3193 ascendat
3074 3153 3143 3192 ex
3189 3137 3470 3208 germine.
3501 3135 3888 3190 Resuscitatur

525 3231 698 3302 virgis
749 3231 1086 3299 mederetur,
1131 3237 1188 3287 et
1233 3232 1322 3288 die
1369 3249 1433 3286 ac
1467 3238 1632 3288 nocte
1678 3233 1965 3290 Christum
2015 3231 2152 3286 ado-

523 3326 769 3380 randum
801 3325 1068 3397 gentibus
1094 3325 1429 3397 disputaret.
1457 3327 1666 3381 Dicunt
1706 3327 1815 3382 hoc
1853 3331 2151 3396 martyres,

524 3419 622 3490 qui
680 3419 1052 3474 vulnerantur
1106 3436 1211 3490 pro
1267 3419 1519 3487 Christo,
1575 3426 1634 3474 et
1683 3419 1819 3490 quia
1867 3420 2152 3474 vulnerari

521 3528 626 3583 pro
653 3511 774 3582 ejus
800 3515 1135 3567 meruerunt
1160 3513 1413 3580 nomine,
1443 3514 1570 3583 plus
1597 3513 1864 3584 diligunt.

596 3609 682 3661 18.
715 3606 797 3660 Ad
842 3606 988 3660 hanc
1031 3623 1168 3678 ergo
1209 3606 1442 3661 veniens
1485 3606 1840 3660 mansionem
1888 3607 2150 3672 Ecclesia,

521 3700 588 3753 ad
619 3700 769 3754 hunc
799 3715 1144 3770 processum,
1181 3707 1241 3756 ut
1268 3715 1374 3771 pro
1411 3699 1633 3754 Christo
1668 3699 1808 3754 ﬁlios
1847 3715 1978 3755 suos
2012 3698 2150 3754 olfe-

522 3799 631 3860 rat,
671 3799 736 3848 ut
768 3794 1007 3864 excipiat
1042 3794 1276 3849 vulnera
1305 3793 1614 3862 charitatis,
1655 3793 1816 3864 quasi
1843 3793 1991 3848 bona
2018 3793 2152 3848 ﬁdei

520 3886 794 3942 alimenta
857 3888 1184 3958 reperiens,
1242 3886 1578 3958 pietatisque
1640 3886 1857 3940 fructus
1907 3887 2155 3957 gustavit

521 3982 662 4050 ipsa,
695 3986 749 4034 et
792 3981 1014 4034 hortari
1059 3980 1226 4050 cmpit
1267 3985 1517 4046 caeteros,
1562 3979 1794 4035 dicens:
1835 4003 1863 4028 ‹‹
1898 3981 2150 4045 Gustate,

519 4078 577 4126 ct
604 4073 789 4128 videte
821 4072 1087 4144 quoniam
1117 4073 1301 4127 suavis
1340 4078 1425 4127 est
1458 4073 1736 4128 Dominus
1763 4075 1929 4142 (Psal.
1963 4090 2148 4140 xxxm,

521 4170 597 4220 9).
633 4187 660 4213 »
684 4196 748 4204 ——
768 4187 794 4213 ‹‹
817 4168 966 4222 Sicut
995 4167 1198 4220 malum
1227 4165 1426 4232 (Cant.,
1455 4182 1512 4228 ιι,
1535 4169 1612 4232 3).
1637 4189 1663 4216 ››
1693 4168 1761 4220 Et
1781 4167 1837 4220 in
1860 4168 2010 4222 malo
2036 4168 2153 4220 vul-

521 4275 626 4311 nus
648 4261 751 4324 est,
774 4257 872 4312 sed
896 4265 1086 4312 tamen
1115 4274 1282 4312 suave
1310 4263 1413 4313 est.
1445 4258 1610 4313 Venit
1628 4259 1838 4314 iterum
1857 4259 1926 4314 ad
1948 4260 2150 4314 vallem

521 4351 836 4420 botryonis,
866 4351 1005 4406 vidit
1031 4351 1283 4422 ingentis
1311 4368 1476 4406 uvam
1506 4352 1943 4423 magnitudinis,
1975 4368 2149 4423 quam

519 4445 632 4497 duo
683 4450 906 4515 portare
954 4445 1042 4498 vix
1094 4450 1386 4515 poterant;
1436 4461 1580 4500 unus
1632 4445 1728 4516 qui
1780 4445 2148 4516 praecederet,

2258 3238 2320 3287 ut
2367 3233 2682 3300 dormiens,
2732 3239 2797 3287 ut
2843 3231 3201 3299 recumbens,
3247 3231 3384 3302 quia
3432 3247 3549 3285 non
3604 3230 3882 3294 humana,

2254 3328 2348 3382 sed
2382 3344 2484 3382 sua
2505 3333 2561 3382 et
2585 3327 2765 3382 Patris
2795 3327 3093 3397 majestate
3120 3329 3205 3380 est
3234 3325 3533 3380 suscitatus
3557 3341 3590 3378 a
3617 3324 3882 3378 mortuis.

2255 3421 2413 3476 Unde
2461 3422 2541 3476 ait
2584 3421 2879 3491 Scriptura
2915 3442 2926 3474 :
2960 3441 2987 3469 «
3017 3420 3153 3483 Quis
3191 3418 3480 3473 suscitabit
3515 3419 3674 3472 illum
3707 3419 3885 3485 (Gem,

2254 3531 2396 3581 thx,
2431 3516 2525 3583 9)?
2562 3534 2590 3565 »
2636 3515 2759 3568 Non
2810 3513 2965 3568 enim
3009 3517 3234 3584 poterat
3276 3512 3439 3567 illum
3482 3515 3582 3566 aut
3621 3511 3883 3582 angelus,

2253 3613 2353 3663 aut
2398 3612 2651 3680 potestas
2701 3608 2969 3662 suscitare
3008 3607 3213 3673 aliena,
3257 3622 3389 3660 cum
3443 3606 3562 3676 ipse
3615 3605 3755 3659 alios
3801 3621 3887 3660 re-

2255 3702 2572 3757 suscitaret.
2616 3703 2764 3772 Ergo
2799 3717 2930 3756 cum
2971 3701 3064 3755 hic
3105 3701 3280 3755 dicit:
3319 3720 3348 3749 «
3375 3699 3427 3754 Si
3456 3698 3882 3766 suscitaveritis,

2255 3799 2354 3850 aut
2394 3794 2858 3849 resuscitaveritis
2903 3794 3242 3850 charitatem
3290 3809 3590 3865 usquequo
3641 3793 3888 3846 voluerit

2256 3890 2462 3956 (Cant.,
2496 3904 2556 3956 ιι,
2588 3889 2665 3954 7),
2699 3909 2726 3936 »
2758 3886 2829 3943 de
2868 3886 2935 3941 iis
2967 3887 3104 3941 dicit
3131 3886 3228 3958 qui
3260 3886 3734 3941 resurrectionem
3762 3887 3888 3956 ejus

2253 3985 2491 4051 possunt
2532 3996 2782 4051 congrue
2819 3979 3156 4051 praedicare,
3199 3983 3265 4033 ut
3311 3979 3678 4034 audientibus
3721 3979 3888 4033 ardo-

2252 4090 2375 4129 rem
2424 4074 2555 4128 ﬁdei
2601 4080 2657 4128 et
2698 4073 3019 4128 devotionis
3053 4073 3386 4128 accendant.
3439 4073 3532 4126 Vel
3579 4072 3887 4126 suscitatur

2252 4167 2506 4222 Christus
2541 4168 2600 4221 in
2639 4167 2709 4221 iis
2746 4168 2845 4238 qui
2879 4167 3130 4238 primum
3174 4166 3479 4233 accedunt;
3513 4165 3887 4221 resuscitatur

2252 4260 2309 4314 in
2345 4261 2416 4314 iis
2456 4261 2553 4332 qui
2593 4264 2895 4331 postquam
2940 4259 3300 4328 accesserint,
3334 4259 3712 4314 dormierunt.
3742 4261 3882 4314 Dor-

2251 4354 2355 4408 mit
2404 4369 2543 4424 ergo
2591 4353 2847 4409 Christus
2891 4354 2950 4408 in
2999 4352 3441 4424 negligentibus,
3480 4352 3784 4408 suscitatur
3824 4353 3884 4408 in

2248 4446 2471 4502 sanctis.

518 4538 662 4590 alius
700 4538 794 4608 qui
835 4543 1185 4609 sequeretur.
1223 4539 1477 4594 Gustavit
1510 4539 1867 4609 mysterium,
1909 4539 2226 4620 gustavitD
2320 4542 2434 4595 21‘.
2484 4541 2658 4607 (Vers.
2709 4543 2824 4608 33.)
2872 4539 3053 4595 Habet
3101 4556 3240 4612 ergo
3292 4539 3542 4594 Ecclesia
3594 4555 3698 4610 per
3749 4555 3886 4610 quae

520 4630 575 4683 iu
602 4632 730 4684 Jesu
774 4632 943 4698 Nave,
987 4632 1232 4701 gustavit
1277 4633 1334 4686 in
1377 4633 1568 4699 Caleb,
1607 4632 1705 4704 qui
1747 4632 2010 4687 dicebant
2045 4650 2149 4704 po-

520 4723 653 4794 pulo
696 4741 708 4776 :
759 4746 785 4772 «
827 4723 1082 4778 Vidimus
1128 4729 1338 4779 terram
1387 4726 1771 4796 proﬂuentem
1812 4727 1924 4782 mel
1972 4732 2029 4781 et
2065 4728 2152 4782 lac

520 4819 724 4897 (.Num”
770 4833 884 4884 xm,
914 4818 1029 4884 28).
1064 4841 1090 4867 »
1132 4818 1376 4886 Gustate,
1423 4827 1480 4874 et
1518 4819 1708 4874 videte
1749 4836 1925 4890 quam
1969 4821 2150 4875 suavis

519 4916 604 4964 est
633 4911 924 4964 Dominus.

594 5007 677 5058 19.
705 5006 772 5059 Et
816 5003 1036 5058 addidit
1076 5005 1319 5059 Ecclesia
1361 5004 1549 5059 dicere
1579 5021 1591 5058 :
1627 5025 1654 5057 «
1690 5006 1852 5061 Laeva
1892 5007 2015 5076 ejus
2045 5007 2149 5061 sub

517 5097 700 5168 capite
746 5113 894 5166 meo,
927 5101 985 5150 ct
1019 5098 1253 5152 dextera
1297 5097 1420 5168 ejus
1450 5099 1862 5170 complectetur
1889 5117 2006 5154 me.
2032 5100 2147 5154 Ad-

510 5191 692 5258 juravi
724 5207 835 5257 vos,
870 5191 1000 5244 lilize
1037 5191 1368 5259 Jerusalem,
1400 5191 1458 5244 in
1503 5192 1803 5247 virtutibus
1833 5196 1890 5247 et
1927 5193 2150 5248 fortitu-

518 5283 749 5336 dinibus
799 5284 952 5353 agri;
1001 5284 1046 5337 si
1098 5284 1529 5352 suscitaveritis,
1579 5291 1635 5340 et
1689 5286 2148 5341 resuscitaveritis

518 5375 851 5429 charitatem
891 5394 1184 5448 usquequo
1229 5378 1467 5432 voluerit
1505 5378 1708 5448 (Cunt.,
1739 5396 1794 5448 ιι,
1834 5383 1884 5446 ϐ,
1916 5383 1989 5444 7).
2023 5402 2050 5429 ››
2082 5381 2148 5434 Et

520 5468 637 5520 ista:
667 5468 990 5522 mansiones
1016 5474 1149 5524 sunt
1173 5471 1263 5523 via
1291 5471 1466 5540 regali
1499 5471 1818 5524 incedentis
1861 5473 2139 5528 Ecclesiae.

519 5584 542 5607 α
586 5561 770 5615 Multae
791 5563 944 5616 enim
963 5569 1092 5617 sunt
1116 5564 1438 5619 mansiones
1457 5564 1608 5634 apud
1631 5565 1849 5620 Patrem
1873 5581 2089 5636 meum,
2118 5589 2144 5617 »

516 5655 852 5708 testiﬁcatur
878 5655 1155 5711 Dominus
1179 5659 1338 5711 Jesus
1365 5659 1562 5727 (Joun.,
1592 5674 1701 5727 xw,
1723 5663 1799 5728 2),
1832 5665 1887 5713 et
1910 5677 1922 5714 :
1957 5683 1984 5710 ‹‹
2011 5663 2146 5716 Ecce

519 5749 704 5814 venio,
749 5753 803 5802 et
853 5766 1077 5805 accerso
1131 5767 1229 5805 vos
1273 5752 1459 5818 (lbid.,
1509 5755 1585 5812 3).
1636 5774 1660 5800 ››
1719 5753 1873 5807 Bona
1925 5756 2146 5809 mansio

517 5843 826 5914 sapientiae,
876 5849 926 5896 et
976 5844 1090 5898 sive
1147 5845 1199 5898 in
1255 5845 1393 5898 laeva
1437 5845 1577 5914 ejus,
1625 5845 1738 5901 sive
1788 5846 1843 5902 in
1889 5849 2140 5916 dextera,

2255 4633 2576 4705 gradiatur;
2608 4633 2778 4689 habet
2805 4635 3123 4689 habitacula
3153 4635 3538 4701 mansionum,
3571 4633 3626 4687 in
3673 4633 3887 4704 quibus

2253 4727 2623 4799 requiescunt
2662 4728 2862 4796 sancti,
2911 4727 2980 4783 de
3027 4728 3234 4798 quibus
3284 4727 3382 4782 iste
3423 4731 3511 4781 est
3554 4728 3651 4798 qui
3690 4727 3828 4780 dicit
3869 4745 3884 4782 :

2257 4843 2285 4870 α
2324 4822 2530 4892 Legem
2554 4821 2695 4876 mihi
2731 4822 3033 4888 constitue,
3065 4821 3322 4890 Domine,
3352 4822 3499 4875 viam
3525 4821 3886 4892 justitiarum

2252 4919 2504 4970 tuarum.
2558 4936 2586 4965 »
2642 4917 2793 4970 Bene
2853 4915 2950 4982 ait,
3000 4920 3209 4981 statue;
3263 4917 3328 4970 ut
3377 4916 3435 4969 in
3487 4918 3716 4986 pectore
3761 4915 3890 4985 ejus

2251 5007 2571 5063 immobilis
2620 5015 2678 5063 et
2728 5009 2837 5063 ﬁxa
2890 5013 3239 5079 permaneat,
3285 5024 3392 5062 nec
3442 5008 3635 5080 aliquo
3686 5009 3886 5062 saeculi

2250 5100 2499 5171 turbine,
2546 5101 2615 5155 ab
2672 5101 2794 5172 ejus
2843 5102 3192 5157 conveﬁatur
3236 5101 3472 5172 affectu,
3525 5105 3585 5156 ut
3634 5101 3752 5172 ipse
3797 5102 3887 5156 lex

2250 5194 2319 5248 sit
2355 5195 2481 5262 sibi,
2521 5212 2662 5265 opus
2701 5195 2918 5250 habens
2958 5195 3099 5267 legis
3140 5196 3414 5267 scriptum
3452 5195 3510 5249 in
3548 5197 3714 5250 corde
3754 5212 3883 5250 suo.

2323 5292 2408 5342 21.
2440 5291 2506 5343 Et
2525 5303 2787 5358 quaeram,
2811 5289 3018 5360 inquit,
3040 5290 3195 5344 illam
3218 5304 3444 5359 semper.
3473 5291 3595 5346 Non
3616 5291 3702 5342 est
3726 5289 3886 5344 enim

2250 5381 2536 5437 mediocre
2577 5383 2730 5452 quod
2769 5383 3080 5454 requiritur
3109 5383 3356 5454 paradisi
3397 5383 3594 5454 gratia,
3626 5381 3718 5436 Dei
3748 5398 3879 5453 reg-

2249 5491 2418 5543 num,
2484 5475 2820 5546 angelorum
2883 5477 3265 5545 consortium,
3326 5476 3884 5547 immortalitatisque

2250 5567 2620 5623 domicilium.
2687 5569 2810 5624 Non
2873 5585 3014 5640 ergo
3079 5587 3192 5624 uno
3253 5569 3343 5624 die
3405 5571 3707 5640 queritur,
3773 5585 3881 5622 nec

2247 5661 2488 5728 duobus,
2527 5667 2625 5716 aut
2669 5662 2863 5734 paucis
2906 5663 3231 5732 mensibus;
3274 5662 3368 5718 sed
3409 5663 3686 5733 quaeritur
3728 5678 3876 5716 sem-

2249 5771 2370 5825 per,
2415 5757 2471 5808 et
2511 5756 2787 5828 quaeritur
2824 5773 2929 5829 per
2967 5757 3185 5828 omnia,
3219 5760 3281 5810 ut
3319 5757 3655 5811 meritorum
3698 5756 3880 5810 multa

2245 5855 2585 5905 concurrant
2648 5850 2945 5922 suffragia;
3006 5857 3085 5906 διὰ
3151 5857 3322 5912 παντὸς
3371 5850 3526 5906 enim
3592 5856 3649 5905 et
3707 5864 3878 5904 omne
