4082 6186
157 343 171 389 1

1307 333 1661 390 EXPOSITIU
1701 335 1765 389 IN
1809 333 2124 390 PSALMUM
2165 337 2386 391 CXVIII.

3365 345 3499 396 I326

154 465 357 527 tempus
395 457 710 528 signiﬁcat,
743 462 800 512 et
838 474 944 529 per
979 458 1193 513 omnia.
1222 459 1363 512 Cum
1391 459 1527 514 dicit
1552 459 1727 529 igitur
1757 474 1770 513 :
1799 459 2097 541 AJudmus
2136 460 2194 514 in
2239 459 2411 514 corde
2459 459 2646 530 legem
2690 476 2804 514 non
2843 465 3054 528 servat;
3099 463 3196 516 sed
3243 463 3301 517 in
3340 465 3498 518 labiis

157 576 174 598 ιε
209 551 469 614 Qum-am
510 567 764 622 semper,
798 573 822 602 υ
871 552 994 606 sine
1037 551 1148 605 ﬁne
1186 552 1321 607 dicit
1361 568 1481 607 esse
1516 568 1773 623 qureren-
1806 558 1813 563 '

151 645 284 697 dum.
336 644 457 698 Sed
511 660 634 699 non
679 645 816 700 satis
873 652 960 701 est
999 661 1282 717 quaerere,
1328 645 1437 700 nisi
1491 646 1772 715 intelligas

149 737 280 807 quod
305 738 589 808 requiris.

201 833 278 884 22.
315 832 496 901 (Vers.
535 834 648 902 34.)
689 832 934 904 Ideoque
975 833 1055 887 ait
1087 849 1100 888 :
1133 837 1211 888 Du
1251 834 1387 887 mihi
1418 833 1770 895 intellectum,

142 931 182 978 et
214 926 612 993 persamtubor
657 927 823 995 legem
866 933 1036 989 tuam,
1081 932 1133 982 et
1173 927 1472 981 custodiam
1513 927 1669 980 illam
1711 929 1771 981 in

141 1025 232 1070 tota
257 1019 419 1072 corde
445 1035 589 1074 ineo.
618 1020 1003 1088 Quaerendum
1032 1021 1302 1092 primum,
1334 1019 1542 1074 deinde
1571 1020 1772 1075 intelli-

140 1110 378 1179 gendum
405 1114 1016 1185 perscrutandumque
1043 1113 1187 1184 legis
1214 1129 1387 1168 omne
1416 1113 1768 1184 mysterium,

137 1211 180 1257 et
205 1205 261 1258 in
287 1206 476 1260 corde
503 1207 963 1262 custodiendum.
993 1207 1124 1270 Quis
1149 1213 1340 1262 autem
1369 1212 1558 1277 potest
1587 1213 1773 1261 custo-

137 1299 237 1350 dire
289 1299 501 1369 legem
560 1301 683 1366 Dei,
731 1300 842 1354 nisi
894 1301 1245 1356 intellectum
1293 1300 1615 1371 acceperit?
1663 1300 1770 1364 Qui

135 1395 309 1445 autem
337 1391 634 1464 intelligit
659 1397 716 1447 et
743 1396 1046 1462 scrutatur,
1079 1392 1389 1448 scrutando
1423 1393 1482 1447 in
1510 1392 1772 1448 semitam

137 1484 548 1540 mandatorum
579 1486 905 1541 deducitur.
934 1489 993 1541 In
1033 1503 1145 1557 quo
1183 1486 1323 1541 illud
1362 1486 1770 1541 advertendum

137 1578 247 1646 quia
283 1577 377 1632 lex
429 1585 523 1632 est
547 1579 789 1649 justitia,
821 1579 1156 1634 mandatum
1191 1578 1496 1649 judicium,
1528 1578 1674 1633 sicut
1715 1583 1773 1633 et

137 1671 184 1723 in
222 1671 324 1724 hac
370 1672 584 1726 littera
626 1673 891 1742 legimus.
937 1673 1032 1726 Est
1069 1672 1211 1743 legis
1251 1673 1340 1726 via
1382 1678 1527 1727 stare
1567 1671 1626 1726 in
1670 1672 1772 1726 viis

138 1765 292 1832 legis;
323 1768 421 1818 est
449 1767 549 1819 via
579 1765 932 1835 justitiamm
967 1766 1284 1821 secundum
1313 1766 1565 1837 primum
1596 1766 1769 1819 versi-

136 1858 329 1912 culum.
369 1859 481 1912 Est
526 1874 667 1930 ergo
707 1864 764 1915 et
806 1859 1271 1914 testimoniorum
1319 1859 1408 1913 via
1449 1876 1463 1913 :

139 1951 597 2006 testimoniorum
643 1955 870 2006 tuorum
911 1952 1231 2008 delectabar
1259 1952 1424 2022 (vers.
1468 1953 1572 2022 14).
1615 1973 1642 2004 ι)
1680 1954 1774 2008 Est

142 2048 186 2097 et
229 2046 311 2098 via
360 2045 786 2100 mandatorum
834 2062 848 2100 :
899 2065 929 2098 «ι
979 2047 1139 2100 Viam
1190 2045 1590 2101 mandatorum
1643 2053 1768 2102 tuo-

141 2153 248 2191 rum
291 2139 536 2193 cucurri
576 2138 742 2208 (vers.
785 2140 894 2209 32).
936 2160 964 2188 ››
1011 2140 1433 2209 luterrogemus
1476 2155 1617 2210 ergo
1667 2140 1773 2194 has

141 2231 254 2297 vias,
300 2237 360 2287 ut
413 2232 657 2287 dicatur
701 2231 865 2286 nobis
909 2248 924 2286 :
971 2254 999 2282 ‹‹
1047 2231 1204 2287 State
1250 2233 1310 2287 in
1357 2232 1458 2287 viis
1506 2233 1671 2303 legis,
1717 2237 1773 2287 et

147 2325 479 2397 interrogate
538 2325 771 2380 semitas
825 2331 1100 2392 aeternas,
1152 2329 1211 2379 et
1256 2325 1444 2380 videte
1497 2341 1626 2396 quae
1682 2327 1772 2381 via

147 2418 342 2484 melior,
384 2425 447 2474 et
489 2418 788 2474 ambulate
829 2419 891 2473 in
932 2435 1000 2472 ea
1041 2420 1272 2488 (Jerem.,
1312 2435 1389 2486 v1,
1434 2421 1538 2487 16).
1569 2442 1596 2468 ››
1628 2422 1769 2476 Cum

149 2528 323 2566 omnes
373 2514 573 2583 igitur
628 2511 1114 2567 ambulaverimus
1166 2512 1304 2580 vias,
1359 2512 1653 2567 veniemus
1713 2514 1770 2567 in

153 2608 386 2660 omnium
428 2606 619 2661 ﬁnem
665 2605 908 2673 viarum,
953 2605 1050 2676 qui
1096 2605 1175 2660 ait
1217 2623 1230 2659 :
1280 2626 1308 2653 «
1353 2606 1472 2676 Ego
1515 2623 1642 2660 sum
1682 2607 1771 2661 via

162 2699 340 2762 (leum,
361 2716 474 2764 ιη,
498 2699 572 2768 6).
606 2720 637 2748 »ι
671 2697 928 2755 Christus
963 2714 1102 2768 ergo
1127 2697 1258 2754 ﬁnis
1291 2698 1513 2752 viarum
1549 2716 1560 2752 :
1593 2720 1621 2747 «
1649 2700 1770 2769 Ipse

175 2791 318 2844 enim
361 2795 443 2845 est
491 2792 617 2846 ﬁnis
669 2791 814 2862 legis
869 2791 943 2846 ad
984 2790 1267 2862 justitiam
1313 2791 1472 2846 omni
1520 2792 1770 2846 credenti

172 2885 339 2949 (Rom,
367 2900 419 2953 ι,
451 2889 524 2953 5).
553 2908 580 2934 n
614 2885 754 2939 Hinc
778 2884 960 2939 audeo
991 2884 1178 2939 dicere
1207 2884 1338 2954 quia
1369 2883 1500 2938 ﬁnis
1518 2884 1768 2955 justitia-

160 2992 271 3031 rum
305 2978 583 3048 Christus,
617 2977 716 3050 qui
755 2984 840 3032 est
862 2977 1111 3047 justitia;
1145 2977 1275 3032 ﬁnis
1314 2977 1771 3033 testimoniorum

149 3071 401 3138 Christus,
436 3071 514 3127 de
544 3087 664 3143 quo
702 3071 920 3126 dictum
960 3077 1044 3127 est
1077 3090 1089 3125 :
1124 3093 1152 3122 ιι
1178 3071 1368 3126 Estote
1399 3070 1540 3125 mihi
1576 3074 1767 3139 testes,

149 3169 198 3217 et
232 3181 338 3235 ego
378 3164 570 3231 testis,
613 3163 749 3220 dicit
786 3165 1076 3234 Dominus,
1116 3170 1173 3221 et
1211 3179 1356 3236 puer
1393 3180 1555 3220 meus
1597 3180 1769 3236 quem

145 3259 278 3328 elegi
303 3261 460 3327 (1511.,
487 3273 642 3324 XLIII,
674 3260 779 3326 10).
813 3280 842 3307 ››

207 3354 286 3406 23.
322 3351 693 3407 Advertimus
733 3351 911 3423 igitur
946 3353 1225 3423 quantum
1264 3351 1426 3406 nobis
1469 3351 1769 3406 ambulan-

142 3443 269 3498 dum
310 3445 405 3512 sit,
445 3449 516 3499 ut
552 3444 848 3500 veniamus
893 3445 962 3500 ad
1000 3444 1309 3500 Christum.
1347 3444 1771 3500 Ambulandum

137 3537 190 3590 in
217 3539 369 3609 lege,
403 3537 543 3609 quia
569 3538 697 3592 ﬁnis
725 3538 868 3609 legis
896 3537 1151 3594 Christus
1181 3544 1284 3593 est.
1317 3538 1452 3593 Sine
1480 3538 1608 3609 lege
1636 3554 1772 3608 ergo

139 3647 244 3685 non
269 3631 615 3703 pervenitur
647 3630 719 3685 ad
747 3631 1056 3687 Christum.
1089 3631 1250 3686 Unde
1288 3630 1659 3686 manifestum
1689 3634 1774 3685 est

138 3725 283 3794 quod
338 3723 622 3790 haeretici,
668 3725 768 3795 qui
819 3725 1006 3795 legem
1060 3723 1274 3780 Veteris
1321 3740 1439 3779 non
1489 3723 1774 3794 accipiunt

139 3818 514 3882 Testamenti,
566 3819 669 3871 etsi
725 3817 915 3873 dicant
968 3817 1123 3889 quod
1179 3817 1465 3873 Christum
1523 3821 1770 3883 teneant,

140 3915 324 3965 tamen
362 3927 483 3964 non
525 3910 743 3981 possint
779 3913 972 3967 tenere
1011 3911 1206 3979 ﬁnem,
1235 3909 1332 3982 qui
1367 3908 1622 3982 1025
1662 3910 1768 3964 ini-

137 4005 275 4058 tium
315 4021 439 4058 non
480 4004 785 4059 tenuerint.
820 4005 944 4075 Ipse
973 4006 1134 4059 Jesus
1165 4007 1247 4058 est
1282 4003 1507 4057 initium
1539 4008 1596 4058 et
1621 4002 1768 4058 ﬁnis.

137 4099 379 4167 Oportet
443 4097 621 4167 igitur
675 4102 736 4152 ut
795 4097 1154 4152 ambulemus
1209 4096 1524 4151 secundum
1581 4096 1769 4168 legem

139 4190 478 4260 spiritalem,
514 4195 580 4243 ut
616 4191 907 4245 veniamus
951 4190 1023 4244 ad
1064 4189 1206 4260 legis
1248 4190 1423 4244 finem
1464 4189 1787 4262 Dominum.

137 4283 352 4336 lesum.
377 4282 616 4352 Oportet
650 4287 711 4336 ut
746 4298 1056 4354 sequamur
1095 4281 1438 4349 testimonia,
1469 4286 1530 4335 ut
1567 4298 1768 4352 perve-

139 4378 254 4429 nire
287 4375 579 4446 possimus
614 4375 687 4429 ad
724 4391 1003 4446 magnum
1039 4375 1427 4430 testimonium
1464 4374 1769 4430 Dominum

138 4470 351 4522 lesum.
379 4469 619 4539 Oportet
646 4469 818 4523 etiam
857 4474 921 4523 ut
954 4469 1014 4523 in
1053 4469 1348 4539 praeceptis
1383 4467 1606 4524 Domini
1642 4484 1768 4523 am-

1508 1881 1536 1908 «
1579 1860 1640 1914 In
1683 1858 1772 1913 via
1791 1837 1848 1909 B

1873 551 2067 622 legem
2090 554 2309 620 recitat,
2333 559 2390 608 et
2407 553 2600 624 legem
2623 554 2866 623 ignorat.
2888 555 3177 624 Denique:
3204 576 3230 602 ‹‹
3253 557 3500 627 Populus

1872 645 1982 713 hic,
2024 645 2231 717 inquit,
2272 646 2433 700 labiis
2472 663 2564 702 me
2606 647 2888 715 honorat;
2930 663 3028 702 cor
3065 652 3260 703 autem
3300 664 3499 704 eorum

1873 739 2045 810 longe
2086 744 2169 794 est
2207 758 2241 795 a
2278 757 2373 795 me
2403 740 2555 811 (lsu.,
2594 756 2740 810 XXIX,
2782 742 2887 811 l3).
2916 762 2946 790 »
2977 740 3280 806 Quomodo
3320 748 3504 812 potest

1872 833 2064 904 legem
2093 837 2311 900 tenere,
2339 835 2438 906 qui
2463 835 2630 906 longe
2658 842 2742 890 est
2768 851 2800 888 a
2827 835 2965 906 legis
2991 836 3262 890 auctore?
3281 836 3502 890 Tertius

1872 928 2181 982 versiculus
2207 928 2346 999 quid
2373 929 2594 996 habeat,
2625 929 3071 984 consideremus.

1941 1025 2031 1075 25.
2087 1022 2258 1089 (Vers.
2303 1022 2414 1091 35.)
2460 1023 2642 1077 Deduc
2691 1039 2773 1078 me
2815 1025 2876 1076 in
2921 1026 3164 1078 semitam
3210 1023 3501 1078 mandato-

1869 1130 1992 1168 rum
2036 1120 2280 1177 tuo-rum,
2327 1118 2584 1184 quoniam
2625 1117 2772 1171 volui
2817 1131 2958 1170 eum.
3007 1117 3144 1179 Quis
3193 1117 3301 1170 hoc
3345 1117 3502 1185 dicit,

1872 1207 1983 1261 nisi
2026 1208 2123 1278 qui
2166 1209 2425 1279 sequitur
2461 1209 2784 1264 Christum?
2823 1209 2944 1263 Non
2981 1214 3170 1278 potest
3215 1209 3359 1264 alius
3397 1210 3503 1263 hoc

1873 1300 2084 1369 dicere,
2128 1301 2238 1356 nisi
2281 1302 2380 1372 qui
2430 1301 2570 1356 illud
2621 1303 2968 1373 exsequitur,
3018 1303 3173 1374 quod
3223 1303 3502 1373 scriptum

1873 1396 1960 1447 est
1997 1411 2011 1448 :
2057 1415 2084 1443 «
2129 1395 2255 1449 Post
2299 1394 2607 1450 Dominum
2651 1397 2826 1451 Deum
2874 1399 3038 1450 tuum
3081 1395 3402 1450 ambulabis
3450 1399 3507 1449 et

1872 1487 1977 1558 ipsi
2019 1487 2365 1556 adhmrebis;
2409 1487 2543 1558 quia
2590 1488 2708 1559 ipse
2755 1491 2812 1542 te
2858 1488 3101 1542 deducet
3144 1490 3343 1556 (Deut.,
3389 1505 3503 1555 xm,

1869 1580 1947 1650 4).
1988 1602 2014 1629 ››
2060 1581 2356 1645 Quomodo
2402 1581 2646 1636 deducat
2686 1581 2822 1635 audi
2869 1598 2882 1636 :
2937 1602 2964 1634 (ι
3006 1579 3120 1635 Nisi
3165 1580 3262 1651 qui
3308 1581 3505 1635 tulerit

1871 1690 2097 1730 crucem
2129 1691 2293 1729 suam
2322 1679 2380 1728 et
2408 1682 2535 1745 post
2565 1691 2658 1728 me
2687 1679 2913 1729 secutus
2936 1673 3130 1741 fuerit,
3157 1690 3275 1729 non
3301 1680 3386 1728 est
3410 1691 3504 1728 me

1871 1767 2077 1838 dignus
2119 1769 2359 1836 (Matth.,
2404 1785 2458 1834 x,
2507 1769 2615 1837 38).
2665 1791 2690 1816 ››
2737 1768 3009 1823 Praecedit
3051 1783 3188 1838 ergo
3231 1767 3502 1836 Christus,

1873 1866 1936 1915 ut
1982 1877 2086 1915 nos
2133 1877 2470 1931 sequamur,
2518 1861 2785 1932 praecedit
2833 1860 3103 1915 Verbum.
3152 1861 3502 1932 Principium

1872 1954 2131 2008 Christus
2183 1962 2300 2022 est;
2353 1955 2478 2008 ideo
2537 1953 2827 2024 Sapientia
2883 1954 3022 2008 dicit
3079 1972 3092 2007 :
3153 1973 3182 2002 ‹‹
3238 1954 3507 2008 Dominus

1871 2049 2082 2102 creavit
2115 2064 2207 2102 me
2241 2048 2587 2118 principium
2621 2047 2843 2101 viarum
2881 2063 3115 2101 suarum
3154 2047 3355 2117 (Ρνουη
3385 2063 3504 2117 vm,

1870 2140 1978 2211 22).
2014 2161 2043 2191 »
2080 2141 2438 2195 Advertimus
2475 2141 2632 2211 quod
2673 2145 2731 2195 et
2772 2139 3112 2211 principium
3144 2141 3420 2207 Christus,
3451 2146 3508 2196 et

1873 2233 2002 2288 ﬁnis
2040 2233 2262 2288 viarum
2302 2234 2390 2289 sit.
2433 2235 2552 2288 Non
2592 2249 2790 2288 vereor
2829 2250 2901 2288 ne
2943 2233 3071 2304 quis
3109 2234 3304 2288 dicat:
3337 2236 3502 2289 Crea-

1871 2331 1994 2382 tum
2021 2344 2159 2399 ergo
2193 2327 2480 2382 Christum
2507 2325 2752 2382 asseris‘?
2785 2325 3160 2398 Respondebo
3189 2343 3202 2380 :
3235 2329 3317 2382 Ita
3343 2344 3503 2382 crea-

1871 2427 1992 2477 tum
2047 2415 2196 2490 dico,
2247 2419 2739 2492 quemadmodum
2790 2420 2998 2474 factum
3054 2420 3186 2490 legi,
3240 2420 3347 2475 hoc
3399 2425 3503 2487 est,

1869 2514 2086 2569 factum
2116 2530 2179 2570 ex
2211 2513 2470 2582 muliere,
2492 2514 2704 2568 factum
2733 2513 2836 2568 sub
2866 2512 3014 2584 lege,
3039 2512 3144 2567 hoc
3173 2517 3277 2582 est,
3310 2529 3507 2568 secun-

1871 2608 2012 2663 dum
2039 2608 2463 2678 susceptionem
2489 2607 2678 2662 carnis
2704 2612 2985 2674 creatum,
3016 2607 3324 2661 secundum
3353 2607 3505 2677 quod

1871 2708 1956 2756 est
2002 2705 2170 2756 natus
2217 2717 2288 2755 ex
2335 2701 2586 2772 Virgine.
2633 2701 2868 2754 Creatus
2920 2705 3026 2766 est,
3073 2704 3138 2754 ut
3192 2699 3507 2755 redimeret

1871 2799 2191 2860 creaturas;
2239 2793 2416 2848 homo
2461 2793 2642 2848 factus
2684 2796 2788 2860 est,
2838 2795 2899 2844 ut
2940 2791 3207 2846 homines
3247 2809 3280 2845 a
3320 2797 3506 2846 morte

1869 2892 2146 2958 perpetua
2171 2885 2458 2940 liberaret.
2482 2887 2717 2941 Creatus
2743 2890 2847 2952 est,
2872 2889 2932 2938 ut
2958 2884 3074 2939 vias
3101 2884 3244 2939 mihi
3273 2884 3507 2939 demon-

1871 2984 2075 3034 straret
2113 2985 2381 3045 aeternas,
2411 2978 2617 3050 quibus
2653 2978 2826 3032 homo
2857 2976 3042 3033 redire
3071 2976 3250 3048 possit
3291 2977 3362 3031 ad
3401 2977 3504 3031 Dei

1871 3089 2136 3145 regnum.
2194 3073 2343 3142 Ergo
2398 3073 2532 3144 quia
2580 3070 2922 3143 principium
2977 3073 3061 3126 est
3115 3071 3332 3126 viarum
3380 3071 3503 3136 Dei,

1871 3165 1980 3220 hoc
2036 3165 2380 3236 principium
2435 3180 2766 3236 sequamur.
2819 3164 2979 3219 Prius
3027 3163 3174 3218 viam
3226 3163 3364 3218 Novi
3417 3164 3503 3218 in-

1874 3274 2100 3330 gressus
2145 3264 2230 3312 est
2273 3258 2642 3325 Testameuti,
2687 3263 2754 3314 ut
2801 3258 2860 3312 in
2904 3258 3009 3312 hac
3059 3257 3150 3312 via
3195 3255 3510 3312 devotionis

1876 3353 1982 3407 iter
2031 3351 2197 3407 nobis
2239 3355 2537 3408 sterneret.
2584 3351 2640 3408 Si
2678 3351 3033 3422 jejunamus,
3080 3355 3214 3406 ante
3261 3367 3367 3404 nos
3414 3351 3508 3404 ille

1868 3445 2173 3517 jejunavit;
2207 3446 2254 3500 si
2296 3461 2398 3517 pro
2437 3445 2666 3500 nomine
2709 3444 2936 3500 Domini
2974 3444 3320 3498 sustinemus
3353 3443 3503 3514 inju-

1873 3539 2006 3608 rias,
2052 3539 2207 3610 prius
2248 3539 2341 3592 ille
2386 3537 2652 3594 sustinuit
2696 3554 2797 3608 pro
2844 3540 3037 3592 nostra
3085 3535 3502 3607 redemptione.

1872 3632 2128 3689 Cervices
2171 3648 2302 3687 suas
2346 3632 2534 3702 posuit
2577 3631 2635 3686 in
2680 3631 2924 3702 ﬂagella,
2967 3631 3229 3685 maxillas
3273 3645 3406 3684 suas
3447 3630 3505 3682 in

1873 3727 2124 3799 palmas;
2167 3724 2420 3781 ascendit
2457 3739 2707 3792 crucem,
2742 3729 2802 3778 ut
2839 3724 3065 3778 doceret
3104 3727 3349 3777 mortem
3390 3739 3504 3777 non

1873 3835 1992 3875 esse
2033 3817 2427 3874 metuendam.
2471 3817 2726 3888 Denique
2774 3814 3035 3887 1026
3079 3817 3240 3886 quasi
3286 3831 3499 3886 praece-

1873 3913 2014 3968 dens
2039 3913 2119 3967 ait
2155 3913 2320 3968 Petro
2351 3929 2364 3966 :
2399 3931 2428 3961 ‹‹
2453 3911 2534 3965 Tu
2565 3926 2656 3964 me
2696 3924 2931 3980 sequere
2961 3908 3161 3978 (10am,
3190 3923 3300 3976 χχι,
3327 3909 3440 3975 22).
3473 3930 3500 3954 ››

1873 4008 1940 4061 Et
1975 4006 2103 4061 ideo
2131 4007 2329 4061 Petrus
2366 4019 2596 4060 cursum
2637 4002 3072 4070 consummavit,
3105 4001 3238 4072 quia
3279 4003 3505 4054 secutus

1872 4107 1955 4155 est
1982 4099 2291 4155 Christum.

1941 4195 2029 4248 26.
2073 4194 2245 4259 (Vers.
2290 4194 2401 4262 36.)
2443 4191 2708 4263 Sequitur
2744 4205 2938 4245 versus
2971 4191 3208 4261 quartus
3243 4203 3259 4242 :
3290 4187 3505 4243 Inclina

1869 4302 1960 4340 co-r
1996 4301 2170 4340 meum
2216 4288 2274 4338 in
2325 4287 2629 4340 testimonia
2674 4290 2788 4346 tua,
2831 4289 2881 4337 et
2928 4298 3034 4336 non
3079 4285 3138 4336 in
3185 4283 3505 4336 avaritiam.

1877 4375 2172 4432 Utilitatem
2197 4374 2290 4429 alii
2318 4373 2562 4442 habent;
2595 4378 2650 4427 et
2686 4375 2823 4443 puto
2859 4371 3015 4443 quod
3045 4371 3176 4425 ideo
3216 4372 3502 4424 mutatum

1871 4470 1961 4536 sit,
2004 4468 2140 4540 quia
2180 4468 2391 4522 utilitas
2430 4467 2598 4521 boum
2637 4466 2720 4519 rei
2761 4465 2984 4520 videtur
3021 4480 3142 4518 esse
3183 4462 3505 4532 expetenda

141 4561 423 4630 bulemus,
462 4567 528 4616 ut
561 4561 958 4632 perveniamus
999 4561 1067 4617 ad
1112 4578 1384 4634 magnum
1425 4565 1852 4644 prmceptumD
1874 4562 2064 4634 potius
2095 4577 2267 4633 quam
2305 4559 2662 4615 declinanda.
2692 4557 2802 4612 Sed
2837 4555 2966 4629 quia
2997 4555 3254 4627 plerique
3283 4554 3505 4608 lucrum

143 4657 207 4709 de
244 4671 366 4727 quo
393 4655 615 4726 legistis
643 4673 656 4710 :
689 4676 717 4705 «
751 4656 974 4711 Dictum
1006 4661 1092 4710 est
1120 4654 1369 4728 antiquis
1406 4672 1419 4711 :
1459 4656 1583 4710 Non
1626 4656 1770 4710 occi-

141 4752 332 4814 des...;
363 4764 478 4818 ego
515 4752 708 4803 autem
737 4749 864 4804 dico
909 4747 1060 4803 vobis
1091 4749 1337 4820 (Matth.,
1371 4765 1423 4818 v,
1462 4751 1552 4818 21,
1591 4751 1708 4819 22);
1743 4768 1770 4799 ››

149 4843 246 4896 hoc
283 4847 392 4910 est,
427 4857 603 4912 super
641 4858 810 4897 omne
847 4834 1199 4913 prmceptum
1242 4842 1390 4896 dico.
1421 4843 1612 4914 Itaque
1657 4858 1772 4896 non

153 4935 503 5006 usurpatorie
558 4935 831 5004 dixerim,
881 4936 984 4991 sed
1040 4952 1202 5003 vere,
1261 4936 1395 5007 quia
1447 4936 1592 4990 sicut
1643 4941 1777 4991 sunt

152 5035 332 5084 sancta
383 5032 730 5098 sanctorum,
780 5029 857 5085 ita
912 5032 1265 5101 praeceptum
1321 5032 1404 5084 est
1458 5032 1771 5101 praecepto-

155 5138 292 5177 mm.

213 5218 302 5271 24.
355 5216 472 5272 Sed
527 5219 590 5270 ut
638 5215 742 5271 ista
794 5231 1017 5272 servare
1067 5215 1368 5287 possimus,
1421 5215 1773 5270 intellectum

159 5319 405 5377 petamus
445 5327 479 5364 a
521 5311 781 5365 Domino.
824 5309 1212 5381 lntelligamus
1254 5326 1383 5380 quae
1423 5309 1494 5363 sit
1533 5310 1772 5364 circum-

158 5405 299 5458 cisio.
325 5403 694 5459 Circumcidit
730 5404 890 5459 Jesus
924 5402 1168 5474 petrinis
1205 5403 1430 5475 gladiis,
1463 5408 1520 5458 et
1550 5403 1779 5457 abstulit

161 5498 517 5568 opprobrium
566 5497 787 5568 .Egypti
833 5513 866 5551 a
908 5497 1038 5551 ﬁliis
1081 5498 1269 5552 Israel.
1313 5497 1473 5551 Petra
1519 5495 1778 5552 Christus

163 5599 246 5644 est.
289 5591 670 5648 Circumcidat
719 5594 775 5645 te
826 5591 1068 5646 Verbum
1113 5589 1242 5658 Dei,
1291 5595 1348 5644 et
1395 5589 1617 5660 gladius
1665 5590 1778 5645 oris

163 5686 285 5753 ejus,
327 5690 388 5740 et
431 5686 509 5738 sic
552 5684 774 5756 A'Zgypti
814 5685 1036 5738 carebis
1079 5683 1407 5754 opprobrio.
1441 5685 1562 5738 Non
1602 5684 1780 5754 igitur

161 5779 417 5852 corporis,
461 5777 564 5833 sed
614 5776 800 5832 cordis
849 5775 1223 5847 intelligenda
1273 5781 1357 5831 est
1400 5776 1774 5832 circumcisio.

159 5871 204 5924 Si
243 5871 598 5932 intellexeris
636 5870 849 5940 legem,
890 5869 1136 5924 servabis
1176 5885 1305 5924 eam
1350 5870 1408 5925 in
1451 5869 1620 5925 corde
1658 5875 1776 5925 tuo.

1875 4655 2246 4727 pecuniarum
2293 4651 2595 4708 utilitatem
2642 4667 2804 4705 suam
2848 4654 3050 4721 putant
3095 4664 3239 4716 esse,
3282 4647 3416 4701 ideo
3460 4649 3504 4700 si

1875 4750 2120 4820 legimus
2154 4748 2468 4808 utilitatem,
2499 4762 2614 4800 non
2646 4745 2852 4798 anima!
2893 4743 3201 4798 utilitatem
3247 4741 3504 4811 accipere

1875 4842 2146 4898 debemus
2172 4840 2513 4912 prephetam
2541 4838 2852 4905 declinare,
2881 4836 2978 4891 sed
3006 4837 3306 4890 utilitatem
3342 4849 3504 4904 pecu-

1875 4936 2004 4992 nias.
2033 4936 2270 4990 Sanctus
2294 4933 2448 4988 enim
2485 4934 2639 4986 lucra
2676 4933 2781 4986 ista
2815 4948 2932 4986 non
2970 4930 3158 4998 novit;
3189 4927 3286 4982 sed
3314 4926 3504 4980 omnia

1877 5030 2000 5084 haec
2049 5029 2453 5083 detrimentum
2505 5025 2816 5080 arbitratur
2867 5031 2926 5079 ut
2977 5022 3265 5079 Christum
3320 5020 3502 5072 lucre-

1878 5130 1989 5177 tur.
2039 5123 2105 5176 Et
2155 5125 2325 5175 recte.
2375 5120 2528 5184 Quod
2587 5119 2740 5173 enim
2790 5123 3061 5189 putamus
3108 5116 3326 5168 lucrum
3381 5126 3503 5164 esse

1876 5216 2152 5288 pecunias,
2205 5215 2476 5268 damnum
2529 5219 2614 5268 est
2669 5211 2908 5278 anima-3;
2965 5209 3100 5281 quia
3149 5203 3372 5261 virtutis
3423 5210 3509 5259 est

1879 5309 2310 5364 detrimentum.
2348 5308 2493 5377 Ergo
2533 5305 2848 5361 secundum
2887 5321 2982 5358 eos
3020 5299 3114 5372 qui
3156 5301 3232 5352 ita
3269 5313 3502 5368 accepe-

1879 5407 2032 5470 runt,
2089 5407 2150 5455 ut
2200 5405 2362 5472 optet
2411 5400 2697 5471 Propheta
2749 5396 3021 5451 inclinare
3073 5409 3168 5445 cor
3225 5407 3393 5446 suum
3448 5391 3504 5445 in

1879 5494 2226 5561 testimonia,
2257 5497 2314 5547 et
2344 5509 2460 5546 non
2493 5493 2549 5546 in
2576 5490 2894 5554 avaritiam,
2924 5491 2977 5541 et
3005 5501 3109 5540 nos
3133 5484 3506 5556 congruimus

1880 5603 2132 5644 assensu.
2179 5589 2361 5657 Atque
2407 5585 2628 5640 utinam
2681 5597 2904 5653 precem
2955 5579 3136 5633 sancti
3177 5583 3504 5649 sequentes,

1879 5689 1938 5738 et
1961 5697 2189 5736 oremus
2219 5680 2373 5751 quod
2400 5679 2494 5732 ille
2527 5677 2724 5744 oravit,
2755 5679 2811 5728 et
2844 5674 2996 5745 quod
3033 5687 3286 5739 oramus,
3319 5672 3502 5725 imite-

1878 5792 2009 5831 mur
2047 5773 2278 5831 atl'ectul
2313 5772 2462 5838 Quid
2501 5771 2657 5825 enim
2699 5767 2841 5824 mihi
2885 5765 3117 5840 prodest
3157 5766 3200 5820 si
3242 5779 3400 5819 orem
3442 5769 3504 5816 ut

1880 5875 2094 5924 avertat
2132 5853 2237 5922 cor
2262 5882 2454 5920 meum
2488 5865 2635 5918 Deus
2667 5864 2736 5917 ab
2767 5862 3018 5930 avaritia,
3053 5865 3108 5914 et
3147 5860 3263 5930 ipse
3302 5857 3504 5912 diebus
