4082 6186
593 337 724 387 1327

2061 338 2116 391 S.
2157 334 2478 392 AMBROSII

3807 335 3946 388 l3‘28

581 471 645 510 ac
683 456 941 511 noctibus
984 458 1240 528 pecuniae
1281 474 1531 529 quaeram
1573 460 1956 531 compendia?
1993 461 2054 515 Si
2085 477 2208 516 ora-
2236 473 2291 544 Α
2314 460 2478 529 Erige
2517 460 2584 513 ad
2622 460 2826 513 coelum
2863 476 2875 512 :
2913 458 2994 511 vel
3029 461 3190 512 nocte
3231 457 3524 512 stellarum
3560 455 3812 523 monilia,
3845 472 3944 509 or-

585 566 711 603 inus
759 566 1046 620 sermone,
1093 553 1516 622 compatiamur
1563 558 1620 608 ct
1672 557 1885 608 mente.
1933 555 2108 608 Audit
2154 557 2212 607 et

583 659 812 699 sensum
852 648 1111 699 nostrum
1150 647 1330 713 Iesus,
1361 651 1418 700 et
1453 662 1796 717 cognoscens
1834 649 2050 702 duobus
2093 648 2211 702 istis

579 751 698 791 non
739 738 1063 807 convenire,
1101 739 1351 794 sermoni
1387 746 1443 794 et
1475 741 1790 812 cupiditati,
1821 758 1935 796 non
1974 741 2212 796 exaudit

572 828 931 900 loquentem.
958 833 1023 886 Et
1043 833 1169 888 ideo
1193 833 1292 905 qui
1319 834 1464 889 bene
1488 835 1713 890 volebat
1741 852 1922 902 orare,
1947 835 2166 892 dicebat
2192 851 2205 889 :

576 943 605 972 ‹‹
642 923 824 979 Orabo
868 925 1092 998 spiritu,
1125 927 1298 982 orabo
1338 933 1394 982 et
1435 933 1660 993 mente;
1698 929 1934 1000 psallam
1978 929 2206 999 spiritu,

575 1017 812 1086 psallam
839 1023 896 1075 et
919 1023 1112 1075 mente
1143 1022 1182 1090 (l
1210 1020 1356 1084 Cor.,
1387 1038 1495 1089 xxv,
1529 1024 1632 1092 t5).
1671 1042 1696 1073 υ
1731 1025 1810 1077 Ita
1838 1021 2019 1093 magis
2050 1021 2210 1077 audit

575 1116 856 1181 orantem,
886 1113 931 1167 si
957 1120 1296 1185 aspernetur
1317 1115 1632 1170 avaritiam.

648 1209 735 1258 27.
771 1207 942 1276 (Vers.
984 1209 1090 1275 37.)
1131 1208 1237 1263 Sed
1278 1209 1413 1279 quia
1452 1209 1686 1263 invalidi
1727 1225 1943 1278 sumus,
1986 1215 2044 1264 et
2083 1211 2204 1280 ple-

576 1315 818 1370 rumque
856 1301 1104 1356 volentes
1145 1304 1396 1357 avertere
1437 1319 1532 1356 cor
1568 1305 1830 1357 nostrum
1870 1319 1903 1356 a
1940 1303 2203 1374 pecunia,

575 1392 663 1445 vel
707 1408 868 1459 auro,
907 1395 993 1447 vel
1036 1398 1297 1464 argento,
1334 1394 1594 1466 capimur
1624 1401 1873 1467 aspectu,
1905 1400 1963 1450 et
2000 1412 2202 1466 agrum

573 1489 670 1539 aut
725 1485 1024 1541 aedificium
1076 1487 1329 1542 videntes
1383 1487 1666 1555 alienum,
1718 1489 2203 1560 concupiscimus,

574 1579 719 1632 bene
757 1579 980 1633 addidit
1020 1581 1306 1651 Propheta
1346 1582 1543 1636 dicens
1575 1599 1588 1636 :
1623 1585 1818 1638 Averte
1857 1585 2034 1638 oculos
2067 1598 2207 1638 meos

572 1689 636 1725 ne
665 1673 889 1726 videant
920 1675 1238 1736 vanitatem,
1269 1677 1328 1728 in
1359 1679 1448 1729 via
1476 1682 1573 1730 tua
1597 1678 1808 1745 viviﬁca
1843 1693 1944 1732 me.
1979 1677 2205 1731 Etenim

575 1766 673 1836 qui
709 1766 766 1818 in
807 1765 894 1818 via
935 1771 1019 1820 est
1059 1766 1175 1832 Dei,
1211 1767 1488 1823 vanitates
1527 1785 1643 1824 non
1683 1769 1899 1840 aspicit.
1935 1770 2032 1823 Via
2073 1786 2204 1841 per-

575 1859 720 1911 fecta
757 1858 1009 1914 Christus
1045 1864 1151 1914 est.
1192 1860 1300 1924 Qui
1340 1861 1518 1932 igitur
1554 1863 1612 1916 in
1653 1863 1875 1920 Christo
1919 1869 2022 1932 est,
2061 1881 2202 1935 quo-
2228 1843 2283 1914 B

575 1949 752 2004 modo
802 1954 986 2020 potest
1028 1953 1304 2007 vanitates
1344 1955 1626 2025 aspicere;
1671 1972 1803 2010 cum
1853 1957 2108 2012 Christus
2148 1958 2207 2012 in

575 2059 746 2098 carne
787 2059 885 2097 sua
927 2061 1129 2100 omnes
1166 2047 1367 2101 mundi
1409 2048 1580 2118 hujus
1610 2049 1955 2104 cruciﬁxerit
1983 2051 2204 2106 vanita-

576 2137 696 2190 tes?
731 2140 1061 2192 Avertamus
1103 2139 1276 2210 igitur
1309 2141 1498 2195 oculos
1536 2147 1755 2197 nostros
1785 2159 1817 2197 a
1843 2143 2204 2212 vanitatibus,

578 2246 648 2282 ne
677 2230 825 2300 quod
857 2231 1055 2285 oculus
1081 2232 1303 2300 viderit,
1332 2234 1556 2289 animus
1581 2235 1952 2306 concupiscat.
1981 2237 2204 2308 Mystica

574 2323 729 2377 enim
772 2323 1105 2380 differamus
1152 2326 1406 2382 interim.
1445 2328 1674 2384 Utinam
1717 2329 1823 2384 hac
1862 2330 2202 2402 interpreta-

574 2416 727 2470 tione
780 2419 1061 2487 possimus
1128 2435 1393 2475 revocare
1457 2422 1528 2476 ad
1591 2422 1811 2478 diversa
1870 2424 2205 2479 circensium

575 2509 862 2576 ludorum,
913 2515 1081 2582 atque
1128 2513 1498 2568 theatralium
1548 2516 1871 2586 spectacula
1920 2518 2202 2574 festinan-

575 2607 660 2657 tes
697 2604 788 2672 (3).
829 2605 1051 2660 Vanitas
1087 2611 1170 2660 est
1207 2607 1306 2661 illa
1342 2625 1512 2679 quam
1541 2609 1746 2664 cernis.
1779 2611 2204 2666 Pantomimum

573 2696 792 2767 aspicis,
821 2698 1041 2752 vanitas
1081 2703 1196 2768 est;
1237 2700 1542 2756 luctatores
1580 2702 1801 2774 aspicis,
1833 2703 2051 2758 vanitas
2085 2710 2200 2773 est;

575 2789 709 2861 quia
743 2789 926 2846 cernis
966 2808 1064 2846 eos
1104 2791 1174 2846 de
1217 2793 1385 2848 viridi
1423 2794 1700 2851 luctantes
1737 2813 1948 2852 corona
1984 2799 2078 2868 (4).
2119 2797 2202 2852 Illi

573 2883 726 2938 enim
785 2885 902 2940 veri
959 2891 1090 2939 sunt
1143 2887 1469 2954 luctatores,
1523 2889 1621 2959 qui
1681 2889 1982 2945 adversum
2037 2891 2206 2961 hujus

575 2977 767 3032 saeculi
803 2979 1091 3034 luctantur
1121 2979 1430 3035 illecebras.
1467 2982 1591 3036 Non
1631 2983 1816 3053 capiat
1849 2984 2041 3038 oculos
2079 2988 2206 3038 tuos

577 3070 839 3140 palaestra
904 3071 1317 3126 membrorum.
1378 3075 1568 3144 Equos
1622 3079 1914 3132 currentes
1974 3077 2203 3148 aspicis,

575 3164 795 3218 vanitas
845 3169 954 3233 est;
1001 3165 1136 3236 quia
1179 3182 1321 3222 vane
1364 3173 1620 3236 currunt,
1663 3169 1759 3239 qui
1807 3170 2206 3226 ascendentem

573 3259 791 3313 salvare
844 3276 961 3314 non
1016 3267 1268 3332 possunt.
1329 3263 1586 3335 Denique
1652 3281 1913 3321 recursus
1976 3267 2096 3338 ipse
2149 3272 2204 3322 te

577 3351 776 3407 doceat
813 3353 946 3425 quia
973 3369 1121 3409 vane
1158 3361 1415 3423 currunt,
1451 3357 1551 3427 qui
1584 3373 1701 3413 non
1727 3359 2004 3414 directum
2037 3359 2206 3415 confi-

575 3445 728 3500 ciunt
771 3447 902 3515 iter,
945 3447 1341 3504 obliviscentes
1387 3448 1639 3523 1027
1685 3453 2002 3524 superiora,
2045 3459 2102 3510 et
2141 3470 2207 3510 ea

577 3554 704 3609 qua:
730 3539 1051 3610 posteriora
1081 3545 1231 3611 sunt,
1260 3546 1612 3613 appetentes.

643 3635 733 3687 28.
785 3636 931 3688 Ante
986 3650 1092 3688 nos
1146 3639 1203 3688 et
1251 3635 1538 3705 Christus,
1591 3641 1721 3693 ante
1778 3654 1880 3693 nos
1938 3639 2202 3696 bravium

574 3725 716 3794 ejus,
753 3725 826 3780 ad
865 3728 1017 3798 quod
1060 3728 1339 3798 pervenit,
1379 3729 1481 3800 qui
1522 3746 1634 3784 non
1677 3730 1738 3785 in
1783 3731 2062 3788 incertum
2103 3751 2202 3788 cu-

573 3819 773 3885 currit,
816 3836 918 3876 nec
962 3821 1242 3877 revocavit
1285 3839 1512 3878 cursum
1558 3839 1746 3892 suum,
1788 3826 1884 3880 sed
1927 3826 2200 3882 incitavit.

570 3913 656 3966 Ad
701 3913 850 3968 hunc
891 3913 1075 3985 dirige
1116 3917 1307 3971 oculos
1346 3920 1492 3983 tuos,
1534 3923 1726 3973 averte
1766 3936 1798 3973 a
1842 3922 2200 3991 spectaculis,

571 4009 760 4060 averte
796 4007 866 4060 ab
912 4008 1069 4062 omni
1109 4010 1362 4064 saeculari
1403 4026 1637 4082 pompa.
1679 4011 1866 4067 Sicubi
1907 4015 2204 4084 populares

571 4099 904 4170 cognoveris
958 4102 1222 4172 plausus,
1276 4107 1468 4158 averte
1527 4105 1717 4161 oculos
1771 4110 1896 4160 tuos
1953 4109 2024 4162 ab
2079 4108 2200 4176 his,

574 4191 821 4262 inflecte,
845 4193 1120 4264 deprime,
1144 4199 1200 4250 et
1227 4211 1388 4251 serva
1414 4213 1531 4265 eos,
1558 4202 1620 4252 ut
1643 4200 1827 4269 erigas
1851 4200 2200 4258 melioribus.

638 4387 703 4450 (3)
755 4387 1048 4461 Circenses
1097 4389 1213 4440 ludi
1269 4395 1427 4442 erant
1475 4393 1625 4443 varia
1687 4396 2052 4446 certaminum
2109 4410 2204 4461 ge-

571 4472 724 4518 nera,
755 4460 830 4510 ita
864 4459 999 4511 dicti
1039 4461 1190 4524 quod
1223 4462 1279 4510 in
1314 4464 1482 4525 circo,
1519 4464 1575 4513 id
1607 4468 1708 4526 est,
1749 4466 1872 4517 loco
1916 4459 2204 4520 circularis

574 4530 786 4604 figurae,
813 4531 1257 4604 celebrarentur;
1283 4534 1356 4604 ad
1385 4534 1725 4587 theatrorum
1759 4543 1948 4590 autem
1986 4545 2201 4604 specta-

2227 3211 2282 3285 C

2268 556 2273 561 ’
2312 554 2440 608 bem
2483 555 2632 606 lunae
2673 553 2962 619 decorum,
3000 552 3084 605 vel
3127 551 3218 605 die
3264 551 3440 604 solem
3482 548 3692 620 aspice.
3734 549 3947 619 Specta

2313 663 2496 715 mare,
2549 652 2762 700 terram
2804 643 3195 714 circumspice,
3241 647 3306 696 ut
3348 658 3516 713 opere
3553 642 3706 696 facta
3748 641 3947 696 divino

2311 740 2495 795 omnis
2527 743 2791 793 creatura
2822 742 2878 792 te
2912 743 3118 809 pascat.
3150 737 3288 800 Quae
3317 736 3632 790 formarum
3667 735 3851 806 gratia
3881 735 3946 788 in

2311 833 2446 904 ipsis
2474 833 2705 888 bestiis?
2734 834 2992 897 Quantus
3031 831 3198 886 decor
3228 831 3286 884 in
3316 829 3687 884 hominibus?
3719 828 3948 892 Quanta

2312 928 2367 981 in
2405 927 2600 982 avibus
2629 925 3029 997 pulchritudo?
3060 925 3187 978 Haec
3227 924 3466 990 intuere,
3495 926 3554 978 et
3583 939 3699 977 non
3727 921 3948 977 videbis

2313 1020 2672 1092 iniquitatem
2726 1025 2785 1073 et
2835 1018 3345 1074 contradictionem
3399 1017 3457 1071 in
3511 1016 3755 1071 civitate.
3813 1017 3947 1069 Haec

2310 1113 2457 1182 vide,
2489 1118 2546 1169 et
2573 1130 2689 1170 non
2721 1112 2980 1168 introibit
3017 1129 3168 1166 mors
3195 1128 3298 1182 per
3321 1111 3604 1166 fenestras
3641 1110 3944 1165 oculorum

2307 1213 2537 1262 tuorum
2551 1247 2563 1260 .

2379 1304 2468 1355 29.
2495 1302 2548 1356 Si
2575 1301 2786 1356 videris
2817 1300 3116 1354 mulierem
3143 1299 3215 1354 ad
3241 1296 3758 1368 concupiscendum
3783 1313 3942 1362 eam,

2309 1395 2541 1450 intravit
2579 1411 2734 1449 mors
2771 1411 2873 1466 per
2912 1395 3247 1449 fenestram.
3285 1393 3344 1448 Si
3383 1390 3592 1446 videris
3634 1391 3942 1461 possessio-

2310 1506 2442 1545 nem
2490 1488 2728 1543 minoris
2777 1493 2874 1543 aut
2920 1487 3125 1554 viduae,
3175 1491 3234 1542 et
3281 1484 3640 1556 concupieris
3688 1484 3946 1555 diripere

2307 1600 2458 1651 eam,
2508 1582 2742 1636 intravit
2796 1598 2950 1636 mors
2998 1598 3104 1652 per
3153 1582 3484 1636 fenestram.
3536 1577 3747 1634 Claude
3797 1593 3945 1648 ergo

2308 1677 2452 1732 hanc
2491 1676 2824 1742 fenestram,
2856 1691 2985 1729 cum
3029 1674 3235 1728 videris
3275 1673 3474 1728 alienae
3517 1671 3770 1727 mulieris
3809 1671 3943 1741 pul-

2307 1768 2717 1838 chritudinem,
2749 1786 2819 1823 ne
2848 1785 3001 1823 mors
3027 1767 3230 1840 posssit
3256 1767 3493 1822 intrare.
3525 1765 3682 1820 Oculi
3711 1765 3793 1819 tui
3818 1780 3945 1818 non

2308 1863 2537 1918 videant
2585 1863 2852 1926 alienam,
2897 1879 2970 1916 ne
3019 1861 3218 1932 lingua
3263 1875 3599 1932 perversum
3643 1858 3943 1929 loquatur.

2306 1959 2482 2012 Tuam
2539 1972 2676 2028 ergo
2736 1956 3047 2011 fenestram
3105 1953 3336 2020 claude,
3391 1969 3464 2007 ne
3517 1951 3685 2007 morti
3745 1955 3944 2022 pateat

2308 2051 2562 2106 intranti.
2615 2049 2722 2105 Sed
2780 2049 2950 2104 etiam
3012 2049 3259 2104 alienam
3318 2047 3626 2102 fenestram
3681 2061 3836 2100 cave.
3895 2048 3946 2098 A

2309 2145 2557 2199 fenestra
2619 2143 2775 2198 enim
2840 2142 3042 2197 domus
3100 2158 3215 2195 suae
3277 2139 3454 2195 intrat
3512 2139 3838 2194 fornicaria.
3901 2142 3944 2193 A

2306 2238 2553 2293 fenestra
2595 2253 2694 2292 sua
2736 2236 2932 2303 intrat,
2975 2251 3103 2290 cum
3147 2235 3397 2305 aliquem
3441 2232 3745 2304 petulantis
3785 2231 3940 2285 oculi

2306 2334 2488 2386 tentat
2517 2330 2761 2385 lascivia.
2792 2329 3035 2384 Exclude
3067 2328 3239 2399 igitur
3269 2327 3416 2381 hanc
3443 2327 3749 2381 fenestram
3780 2324 3941 2378 verbi

2309 2426 2475 2494 ostio,
2529 2440 2600 2480 ne
2649 2423 2894 2495 capiaris
2939 2422 3115 2477 oculis
3169 2420 3482 2477 meretricis
3535 2424 3594 2474 et
3639 2417 3943 2489 abripiaris

2306 2517 2588 2591 palpebris
2615 2517 2755 2588 ejus.
2787 2517 2896 2572 Sed
2928 2533 3040 2571 non
3070 2519 3156 2570 est
3186 2531 3298 2569 una
3325 2514 3594 2579 fenestra,
3627 2528 3731 2582 per
3755 2527 3936 2582 quam

2308 2629 2459 2666 mors
2499 2611 2794 2665 consuevit
2828 2610 3062 2664 intrare.
3093 2611 3187 2663 Est
3221 2611 3279 2662 et
3304 2605 3568 2662 ‘fenestra
3606 2605 3935 2670 verborum,

2307 2722 2408 2777 per
2444 2721 2616 2776 quam
2652 2720 2942 2758 sermones
2971 2707 3302 2758 commeant
3339 2699 3669 2755 meretricis.
3702 2700 3771 2752 Et
3806 2699 3937 2753 ideo

2306 2804 2362 2855 te
2395 2798 2465 2853 ab
2505 2799 2690 2853 aliena
2725 2813 2900 2852 uxore
2938 2795 3175 2862 custodi,
3207 2811 3280 2849 ne
3319 2797 3374 2849 te
3415 2792 3938 2862 sermonibus-gra-

2306 2893 2466 2948 tiosis
2491 2893 2808 2958 adoriatur;
2837 2908 2870 2946 a
2895 2891 3138 2944 fenestra
3173 2889 3328 2943 enim
3363 2888 3564 2943 domus
3593 2903 3711 2941 suae
3737 2886 3936 2941 intrat.

2307 2989 2484 3042 Intrat
2523 3002 2676 3040 mors
2712 3001 2814 3056 per
2853 2985 3073 3050 oscula;
3105 2987 3163 3038 et
3190 2982 3317 3038 ideo
3347 2998 3480 3036 cave
3519 2998 3590 3034 ne
3623 2986 3679 3035 te
3716 2980 3940 3052 laqueis

2306 3079 2587 3134 labiorum
2616 3094 2849 3133 suorum
2885 3077 3101 3149 alliget.
3133 3078 3313 3130 Intrat
3353 3091 3529 3141 mors,
3564 3075 3614 3128 si
3653 3074 3936 3129 meretrix

2309 3175 2364 3227 te
2395 3173 2697 3227 osculetur.
2721 3174 2896 3227 Intrat
2922 3187 3075 3225 mors
3096 3171 3142 3225 si
3170 3169 3280 3224 cito
3304 3169 3626 3240 acquiescas
3651 3166 3935 3238 loquenti.

2309 3269 2490 3322 Intrat
2536 3282 2685 3320 mors
2735 3266 2779 3319 si
2837 3265 3081 3320 multum
3130 3263 3377 3335 loquaris
3422 3263 3524 3332 (5);
3572 3259 3939 3330 multiloquio

2308 3360 2461 3416 enim
2511 3363 2802 3432 peccatum
2857 3359 3185 3412 incurritur.
3235 3358 3416 3412 Intrat
3463 3371 3620 3410 mors
3665 3355 3834 3409 etiam
3890 3355 3936 3406 si

2308 3471 2424 3510 non
2489 3452 2734 3526 loquaris
2785 3455 2843 3506 et
2893 3451 3182 3508 Christum
3237 3451 3438 3504 timeas
3486 3448 3766 3503 confiteri.
3822 3446 3938 3500 Ore

2307 3548 2458 3604 enim
2489 3547 2764 3602 confessio
2803 3545 2866 3601 fit
2905 3546 2977 3601 ad
3015 3545 3259 3599 salutem
3290 3546 3481 3611 (Rom.,
3525 3559 3579 3612 x,
3624 3543 3726 3612 lO).
3761 3542 3941 3596 Intrat

2307 3659 2464 3697 mors
2509 3641 2681 3696 etiam
2728 3656 2832 3711 per
2873 3654 3144 3694 cavernas
3188 3637 3448 3704 aurium;
3494 3640 3551 3692 et
3596 3635 3724 3691 ideo
3768 3651 3939 3689 aures

2307 3741 2439 3790 sunt
2464 3734 2640 3806 spinis
2678 3733 2982 3806 sepiendae,
3023 3737 3087 3787 ut
3124 3731 3422 3786 illecebras
3458 3729 3764 3786 meretricii
3807 3745 3932 3783 ser-

2306 3829 2490 3884 monis
2520 3828 2800 3883 excludas.
2835 3828 2963 3881 litae
2992 3826 3252 3882 moralia.

2375 3925 2464 3977 30.
2503 3922 2644 3977 Sunt
2684 3921 2856 3976 etiam
2895 3919 3116 3992 mystici
3163 3918 3308 3974 oculi
3353 3934 3493 3990 quos
3530 3920 3784 3972 avertere
3826 3916 3932 3971 de-

2304 4015 2434 4071 beas
2455 4032 2488 4069 a
2506 4015 2772 4069 vanitate.
2801 4016 2896 4068 Est
2921 4013 3075 4068 enim
3102 4018 3159 4068 et
3190 4027 3461 4068 sensuum
3493 4011 3730 4076 vanitas,
3754 4025 3932 4080 quam

2305 4110 2450 4164 oculi
2478 4108 2685 4164 animas
2713 4111 2826 4162 tum
2849 4107 3041 4163 videre
3067 4123 3182 4162 non
3217 4106 3485 4174 debeant;
3515 4105 3648 4175 quia
3685 4103 3766 4158 illi
3797 4119 3933 4157 eam

2307 4203 2524 4271 vident,
2551 4218 2694 4275 quos
2731 4202 3039 4273 Apostolus
3065 4201 3302 4256 damnat
3331 4199 3422 4269 (6).
3456 4197 3618 4254 Unde
3649 4198 3770 4269 ipso
3802 4213 3932 4252 ma-

2304 4397 2400 4448 lib.
2422 4411 2500 4458 IV,
2529 4398 2689 4460 epist.
2721 4395 2844 4458 ult.,
2874 4408 2980 4446 nec
3009 4407 3122 4445 non
3158 4395 3217 4444 in
3253 4407 3375 4445 eam
3417 4393 3503 4443 Fr.
3541 4392 3717 4443 Jureti
3755 4403 3936 4441 anno-

2305 4470 2588 4520 tationem.
2635 4467 2882 4520 Consule
2929 4467 3093 4518 etiam
3133 4465 3495 4525 Brissonium,
3537 4465 3614 4513 De
3653 4461 3936 4513 verborum

2295 4541 2441 4604 juris
2494 4537 3000 4604 signiﬁcationibus,
3057 4537 3126 4588 ad
3188 4536 3440 4587 eamdem
3506 4547 3728 4596 vocem,
3785 4534 3939 4584 sicut

573 4582 698 4676 cule
722 4582 834 4676 non
864 4603 1046 4676 solum
1079 4582 1369 4676 tragmdias
1393 4582 1788 4658 amans
1800 4582 2200 4676 Eﬁiﬁéﬁéﬁ,
2222 4582 2966 4675 evagar‘sigaaiaain;
2981 4582 3526 4659 ’ίιῖᾋοέἒ-Εῇἆυεζ
3550 4582 3746 4656 ’ῥὸῖτό
3799 4582 3937 4654 eam

573 4671 668 4746 sed
694 4672 886 4746 etiam
922 4674 1246 4746 saltationes
1287 4677 1756 4738 pantominorum.
1794 4671 2016 4731 Etenim
2055 4671 2202 4746 pan;

575 4743 812 4793 tominos
859 4743 1143 4795 saltatores
1194 4747 1368 4798 fuisse
1417 4748 1580 4799 docet
1620 4750 1920 4813 Lucianus,
1957 4743 2099 4804 Dial.
2139 4755 2202 4804 de

571 4813 879 4864 Saitatione.
926 4816 1138 4888 Horum
1183 4832 1271 4869 ars
1313 4823 1430 4870 erat
1476 4822 1596 4872 sine
1633 4835 1770 4874 voce
1813 4829 2200 4888 argumentum

570 4890 729 4948 gestu
763 4900 828 4937 ac
865 4887 1097 4938 nutibus
1139 4893 1252 4940 tam
1288 4892 1475 4943 native
1517 4887 1933 4958 repraasentare,
1961 4901 2022 4947 ut
2060 4898 2200 4948 illud

571 4961 910 5030 spectatores
946 4972 1056 5009 non
1097 4960 1279 5011 solum
1319 4962 1526 5023 videre,
1561 4966 1657 5014 sed
1698 4970 1748 5016 et
1788 4967 2200 5030 quodammodo

571 5028 762 5102 audire
787 5029 894 5079 sibi
921 5031 1255 5102 viderentur.
1290 5033 1451 5084 Hanc
1487 5035 1784 5097 Lucianus,
1805 5028 1878 5084 δεῖ
1899 5038 1978 5084 τὸν
2019 5038 2194 5102 θεώμε-

568 5116 646 5146 νον
688 5100 886 5164 ὄρχησιν
936 5104 1018 5150 καὶ
1061 5101 1239 5166 κοῦφον
1291 5105 1518 5164 συνιέναι,
1573 5108 1653 5155 καὶ
1709 5108 1774 5169 μή
1821 5109 2065 5165 λαλέοντος
2113 5100 2198 5159 soi

568 5171 794 5250 ξςέχιστοῦ
848 5171 1080 5250 ἀξιογῦεινζ
1108 5175 1255 5250 Hinc
1301 5191 1332 5225 a
1375 5175 1706 5228 Cassiodoro
1749 5193 1990 5244 quoque,
2051 5182 2198 5240 Van,

570 5242 665 5321 lib.
688 5255 774 5321 iv,
811 5245 969 5307 epist.
1009 5246 1131 5321 ult.,
1175 5246 1438 5298 dicuntur
1475 5264 1485 5296 :
1522 5265 1552 5297 ‹‹
1587 5242 1967 5301 Orchistarum
2003 5252 2198 5316 loqua-

570 5315 811 5395 cissimae
841 5330 1056 5395 manus,
1083 5318 1323 5395 Iin_guosi
1350 5321 1527 5386 digiti,
1555 5321 1836 5395 silentium
1869 5315 2198 5386 clamosum,

569 5388 842 5464 expositio
871 5389 1112 5464 tacita.»
1138 5389 1236 5441 Est
1260 5393 1426 5444 etiam
1453 5405 1517 5442 ea
1556 5391 1624 5442 de
1663 5405 1720 5442 re
1761 5394 2054 5457 antiquum
2095 5393 2201 5445 hoc

572 5457 768 5506 incerti
797 5459 1134 5524 epigramma
1167 5477 1177 5510 :

695 5563 800 5637 'I‘ot
828 5565 1053 5630 linguai,
1082 5569 1494 5633 quotmembra
1521 5570 1657 5632 viro,
1688 5570 1954 5622 mirabilis
1983 5585 2072 5623 ars
2096 5576 2197 5637 est,

695 5633 835 5695 Quae
866 5637 999 5686 facit
1028 5639 1309 5700 articulos,
1342 5653 1435 5690 ore
1464 5639 1682 5703 silente,
1717 5641 1888 5706 loqui.

571 5739 837 5814 Eamdem
882 5743 1014 5811 hinc
1055 5750 1227 5796 artem
1272 5748 1501 5798 musicae
1538 5753 1750 5812 partem
1791 5763 1934 5811 esse,
1961 5753 2130 5814 atque
2167 5765 2199 5801 a

565 5812 848 5885 veteribus
879 5818 1089 5864 mutam
1113 5816 1446 5880 appellatam
1471 5819 1629 5870 tradit
1652 5820 1908 5872 laudatus
1925 5812 2051 5885 jam
2071 5825 2198 5872 ante

568 5883 950 5945 Cassiodorus,
987 5898 1152 5948 quem
1192 5887 1412 5950 videsis,
1449 5892 1595 5953 Vars,
1628 5891 1721 5944 lib.
1754 5907 1791 5955 I,
1818 5883 1976 5956 epist.
2023 5894 2101 5955 20,
2141 5897 2195 5943 et

2300 4683 2488 4747 populi
2535 4681 2718 4732 studia
2762 4679 3038 4731 Ambrosii
3085 4681 3245 4728 aetate
3282 4679 3338 4728 in
3388 4691 3534 4728 vana
3575 4677 3668 4727 illa
3717 4679 3938 4740 specta-

2300 4754 2426 4804 cula
2477 4753 2770 4814 ferverent,
2823 4765 2935 4802 non
2979 4751 3182 4800 mirum
3225 4754 3311 4800 est
3351 4750 3396 4799 si
3447 4748 3794 4813 frequentius
3836 4747 3935 4797 ille

2300 4825 2549 4889 insurgat
2596 4825 2652 4874 in
2703 4824 2812 4874 hoc
2863 4823 3078 4884 vitium,
3127 4835 3233 4872 nec
3288 4834 3347 4871 se
3405 4820 3506 4870 PP.
3567 4819 3934 4881 Tertulliano,

2301 4895 2598 4960 Cypriano,
2641 4894 3040 4960 Chrysostomo
3085 4898 3140 4944 et
3173 4893 3410 4954 ceteris,
3452 4891 3647 4942 hacin
3691 4903 3749 4940 re
3789 4890 3934 4941 infe-

2299 4970 2500 5019 riorem
2557 4966 2827 5018 ostendat.
2887 4967 3075 5029 Ipsum
3132 4963 3221 5014 adi
3272 4963 3368 5013 lib.
3422 4963 3494 5012 De
3545 4961 3676 5025 fuga
3731 4960 3932 5014 saeculi,

2300 5052 2419 5104 cap.
2451 5041 2498 5100 l,
2525 5052 2678 5088 num.
2708 5040 2753 5100 l,
2785 5041 2840 5090 et
2869 5037 3030 5099 intra,
3060 5049 3225 5088 serm.
3253 5035 3332 5097 16,
3360 5047 3502 5086 vers.
3532 5033 3597 5084 59
3629 5037 3685 5083 et
3719 5032 3798 5092 64,
3830 5030 3935 5082 sed

2302 5110 2356 5159 in
2387 5111 2580 5174 primis
2606 5109 2700 5159 lib.
2735 5122 2771 5158 ιι
2803 5107 2970 5171 Ofﬁc.,
2994 5121 3115 5172 cap.
3143 5106 3224 5168 30,
3256 5111 3310 5155 et
3341 5105 3489 5156 alibi.

2362 5183 2430 5243 (4)
2461 5181 2588 5231 Mss.
2634 5181 2902 5244 quinque,
2953 5180 3023 5228 De
3059 5177 3321 5228 viridibus
3357 5175 3637 5239 frondibus
3676 5175 3937 5225 luctantes

2298 5251 2488 5301 habere
2541 5264 2784 5302 coronas.
2836 5251 2992 5311 Tres,
3053 5251 3126 5300 Ds
3175 5249 3411 5313 putridis
3461 5246 3768 5310 frondibus,
3817 5251 3932 5296 etc.

2302 5323 2456 5373 Unus
2494 5323 2615 5372 Vat.
2663 5325 2718 5372 et
2758 5321 2884 5372 edit.
2925 5321 3104 5381 Rom.,
3151 5321 3225 5369 De
3269 5319 3366 5369 viii
3413 5319 3667 5370 luctantes
3707 5329 3932 5368 corona.

2300 5393 2444 5443 Vera
2471 5393 2637 5444 lectio
2661 5393 3004 5457 reliquorum
3033 5404 3164 5441 mss.
3192 5405 3258 5442 ac
3281 5390 3434 5450 edit.,
3468 5391 3544 5440 De
3576 5389 3756 5440 viridi.
3799 5388 3937 5440 Erat

2300 5467 2506 5529 quippe
2531 5466 2588 5514 in
2611 5464 2759 5515 ludis
2785 5463 3092 5527 Olympicis
3116 5463 3397 5527 proposita
3421 5475 3624 5513 corona
3653 5461 3935 5526 oleagina,

2299 5537 2356 5585 in
2377 5535 2619 5585 Isthmiis
2644 5536 2827 5600 pinea,
2859 5547 2927 5584 ex
2957 5535 3082 5598 apio
3112 5534 3169 5584 in
3196 5535 3436 5586 Nemeis.

2359 5608 2426 5669 (ὅ)
2469 5606 2712 5669 Quidam
2755 5620 2911 5668 mss,
2949 5608 3121 5656 Intrat
3167 5618 3310 5657 mors
3355 5606 3403 5656 si
3446 5603 3708 5668 loquaris,
3754 5604 3932 5653 intrat

2297 5691 2440 5728 mors
2468 5679 2515 5728 si
2539 5679 2763 5730 multum
2788 5677 3050 5742 loquaris.

2363 5748 2424 5811 (ϐ)
2456 5749 2586 5799 Post
2615 5748 2782 5800 verba
2819 5747 3100 5812 Apostolus
3137 5748 3382 5804 damnat,
3417 5745 3797 5811 sequebantur
3834 5743 3934 5794 illa

2298 5820 2355 5869 in
2384 5819 2537 5882 edit.,
2565 5821 2822 5885 Cognosce
2846 5834 2962 5885 qua
2986 5821 3053 5872 sit
3077 5821 3289 5871 vanitas
3311 5831 3578 5875 sensuum,
3605 5829 3765 5880 quam
3790 5817 3938 5866 oculi

2298 5893 2375 5941 tui
2405 5893 2624 5956 mystici
2663 5893 2840 5942 videre
2885 5905 2988 5942 non
3035 5891 3272 5952 debeant,
3319 5889 3416 5941 sed
3463 5902 3646 5953 neque
3691 5889 3745 5938 in
3794 5887 3935 5939 ullis
