3958 6166
160 214 240 266 1329

1175 197 1524 253 EXPOSITIO
1562 196 1630 250 IN
1675 197 1987 253 PSALMUM
2029 199 2252 255 CXVIII.

3241 212 3375 263 I330

159 336 206 389 ris
221 333 389 384 auctore
413 323 670 377 discamus
703 337 832 392 qua:
857 321 1076 376 vanitas
1115 325 1173 374 et
1205 320 1302 392 qui
1333 321 1479 374 oculi
1508 319 1641 374 sint.
1668 332 1724 403 Α
1746 321 1860 374 salo
1892 323 2081 376 saeculi
2119 323 2289 393 hujus
2330 324 2587 390 tluctuas,
2620 324 2807 378 inﬂuit
2833 327 3050 380 sentina
3080 329 3370 385 vitiorum.

157 423 400 480 Manifestum
440 423 517 470 est
557 416 702 470 enim
747 431 870 469 esse
915 415 1220 486 plerosque
1257 413 1354 486 qui
1400 412 1644 468 vanitate

152 533 272 573 sensus
303 513 371 568 sui
408 509 666 566 obscurati
703 512 835 562 sunt
873 509 1066 576 corde,
1109 514 1166 562 et
1212 507 1440 562 alienati
1482 524 1514 560 a
1554 507 1643 561 via

149 613 268 676 Bait?)
287 611 484 678 propter
510 602 889 674 ignorantiam
923 619 1052 673 quae
1081 601 1138 656 in
1169 601 1304 674 ipsis
1331 606 1436 668 est,
1470 617 1638 672 prop-

145 716 193 760 ter
221 701 474 758 caecitatem
518 697 698 753 cordis
747 713 971 763 eorum,
1021 696 1146 751 illos
1195 701 1387 750 tamen
1436 697 1641 764 gentes

140 796 339 869 Apostolus
371 792 493 847 dicit
528 792 761 862 (Epiros,
807 807 878 859 rv,
927 794 1011 858 l7,
1056 789 1161 861 18).
1196 791 1426 860 lgnoret
1464 788 1641 859 igitur

137 889 286 962 gentilis
321 887 398 943 ille
439 885 578 958 quod
621 900 732 939 non
783 883 998 952 didicit,
1047 883 1275 955 ignoret
1321 883 1476 953 quod
1525 897 1638 938 non

133 983 296 1039 credidit
325 999 337 1036 :
368 978 455 1035 tibi
496 980 759 1050 ignorare
805 995 917 1032 non
955 978 1093 1032 licet
1135 975 1288 1048 quod
1332 975 1637 1031 conﬁteris.

132 1077 305 1133 Christus
330 1089 425 1129 non
461 1071 512 1127 in
553 1072 800 1128 vanitate
837 1071 1014 1142 venit,
1058 1071 1157 1126 sed
1197 1071 1255 1124 in
1296 1070 1506 1125 virtute
1533 1070 1636 1140 (8);

132 1188 200 1224 non
231 1168 402 1223 inﬂavit
435 1183 656 1221 sensum
700 1166 972 1232 hominis,
1013 1165 1112 1220 sed
1151 1163 1480 1233 viviﬁcavit;
1524 1179 1634 1217 non

129 1263 344 1318 ceritatem
400 1258 643 1333 1028
710 1259 928 1326 cordis,
991 1259 1088 1313 sed
1156 1258 1637 1314 illuminationem

128 1358 263 1410 mentis
299 1357 534 1425 operatus
583 1358 685 1409 est.
737 1353 1114 1408 Inﬂammavit
1163 1368 1261 1406 cor
1322 1356 1521 1421 tuum,
1574 1355 1639 1406 ut

124 1447 464 1521 comprehendas
505 1463 631 1519 quas
671 1447 1074 1502 mandatorum
1117 1446 1429 1501 coelestium
1469 1446 1634 1514 ratio,

123 1561 201 1612 quae
221 1543 388 1597 anima:
413 1541 739 1610 substantia,
769 1557 897 1612 qua:
929 1540 1058 1594 vitae
1094 1539 1301 1594 futura:
1343 1539 1544 1610 gratia,
1578 1539 1635 1594 in

122 1654 191 1706 quo
208 1640 318 1689 statu
339 1640 452 1706 post
477 1635 593 1689 haec
619 1633 855 1688 erimus.

165 1735 221 1783 3t.
244 1703 376 1801 Eripe
400 1729 564 1800 igitur
591 1733 869 1796 mentem,
897 1733 1058 1784 utere
1095 1729 1339 1782 naturali
1370 1729 1633 1800 ingenio;
1656 1703 1712 1775 Β

123 1823 165 1875 ad
190 1823 441 1893 imaginem
478 1823 569 1878 Dei
601 1823 783 1877 factus
821 1839 901 1889 es,
930 1824 995 1876 ut
1033 1837 1281 1892 superna
1310 1820 1546 1893 aspicias
1581 1828 1635 1877 et

124 1922 272 1970 terrena
297 1933 393 1970 non
422 1933 660 1987 quaeras.
701 1915 822 1970 Noli
856 1931 1090 1969 curvare
1130 1914 1408 1970 cervicem
1451 1918 1631 1984 tuam,

125 2009 251 2062 mundi
291 2009 634 2079 premendam
699 2009 990 2080 pondere;
1045 2007 1162 2062 noli
1225 2008 1444 2063 inhiare
1494 2024 1634 2062 auro

122 2113 226 2172 atque
261 2110 481 2174 argento,
530 2120 602 2158 ne
658 2109 714 2156 te
766 2103 953 2157 saeculi
1000 2102 1240 2157 vinculis
1283 2101 1634 2173 alligandi-rm
1682 2137 1688 2142 -

123 2196 288 2264 praebeas
309 2198 386 2266 (9).
418 2197 540 2252 Ideo
565 2197 713 2251 dixit
740 2197 1050 2251 Dominus:
1083 2217 1109 2244 ‹‹
1142 2195 1318 2251 Nolite
1346 2195 1642 2266 possioere
1689 2199 1704 2248 ἱ

121 2307 246 2343 eurum
268 2294 410 2361 atque
435 2295 738 2362 argentum
767 2291 1007 2360 (Matth,
1036 2306 1090 2356 x,
1118 2290 1193 2360 9),
1226 2311 1254 2339 »
1281 2305 1354 2343 ne
1382 2305 1481 2343 nos
1508 2289 1634 2343 auri

122 2391 227 2452 atque
248 2385 434 2455 argenti
469 2385 754 2456 cupiditas
790 2400 954 2438 avara
995 2383 1304 2454 possideat.
1333 2382 1454 2437 Noli
1478 2398 1658 2454 ergo;

123 2493 283 2532 inserere
319 2478 502 2533 collum
548 2482 715 2532 tuum
762 2477 969 2532 diaboli
1017 2477 1255 2548 laqueis.
1304 2477 1640 2548 Stra'ngulat'

124 2571 268 2624 avaritia
289 2587 571 2643 pauperem
603 2572 668 2626 in
695 2571 802 2626 hoc
829 2571 1034 2626 seculo
1048 2589 1064 2640 ;
1091 2571 1184 2624 sed
1212 2570 1270 2623 in
1295 2573 1634 2642 perpetuum

124 2663 216 2718 dives
244 2665 330 2719 suis
361 2667 562 2737 laqueis
603 2666 938 2730 suﬂ'ocatur,
964 2665 1127 2735 cujus
1163 2679 1362 2736 sensus
1390 2663 1448 2718 in
1477 2663 1630 2718 vani-

131 2763 190 2808 latr
216 2762 291 2823 est,
317 2762 363 2812 in
399 2760 646 2814 tenebris
687 2759 959 2826 ambulat,
997 2757 1134 2829 quia
1169 2757 1228 2811 in
1267 2757 1356 2811 his
1389 2755 1632 2823 laborat,

127 2867 200 2918 qua:
227 2851 302 2907 sibi
326 2853 575 2924 prodesse
621 2869 738 2908 non
777 2852 1009 2923 possint.
1049 2850 1273 2906 Vanitas
1310 2855 1396 2905 est
1423 2850 1631 2905 sollici-

126 2945 207 2996 tudo
227 2947 317 3000 vita
345 2947 520 3018 hujus.
550 2946 717 3002 Unde
751 2961 864 3000 non
900 2946 959 3000 in
991 2945 1222 3016 crapula
1250 2949 1306 3000 et
1337 2943 1630 3013 ebrietate,

129 3040 254 3092 nonin
279 3040 456 3095 deliciis
492 3041 776 3114 corporis,
805 3040 899 3094 sed
931 3040 990 3093 in
1021 3037 1350 3110 cognitione
1380 3055 1630 3108 praecep-
1654 3070 1708 3143 C

134 3135 250 3183 turum
289 3133 560 3190 calestium
623 3134 1061 3189 delectationem
1122 3131 1294 3186 nostri
1358 3131 1634 3186 debemus

139 3239 285 3289 Ponere.
319 3229 360 3282 ln
412 3228 666 3284 vanitate
714 3227 920 3296 currit,
976 3227 1076 3298 qui
1126 3225 1229 3281 sibi
1281 3224 1635 3280 successibus

141 3316 275 3371 videtur
294 3321 494 3377 afﬂuere
538 3321 930 3390 saecularibus,
971 3320 1070 3392 qui
1115 3323 1386 3392 tanquam
1428 3317 1636 3374 umbra

129 3415 379 3475 Prflereunt.
405 3439 430 3464 «
458 3419 669 3472 Averte
708 3415 916 3486 (igitur)
946 3415 1142 3469 oculus
1172 3418 1318 3482 tuos,
1360 3429 1433 3468 ne
1474 3413 1633 3467 vani-

126 3507 235 3558 tatem
255 3508 456 3566 rideant.
485 3532 512 3560 η

166 3600 222 3652 32.
240 3600 323 3657 Sed
347 3620 449 3660 non
478 3605 613 3660 satis
645 3607 729 3659 est
755 3607 815 3658 ut
845 3607 906 3657 tu
935 3607 1184 3669 avertas;
1220 3617 1291 3656 ne
1326 3601 1470 3656 forte
1502 3601 1638 3656 velis

122 3693 152 3741 et
192 3709 269 3749 non
305 3698 494 3768 possis,
548 3697 812 3754 oﬁ'undat
859 3696 962 3752 tibi
1013 3695 1271 3751 diabolus
1320 3694 1637 3750 vanitatum

120 3789 350 3858 quisenta,
385 3791 667 3848 incentiva
710 3792 925 3845 inserat
969 3789 1357 3861 voluptatum;
1401 3791 1532 3860 pete
1579 3793 1641 3843 ut

121 3876 306 3935 [luminas
333 3889 534 3942 avertat
564 3885 764 3941 oculos
791 3888 936 3938 tuos.
970 3885 1036 3938 Et
1065 3884 1187 3938 haec
1226 3881 1405 3954 gratia
1437 3882 1553 3952 Dei,
1584 3888 1641 3938 et

121 3971 182 4025 huc
212 3989 372 4034 munus
404 3985 480 4035 est
516 3979 773 4046 Domini,
809 3980 870 4032 ut
901 3977 1096 4034 oculos
1132 3976 1341 4031 anima:
1372 3981 1578 4032 nostra:
1606 3993 1642 4031 a

118 4069 277 4133 negotiis
299 4074 475 4129 mundi
506 4074 684 4146 hujus
718 4076 952 4128 avertat.
984 4071 1282 4126 Beatitudo
1323 4071 1478 4126 enim
1511 4086 1637 4125 om-

118 4159 210 4213 εἰει
233 4163 432 4222 Domino
467 4171 569 4223 est.
606 4188 636 4216 ‹‹
667 4167 874 4221 Beatus
914 4168 1105 4221 autem
1145 4165 1249 4235 vir,
1293 4165 1384 4219 cui
1425 4181 1640 4219 nomen

118 4250 264 4309 Domini
293 4276 402 4330 spes
428 4263 567 4332 ejus,
612 4263 672 4314 et
711 4275 824 4315 non
870 4260 1112 4330 respexit
1155 4259 1215 4313 in
1254 4258 1555 4326 vanitates,
1585 4264 1641 4311 ct

118 4348 282 4405 ﬁlianias
317 4353 464 4409 falsas
495 4356 664 4422 (Psal.
698 4369 881 4422 χχιιι,
916 4355 989 4423 5).
1033 4376 1060 4403 ››
1104 4352 1213 4417 Qui
1257 4368 1372 4407 non
1413 4351 1643 4423 respicit

1747 417 1807 470 In
1850 415 1961 470 hoc
1988 416 2215 487 navigio
2254 417 2334 472 tui
2371 417 2626 489 corporis
2660 421 2920 474 movetur
2955 425 3122 475 aestus
3149 425 3368 494 cupidi-

1745 511 1961 576 tatum,
2016 515 2074 564 et
2139 528 2252 565 non
2311 512 2518 566 avertis
2585 513 2775 567 oculos
2837 513 3047 568 animae
3099 519 3244 584 tuae,
3297 535 3370 572 ne

1742 602 1972 657 videant
2020 605 2305 658 sentinam
2357 604 2678 674 libidinum,
2729 623 2799 660 ne
2849 607 3128 678 aspiciant
3174 611 3372 666 mundi

1741 696 1912 767 hujus
1955 701 2225 765 stercora,
2269 715 2342 753 ne
2386 699 2534 754 fetor
2577 699 2910 756 immundus
2953 716 3120 755 nares
3161 703 3371 774 repleat

1743 796 1854 844 tua:
1894 791 2118 860 mentis,
2156 792 2215 846 in
2260 793 2468 863 quibus
2507 793 2748 864 Spiritus
2791 798 3018 849 sanctus
3062 811 3182 849 esse
3229 813 3366 851 con-

1739 885 1942 952 suevit,
1993 890 2056 938 ut
2105 885 2278 956 possis
2326 886 2512 942 dicere
2565 903 2578 940 :
2634 908 2661 934 ‹‹
2711 886 2951 958 Spiritus
2997 888 3221 944 divinus
3271 891 3366 961 qui

1740 982 1823 1033 est
1859 979 1918 1033 in
1960 978 2195 1033 naribus
2234 979 2378 1034 meis
2407 980 2564 1050 (Job.,
2609 997 2775 1050 xxvn,
2819 983 2890 1051 3).
2926 1001 2953 1032 »
2983 981 3153 1036 Nares
3192 983 3369 1054 igitur

1738 1071 1945 1126 animae
1983 1078 2094 1127 tua:
2125 1089 2156 1125 a
2187 1073 2368 1128 fetore
2413 1077 2745 1128 avertantur
2772 1074 3075 1129 criminum
3118 1076 3364 1131 diverso-

1739 1181 1886 1233 rum,
1915 1170 1998 1220 est
2023 1167 2176 1220 enim
2201 1167 2259 1220 in
2285 1166 2372 1221 his
2399 1167 2552 1235 velut
2576 1168 2866 1239 quoddam
2897 1169 3120 1241 insigne
3140 1169 3363 1241 judicii.

1740 1259 1899 1313 Unde
1947 1258 2152 1314 dicitur
2194 1260 2430 1331 Sponsm
2480 1283 2490 1313 :
2544 1280 2570 1312 α
2621 1263 2791 1316 Nares
2838 1266 2948 1316 tute
2998 1262 3146 1317 sicut
3191 1265 3366 1319 turris

1739 1351 1930 1406 Libani
1972 1351 2322 1423 prospiciens
2352 1353 2552 1408 faciem
2586 1354 2842 1408 Damasci
2871 1356 3076 1425 (Cant.,
3107 1372 3202 1423 vn,
3229 1358 3304 1428 4),
3335 1380 3364 1407 ››

1739 1463 1807 1500 eo
1834 1446 1986 1518 quod
2011 1449 2374 1518 unguentum
2400 1447 2518 1501 veri
2545 1447 2872 1515 sacerdotis,
2895 1450 3048 1519 quod
3074 1449 3368 1505 descendit

1737 1539 1806 1593 de
1835 1540 2016 1610 capite
2041 1540 2099 1594 in
2125 1540 2380 1607 barbam,
2405 1541 2511 1595 hoc
2535 1544 2639 1610 est,
2662 1541 2805 1596 odor
2829 1541 2922 1596 ille
2953 1541 3194 1609 divinus,
3220 1545 3366 1600 odor

1737 1633 1934 1704 gratias
1973 1634 2261 1705 spiritalis,
2295 1635 2393 1705 qui
2441 1635 2511 1689 de
2557 1637 2714 1690 Patre
2758 1635 2817 1689 in
2859 1635 3080 1692 Christo
3122 1642 3264 1704 erat,
3306 1644 3365 1692 et

1739 1730 2092 1782 sacramento
2143 1727 2547 1783 incarnationis
2592 1727 2880 1784 descendit
2927 1731 2984 1783 in
3042 1732 3251 1798 terras,
3299 1734 3364 1785 ut

1739 1821 1930 1875 omnia
1955 1821 2080 1875 fuso
2106 1823 2468 1893 replerentur
2492 1827 2803 1893 unguento,
2832 1823 3086 1877 emineat
3110 1826 3362 1894 prmcelsi

1736 1919 2008 1986 potestate
2031 1914 2253 1985 judicii,
2282 1921 2340 1969 et
2369 1932 2535 1970 nares
2564 1917 2780 1986 repleat
2804 1917 3031 1984 animas,
3059 1922 3125 1972 ut
3151 1917 3358 1973 benea-

1738 2009 1913 2064 lentia
1957 2009 2234 2076 discernat
2285 2007 2594 2069 et'detidas
2627 2010 2818 2064 suavia
2865 2015 3210 2078 sanctorum,
3264 2015 3365 2082 qui

1739 2100 2266 2174 1.029'poss‘unt
2290 2101 2803 2158 ὥοθλό⁴;·‹‹’(]ὴῐ·ἰειί
2832 2103 2984 2157 enim
3012 2103 3196 2158 bonus
3221 2105 3365 2159 odor

1738 2213 1932 2254 sumus
1982 2192 2095 2255 Deo
2139 2202 2180 2272 (Ι
2223 2204 2366 2264 Con,
2415 2217 2470 2269 ιι,
2523 2201 2627 2270 15),
2675 2222 2701 2248 η
2751 2205 2808 2255 et
2855 2201 3046 2257 foetida
3095 2209 3359 2274 peccato-

1735 2309 1884 2348 rum.
1991 2319 2080 2348 .ι
2182 2286 2658 2348 -':':.:,1;

1798 2393 1894 2452 ,34η
1930 2385 2412 2442 Hze'isunt.naies
2454 2383 2597 2442 sicut
2638 2388 2810 2441 turris
2854 2388 3051 2442 Libani
3091 2391 3364 2460 praecelsa

1734 2475 1906 2552 sup’ra
1946 2481 2248 2548 mundum,
2277 2484 2334 2536 et
2363 2480 2489 2536 ideo
2534 2481 2806 2552 prospicit
2832 2482 3033 2537 faciem
3077 2483 3360 2553 Damasci,

1737 2573 2007 2646 gentilem
2063 2573 2273 2629 scilicet
2333 2575 2627 2644 populum,
2685 2574 2932 2629 odorans
2988 2575 3160 2629 ﬁdem
3219 2577 3361 2646 ejus,

1735 2668 1896 2738 cujus
1941 2667 2128 2736 gratia
2176 2667 2513 2722 delictorum
2561 2684 2794 2722 suorum
2839 2669 3158 2740 detergeret
3213 2671 3359 2724 feto-

1733 2777 1877 2816 rem.
1908 2760 2097 2814 Facies
2121 2760 2297 2830 igitur
2327 2760 2582 2814 Damasci
2608 2761 2746 2814 tides
2776 2766 2862 2815 est
2891 2761 3176 2831 gentium,
3205 2764 3362 2817 nullo

1734 2852 2072 2909 obumbrata
2101 2853 2334 2922 amictu,
2363 2853 2517 2906 nullo
2554 2853 2830 2924 adOperta
2863 2854 3089 2920 vestitu,
3119 2855 3271 2909 nuda
3301 2873 3361 2907 ac

1733 2947 1929 3018 libera,
1958 2948 2097 3002 coelo
2126 2946 2310 3018 magis
2334 2947 2552 3002 intenta
2579 2963 2752 3018 quam
2777 2947 2959 3002 terris.
2989 2949 3143 3001 Hanc
3170 2964 3363 3019 specu-

1735 3043 1926 3096 lantur
1951 3047 2008 3096 et
2029 3039 2384 3112 prospiciunt
2409 3058 2578 3096 nares
2610 3041 2888 3109 Ecclesire,
2917 3041 3068 3113 quod
3096 3057 3262 3096 suave
3306 3042 3363 3095 in

1735 3151 1800 3190 ea
1823 3139 1880 3190 et
1906 3135 2150 3189 odorum
2178 3140 2263 3189 est
2299 3134 2658 3206 aspirationis
2686 3138 2743 3188 et
2781 3134 2980 3206 gratiae
3007 3135 3360 3206 colligentes.

1736 3229 1805 3283 Et
1826 3229 1975 3283 bene
2003 3245 2168 3282 nares
2195 3228 2316 3299 ejus
2343 3227 2487 3282 sicut
2515 3228 2684 3282 turris
2708 3227 2927 3296 Libani,
2957 3228 3089 3300 quia
3116 3227 3173 3282 in
3201 3229 3364 3282 sacri-

1734 3322 1877 3378 ﬁciis
1913 3322 2058 3376 odor
2100 3323 2284 3376 suavis
2320 3321 2578 3376 Ecclesim
2615 3326 2721 3389 est,
2753 3322 2812 3376 in
2858 3321 3064 3393 quibus
3102 3325 3186 3376 est
3229 3323 3364 3378 boni

1738 3416 1928 3472 odoris
1955 3415 2155 3484 hostia,
2186 3415 2442 3469 remissio
2469 3419 2846 3486 peccatorum.

1809 3514 1896 3566 35.
1929 3511 2099 3566 Sume
2131 3508 2308 3580 igitur
2337 3509 2439 3563 has
2479 3525 2664 3578 nares,
2694 3525 2726 3563 ο
2756 3509 2950 3578 homo,
2980 3513 3100 3562 uta
3125 3525 3364 3578 graveo-

1737 3604 1984 3659 lentibus
2025 3602 2328 3657 ﬂorulenta
2371 3618 2650 3670 secernas,
2691 3605 2750 3656 et
2787 3605 2921 3656 tunc
2968 3601 3268 3657 viviticabit
3309 3607 3368 3656 te

1740 3697 2035 3753 Dominus.
2061 3699 2202 3753 Cum
2234 3695 2387 3749 enim
2420 3695 2721 3750 adverterit
2747 3696 2895 3766 quod
2928 3695 3001 3748 de
3042 3695 3164 3766 ipso
3196 3695 3364 3767 petis,

1738 3795 1803 3847 ut
1825 3793 2045 3846 avertat
2071 3789 2265 3844 oculos
2291 3787 2499 3842 mentis
2533 3793 2644 3843 tum
2668 3804 2700 3841 a
2730 3787 2998 3854 vanitate,
3033 3791 3368 3858 cooperator

1739 3884 1945 3939 animae
1980 3887 2123 3952 tum;
2158 3885 2220 3937 ut
2257 3882 2304 3936 si
2344 3882 2528 3954 specie
2567 3881 2754 3953 aliqua
2794 3880 3030 3952 capitur,
3069 3883 3166 3933 aut
3209 3880 3366 3934 duri-

1740 3979 1837 4046 tia,
1871 3983 1969 4032 aut
2008 3977 2336 4032 inﬁrmitate
2375 3992 2492 4030 non
2528 3974 2796 4041 ﬂectitur,
2833 3974 3023 4028 ﬂectat
3059 3989 3187 4028 eam
3222 3973 3366 4045 jugo

1740 4071 1895 4127 verbi
1926 4074 1983 4125 et
2014 4070 2251 4125 habenis
2285 4068 2400 4123 suis
2429 4075 2610 4139 regat,
2641 4074 2702 4123 ut
2731 4068 3020 4123 voluntate
3050 4066 3150 4121 Dei
3183 4067 3367 4122 abdu-

1741 4169 1904 4220 catur
1939 4182 1970 4218 a
2005 4164 2152 4218 vitiis
2187 4168 2243 4218 et
2283 4163 2412 4218 vitae
2451 4163 2685 4218 odorem
2731 4161 2920 4233 capiat
2957 4167 3210 4216 aeternae.
3252 4163 3371 4216 Non

1744 4259 1898 4315 enim
1934 4257 2026 4312 hic
2052 4257 2164 4312 vita
2194 4258 2443 4328 perfecta
2470 4260 2574 4322 est,
2606 4257 2704 4311 sed
2739 4256 2860 4310 haec
2897 4255 3010 4309 vita
3051 4255 3105 4308 in
3148 4254 3370 4311 umbra.

1746 4353 1872 4408 Ideo
1903 4357 1967 4406 ut
1993 4351 2164 4406 homo
2201 4351 2457 4407 Christus
2480 4352 2638 4405 Jesus
2663 4366 2733 4404 ex
2764 4348 2992 4420 Virgine
3019 4353 3371 4417 nasceretur,

118 4437 205 4504 hac,
225 4441 386 4501 beatus
410 4456 516 4515 est;
542 4449 644 4521 qui
681 4455 872 4503 autem
912 4446 1159 4518 respicit,
1192 4447 1429 4500 insanus
1469 4450 1640 4516 atque
1662 4439 1721 4511 D
1747 4445 2102 4502 obumbravit
2130 4443 2306 4498 virtus
2344 4443 2613 4498 Altissimi
2658 4447 2905 4496 matrem
2935 4441 3210 4508 futuram,
3243 4441 3390 4512 quia-

118 4531 282 4590 tariosus
333 4545 426 4596 est.
483 4543 548 4596 Et
616 4542 746 4596 ideo
809 4540 1100 4612 resipiscat
1161 4539 1556 4610 unusquisque
1614 4555 1647 4591 a

117 4621 241 4681 furore
272 4636 610 4690 saecularium
653 4633 1219 4705 cupiditatum,.quaa
1266 4633 1344 4686 ita
1392 4636 1646 4687 mentem

119 4721 396 4798 animmque
444 4727 795 4800 perturbant,
842 4731 903 4781 ut
947 4742 1180 4799 compos
1224 4726 1311 4781 sui
1357 4741 1481 4780 esse
1532 4741 1644 4780 non

121 4816 244 4874 rasit.

162 4909 221 4961 33.
243 4912 283 4966 Si
308 4913 357 4968 in
391 4916 614 4988 navigio
638 4917 951 4972 ﬂuctuante
993 4914 1064 4968 sis
1103 4897 1459 4980 constitutus,
1487 4927 1647 4967 aver-

125 5005 162 5048 ts
189 5019 211 5053 λ
240 5009 424 5064 sentina
471 5012 685 5077 oculos,
724 5026 798 5065 ne
844 5008 1120 5064 vomitum
1164 5012 1388 5062 moveat
1430 5005 1551 5061 tibi.
1592 5005 1650 5060 Si

127 5105 158 5142 an
179 5095 351 5155 civitate
376 5104 667 5158 ambulans
704 5102 916 5175 aliquid
955 5101 1120 5156 fetidi
1154 5100 1343 5156 odoris
1369 5099 1648 5167 offendas,

127 5183 234 5250 "mae
257 5194 444 5265 refugis
470 5203 638 5268 atque
667 5196 932 5252 declinas.
962 5195 1015 5251 Si
1045 5194 1181 5266 quid
1212 5196 1473 5248 occurrat
1499 5193 1652 5263 quod

129 5273 278 5338 horreat
321 5290 499 5344 oculus
548 5297 706 5358 tuus,
760 5288 1037 5345 clauditur
1091 5293 1191 5343 aut
1238 5286 1533 5343 avertitur.
1591 5287 1651 5341 In

247 5468 447 5524 Gallicis
507 5477 872 5540 reperiuntur,
920 5487 1024 5526 nec
1077 5473 1194 5525 ullo
1245 5473 1412 5524 modo
1467 5474 1656 5524 sensui

133 5533 310 5591 'tdentur
331 5533 642 5598 necessaria.

169 5606 206 5679 (ΤΣ
231 5610 332 5679 Μεδ-
359 5617 560 5679 decem,
585 5626 629 5671 et
655 5619 879 5670 alienati
909 5633 943 5669 a
970 5620 1076 5668 vita
1107 5619 1218 5677 Dei,
1249 5621 1354 5668 etc.

236 5678 281 5729 Ῑη
316 5687 454 5749 θάἱίη
497 5677 610 5753 post
645 5691 737 5742 sed
783 5692 840 5740 in
878 5691 1088 5750 virtute,
1133 5689 1410 5753 adjicitur,
1453 5700 1560 5738 non
1603 5689 1658 5736 in

139 5751 380 5815 ελιηιυηαιο,
407 5751 578 5812 scd—in
607 5764 854 5815 navium.
885 5761 1025 5826 Qum
1057 5751 1228 5815 verba
1259 5761 1317 5812 in
1354 5771 1484 5811 mss.
1513 5758 1658 5812 desi-

1747 4540 1804 4594 in
1855 4539 2057 4594 umbra
2103 4537 2412 4605 descendit,
2457 4537 2527 4591 ab
2577 4536 2779 4590 umbra
2827 4535 3104 4606 incipiens
3150 4535 3377 4606 operari

1749 4633 1995 4687 salutem
2026 4631 2297 4698 hominis,
2329 4635 2386 4684 et
2414 4633 2909 4685 consummaturus
2940 4629 3216 4684 charitate
3244 4628 3380 4682 solis

1749 4725 1967 4782 aeterni.
1999 4725 2206 4779 Umbra
2235 4731 2317 4779 est
2347 4741 2485 4796 ergo
2513 4724 2624 4778 vita
2653 4723 2807 4791 hinc;
2838 4723 3040 4778 festina
3080 4723 3150 4777 ad
3180 4724 3376 4787 solem,

1749 4825 1814 4874 ut
1837 4825 1891 4874 te
1932 4818 2199 4873 defendat
2225 4818 2294 4872 ab
2325 4817 2543 4872 umbras
2579 4817 2749 4888 hujus
2774 4816 3005 4888 frigore,
3037 4821 3092 4872 et
3131 4816 3380 4870 calorem

1753 4912 1852 4968 tibi
1896 4912 2209 4984 profundat
2252 4911 2534 4966 aestivum.
2578 4913 2644 4967 Et
2688 4911 2816 4966 ideo
2847 4911 3061 4986 suadet
3101 4907 3381 4963 orandum

1754 5023 1824 5061 ne
1871 5005 1966 5060 ﬁat
2016 5007 2155 5076 fuga
2206 5013 2398 5060 nostra
2454 5005 2644 5060 hieme
2700 5005 2783 5059 vel
2837 5004 3084 5058 Sabbato
3138 5001 3379 5062 (Matth,

1753 5116 1898 5168 xxrv,
1951 5101 2062 5168 20),
2119 5116 2232 5153 non
2288 5104 2508 5171 tempus
2558 5099 2825 5169 diemque
2876 5095 3231 5168 signiﬁcans,
3285 5093 3383 5148 sed

1754 5193 1965 5265 frigere
2006 5210 2110 5248 nos
2138 5193 2352 5249 meritis
2381 5193 2706 5265 prohibens,
2731 5197 2789 5247 et
2817 5192 3102 5246 bonorum
3141 5203 3384 5258 operum

1757 5303 1874 5344 esse
1895 5287 2143 5358 jejunos.

1757 5474 2042 5524 derantur.
2076 5476 2149 5524 At
2174 5473 2420 5538 quidam,
2453 5485 2552 5536 pro
2577 5473 2634 5520 in
2661 5471 2876 5529 virtute,
2912 5467 3121 5520 habent
3159 5469 3217 5518 in
3253 5471 3390 5518 veri-

1759 5550 1890 5680 ΜΞ)
1942 5617 2069 5667 Mss.
2125 5616 2356 5681 aliquot,
2412 5616 2485 5665 Nc
2542 5619 2588 5664 te
2641 5612 2830 5663 saeculo
2875 5612 3212 5678 alligandum
3261 5625 3393 5675 prc-

1761 5687 1905 5808 lgeas.
1949 5688 2180 5752 Aliquot
2227 5687 2342 5747 alii,
2397 5688 2472 5737 Ne
2522 5689 2568 5736 te
2611 5685 2836 5738 sacculis
2883 5684 3218 5750 alligandum
3260 5697 3394 5748 prae-

1801 5772 1906 5808 eas.

1801 5772 1906 5809 eas.
