4082 6186
595 243 720 296 1331

588 459 671 510 tat
710 457 902 510 oculos
929 457 1070 526 ejus,
1100 472 1269 527 quem
1315 458 1617 512 miseratur
1653 459 1948 526 Dominus,
1978 476 2012 512 a
2050 459 2204 512 vani-

585 551 721 604 tate.
767 551 841 603 Ex
884 549 970 603 his
1007 550 1164 604 enim
1202 567 1330 621 qua
1369 557 1702 622 sequuntur,
1738 553 1844 606 hoc
1890 553 2205 622 intelligere

585 659 910 712 possumus;
960 643 1199 714 subjecit
1249 644 1402 698 enim
1452 662 1464 698 :
1516 646 1706 700 Statue
1751 663 1900 699 servo
1958 653 2050 700 tuo
2097 647 2203 699 elo-

581 739 770 805 quium
809 743 961 790 tuum
995 740 1054 791 in
1098 740 1285 792 timore
1325 743 1433 792 tuo.
1476 739 1700 794 Initium
1749 756 1872 793 esse
1913 739 2206 808 sapientia

585 829 848 884 timorem
879 831 1101 885 Domini
1125 831 1260 885 dicit
1295 833 1576 903 Propheta
1607 833 1774 897 (Psul.
1803 849 1887 899 cx,
1920 835 2030 900 10).
2061 831 2204 896 Quid

585 930 670 978 est
715 928 905 978 autem
955 923 1185 978 initium
1227 925 1543 996 sapientia,
1587 926 1694 979 nisi
1739 926 1945 980 saculo
1990 942 2202 980 renun-

583 1017 762 1070 tiare?
792 1017 935 1081 Quia
963 1034 1158 1087 sapere
1191 1018 1500 1085 sacularia,
1533 1018 1768 1072 stultitia
1806 1022 1909 1072 est.
1949 1018 2202 1090 Denique

583 1110 919 1180 sapientiam
945 1111 1116 1181 hujus
1140 1111 1354 1176 mundi,
1379 1111 1673 1166 stultitiam
1700 1128 1821 1166 esse
1851 1113 1999 1183 apud
2025 1115 2204 1166 Deum

581 1205 882 1272 Apostolus
922 1204 1057 1257 dicit
1097 1206 1135 1266 (l
1186 1209 1328 1268 Cain,
1380 1222 1416 1272 ι,
1457 1208 1568 1267 20).
1614 1205 1720 1260 Sed
1767 1211 1824 1259 et
1863 1207 1982 1276 ipse
2032 1207 2204 1260 timor

584 1296 827 1362 Domini,
855 1297 960 1351 nisi
990 1298 1300 1352 secundum
1332 1297 1628 1352 scientiam
1658 1299 1750 1365 sit,
1780 1299 1921 1353 nihil
1948 1300 2200 1370 prodest,

580 1388 696 1444 imo
721 1389 879 1444 obest
906 1390 1238 1460 plurimum.
1263 1390 1553 1460 Siquidem
1573 1391 1752 1446 Judai
1779 1393 1993 1447 habent
2017 1393 2200 1448 zelum

581 1483 698 1548 Dei,
736 1483 831 1536 sed
865 1483 996 1552 quia
1037 1500 1149 1537 non
1191 1483 1402 1538 habent
1441 1485 1752 1539 secundum
1791 1486 2108 1553 scientiam,
2143 1486 2201 1540 in

580 1576 702 1644 ipso
737 1577 854 1630 zelo
881 1583 938 1631 et
962 1577 1168 1632 timore
1206 1577 1484 1648 majorem
1523 1580 1868 1634 contrahunt
1899 1579 2204 1634 divinitatis

579 1667 871 1724 offensam.
902 1670 1068 1734 Quod
1094 1671 1509 1726 circumcidunt
1541 1673 1847 1727 infantulos
1871 1690 2021 1743 suos,
2052 1674 2201 1745 quod

2070 245 2122 294 S.
2167 242 2479 296 AMBROSH

659 367 746 418 36.
781 363 955 430 (Vers.
995 365 1106 426 38.)
1143 363 1297 418 Disce
1336 381 1484 418 nunc
1519 365 2012 434 quemadmodum
2048 382 2204 420 aver-
2235 364 2642 447 Acontirmavi
2684 365 2977 420 columnas
3016 366 3138 434 ejus
3176 369 3340 428 ('Psal.
3372 383 3547 434 Lxx1v,
3576 369 3662 434 li);
3701 389 3728 416 ιι

3809 250 3948 301 1332

3772 370 3847 422 ita
3887 375 3949 422 et

2310 456 2458 510 basis
2497 474 2670 512 aurea
2703 458 2876 512 timor
2920 461 3122 529 plenus
3163 459 3496 530 disciplina,
3535 461 3673 531 quia
3714 462 3944 516 initium

2309 550 2600 620 sapientia
2625 556 2726 606 est.
2755 553 2816 605 In
2848 552 3052 606 timore
3085 569 3223 622 ergo
3256 552 3601 624 sapientium
3632 556 3946 625 apostolica

2307 643 2634 712 praedicatio
2665 648 2941 716 tanquam
2988 662 3163 716 super
3198 646 3380 702 basim
3411 663 3640 702 auream
3676 648 3947 703 columna

2306 738 2588 791 ﬁrmatur.
2628 739 2832 793 Christi
2873 739 3047 810 igitur
3091 741 3320 811 eloquio
3368 746 3424 796 et
3467 741 3770 812 apostolico
3816 759 3940 797 ser-

2308 831 2466 885 moni
2497 831 2747 886 tribunal
2784 836 2872 886 est
2900 834 3070 887 timor
3095 834 3258 904 justi,
3287 840 3344 889 et
3370 835 3522 890 basis
3559 852 3733 889 aurea
3767 837 3943 908 plena

2307 925 2653 994 prudentia;
2708 925 3076 980 simulacrum
3137 932 3333 982 autem
3386 929 3602 982 bonum
3661 936 3941 1000 tanquam

2306 1018 2524 1088 efﬁgies
2569 1019 2842 1084 veritatis,
2889 1036 3074 1074 sermo
3121 1024 3472 1075 sanctorum.
3521 1023 3589 1076 Et
3634 1022 3756 1076 vide
3807 1027 3939 1078 tan-

2304 1127 2477 1182 quam
2503 1111 2686 1166 basim
2709 1127 2946 1166 auream
2969 1128 3090 1166 essc
3116 1117 3440 1169 sanctorum
3469 1114 3755 1170 timorem.
3780 1116 3936 1187 Lege

2308 1205 2526 1274 Isaiam,
2559 1205 2685 1259 vide
2711 1205 2938 1276 quantis
2963 1205 3266 1276 subjecerit
3300 1207 3591 1274 timorem,
3625 1213 3686 1262 ut
3721 1210 3943 1263 faceret

2305 1297 2854 1368 irreprehensibilem
2887 1303 2944 1353 et
2982 1299 3197 1354 bonum
3239 1300 3508 1354 timorem
3544 1317 3556 1355 :
3608 1325 3632 1349 ‹‹
3670 1302 3935 1373 Spiritus,

2304 1390 2512 1462 inquit,
2565 1392 2856 1463 sapientia
2911 1397 2968 1447 et
3016 1393 3367 1460 intellectus,
3425 1395 3656 1465 spiritus
3708 1396 3936 1450 consilii

2304 1491 2473 1556 atque
2520 1485 2765 1554 virtutis,
2805 1486 3038 1556 spiritus
3084 1487 3426 1556 cognitionis
3469 1494 3640 1559 atque
3687 1489 3934 1558 pietatis,

2303 1579 2532 1648 spiritus
2562 1578 2739 1634 sancti
2777 1579 2994 1634 timoris
3019 1579 3171 1648 (Isa.,
3204 1596 3280 1646 xl,
3316 1581 3388 1650 2).
3418 1602 3444 1629 »
3475 1581 3715 1644 Quantis
3755 1583 3933 1636 timo-

2302 1687 2426 1725 rem
2455 1672 2714 1742 subjecit,
2750 1678 2811 1726 ut
2840 1673 3081 1727 haberet
3117 1674 3270 1744 quod
3299 1674 3461 1745 sequi
3498 1677 3720 1745 posset?
3750 1677 3933 1732 Infor-

578 1761 818 1817 Sabbata
854 1764 1204 1833 custodiunt,
1234 1764 1504 1819 timorem
1538 1766 1636 1820 Dei
1674 1765 1905 1835 habent,
1937 1741 2033 1821 sed
2068 1741 2278 1838 quiaB
2305 1767 2492 1818 matur
2528 1741 2632 1836 per
2671 1766 3031 1836 sapientiam,
3069 1741 3515 1838 instruitur—per
3558 1768 3931 1834 intellectum,

580 1856 834 1910 nesciunt
874 1858 1058 1925 legem
1101 1857 1414 1928 spiritalem
1453 1875 1595 1926 esse,
1633 1859 2046 1914 circumcidunt
2079 1876 2197 1914 cor-

579 1967 702 2021 pus,
743 1967 854 2003 non
891 1966 988 2004 cor
1023 1966 1209 2005 suum.
1238 1951 1710 2032 lgnemSabbato
1746 1953 1976 2008 adolere
2005 1953 2198 2008 formi-

579 2044 738 2110 dant,
768 2059 897 2098 cum
937 2044 1020 2097 lex
1057 2028 1967 2126 sanctiﬁcpﬁoﬁﬁjﬁtglibjdipgpg
2004 2047 2198 2126 ignem

581 2136 873 2206 Prohibeat
896 2137 1149 2194 accendi.
1285 2131 1301 2144 ’
1335 2118 1352 2123 ⁷
1375 2118 1398 2160 ί
1421 2121 1483 2173 ³⁵
1523 2118 1546 2181 έ

647 2233 732 2284 37.
780 2232 848 2283 Et
900 2230 1036 2301 quid
1084 2231 1153 2285 de
1178 2184 2238 2316 findaiqdicamioSiinto'étlam-iiif

577 2323 734 2378 nobis
772 2323 868 2394 qui
913 2305 1842 2411 ὴδὺθηλῇᾑῴξαξξιξεξβψοῃρη
1883 2328 2196 2411 secundum

2301 1858 2531 1912 consilio
2561 1858 2848 1929 dirigitur,
2880 1858 3088 1914 virtute
3113 1859 3396 1928 ﬁrmatur,
3425 1861 3747 1931 cognitione
3783 1863 3935 1932 regi-

2302 1955 2414 2018 tur,
2446 1951 2656 2023 pietate
2693 1953 3013 2008 decoratur.
3052 1954 3204 2008 Tolle
3249 1953 3433 2008 timori
3468 1955 3564 2008 Dei
3597 1955 3722 2021 ista,
3756 1961 3810 2010 et
3845 1960 3936 2008 est

2301 2044 2706 2100 irrationabilis
2753 2049 2809 2100 et
2859 2045 3130 2118 insipiens
3181 2047 3372 2115 timor,
3427 2065 3569 2102 unus
3627 2066 3698 2104 ex
3753 2050 3865 2104 illis
3917 2070 3929 2104 ;

2181 2139 2358 2212 ξζῖαε
2378 2137 2537 2198 Foris
2586 2154 2814 2210 pugna,
2858 2138 3012 2194 intus
3059 2140 3296 2194 timores
3341 2141 3408 2211 (ll
3455 2145 3597 2204 Cor.,
3640 2159 3736 2208 vn,
3780 2144 3853 2212 5),
3902 2166 3930 2189 ››

2269 2217 2346 2238 ’νο
2378 2215 2451 2240 ’.⁸

2258 2230 2504 2315 εὲιῖυίἰῃιε
2563 2231 2803 2287 afﬂictus
2862 2236 3010 2288 esset
3063 2236 3120 2288 et
3181 2235 3416 2301 Paulus,
3468 2235 3576 2290 nisi
3641 2235 3934 2292 habuisset

2303 2324 2608 2380 Dominum
2635 2325 3044 2380 consolantem.

513 2436 520 2444 ·
575 2417 890 2484 scientiam,
936 2395 1550 2473 statuentesvdlii'iora:
2371 2419 2602 2500 39.,Nec
2630 2419 2873 2474 otiosum
2906 2423 2991 2474 est
3027 2419 3084 2474 in
3121 2420 3481 2476 Proverbiis:
3515 2443 3541 2471 α
3569 2422 3722 2476 Tunc
3757 2423 3927 2479 intel-

573 2511 749 2581 possit
801 2511 1050 2565 humana
1107 2511 1355 2566 conditio
1411 2511 1712 2568 sustinere.
1765 2494 1960 2568 Timor
2005 2493 2097 2569 in;
2115 2493 2210 2569 ἔἑλὶ
2237 2513 2259 2555 ~°
2299 2493 2752 2595 ﬁg'eisltiinorem
2798 2512 3019 2567 Domini
3059 2514 3261 2584 (Ρνουη
3303 2531 3361 2582 u,
3404 2515 3477 2586 5).
3525 2535 3552 2567 »ι
3593 2517 3735 2580 Quid
3783 2523 3869 2572 est
3914 2535 3927 2571 :

572 2607 675 2672 est,
715 2605 847 2676 quia
888 2604 1151 2659 videntur
1193 2604 1298 2659 sibi
1345 2607 1638 2660 consulere
1682 2606 2013 2676 disciplina,
2056 2625 2196 2679 opus
2298 2606 2487 2659 Tunc?
2527 2605 2582 2659 id
2628 2613 2712 2660 est
2751 2622 2764 2658 :
2817 2627 2844 2654 ‹‹
2888 2607 3027 2661 Cum
3072 2607 3410 2678 sapientiam
3456 2609 3822 2678 invocaveris,
3873 2616 3932 2665 et

572 2698 792 2751 virtutis
829 2698 1060 2767 exigere
1091 2713 1103 2751 :
1136 2697 1233 2752 sed
1263 2698 1559 2754 inscientia
1593 2698 1649 2753 in
1678 2715 1746 2753 eo
1783 2705 1885 2765 est,
1915 2700 2051 2770 quia
2082 2718 2196 2756 non
2297 2698 2616 2769 prudentia
2670 2697 2896 2752 dederis
2947 2715 3139 2755 vocem
3196 2706 3381 2766 tuam;
3434 2705 3491 2755 et
3542 2702 3583 2756 si
3637 2703 3929 2774 quasieris

570 2792 997 2862 compatiuntur
1044 2795 1288 2858 natura,
1343 2809 1455 2846 non
1516 2793 1800 2848 astimant
1853 2794 2194 2864 possibilita-
2300 2792 2452 2846 illam
2483 2796 2544 2846 ut
2575 2792 2893 2863 pecuniam,
2923 2797 2981 2848 et
3010 2798 3075 2848 ut
3109 2793 3407 2849 thesauros
3444 2798 3722 2850 scrutatus
3748 2797 3929 2851 fueris

572 2890 704 2940 tem.
755 2885 875 2938 Non
937 2883 1010 2938 sit
1059 2900 1197 2956 ergo
1259 2883 1666 2940 irrationabilis
1732 2888 1919 2942 timor.
1972 2889 2192 2944 Etenim
2295 2885 2910 2956 eam,tuncintelliges
2935 2886 3201 2941 timorem
3234 2887 3458 2943 Domini
3490 2889 3675 2957 (lbid.,
3708 2893 3763 2959 3,
3791 2891 3864 2960 4).
3900 2915 3924 2939 ››

569 2994 698 3033 vera
727 2976 1010 3048 sapientia
1033 2994 1066 3032 a
1093 2977 1296 3034 timore
1335 2979 1434 3033 Dei
1469 2979 1688 3049 incipit,
1717 2995 1820 3035 nec
1855 2986 1940 3035 est
1969 2982 2190 3053 sapien-
2294 2980 2362 3031 Et
2392 2978 2519 3032 ideo
2555 2983 2823 3050 tanquam
2854 2996 3025 3050 super
3053 2979 3231 3034 basim
3271 2981 3485 3036 bonam
3516 2982 3651 3037 dicit
3683 2999 3696 3037 :
3731 3005 3758 3032 «
3796 2984 3923 3038 Sta-

568 3071 648 3126 tia
693 3069 949 3142 1030
998 3070 1262 3140 spiritalis
1303 3070 1423 3125 sine
1467 3072 1673 3126 timore
1724 3072 1852 3141 Dei;
1900 3073 1979 3127 ita
2025 3075 2391 3178 timorCtue
2440 3088 2601 3127 servo
2656 3074 2753 3127 tuo
2802 3073 3094 3144 eloquium
3143 3079 3306 3129 tuum
3353 3074 3412 3128 in
3465 3075 3670 3130 timore
3724 3080 3840 3131 tuo.
3893 3099 3921 3128 ιι

569 3164 692 3219 sine
719 3162 999 3234 sapientia
1027 3178 1149 3218 esse
1191 3178 1305 3216 non
1337 3162 1525 3218 debet.
1561 3165 1708 3218 Basis
1742 3167 2006 3236 quadam
2037 3167 2192 3223 verbi
2219 3162 2267 3178 υ
2293 3165 2468 3219 Plena
2503 3165 2815 3237 disciplina
2851 3166 3054 3234 oratio,
3084 3183 3186 3237 per
3210 3184 3387 3238 quam
3416 3168 3686 3224 docemur
3714 3186 3917 3241 quem-

567 3260 654 3312 est
687 3256 856 3311 timor
894 3258 1137 3310 sanctus.
1177 3256 1334 3311 Sicut
1369 3256 1523 3310 enim
1561 3257 1928 3313 simulacrum
1965 3259 2191 3330 aliquod
2292 3259 2600 3314 admodum
2653 3260 2960 3315 debeamus
3010 3277 3170 3316 orare
3227 3278 3240 3315 :
3293 3261 3678 3333 unusquisque
3729 3280 3920 3318 sermo

566 3351 627 3404 in
669 3349 786 3404 basi
820 3349 1104 3417 statuitur,
1137 3351 1196 3403 et
1228 3353 1364 3404 tunc
1403 3350 1678 3420 majorem
1718 3351 1891 3406 habet
1925 3353 2188 3422 gratiam,
2293 3352 2549 3407 doctrina
2577 3356 2664 3408 est
2696 3352 3062 3423 deprecandi.
3100 3355 3167 3408 Et
3185 3354 3330 3424 .quia
3367 3355 3558 3410 docuit
3593 3373 3696 3410 nos
3735 3373 3917 3423 orare,

566 3459 699 3498 cum
727 3443 787 3497 in
814 3442 937 3497 basi
963 3445 1144 3497 statua
1178 3441 1354 3497 fuerit
1387 3443 1676 3510 collocata,
1705 3444 2000 3516 standique
2028 3463 2188 3501 acce-
2293 3446 2422 3517 quis
2459 3445 2531 3500 sit
2565 3445 2724 3502 istius
2767 3446 3043 3501 orationis
3086 3446 3321 3501 eﬁ'ectus
3358 3448 3604 3503 ostendit
3638 3450 3922 3520 septimus

565 3537 713 3607 perit
731 3536 1092 3604 ﬁrmitatem;
1117 3537 1199 3590 ita
1218 3536 1455 3590 verbum
1478 3537 1597 3603 Dei,
1622 3537 1708 3591 vel
1732 3538 2058 3594 rationabile
2083 3539 2189 3610 (10)

565 3629 660 3686 Dei
688 3631 748 3684 in
783 3630 989 3685 timore
1019 3632 1212 3684 sancto
1250 3629 1454 3684 melius
1489 3630 1776 3698 statuitur,
1801 3631 2004 3686 fortius
2035 3633 2188 3688 radi-

564 3729 744 3790 catur,
786 3723 893 3778 hoc
933 3729 1035 3791 est,
1077 3722 1137 3777 in
1181 3727 1407 3794 pectore
1449 3723 1701 3779 timentis
1743 3725 2080 3794 Dominum;
2118 3744 2188 3782 ne

564 3816 790 3872 labatur
829 3815 1064 3870 verbum
1099 3815 1170 3870 de
1207 3817 1377 3871 corde
1409 3815 1534 3883 viri,
1563 3833 1637 3871 ne
1672 3818 1900 3872 veniant
1931 3819 2188 3874 volucres

564 3914 621 3965 et
675 3910 940 3964 auferant
1006 3908 1144 3962 illud
1202 3909 1271 3963 de
1337 3908 1607 3965 incuriosi
1670 3915 1727 3964 et
1790 3911 2187 3968 dissimulantis

560 4003 785 4058 affectu.
818 4002 929 4058 Sed
970 4002 1142 4056 etiam
1185 4002 1352 4056 verbo
1392 4002 1484 4057 Dei
1527 4002 1699 4057 timor
1737 4004 1853 4074 ipse
1898 4006 2081 4076 aptari
2113 4007 2186 4062 ad

565 4096 863 4151 utilitatem
890 4099 946 4149 et
971 4095 1314 4150 conslabiliri
1344 4095 1584 4162 videtur,
1618 4102 1678 4150 ut
1711 4113 1825 4151 non
1859 4099 1930 4151 sit
1965 4099 2186 4154 alienus

560 4188 834 4256 scientia,
874 4189 1019 4243 sicut
1054 4188 1200 4242 basis
1236 4196 1464 4260 accepta
1501 4195 1684 4244 statua
1722 4207 1834 4244 non
1877 4197 1963 4244 est
1999 4193 2186 4247 aliena

561 4281 777 4352 gratia.
822 4281 1014 4336 Timor
1053 4297 1188 4354 ergo
1229 4281 1381 4336 verbi
1422 4287 1507 4336 est
1546 4282 1722 4349 locus,
1765 4284 1908 4338 sicut
1949 4285 2006 4338 in
2046 4301 2185 4355 pace

523 4375 717 4429 -locus
757 4375 898 4446 ejus.
932 4374 1123 4429 Timor
1153 4375 1417 4446 quadam
1461 4374 1629 4430 statio
1674 4377 1829 4431 verbi
1862 4380 1973 4446 (ll)
2013 4399 2022 4431 :
2058 4395 2181 4434 ver—

2291 3555 2502 3594 versus.

2361 3636 2448 3688 40.
2484 3635 2661 3702 (Vers.
2686 3634 2796 3704 39.)
2814 3634 2991 3701 Aufer
3013 3650 3048 3689 a
3074 3649 3156 3690 me
3181 3636 3530 3705 opprobrium
3557 3651 3749 3702 meum,
3773 3637 3921 3705 quod

2286 3730 2591 3797 suspicatus
2634 3743 2769 3782 sum.
2819 3727 3180 3783 Subobscure
3227 3728 3443 3782 dictum
3490 3728 3714 3784 videtur
3758 3748 3773 3784 ε
3819 3731 3917 3785 sed

2290 3819 2604 3890 explanavit
2628 3821 2926 3890 Apostolus
2952 3821 3109 3892 quod
3141 3821 3232 3875 hic
3261 3821 3560 3876 videbatur
3586 3821 3916 3890 obscurum,

2290 3913 2385 3968 ubi
2412 3913 2493 3966 ait
2519 3930 2532 3967 :
2562 3914 2716 3971 Nihil
2749 3915 2885 3968 mihi
2913 3915 3133 3984 quidem
3157 3918 3396 3970 conscius
3425 3931 3566 3977 sum,
3593 3916 3688 3970 sed
3716 3932 3825 3970 non
3862 3920 3921 3971 in

2287 4009 2381 4062 hoc
2397 4007 2738 4076 justiﬁcatus
2761 4023 2880 4062 sum
2912 4009 2949 4075 (l
2983 4011 3125 4066 Cor..
3169 4025 3240 4075 iv,
3283 4009 3359 4072 4).
3389 4006 3636 4081 1031
3687 4009 3921 4064 Sciebat

2287 4100 2440 4154 enim
2478 4116 2536 4154 se
2576 4116 2699 4153 esse
2740 4101 3051 4168 hominem,
3090 4107 3146 4155 et
3183 4100 3261 4155 sic
3299 4101 3532 4156 cavebat
3573 4108 3635 4156 ut
3663 4107 3917 4172 poterat,

2287 4211 2360 4248 ne
2407 4196 2536 4265 post
2585 4199 2846 4264 suscepta
2896 4193 3165 4265 baptismi
3209 4197 3562 4249 sacramenta
3619 4199 3916 4266 peccaret;

2283 4287 2521 4358 ideoque
2570 4271 3064 4342 delicti'conscius
3116 4287 3217 4340 sibi
3270 4303 3384 4341 non
3436 4293 3576 4356 erat,
3628 4288 3727 4342 sed
3779 4289 3919 4360 quia

2284 4380 2455 4436 homo
2496 4385 2637 4446 erat,
2675 4384 3032 4451 peccatorem
3075 4397 3133 4434 se
3175 4380 3482 4446 fatebatur,
3515 4382 3694 4436 sciens
3735 4399 3919 4436 unum

558 4468 696 4524 bum
722 4467 941 4523 timoris
976 4471 1062 4522 est
1094 4467 1415 4538 disciplina,
1446 4468 1648 4538 plenus
1686 4469 1838 4524 enim
1870 4469 2263 4543 disciplinaD
2288 4491 2406 4530 esse
2431 4476 2623 4530 Jesum
2659 4473 2853 4528 lumen
2892 4489 3109 4540 verum,
3139 4473 3235 4545 qui
3273 4477 3571 4544 peccatum
3601 4491 3718 4529 non
3759 4475 3918 4542 fecit,

563 4562 729 4616 timor
755 4579 869 4616 non
897 4565 1059 4615 nutat
1080 4561 1150 4616 ad
1179 4561 1422 4632 lapsum.

2285 4585 2391 4622 nec
2432 4573 2515 4622 est
2558 4567 2820 4622 inventus
2861 4568 2919 4620 in
2965 4583 3063 4621 ore
3109 4567 3231 4638 ejus
3270 4567 3458 4636 dolus;
3502 4568 3687 4638 ipsum
3729 4569 3918 4623 solum

630 4658 718 4711 38.
765 4657 832 4710 Et
876 4655 1010 4725 quia
1053 4655 1233 4708 basim
1279 4655 1434 4708 verbi
1484 4655 1748 4710 timorem
1797 4656 2066 4724 diximus,
2113 4675 2184 4713 ne
2275 4661 2592 4732 justiﬁcari,
2625 4660 2721 4731 qui
2759 4677 2893 4715 vere
2921 4661 3139 4715 alienus
3181 4664 3326 4714 esset
3353 4678 3387 4714 a
3427 4661 3604 4730 lapsu.
3639 4661 3919 4718 Similiter

557 4749 694 4820 quid
736 4748 989 4804 alienum
1029 4764 1063 4802 a
1102 4747 1408 4819 Scriptnris
1448 4748 1700 4818 posuisse
1742 4765 1845 4804 nos
1883 4751 2182 4823 quisquam

555 4845 746 4913 putet,
774 4841 1010 4912 accipiat
1034 4841 1242 4896 lectum
1269 4841 1337 4896 de
1365 4842 1459 4896 Dei
1494 4841 1664 4896 verbo
1691 4843 1745 4896 in
1773 4843 2018 4899 Canticis
2045 4861 2178 4899 can-

554 4936 800 4990 ticorum
839 4952 853 4988 :
902 4957 929 4982 ‹‹
965 4937 1143 4989 Crura
1185 4935 1307 5005 ejus
1352 4936 1629 4990 columna
1673 4952 2010 4992 marmorea
2051 4939 2178 4992 fun-

554 5028 702 5083 data
727 5044 900 5098 super
925 5027 1084 5082 bases
1111 5045 1307 5084 aureas
1336 5031 1537 5091 (Cant,
1571 5046 1622 5096 ν,
1660 5033 1768 5097 i5),
1799 5051 1826 5079 ››
1860 5030 2182 5101 signiﬁcans

553 5121 850 5176 columnas
889 5137 1012 5176 esse
1040 5122 1300 5178 Ecclesia
1335 5124 1635 5193 apostolos,
1669 5123 1767 5193 qui
1799 5122 2018 5178 fundati
2049 5127 2182 5178 sunt

538 5210 613 5270 in
661 5215 866 5270 timore
910 5220 1252 5270 sanctorum.
1301 5216 1441 5270 Nam
1491 5215 1636 5270 sicut
1678 5217 1897 5283 Petrus,
1941 5217 2180 5272 Jacobus

554 5311 611 5360 et
647 5308 886 5362 Joannes
929 5313 984 5363 et
1025 5309 1314 5364 Barnabas
1354 5308 1634 5362 columna
1674 5326 1795 5363 esse
1841 5310 2181 5364 videbantur

551 5400 831 5467 Ecclesia,
880 5406 936 5457 et
987 5401 1334 5473 quicumque
1385 5401 1580 5456 vicerit
1625 5402 1734 5458 hoc
1777 5405 2070 5469 saculum,
2119 5406 2182 5458 tit

551 5493 815 5548 columna
863 5496 983 5563 Dei,
1035 5511 1208 5566 quam
1259 5497 1555 5550 conﬁrmat.
1599 5495 1696 5565 qui
1740 5496 1874 5549 dicit
1921 5514 1934 5550 :
1987 5517 2013 5542 ‹‹
2062 5498 2179 5566 Ego

613 5639 710 5702 (10)
740 5639 1085 5697 Rationabile,
1127 5641 1181 5690 id
1221 5645 1322 5701 est,
1362 5641 1529 5700 ratio;
1569 5640 1727 5698 λόγιον
1763 5641 1914 5691 enim
1945 5654 2011 5692 ac
2042 5642 2180 5702 λόγος

550 5714 607 5761 et
631 5710 864 5761 verbum
891 5715 947 5760 et
991 5713 1259 5761 rationem
1301 5711 1633 5774 signiﬁcant.
1661 5713 1761 5762 Est
1787 5717 1976 5763 autem
2009 5712 2180 5764 helle-

548 5781 766 5831 nismus
804 5795 915 5844 quo
950 5785 1210 5832 neutrum
1249 5783 1588 5846 adjectivum
1621 5783 1843 5848 ponitur
1880 5784 2004 5836 loco
2043 5785 2176 5835 sub-

2283 4771 2422 4826 ergo
2451 4759 2507 4810 et
2531 4754 2833 4825 propheta,
2855 4754 2959 4808 etsi
2986 4757 3285 4826 peccatum
3315 4753 3597 4808 declinare
3625 4754 3916 4826 cupiebat,

2281 4853 2476 4902 tamen
2513 4848 2672 4918 quasi
2699 4849 2877 4901 Deum
2910 4847 3261 4918 repulsorcm
3300 4847 3513 4918 peccati
3549 4864 3668 4902 esse
3703 4848 3790 4902 sui
3821 4865 3918 4903 cu-

2282 4941 2750 5010 piebat.‘Volebat
2777 4940 2990 4994 auferri
3019 4940 3389 5010 opprobrium
3419 4940 3572 5010 quod
3595 4941 3918 5011 suspicatus

2283 5037 2386 5100 est,
2416 5033 2501 5087 vel
2538 5033 2668 5103 quia
2703 5033 3050 5104 cogitaverat
3081 5033 3138 5086 in
3175 5033 3346 5087 corde
3386 5035 3445 5087 et
3486 5050 3603 5088 non
3645 5035 3860 5089 fecerat
3897 5053 3909 5088 :

2283 5129 2342 5180 et
2377 5126 2711 5198 pauitantia
2741 5126 2871 5180 licet
2901 5125 3196 5192 abolitum,
3225 5129 3520 5197 suspectus
3549 5130 3738 5182 tamen
3768 5134 3911 5194 erat,

2279 5237 2353 5275 ne
2383 5221 2532 5275 forte
2571 5220 2756 5274 adhuc
2790 5223 3051 5274 maneret
3089 5219 3212 5290 ejus
3245 5219 3646 5290 opprobrium;
3685 5224 3743 5274 et
3775 5220 3912 5275 ideo

2284 5314 2460 5366 Deum
2485 5318 2748 5381 precatur
2771 5315 2835 5364 nt
2855 5311 2986 5366 illud
3013 5313 3255 5377 auferat,
3277 5311 3375 5381 qui
3394 5312 3549 5365 solus
3579 5314 3732 5366 novit
3752 5314 3912 5382 quod

2282 5406 2500 5459 nescire
2544 5407 2729 5476 potest
2769 5405 2936 5458 etiam
2979 5404 3101 5474 ipse
3143 5405 3240 5474 qui
3286 5405 3434 5459 fecit.
3476 5405 3724 5477 Denique
3771 5405 3913 5458 alibi

2279 5500 2398 5570 ipse
2426 5499 2563 5552 dixit
2591 5499 2863 5569 propheta
2888 5515 2898 5551 :
2930 5519 2954 5545 α
2979 5497 3091 5552 Scis
3121 5498 3490 5569 Opprobrinm
3519 5516 3711 5553 meum
3737 5501 3908 5567 (Psul.

2277 5648 2661 5836 δίῗζίΐῖἓὲνίριί
2687 5715 2810 5766 cod.
2844 5705 3138 5778 nonnulli,"
3157 5715 3329 5765 Timor
3365 5715 3631 5779 quoddam
3672 5715 3908 5765 studium

2277 5798 2370 5835 ver
2407 5802 2441 5836 ι.
2472 5800 2502 5836 e
2527 5801 2575 5836 c.

2276 5798 2441 5846 verm,
2472 5798 2575 5838 etc.
