4082 6186
244 216 369 264 Milli

1385 210 1736 266 EXPOSITIO
1777 212 1842 266 IN
1893 213 2204 269 PSALMUM
2242 214 2466 270 CXVIII.

3468 217 3600 272 l33i

239 352 415 400 iniu,
457 340 566 406 20).
615 360 642 384 η
681 336 1023 407 Quanquam
1057 336 1199 391 istud
1240 337 1633 407 opprobrium,
1665 336 1866 392 Christi
1890 336 2174 420 Ajudicia
2201 338 2397 408 agenti
2426 338 2848 408 paenitentiam;
2879 338 3006 409 quia
3041 340 3159 408 ipse
3189 339 3329 394 dixit
3360 356 3373 392 :
3403 364 3426 388 ‹‹
3457 344 3599 394 Cau-

235 430 314 496 sit,
334 431 500 500 quod
523 447 640 484 non
665 433 752 484 est
773 447 972 484 verum
996 429 1388 502 opprobrium,
1412 431 1508 485 sed
1533 431 1714 500 gloria
1737 430 1866 492 Dei;

233 540 355 575 crux
373 522 539 578 enim
557 523 768 578 Christi
782 524 995 579 Iudaeis
1012 524 1364 591 scandalum,
1382 524 1591 579 Graecis
1605 524 1862 578 stultitia.

291 617 382 670 41.
428 617 551 671 Illis
591 633 731 688 ergo
774 617 1169 688 opprobrium,
1216 617 1363 672 mihi
1400 617 1578 672 virtus
1616 624 1722 683 est,
1766 634 1869 687 per

226 727 395 780 quam
444 710 849 766 adversarium
898 711 1142 783 repello,
1189 713 1459 766 szeculum
1504 710 1686 766 vinco.
1733 711 1868 764 Mihi

221 804 511 875 sapientia
575 821 680 876 per
734 821 910 876 quam
973 804 1317 876 insipientia:
1377 805 1613 876 laqueos
1671 804 1863 860 evado.

220 899 328 952 Hoc
364 897 756 968 opprobrium
787 899 1068 954 thesauris
1096 899 1325 970 Egypti
1355 900 1569 970 Moyses
1595 897 1864 968 prastulit.

280 991 493 1060 Idajus,
528 991 741 1062 inquit,
769 991 1062 1046 aestimans
1091 992 1318 1063 Egypti
1346 991 1628 1046 thesauris
1662 1007 1868 1062 oppro-

212 1085 406 1139 brium
440 1085 662 1140 Christi
690 1086 894 1153 (Hebr.,
925 1103 997 1152 ιι,
1027 1087 1136 1155 26).
1162 1106 1188 1138 ι)
1218 1086 1273 1142 Si
1300 1085 1674 1158 opprobrium
1703 1089 1867 1140 tuum

211 1177 399 1248 gloria
433 1184 551 1246 est,
581 1179 813 1234 Domine
843 1180 998 1248 Jesu,
1028 1183 1241 1250 quanta
1267 1185 1349 1235 est
1371 1179 1555 1250 gloria
1579 1179 1710 1236 tua?
1734 1181 1867 1233 Tuae

212 1272 393 1342 igitur
456 1272 668 1343 gloriae
721 1272 1147 1344 participatione
1207 1273 1347 1344 quid
1405 1273 1648 1342 erimus,
1707 1273 1867 1343 cujus

208 1381 410 1419 sumus
444 1366 767 1437 opprobrio
804 1366 1078 1438 gloriosi?
1105 1369 1340 1428 Dorsum
1382 1383 1575 1421 meum
1609 1365 1771 1437 posui
1808 1367 1865 1421 in

210 1460 471 1528 ﬂagella,
521 1459 778 1514 maxillas
825 1476 980 1514 meas
1021 1461 1080 1515 in
1105 1461 1355 1532 palmas,
1407 1477 1470 1514 os
1512 1463 1704 1515 autem
1749 1476 1863 1515 non

210 1553 384 1606 averti
441 1571 478 1605 a
539 1553 868 1608 confusione
919 1559 1238 1624 sputorum.
1299 1556 1436 1608 Ecce
1491 1553 1864 1624 opprobrium

212 1651 395 1712 tuum,
420 1647 696 1714 Domine,
718 1647 779 1702 in
805 1663 919 1718 quo
941 1648 1092 1702 salus
1119 1651 1204 1702 est
1237 1647 1648 1715 universorum,
1673 1647 1730 1701 in
1752 1664 1866 1718 quo

1971 430 2131 484 dium
2172 430 2278 486 erit
2314 432 2372 485 in
2419 431 2568 486 cmlis
2615 448 2788 503 super
2831 449 2940 487 uno
2983 437 3274 502 peccatore
3317 435 3595 502 poeniten-

1969 524 2102 578 tiam
2145 529 2379 595 agente,
2415 542 2589 596 quam
2635 526 2692 580 in
2737 526 3053 596 nonaginta
3098 530 3157 579 ct
3198 543 3398 581 novem
3431 527 3600 596 justis

1968 618 2064 688 qui
2117 634 2232 673 non
2281 618 2543 690 indigent
2599 619 2931 690 poenitentia
2978 621 3152 690 (Luc,
3206 636 3296 685 xv,
3345 620 3418 687 7).
3469 641 3495 667 ››
3543 622 3598 674 Si

1970 710 2158 766 dulcia
2184 715 2317 766 sunt
2342 712 2518 784 igitur
2541 713 2758 784 judicia
2786 714 3032 783 Domini,
3062 713 3356 768 suavitatis
3385 713 3600 768 fructus

1968 806 2262 876 percipere
2291 805 2662 862 elaboremus.

2039 901 2127 953 44.
2161 899 2253 953 Vis
2278 901 2419 955 scire
2446 917 2616 971 quam
2649 900 2834 955 dulcia
2862 901 3085 971 judicia
3125 900 3382 955 Domini?
3413 921 3441 949 ‹‹
3482 901 3601 954 Non

1970 998 2277 1063 resurgunt
2303 993 2465 1064 impii
2500 994 2558 1048 in
2581 994 2798 1063 judicio
2838 996 3003 1062 (Psal.
3037 1012 3072 1061 ι,
3107 996 3179 1063 5).
3213 1017 3240 1044 ››
3269 995 3378 1058 Qui
3403 1000 3597 1048 autem

1967 1085 2028 1140 in
2075 1086 2292 1157 judicio
2349 1091 2658 1158 resurgunt
2715 1089 2844 1156 (l3),
2899 1088 3113 1144 habent
3161 1104 3320 1160 spem
3379 1088 3596 1154 venias,

1969 1180 2247 1250 quoniam
2287 1181 2670 1236 crediderunt.
2709 1182 2872 1252 lmpii
2919 1199 3032 1237 non
3073 1185 3224 1250 sunt,
3267 1184 3600 1253 peccatores

1969 1290 2088 1328 esse
2143 1277 2406 1344 possunt,
2468 1275 2642 1330 ﬁdem
2698 1275 2938 1343 habent,
2996 1280 3055 1330 et
3105 1276 3151 1330 si
3206 1276 3430 1348 culpam
3481 1293 3596 1330 non

1968 1367 2341 1433 declinarunt,
2384 1384 2487 1438 per
2528 1368 2703 1423 ﬁdem
2746 1369 3020 1437 credunt;
3054 1371 3150 1442 qui
3193 1374 3387 1424 autem
3421 1371 3599 1426 credit

1968 1461 2026 1516 in
2073 1462 2218 1533 ipso,
2265 1478 2379 1515 non
2412 1461 2705 1532 judicatur
2745 1465 2940 1529 (Joan.,
2973 1480 3051 1530 in,
3098 1466 3202 1533 18).
3235 1463 3422 1519 Dulcia
3460 1481 3599 1531 ergo

1963 1555 2172 1625 judicia
2208 1555 2593 1610 credentibus.
2636 1555 2740 1619 Qui
2777 1561 2971 1610 autem
3017 1572 3134 1611 non
3175 1557 3434 1624 credunt,
3482 1573 3595 1611 non

1965 1649 2168 1706 Christi
2217 1649 2432 1720 judicio
2488 1649 2742 1704 damnati
2796 1655 2954 1718 sunt,
3012 1649 3110 1722 qui
3161 1650 3312 1705 venit
3361 1667 3477 1704 non
3537 1655 3597 1703 ut

214 1740 417 1795 mundi
451 1741 786 1812 redemptio
824 1757 970 1812 :per
998 1741 1150 1812 quod
1183 1741 1556 1812 opprobrium
1595 1740 1865 1812 coepimus
1886 1720 1941 1791 B
1957 1742 2181 1814 judicet
2227 1743 2536 1809 mundum,
2584 1743 2682 1798 sed
2732 1747 2798 1797 ut
2843 1720 3121 1798 salvet'et
3172 1743 3445 1810 redimat;
3499 1743 3590 1798 sed

215 1851 324 1888 non
363 1834 721 1889 erubescere
762 1834 858 1905 qui
895 1835 1400 1901 erubescebamus,
1438 1851 1554 1890 non
1593 1835 1865 1890 confundi

215 1928 306 1998 qui
333 1927 869 1982 confundebantur.
903 1928 1157 1998 Denique
1184 1928 1459 1999 scriptum
1491 1933 1573 1983 est
1606 1944 1618 1982 :
1652 1950 1678 1976 ‹‹
1704 1930 1864 1982 Acce-

212 2022 322 2076 dite
359 2021 434 2076 ad
483 2038 646 2086 eum,
683 2025 741 2076 et
783 2021 1208 2088 illuminamini,
1241 2025 1298 2076 et
1332 2023 1519 2076 vultus
1551 2021 1718 2076 vestri
1747 2039 1862 2077 non

215 2115 558 2169 crubescent
599 2115 771 2177 (Psal.
809 2131 996 2182 xxxiii,
1036 2119 1107 2186 6).
1151 2138 1177 2165 ››
1208 2116 1321 2170 Hoc
1352 2115 1724 2186 Opprobrium
1757 2132 1860 2170 au-

218 2209 342 2263 ferri
376 2226 412 2262 a
444 2208 618 2262 nobis
665 2209 959 2275 nolumus,
1002 2209 1372 2279 opprobrium
1419 2210 1601 2264 crucis
1641 2210 1861 2264 Domini

217 2300 362 2369 lesu,
403 2319 530 2374 quo
568 2307 770 2356 nostra
801 2303 1143 2357 auferuntur
1171 2303 1495 2374 opprobria.
1534 2303 1685 2357 Sicut
1709 2303 1860 2357 enim

224 2397 584 2451 maledictum
613 2396 798 2450 factus
827 2399 914 2450 est
949 2401 1012 2450 ut
1045 2399 1243 2450 nostra
1283 2395 1584 2451 maledicta
1619 2396 1856 2462 deleret,

226 2491 386 2544 homo
411 2492 602 2544 factus
633 2493 718 2545 est
747 2493 811 2544 ut
834 2490 1044 2544 lavaret
1074 2489 1328 2544 hominis
1358 2490 1742 2556 inﬁrmitates;
1781 2492 1861 2546 ita

236 2585 596 2655 opprobrium
614 2584 797 2638 factus
809 2588 982 2649 est,ut
997 2585 1255 2638 omnium
1270 2584 1520 2638 auferret
1533 2584 1856 2654 opprobria.

314 2680 397 2731 52.
419 2679 532 2732 Son
555 2694 681 2732 uno
711 2681 994 2748 tempore,
1028 2693 1144 2731 non
1172 2679 1349 2732 semel
1389 2677 1623 2732 abstulit
1650 2695 1856 2749 oppro-

251 2771 391 2838 bria;
441 2771 622 2826 aufert
671 2770 948 2841 quotidie.
1003 2772 1303 2826 Peccatum
1358 2771 1690 2838 incidimus,
1745 2788 1857 2825 non

243 2881 424 2933 unum,
475 2865 574 2920 sed
628 2865 849 2932 multa;
901 2865 1150 2934 cooperti
1202 2882 1398 2919 sumus
1447 2865 1754 2936 opprobrio
1805 2872 1862 2920 et

230 2959 570 3012 confusione.
619 2957 887 3012 Venimus
930 2957 1004 3012 ad
1047 2958 1426 3028 baptismum,
1481 2959 1735 3013 deletum
1775 2965 1858 3013 est

223 3069 380 3106 omne
407 3056 734 3124 peccatum,
770 3056 828 3106 et
862 3068 990 3106 cum
1028 3057 1258 3123 peccato
1296 3052 1684 3123 opprobrium.
1714 3052 1855 3106 Abs-

223 3147 342 3201 tulit
380 3145 763 3218 opprobrium
811 3161 1002 3199 meum
1049 3146 1326 3200 Dominus
1357 3147 1514 3201 Jesus
1551 3147 1857 3217 opprobrio

219 3257 329 3308 suo,
373 3241 516 3312 quia
561 3238 863 3294 cruciﬁxus
904 3244 986 3294 est
1031 3239 1202 3305 mihi;
1243 3239 1375 3311 quia
1427 3260 1454 3288 ι(
1499 3238 1857 3310 Quicumque

216 3334 491 3405 baptizati
533 3349 735 3387 sumus
780 3333 839 3387 in
881 3332 1121 3400 Christo,
1166 3333 1224 3386 in
1270 3339 1460 3388 morte
1502 3333 1678 3404 ipsius
1718 3333 1854 3404 bap-

214 3429 360 3483 tizati
385 3443 600 3481 sumus
629 3427 820 3494 (Rom,
849 3442 922 3494 v1,
947 3427 1018 3497 3).
1045 3448 1072 3475 »
1097 3426 1220 3480 Non
1248 3425 1431 3482 habeo
1459 3426 1614 3498 quod
1643 3426 1857 3481 auferri

213 3529 426 3592 petam.
486 3521 601 3576 Sed
650 3525 778 3592 post
829 3520 1182 3591 baptismum
1231 3520 1404 3576 incidi
1453 3520 1855 3592 opprobrium,

213 3615 388 3670 debeo
449 3631 628 3686 agere
677 3614 1088 3684 paenitentiam,
1129 3617 1193 3667 ut
1236 3614 1415 3668 dicam
1456 3631 1468 3668 :
1506 3617 1684 3681 Aufer
1719 3631 1750 3667 (ι
1777 3631 1858 3669 me

209 3711 569 3779 opprobrium
605 3724 800 3763 meum.
831 3707 886 3762 Si
916 3724 1031 3762 non
1058 3723 1226 3779 agam
1255 3707 1671 3779 paenitentiam,
1714 3724 1854 3779 quo-

212 3804 375 3857 modo
422 3801 618 3856 dicam
651 3819 664 3856 :
699 3803 881 3869 Aufer
907 3819 942 3856 a
971 3819 1051 3857 me
1093 3803 1441 3872 opprobrium
1479 3818 1684 3868 meum;
1728 3818 1857 3856 cum

211 3896 310 3950 hoc
356 3897 562 3967 ipsum
608 3895 820 3965 peccati
866 3895 1238 3967 Opprobrium
1281 3895 1373 3962 sit,
1420 3895 1552 3966 quia
1591 3912 1704 3949 non
1748 3911 1858 3966 ago

208 3989 660 4060 paenitentiam?
703 3988 758 4044 Si
803 3994 996 4044 autem
1037 3988 1459 4060 pmuitentiam,
1505 3992 1565 4042 ut
1600 3991 1854 4060 oportet,

207 4099 329 4152 ago,
359 4087 527 4138 recte
553 4082 680 4137 vivo
705 4099 718 4136 :
748 4084 923 4149 Aufer
950 4099 986 4137 a
1011 4098 1090 4137 me
1113 4084 1463 4153 opprobrium
1491 4098 1686 4145 meum,
1713 4083 1859 4153 quod

206 4181 523 4246 suspicatus
555 4192 705 4242 sum;
723 4176 934 4245 judicia
963 4179 1104 4230 enim
1133 4183 1227 4230 tua
1253 4176 1438 4231 dulcia
1467 4179 1592 4244 (l2).

273 4271 364 4326 43.
439 4269 590 4334 Quid
652 4269 828 4324 timeo
883 4270 1172 4335 confiteri,
1233 4269 1370 4340 quid
1430 4269 1606 4324 timeo
1667 4269 1857 4324 dicere

208 4368 446 4433 peccata
502 4363 677 4417 mea?
727 4362 873 4427 Quid
923 4379 1122 4418 vereor
1177 4362 1471 4433 opprobrii
1523 4362 1636 4417 mei
1693 4378 1853 4416 meu-

1965 1836 2276 1908 impietatis
2318 1853 2432 1890 sum
2470 1836 2694 1891 subiere
2727 1837 3028 1907 judicium,
3069 1837 3167 1908 qui
3209 1837 3267 1890 in
3312 1836 3589 1892 remissio-

1966 1945 2097 1984 nem
2155 1933 2520 2000 peccatorum
2582 1929 2816 1984 crcderc
2877 1931 3201 1984 noluerunt.
3263 1930 3382 1984 Non
3439 1929 3591 1985 enim

1963 2027 2202 2094 possunt
2236 2023 2310 2077 ad
2346 2023 2468 2094 ejus
2512 2023 2800 2094 pertinere
2834 2023 3204 2092 beneﬁcium,
3247 2039 3420 2094 quem
3465 2041 3593 2094 cog-

1964 2133 2196 2171 noscere
2245 2117 2582 2171 refutarunt.
2632 2118 2779 2187 Ergo
2826 2117 2924 2186 qui
2971 2133 3087 2172 non
3127 2116 3490 2172 crediderunt
3534 2118 3591 2170 in

1963 2229 2049 2278 eo,
2089 2211 2310 2281 judicio
2353 2211 2476 2281 ejus
2515 2209 2784 2264 videntur
2825 2209 3069 2282 indigni.
3109 2210 3388 2265 Iudicium
3438 2210 3592 2264 enim

1963 2305 2086 2375 ejus
2126 2304 2264 2374 quid
2302 2303 2393 2370 sit,
2433 2320 2702 2374 agnosce,
2740 2303 2960 2358 dicente
2991 2304 3110 2374 ipso
3149 2321 3161 2358 :
3197 2326 3224 2353 u
3258 2305 3372 2358 Hoc
3402 2310 3592 2358 autem

1954 2397 2233 2469 judicium
2287 2401 2392 2466 est,
2442 2398 2573 2469 quia
2629 2398 2725 2452 qu
2783 2398 2934 2452 venit
2989 2399 3047 2452 in
3103 2399 3257 2452 hunc
3315 2398 3591 2453 mundum

1963 2492 2152 2564 (lbid.,
2202 2493 2305 2561 l9).
2358 2513 2386 2540 ››
2436 2491 2609 2545 Dulce
2657 2507 2825 2562 ergo,
2879 2492 3032 2562 quod
3085 2492 3179 2545 lux
3231 2497 3317 2546 est
3365 2508 3378 2545 :
3431 2492 3596 2546 dulce

1955 2585 2274 2656 judicium,
2327 2585 2480 2656 quod
2527 2584 2796 2654 princedit
2845 2584 3248 2640 misericordia.
3303 2584 3391 2640 Sic
3436 2586 3590 2639 enim

1961 2679 2234 2748 scriptum
2271 2682 2356 2732 est
2387 2695 2400 2732 :
2441 2699 2467 2726 ‹‹
2493 2678 2934 2734 Misericordiam
2964 2682 3019 2733 et
3042 2679 3323 2748 judicium
3355 2679 3591 2734 cantabo

1961 2772 2084 2840 tibi,
2114 2771 2350 2826 Domine
2383 2772 2553 2839 (Psal.
2588 2787 2639 2837 c,
2677 2777 2745 2839 l).

2031 2867 2120 2921 45.
2172 2867 2339 2931 (Vers.
2383 2865 2494 2933 40.)
2540 2865 2607 2917 Et
2650 2863 2782 2935 quia
2825 2864 3088 2934 cognovit
3135 2864 3317 2918 dulcia
3352 2864 3611 2934 judicia,

1961 2959 2097 3014 dicit
2128 2976 2140 3014 :
2177 2962 2304 3014 Ecce
2341 2960 2624 3028 concupiui
2663 2959 2928 3012 mandata
2970 2964 3066 3012 tua
3097 2977 3112 3011 :
3142 2960 3199 3011 in
3243 2963 3341 3012 tua
3367 2959 3588 3027 justitiu

1958 3056 2169 3122 vivi/ica.
2208 3069 2308 3106 me.
2344 3052 2497 3106 Bona
2526 3050 2740 3121 judicia
2768 3051 3104 3106 auctoritate
3136 3051 3234 3105 ait.
3266 3053 3404 3106 Ecce
3435 3056 3590 3106 amat

1959 3146 2283 3201 libertatem
2312 3145 2466 3212 lidei,
2489 3145 2588 3216 qui
2617 3145 2937 3200 libertatem
2968 3145 3140 3200 dedit.
3174 3145 3345 3216 Diligi
3370 3162 3427 3200 se
3455 3162 3589 3216 gau-

1960 3240 2076 3308 det,
2119 3238 2217 3310 qui
2262 3239 2393 3293 ideo
2425 3239 2578 3294 venit
2615 3239 2673 3292 in
2719 3239 2872 3293 hunc
2912 3239 3214 3306 mundum,
3263 3239 3398 3310 quia
3440 3240 3590 3293 hunc

1957 3333 2240 3388 mundum
2273 3332 2486 3388 dilexit.
2509 3332 2702 3387 Amari
2723 3350 2782 3387 se
2808 3332 3004 3404 exigit,
3033 3333 3130 3404 qui
3159 3349 3359 3387 omnes
3385 3337 3544 3386 amat
3576 3349 3587 3386 :

1960 3428 2091 3498 quia
2117 3427 2360 3482 Charitas
2391 3432 2494 3480 est.
2521 3427 2857 3498 Concupivit
2882 3426 3150 3481 mandata
3179 3426 3295 3494 Dei,
3331 3429 3390 3480 ut
3410 3427 3590 3481 bonus

1957 3538 2170 3591 servus,
2203 3524 2268 3575 ut
2293 3521 2476 3576 cultor
2501 3520 2747 3576 sedulus.
2782 3519 3114 3592 Concupivit
3141 3536 3254 3574 non
3286 3525 3344 3574 ut
3368 3525 3592 3575 amator

1958 3613 2326 3671 meritriciam
2377 3614 2670 3685 copulam,
2723 3630 2839 3667 non
2898 3618 2958 3667 ut
3003 3630 3206 3667 avarus
3255 3614 3586 3683 pecuniam,

1939 3697 2074 3764 'non
2100 3715 2164 3763 ut
2188 3708 2508 3763 luxuriosus
2532 3707 2836 3762 lasciviam.
2869 3709 2946 3761 De
2971 3707 3082 3762 illis
3111 3708 3265 3761 enim
3294 3709 3382 3761 lex
3412 3707 3548 3760 dicit
3575 3724 3587 3760 :

1957 3806 2076 3860 Non
2121 3803 2474 3872 concupisces.
2525 3800 2824 3855 Dominum
2867 3804 3058 3855 autem
3105 3801 3285 3854 Deum
3334 3799 3589 3869 prmcipit

1959 3895 2331 3966 diligendum,
2361 3898 2420 3949 et
2444 3897 2644 3948 tenero
2675 3893 2920 3965 quodam
2951 3897 3122 3964 atque
3143 3892 3366 3946 interno
3397 3908 3588 3944 aman-

1957 3990 2095 4043 dum
2144 3988 2253 4058 (lli)
2301 3986 2625 4058 cupiditatis
2667 3987 2890 4041 alfectu.
2941 3987 3007 4040 Et
3051 3985 3181 4056 quia
3235 3985 3455 4038 amicus
3505 3989 3590 4038 est

1957 4083 2054 4152 qui
2091 4081 2296 4152 diligit,
2333 4097 2523 4136 servus
2564 4086 2649 4134 est
2681 4079 2778 4151 qui
2809 4079 3003 4146 timet;
3039 4080 3197 4150 quasi
3238 4077 3458 4132 amicus
3487 4080 3583 4149 qui

1959 4175 2153 4230 omnia
2192 4175 2407 4243 fecerit,
2449 4190 2578 4245 quae
2620 4174 2891 4244 praecepit
2929 4174 2981 4227 ei
3027 4171 3293 4227 Dominus
3339 4189 3352 4225 :
3393 4192 3422 4220 ‹‹
3463 4173 3585 4236 Vos,

1958 4269 2162 4340 inquit,
2201 4268 2367 4323 amici
2402 4267 2514 4323 mei
2553 4268 2705 4334 estis,
2735 4266 2778 4321 si
2808 4267 3053 4322 feceritis
3082 4283 3212 4337 qua:
3245 4283 3352 4336 ego
3384 4265 3584 4335 praeci-

1956 4363 2051 4434 pio
2081 4362 2240 4417 vobis
2268 4362 2466 4432 (Joan.,
2500 4378 2586 4430 xx,
2627 4362 2731 4431 lli).
2768 4382 2795 4410 »

209 4458 436 4512 tionem
497 4454 763 4528 1032
817 4456 1002 4511 facere
1051 4456 1201 4527 apud
1253 4473 1384 4511 eum
1439 4455 1598 4526 cujus
1645 4454 1936 4529 judiciaD
2026 4457 2115 4510 46.
2148 4458 2214 4510 In
2245 4461 2341 4510 tua
2366 4456 2588 4524 justitia
2621 4456 2832 4522 vivi/ica
2869 4469 2966 4513 me,
3009 4452 3182 4506 audet
3221 4455 3278 4506 et
3318 4451 3484 4520 dicit;
3521 4470 3587 4506 co

209 4551 398 4605 dulcia
459 4551 634 4604 sunt?
686 4550 843 4614 Quod
897 4566 1158 4604 severum
1209 4550 1264 4604 in
1317 4549 1460 4615 aliis,
1519 4549 1577 4602 in
1635 4550 1857 4604 Christo

209 4644 367 4700 dulce
421 4649 528 4708 est,
572 4643 632 4697 in
675 4644 897 4697 Christo
943 4659 1115 4697 suave
1162 4647 1281 4712 est;
1325 4643 1462 4713 quia
1506 4642 1625 4712 ipse
1670 4643 1856 4696 suavis

209 4746 307 4791 est.
345 4737 622 4807 Denique
667 4758 694 4785 «
739 4737 990 4803 Gustate,
1035 4739 1094 4790 et
1135 4735 1318 4790 videte
1361 4734 1628 4806 quoniam
1673 4735 1855 4790 suavis

209 4836 286 4885 est
317 4830 608 4886 Dominus
649 4828 816 4900 (Psal.
858 4846 1042 4899 xxxru,
1083 4829 1156 4901 9).
1187 4853 1213 4879 ››
1249 4829 1443 4883 Dulcia
1466 4828 1680 4899 judicia
1715 4845 1850 4882 con-

210 4924 430 4989 ﬁtenti;
475 4923 611 4994 quia
653 4923 774 4993 ipse
810 4922 996 4978 dixit:
1029 4943 1057 4972 «
1089 4924 1208 4994 Ego
1240 4939 1388 4989 sum,
1427 4938 1536 4993 ego
1578 4939 1705 4976 sum
1755 4922 1854 4993 qui

211 5017 371 5071 deleo
408 5017 742 5087 iniquitates
770 5020 965 5072 tuas...
994 5019 1052 5071 et
1079 5033 1305 5071 memor
1331 5033 1447 5070 non
1475 5033 1570 5071 ero
1605 5033 1618 5069 :
1651 5020 1711 5070 tu
1747 5032 1850 5070 au-

215 5117 322 5165 tem
377 5127 609 5165 memor
653 5116 807 5177 esto,
863 5115 919 5165 et
957 5111 1284 5181 judicemur
1335 5127 1348 5164 :
1395 5110 1483 5165 dic
1528 5109 1852 5182 iniquitates

217 5209 360 5272 tuas,
414 5210 475 5258 ut
510 5204 838 5275 justiliceris
885 5206 1035 5274 (lsu..,
1092 5220 1238 5272 mn,
1285 5208 1373 5273 55,
1418 5206 1528 5274 26).
1583 5223 1610 5255 »
1658 5203 1852 5257 Dulcia

270 5347 374 5406 (12)
414 5345 559 5395 Voci
595 5345 796 5404 dulcia,
840 5344 971 5395 edit.
1007 5349 1117 5395 vet.
1149 5348 1206 5394 et
1243 5345 1502 5409 quadam
1542 5344 1710 5394 Paris.
1752 5345 1850 5393 ad-

214 5416 526 5480 iungebant
560 5431 571 5464 :
615 5415 882 5476 Quomodo
920 5419 1124 5478 oportet
1156 5415 1409 5478 conﬁteri.
1449 5415 1560 5467 Sed
1596 5415 1719 5466 hinc
1748 5428 1853 5466 nec

219 5489 268 5535 in
295 5502 430 5536 mss.
465 5487 588 5536 Vat.
618 5499 722 5536 nec
753 5488 807 5536 in
835 5489 1036 5537 nostris
1065 5488 1446 5537 inveniuntur.

274 5560 374 5616 (l3)
434 5558 766 5608 Ambrosius
814 5559 1022 5622 passim
1070 5559 1144 5608 ita
1197 5558 1492 5621 distinguit
1543 5558 1688 5607 inter
1741 5558 1851 5606 im-

225 5629 336 5688 pios
379 5644 445 5678 ac
487 5633 825 5691 peccatores,
867 5632 928 5678 ut
975 5628 1099 5678 illos
1143 5642 1264 5679 esse
1308 5629 1539 5679 deﬁniat
1574 5629 1670 5690 qui
1711 5642 1852 5677 nun-

223 5713 384 5759 quam
425 5702 480 5748 in
515 5699 798 5748 Christum
841 5700 1126 5751 credidere
1157 5716 1170 5748 :
1213 5700 1316 5749 hos
1352 5713 1503 5760 vero,
1546 5699 1641 5762 qui
1678 5699 1852 5762 ipsius

226 5769 445 5830 quidem
479 5770 646 5820 ﬁdem
681 5770 923 5834 amplexi
965 5773 1115 5833 sunt,
1141 5770 1241 5823 sed
1279 5771 1410 5823 victi
1445 5770 1849 5834 concupiscen-

1955 4549 2108 4619 quod
2139 4549 2234 4603 illa
2263 4549 2334 4602 sit
2361 4565 2492 4604 vera
2521 4547 2654 4613 vita,
2687 4562 2814 4617 qua:
2844 4545 2979 4599 vivit
3007 4544 3322 4599 secundum
3355 4545 3445 4600 Dei
3473 4547 3590 4614 jus-

1956 4643 2163 4709 titiam,
2199 4658 2372 4712 quam
2409 4639 2673 4694 vivebant
2696 4639 2979 4710 Apostoli;
3017 4637 3132 4691 imo
3162 4654 3336 4709 quam
3373 4640 3584 4692 vivunt.

1955 4738 2096 4791 Sunt
2129 4735 2278 4790 enim
2312 4734 2409 4804 qui
2449 4733 2696 4786 viventes
2735 4731 2942 4786 mortui
2973 4735 3125 4802 sunt,
3157 4735 3214 4785 et
3244 4731 3343 4802 qui
3370 4732 3583 4785 mortui

1953 4829 2168 4883 vivunt.
2202 4827 2456 4897 Denique
2483 4825 2577 4880 alii
2609 4825 2962 4880 descendunt
2990 4825 3048 4878 in
3083 4825 3371 4879 infernum
3399 4825 3586 4878 viven-

1956 4927 2070 4990 tes;
2125 4921 2223 4975 alii
2271 4937 2401 4974 cum
2453 4920 2565 4974 sint
2617 4935 2855 4990 corpore
2910 4919 3151 4984 mortui,
3203 4917 3422 4972 meritis
3472 4917 3584 4970 suis

1954 5015 2168 5069 vivunt.
2222 5014 2367 5069 Sunt
2416 5012 2569 5067 enim
2629 5013 2726 5083 qui
2779 5029 2895 5067 non
2949 5013 3260 5083 gustabunt
3306 5015 3582 5076 mortem,

1952 5110 2130 5164 donec
2174 5108 2400 5162 videant
2450 5106 2646 5160 Filium
2701 5105 2948 5160 hominis
3001 5105 3091 5159 die
3139 5103 3339 5173 judicii
3395 5120 3580 5158 rever-

1952 5206 2191 5268 tentem,
2223 5200 2454 5273 quando
2483 5217 2612 5254 cum
2644 5200 2827 5270 gloria
2855 5198 3032 5253 sancti
3063 5199 3384 5267 resurgent.

1955 5344 2047 5393 tiae
2090 5342 2368 5394 illecebris
2400 5346 2624 5406 peccata
2657 5343 2844 5404 gravia
2877 5343 3274 5405 perpetrarunt.
3314 5340 3586 5404 Compara

1952 5414 2103 5464 hunc
2154 5415 2342 5464 locum
2399 5427 2528 5464 cum
2595 5414 2662 5462 iis
2721 5427 2849 5476 quas
2917 5411 2971 5460 S.
3039 5409 3232 5460 doctor
3289 5413 3346 5461 in
3408 5425 3584 5462 enarr.

1952 5485 2148 5548 psalm.
2183 5498 2217 5545 ι,
2249 5485 2317 5534 ad
2344 5498 2486 5534 vers.
2526 5485 2576 5544 5,
2619 5497 2772 5532 num.
2808 5483 2889 5542 56,
2927 5481 3120 5532 docet:
3164 5485 3213 5531 et
3255 5482 3382 5533 vide
3421 5484 3586 5533 etiam

1952 5569 2080 5620 quas
2108 5569 2210 5606 nos
2231 5555 2437 5605 ibidem
2468 5555 2881 5604 annotavimus.

2014 5628 2111 5688 (M)
2141 5627 2263 5675 Vet.
2294 5627 2447 5684 edit.,
2474 5632 2520 5674 et
2547 5631 2743 5683 tenero,
2775 5625 2829 5674 id
2855 5631 2947 5683 est,
2975 5626 3146 5674 (artaci
3171 5625 3402 5688 quodam
3431 5630 3591 5689 atque

1953 5698 2160 5747 interno
2192 5698 2502 5753 amandum,
2534 5702 2639 5746 etc.
2689 5697 2890 5746 Rom...
2918 5701 3078 5759 atque
3120 5701 3359 5748 materno
3399 5711 3590 5749 aman-

1950 5768 2092 5818 dum.
2122 5769 2249 5820 Mss.
2275 5769 2517 5834 denique
2545 5773 2607 5818 ut
2638 5780 2739 5820 nos
2768 5769 2826 5819 in
2853 5772 3024 5821 textu.
