4082 6186
470 209 600 264 1333

851 323 1379 474 10338ΕῗΜ
1420 331 1692 399 ssxrus.
1797 313 1801 318 ’

1163 428 1184 474 Ἰ
1289 434 1386 474 (tu.

1163 428 1184 476 Ἴ
1247 428 1386 474 Vau.

538 521 586 572 1.
616 519 787 574 Sexta
813 517 1004 573 littera
1035 520 1175 580 Vau,
1207 517 1370 587 cujus
1394 517 1785 588 interpretatio
1815 517 1923 586 (l5)
1955 534 1967 570 :
1999 518 2094 572 Ille

461 617 561 676 est,
589 618 640 667 et
669 629 776 667 non
799 613 964 666 alius.
995 611 1086 666 Vel
1112 611 1272 682 cujus
1297 610 1687 682 interpretatio
1717 627 1730 664 :
1762 613 1829 666 Et
1859 612 1971 665 ille.

533 709 586 760 2.
627 706 797 774 (Vers.
832 705 943 777 41.)
969 707 1037 760 Ει
1072 707 1257 760 veniat
1283 719 1446 775 super
1469 720 1551 759 me
1579 705 1949 760 misericordia
1977 709 2090 768 tua,

464 802 704 863 Domine,
753 800 997 854 sal-utare
1051 806 1202 854 tuum
1253 798 1548 853 secundum
1599 799 1866 868 eloquium
1921 802 2092 851 tuum.

465 893 611 958 Quid
650 893 931 964 signiﬁcet
970 893 1365 964 interpretatio
1401 892 1624 962 litterae,
1657 891 1929 963 quoniam
1959 891 2093 946 sub-

468 987 703 1043 obscure
744 990 856 1053 est,
902 1003 968 1043 ex
1017 985 1219 1058 psalmi
1263 985 1409 1042 serie
1453 985 1839 1056 colligendum
1885 985 2092 1056 putavi.

468 1082 610 1136 Nam
640 1097 769 1135 cum
798 1081 1077 1152 propheta
1103 1081 1350 1152 postulet
1381 1096 1394 1134 :
1425 1081 1607 1134 veniat
1630 1094 1794 1149 super
1831 1095 1912 1134 me
1941 1081 2098 1134 mise-

465 1174 704 1228 ricordia
752 1179 875 1235 tua,
928 1177 1181 1239 Domine;
1223 1175 1403 1228 veniat
1465 1173 1706 1227 salutare
1757 1176 1938 1236 tuum,
1986 1187 2098 1226 non

472 1269 557 1320 est
607 1267 844 1322 dubium
893 1284 1066 1338 quem
1125 1266 1316 1321 videre
1369 1265 1662 1337 deposcat,
1715 1265 1823 1320 hoc
1876 1269 1989 1331 est,
2042 1265 2101 1319 in

474 1376 586 1432 quo
625 1361 842 1416 fructus
871 1367 929 1416 et
965 1361 1372 1416 misericordiae
1410 1359 1600 1414 veniat
1641 1364 1698 1414 et
1735 1359 1930 1414 salutis
1972 1360 2098 1429 (16).

474 1454 725 1526 Denique
761 1455 819 1508 in
862 1454 1247 1526 superioribus
1287 1454 1443 1509 idem
1487 1455 1749 1525 poposcit
1784 1453 1841 1508 in
1883 1454 2104 1524 psalmo

1933 211 1990 261 S.
2033 206 2343 262 AMBROSII

2118 344 2172 414 Α
2194 333 2297 384 est.
2328 329 2587 400 Denique
2615 329 2756 384 nihil
2783 329 2938 385 deest
2971 329 3304 384 timentibus
3327 344 3488 384 eum.
3519 328 3820 392 Quomodo

3687 209 3818 261 1336

2193 425 2386 477 autem
2424 422 2608 477 factus
2635 423 2707 477 sit
2737 439 2935 494 prope,
2968 423 3101 477 audi
3136 440 3148 476 :
3189 426 3253 479 Ut
3288 423 3576 482 inhabitet.
3616 423 3822 495 inquit,

2192 517 2368 586 gloria
2403 519 2464 570 in
2494 522 2641 571 terra
2670 523 2876 571 nostra.
2909 517 3044 581 Quis
3073 522 3159 570 est
3186 515 3389 587 gloria,
3416 515 3526 570 nisi
3551 517 3828 571 Dominus

2193 609 2386 664 .Iesus?
2415 610 2569 665 Unde
2597 612 2656 664 et
2677 611 2960 681 apostolus
2988 611 3194 664 Paulus
3222 609 3303 663 ait
3328 626 3341 663 :
3377 630 3404 658 ‹‹
3432 611 3576 664 Deus
3604 610 3828 664 Domini

2195 703 2372 758 nostri
2413 704 2543 758 Jesu
2587 702 2824 769 Christi,
2860 705 3023 759 Pater
3067 703 3261 774 gloriae
3302 702 3366 766 (ll
3411 702 3553 766 Cor.,
3591 719 3628 770 1,
3670 707 3744 773 3).
3796 724 3826 753 ››

2195 796 2392 851 Merito
2435 797 2748 868 complacet
2794 797 2853 851 in
2898 813 2968 852 eo
3012 799 3203 862 Pater;
3245 797 3383 869 quia
3426 797 3603 852 Patris
3648 797 3834 867 gloria

2197 893 2300 944 est.
2343 891 2501 946 Hunc
2527 891 2686 962 quia
2711 891 2870 946 Patre
2900 896 3140 962 separat,
3173 891 3453 961 majorem
3490 891 3640 945 Patri
3675 891 3829 962 inju-

2197 983 2341 1038 riam
2377 984 2534 1052 facit,
2570 1001 2742 1056 quem
2781 985 2903 1039 vult
2937 1001 3059 1040 esse
3098 983 3219 1040 sine
3249 984 3444 1055 gloria.
3484 987 3636 1040 Hunc
3674 987 3832 1057 quis-

2201 1077 2326 1149 quis
2359 1077 2618 1150 1034
2648 1079 2932 1150 aequalem
2961 1079 3111 1133 Patri
3143 1095 3258 1133 non
3287 1084 3467 1150 putat,
3497 1080 3833 1135 inferiorem

2203 1175 2261 1225 et
2315 1173 2539 1226 Patrem
2577 1172 2827 1243 judicat;
2876 1188 3006 1226 cum
3051 1172 3162 1226 alio
3217 1173 3383 1228 verbo
3430 1174 3652 1229 Patrem
3703 1174 3839 1245 plus

2201 1265 2436 1320 laudare
2485 1281 2602 1321 non
2653 1265 2845 1337 possit,
2899 1266 3060 1337 cujus
3111 1283 3332 1321 summa
3377 1268 3496 1321 laus
3545 1273 3602 1323 et
3647 1268 3840 1339 gloria

2204 1359 2456 1414 Christus
2481 1363 2585 1414 est.

2275 1455 2331 1508 4.
2363 1455 2621 1525 Rogatur
2661 1469 2799 1524 ergo
2836 1459 2900 1506 ut
2939 1453 3129 1508 veniat
3168 1455 3416 1510 salutare
3458 1456 3582 1511 Dei.
3617 1457 3714 1511 Ille
3754 1460 3849 1511 est

475 1548 825 1620 octogesimo
860 1551 1082 1620 quarto,
1123 1548 1182 1602 in
1213 1565 1325 1620 quo
1355 1547 1672 1604 evidentius
1714 1547 1934 1602 Domini
1975 1549 2106 1601 Jesu
2206 1547 2304 1618 qui
2349 1553 2603 1618 rogatur,
2651 1547 2758 1602 hoc
2797 1553 2904 1614 est,
2953 1547 3223 1603 Dominus
3266 1551 3454 1618 Jesus,
3500 1555 3555 1604 et
3596 1567 3711 1604 non
3757 1555 3851 1605 est

476 1641 837 1712 prophetavit
871 1641 1200 1696 adventum.
1231 1642 1374 1695 Nam
1409 1644 1615 1695 terram
1646 1657 1815 1711 quam
1849 1639 2104 1695 benedici
2211 1639 2380 1706 alius,
2423 1640 2568 1694 sicut
2603 1641 2779 1696 habet
2816 1640 3019 1695 litterae
3063 1641 3473 1713 interpretatio.
3525 1645 3592 1697 Et
3637 1643 3720 1697 vel
3763 1644 3850 1697 sic

479 1734 749 1806 postulet,
793 1735 926 1788 satis
965 1739 1162 1788 notum
1200 1739 1304 1803 est,
1335 1734 1488 1788 illam
1526 1734 1789 1788 videlicet
1812 1750 1940 1805 qua:
1976 1749 2108 1805 pec-
2130 1714 2187 1785 B
2214 1751 2326 1789 non
2367 1734 2516 1788 solus
2550 1736 2713 1788 Pater
2739 1737 2973 1805 rogatur
3001 1752 3014 1789 :
3049 1737 3148 1789 Est
3172 1735 3287 1803 ille,
3315 1736 3421 1792 hoc
3451 1742 3553 1804 est,
3586 1743 3642 1791 et
3672 1737 3851 1791 Filius

392 1887 394 1890 ,
481 1834 674 1883 catum
701 1827 761 1881 in
787 1827 971 1881 Adam
999 1830 1373 1895 contraxerat,
1404 1827 1492 1882 cui
1522 1827 1729 1882 dicitur
1757 1844 1770 1881 :
1804 1847 1831 1877 ‹‹
1855 1829 2027 1882 Terra
2053 1844 2112 1882 es

483 1923 541 1975 et
568 1920 626 1974 in
656 1923 869 1974 terram
899 1919 1002 1974 ibis
1035 1921 1202 1989 (Gem,
1226 1937 1305 1988 ιιι,
1341 1923 1444 1989 19).
1478 1942 1506 1969 »
1537 1920 1896 1975 Maledixerat
1924 1925 2113 1975 autem

483 2015 631 2068 Deus
668 2029 784 2068 non
819 2014 1167 2068 elementum
1205 2018 1428 2068 natura;
1463 2013 1646 2069 carnis
1688 2016 1814 2083 (l7),
1853 2014 1947 2068 sed
1987 2031 2111 2068 car-

483 2123 616 2163 nem
667 2107 1186 2178 prsevaricantium.
1240 2106 1601 2162 Benedicitur
1653 2123 1783 2162 caro
1831 2107 2008 2178 igitur
2057 2107 2115 2163 in

482 2199 724 2267 Christo,
757 2205 816 2254 ut
840 2200 1137 2255 maledicto
1163 2200 1458 2271 superiore
1485 2217 1615 2255 caro
1646 2201 1907 2255 solvatur.
1945 2203 2119 2257 Bene-

485 2294 691 2349 dicitur
717 2310 865 2360 caro,
898 2310 1071 2365 quam
1107 2293 1439 2349 benedictus
1468 2293 1638 2348 Filius
1670 2294 1785 2362 Dei,
1828 2299 2118 2366 assumpta

489 2388 739 2444 hominis
763 2388 1108 2454 conditione,
1141 2388 1404 2459 suscepit.

562 2485 614 2537 3.
656 2484 725 2537 Et
752 2481 881 2538 ideo
909 2481 1160 2536 subdidit
1188 2498 1202 2536 :
1236 2501 1264 2531 «
1296 2483 1458 2548 Deus,
1493 2485 1554 2536 tu
1584 2484 1916 2537 convertens
1951 2483 2121 2537 viviﬁ-

489 2575 641 2632 cabis
659 2592 783 2644 nos,
808 2581 866 2632 et
889 2575 1047 2647 plebs
1077 2578 1169 2630 tua
1193 2575 1480 2630 laetabitur
1499 2574 1555 2629 in
1579 2577 1650 2630 te.
1673 2576 1917 2631 Ostende
1939 2577 2118 2643 nobis,

489 2669 749 2737 Domine,
789 2669 1234 2724 misericordiam
1267 2673 1442 2736 tuam,
1471 2674 1529 2724 et
1557 2669 1808 2724 salutare
1847 2673 2009 2724 tuum
2053 2669 2124 2724 da

493 2764 679 2820 nobis.
707 2763 953 2817 Audiam
984 2763 1121 2834 quid
1148 2763 1412 2834 loquatur
1437 2763 1496 2817 in
1525 2778 1619 2817 me
1650 2763 1928 2818 Dominus
1953 2747 2121 2831 Deus,

495 2856 764 2929 quoniam
795 2856 1059 2928 loquetur
1086 2872 1288 2928 pacem
1319 2855 1376 2910 in
1407 2855 1631 2927 plebem
1660 2873 1840 2924 suam,
1873 2860 1930 2912 et
1957 2873 2126 2928 super

496 2956 719 3007 sanctos
746 2966 894 3017 suos,
927 2955 986 3004 et
1009 2949 1070 3004 in
1096 2965 1192 3004 eos
1218 2948 1317 3020 qui
1343 2953 1684 3004 convertunt
1713 2949 1786 3003 ad
1813 2950 1999 3020 ipsum
2030 2966 2128 3004 cor

498 3060 686 3099 suum.
737 3045 1137 3099 Verumtamen
1181 3059 1358 3114 prope
1399 3042 1668 3097 timentes
1711 3059 1843 3097 eum
1882 3043 2128 3098 salutare
2151 3080 2205 3154 Ο

499 3137 705 3208 ipsius;
750 3139 818 3191 ut
858 3136 1140 3192 inhabitet
1183 3134 1368 3207 gloria
1415 3136 1474 3189 in
1515 3139 1668 3190 terra
1717 3140 1910 3191 nostra
1960 3137 2128 3208 (Psal.

501 3246 720 3297 Lxxnv,
769 3230 936 3299 7-10).
978 3249 1005 3279 ››
1045 3230 1214 3283 Totus
1256 3229 1350 3284 hic
1391 3229 1550 3284 locus
1593 3230 1781 3284 Jesum
1830 3229 2129 3284 Dominum

502 3326 685 3390 sonat,
727 3323 827 3394 qui
866 3321 1164 3377 vivificavit
1204 3327 1458 3377 mortuos
1493 3340 1504 3376 :
1540 3323 1808 3378 Lazarum
1843 3327 1974 3377 ante
2004 3341 2128 3394 pas-

505 3417 748 3486 sionem,
779 3417 1057 3488 plurimos
1095 3419 1352 3488 tempore
1391 3417 1635 3488 propriae
1683 3417 1975 3487 passionis.
2014 3421 2134 3489 Ipse

503 3516 588 3567 est
624 3511 1035 3580 misericordia,
1069 3513 1262 3581 utpote
1301 3510 1554 3564 remissio
1594 3515 1972 3582 peccatorum.
2005 3511 2133 3565 ldeo

506 3605 644 3661 dicit
673 3622 685 3660 :
716 3605 966 3668 Ostende,
997 3619 1172 3676 quem
1202 3604 1392 3659 videre
1420 3604 1597 3675 possit
1624 3604 1677 3658 in
1706 3621 1962 3675 corpore.
1995 3606 2136 3659 Nam

505 3703 688 3756 Deum
721 3699 780 3754 in
820 3698 1112 3769 majestate
1161 3714 1264 3753 sua
1313 3697 1505 3752 videre
1545 3714 1661 3753 non
1708 3701 1963 3769 poterat;
2007 3699 2139 3770 quia

511 3811 539 3845 α
579 3795 759 3848 Deum
783 3809 956 3847 nemo
980 3791 1122 3846 vidit
1149 3807 1399 3863 unquam
1437 3792 1640 3861 (Joan.,
1666 3807 1704 3859 ι,
1737 3793 1839 3861 18).
1874 3814 1901 3840 ››
1932 3792 2139 3846 Avidus

506 3887 788 3958 propheta
835 3886 1123 3941 desiderat
1168 3885 1390 3951 videre,
1435 3901 1610 3956 quem
1654 3888 1842 3956 sperat
1879 3890 2074 3940 tenere
2122 3902 2136 3938 :

511 3996 683 4052 quem
721 3981 768 4034 si
806 3979 1032 4046 viderit,
1073 3978 1359 4034 desiderat
1393 3979 1638 4050 propriis
1676 3978 1942 4033 manibus
1981 3995 2137 4033 com-

511 4073 886 4145 prehendere.
915 4073 1160 4144 Ideoque
1185 4073 1265 4127 ait
1292 4089 1306 4128 :
1334 4075 1403 4129 Et
1428 4074 1673 4127 salutare
1693 4077 1846 4128 tuum
1870 4073 1945 4128 da
1969 4075 2140 4128 nobis.

513 4168 768 4224 Salutare
805 4166 898 4221 Dei
942 4165 1120 4220 virtus
1162 4171 1273 4232 est,
1316 4165 1563 4220 salutare
1606 4166 1698 4220 Dei
1737 4167 1989 4223 Christus
2029 4174 2140 4233 est;

514 4265 571 4316 et
615 4261 741 4316 ideo
787 4277 966 4332 prope
1007 4260 1274 4314 timentes
1316 4259 1421 4313 hoc
1464 4259 1733 4313 salutare.
1781 4261 1974 4330 Longe
2025 4266 2146 4315 erat

515 4354 770 4410 Christus
803 4370 836 4407 a
871 4353 1054 4421 nobis,
1093 4353 1264 4423 longe
1302 4354 1425 4406 erat
1449 4367 1482 4405 a
1508 4351 1834 4406 nationibus
1867 4370 1878 4405 :
1910 4353 2141 4407 descen-

2211 1827 2309 1900 qui
2345 1832 2580 1899 rogatur
2606 1833 2664 1882 et
2699 1830 2934 1900 rogatus
2959 1829 3207 1896 advenit,
3247 1833 3302 1884 et
3337 1831 3584 1886 salutare
3626 1831 3847 1884 mundo

2215 1920 2386 1976 dedit.
2433 1921 2566 1976 ldeo
2614 1930 2791 1993 σωτὴρ,
2835 1922 2937 1976 hoc
2997 1927 3098 1989 est,
3141 1923 3422 1992 salvator;
3466 1924 3615 1978 idem
3662 1926 3843 1990 Jesus,

2215 2013 2358 2068 sicut
2386 2015 2625 2086 angelus
2663 2014 2809 2069 dixit
2851 2033 2864 2068 :
2907 2036 2934 2065 «
2975 2016 3078 2080 Qui
3112 2017 3326 2070 salvum
3367 2017 3529 2072 faciet
3566 2017 3845 2089 populum

2216 2124 2382 2162 suum
2424 2109 2667 2176 (Matth,
2710 2125 2748 2174 ι,
2787 2112 2900 2174 2t).
2935 2131 2963 2159 »
2995 2110 3137 2164 Cum
3178 2111 3463 2166 invocaret
3500 2111 3679 2183 igitur
3710 2127 3846 2182 pro-

2217 2202 2410 2273 pheta,
2439 2201 2659 2270 aderat;
2693 2205 2751 2255 ut
2771 2201 3042 2274 probaret
3064 2203 3222 2271 illud,
3246 2205 3382 2276 quia
3405 2204 3590 2259 adhuc
3613 2206 3853 2276 loquen-

2218 2295 2370 2350 tibus
2398 2294 2563 2350 nobis
2591 2295 2724 2350 dicit
2751 2312 2764 2349 :
2797 2296 3006 2352 Adsum
3034 2299 3186 2366 (1su.,
3216 2314 3358 2368 LVIII,
3391 2301 3465 2367 9).

2376 2388 2567 2457 Adest,
2605 2388 2737 2460 quia
2773 2389 3076 2445 suscitatus
3102 2407 3135 2444 a
3165 2391 3386 2446 ﬁliabus
3420 2393 3651 2459 Judazae,
3692 2393 3858 2464 quasi

2221 2482 2590 2538 resuscitatus
2642 2500 2676 2537 a
2726 2483 2949 2537 ﬁliabus
2999 2484 3327 2541 Jerusalem.
3383 2487 3549 2542 Audit
3604 2487 3859 2541 Ecclesia

2223 2593 2428 2631 sonum
2467 2577 2619 2632 vocis
2656 2577 2797 2647 ejus,
2829 2582 2887 2630 et
2917 2577 3055 2632 dicit
3087 2596 3101 2633 :
3144 2601 3172 2629 α
3199 2581 3318 2634 Vox
3358 2580 3672 2635 consobrini
3716 2581 3856 2635 mei.

2223 2672 2364 2725 Ecce
2399 2670 2490 2725 hic
2528 2670 2756 2725 advenit
2794 2669 3004 2726 saliens
3043 2689 3214 2743 super
3247 2675 3486 2741 montes,
3525 2674 3860 2729 transiliens

2225 2781 2396 2834 super
2442 2765 2610 2818 colles
2656 2764 2858 2832 (Cant.,
2904 2781 2960 2834 ιι,
2990 2767 3065 2833 8).
3107 2788 3135 2815 ››
3166 2766 3528 2838 Manipularis
3567 2773 3652 2822 est
3690 2768 3857 2835 liber,

2226 2857 2434 2913 multas
2473 2856 2690 2912 habens
2733 2874 3000 2929 personas
3049 2859 3283 2926 nobiles,
3330 2862 3494 2915 velut
3531 2861 3861 2932 manipulus

2227 2950 2589 3021 triumphalis
2623 2953 2755 3020 (t8),
2796 2952 3118 3024 multosque
3151 2957 3305 3007 actus
3341 2953 3687 3025 signiﬁcans,
3714 2971 3863 3026 quos

2233 3043 2550 3115 intelligere
2595 3044 2797 3115 magis,
2851 3061 3028 3116 quam
3080 3063 3379 3118 expressos
3433 3053 3628 3104 tenere
3676 3049 3860 3120 possi-

2235 3154 2381 3196 mus.
2438 3138 2579 3192 Nam
2627 3138 2791 3209 quasi
2844 3138 3238 3194 advenientem
3288 3141 3566 3211 Sponsum
3617 3142 3866 3196 audierit

2233 3247 2364 3286 cum
2392 3229 2673 3302 aliquibus
2705 3231 2915 3300 pariter
2941 3232 3226 3287 viantibus
3260 3234 3694 3304 colloquentem,
3727 3234 3866 3288 dicit

2235 3326 2457 3395 Sponsa
2501 3341 2514 3377 :
2567 3327 2686 3380 νοω
2724 3326 3030 3380 consobrini
3069 3329 3193 3380 mei.
3241 3327 3384 3380 Dum
3431 3326 3684 3398 loquitur
3731 3344 3866 3381 cum

2235 3417 2459 3473 ﬁliabus
2495 3418 2830 3486 Jerusalem,
2869 3421 2925 3473 et
2957 3422 3119 3490 rogat
3157 3425 3218 3474 ut
3257 3420 3508 3474 excitent
3545 3426 3601 3475 et
3632 3421 3871 3474 resusci-

2236 3515 2358 3567 tent
2386 3513 2688 3583 Sponsum,
2717 3511 2903 3567 subito
2935 3519 3208 3584 tanquam
3238 3514 3307 3568 de
3331 3513 3647 3585 longinquo
3679 3515 3868 3568 missae

2237 3605 2387 3660 vocis
2442 3622 2647 3659 sonum
2703 3606 2984 3674 sentiens,
3039 3607 3176 3662 dicit
3227 3624 3240 3661 :
3298 3629 3325 3656 «
3375 3610 3487 3664 Vox
3541 3607 3868 3662 consobrini

2239 3699 2374 3767 mei,
2404 3720 2431 3748 ››
2461 3698 2808 3753 annuntians
2840 3716 3014 3771 quem
3046 3700 3296 3756 nuntiari
3335 3701 3438 3755 sibi
3477 3705 3609 3755 ante
3647 3717 3866 3772 quaere-

2238 3792 2356 3861 bat,
2401 3807 2573 3863 quem
2619 3793 2884 3864 cupiebat
2925 3794 2997 3848 ab
3042 3794 3169 3848 aliis
3209 3795 3463 3849 suscitari
3502 3811 3515 3849 :
3559 3812 3662 3849 sua
3705 3812 3872 3865 prece

2239 3885 2637 3941 resuscitatum
2687 3903 2720 3940 a
2775 3887 2939 3941 Patre
2997 3887 3185 3943 venire
3234 3888 3360 3958 jam
3411 3888 3684 3956 credens,
3743 3889 3871 3942 laeta

2243 3979 2380 4034 dicit
2407 3997 2420 4034 :
2459 3999 2486 4028 ‹‹
2512 3980 2621 4032 Vox
2650 3978 2976 4034 consobrini
3004 3980 3140 4034 mei.
3177 4005 3202 4030 ιι
3233 3983 3381 4036 Bene
3407 3981 3659 4036 addidit:
3690 4003 3716 4028 ‹‹
3745 3998 3873 4036 con-

2242 4071 2457 4128 sobrini
2483 4072 2622 4139 mei;
2653 4095 2680 4122 »
2712 4075 2775 4126 ut
2803 4089 2919 4128 non
2950 4073 3095 4138 aliae,
3121 4074 3218 4130 sed
3249 4075 3588 4130 consobrina
3614 4074 3736 4129 sola
3767 4075 3874 4129 sibi

2244 4166 2366 4236 ejus
2392 4165 2709 4220 vindicaret
2731 4167 3062 4221 adventum.

2316 4262 2366 4313 6.
2421 4281 2448 4309 «
2495 4260 2667 4327 Ecce,
2719 4259 2942 4331 inquit,
2990 4260 3094 4314 iste
3145 4260 3393 4315 advenit.
3451 4283 3478 4311 »
3527 4263 3720 4318 Adhuc
3767 4279 3877 4332 ego

2246 4369 2382 4407 eum
2417 4369 2634 4424 quaero,
2664 4358 2720 4408 et
2743 4353 2836 4409 ille
2864 4355 2984 4424 jam
3017 4355 3199 4423 venit;
3229 4355 3417 4409 adhuc
3457 4371 3564 4427 ego
3602 4355 3880 4426 suffragia

518 4447 602 4502 dit
626 4448 686 4502 in
714 4451 910 4514 terras,
938 4446 1118 4500 factus
1145 4451 1228 4500 est
1257 4461 1453 4516 prope,
1483 4443 1756 4514 coepimus
1782 4460 1896 4499 non
1923 4445 2145 4500 timere.
2171 4449 2228 4521 D
2252 4451 2412 4518 capto
2466 4450 2528 4501 ut
2572 4446 2786 4514 veniat,
2845 4451 2902 4502 et
2953 4448 3047 4502 ille
3087 4448 3209 4518 jam
3259 4447 3553 4519 proximus
3605 4453 3709 4503 est.
3761 4450 3881 4518 Ego

518 4542 656 4594 Nam
684 4539 779 4611 qui
817 4537 1104 4595 Christum
1145 4538 1327 4606 timet,
1370 4555 1486 4593 non
1523 4537 1717 4593 timori
1744 4540 1830 4593 est
1867 4538 2144 4607 subditus,

517 4634 618 4688 sed
657 4632 966 4688 devotioni.
1009 4632 1239 4687 Pietatis
1277 4633 1370 4687 hic
1409 4633 1602 4701 timor,
1641 4649 1755 4687 non
1804 4632 2151 4688 inﬁrmitatis

584 4776 679 4837 (15)
729 4774 836 4825 Hic
887 4775 1089 4824 mirum
1134 4777 1408 4839 quantum
1457 4775 1678 4826 varient
1719 4788 1849 4826 mss.
1905 4790 1971 4827 ac
2017 4777 2146 4828 edit.

521 4846 670 4896 Alibi
694 4846 863 4907 enim,
898 4846 1052 4908 cujus
1079 4845 1444 4909 interpretatio
1467 4849 1624 4895 sonat
1647 4845 1729 4895 vel
1755 4846 1830 4895 sic
1852 4861 1869 4894 :
1893 4848 2009 4896 Non
2034 4847 2152 4905 ille;

521 4916 664 4967 alius
694 4917 955 4978 interpres
985 4932 1001 4964 :
1028 4917 1090 4966 Et
1115 4928 1223 4967 non
1245 4921 1339 4975 est,
1362 4916 1456 4965 ait.
1489 4916 1640 4966 Alibi
1663 4921 1929 4978 autem...,
1960 4930 2067 4968 non
2096 4923 2152 4968 ut

522 4988 612 5039 ille
640 5003 656 5036 :
681 4987 823 5038 alius
847 4989 1126 5051 interpres,
1167 4991 1273 5038 etc.
1317 4986 1557 5049 Alicubi,
1599 4987 1752 5049 cujus
1789 4987 2153 5050 interpretatio

521 5065 597 5111 est
627 5076 644 5108 :
673 5062 739 5112 Et
782 5060 872 5110 ille
899 5061 972 5122 (in
1010 5063 1120 5110 ant.
1153 5059 1302 5120 edit.,
1335 5064 1390 5108 ut
1430 5058 1534 5121 ille)
1575 5058 1716 5109 alius
1751 5057 2050 5122 interpres:
2089 5060 2153 5108 Et

522 5144 630 5183 non
667 5137 758 5189 est,
803 5131 898 5182 ait.
945 5130 1170 5182 Alicubi
1213 5131 1398 5190 etiam,
1435 5132 1585 5193 cujus
1626 5130 1994 5194 interpretatio
2033 5135 2106 5179 est
2137 5145 2153 5178 .-

523 5205 615 5254 Est
637 5209 684 5253 et
705 5202 794 5253 ille
813 5217 832 5266 ;
856 5201 999 5252 alius
1029 5202 1289 5266 interpres
1319 5201 1396 5249 ait
1418 5215 1435 5248 :
1458 5213 1567 5249 non
1588 5205 1660 5250 est
1685 5199 1844 5250 alius.
1871 5200 2156 5250 Postremo

523 5276 580 5324 in
607 5287 737 5324 mss.
765 5275 977 5338 aliquot
1003 5273 1240 5323 habetur
1264 5275 1324 5321 ut
1355 5273 1410 5320 in
1443 5273 1614 5320 textu.
1649 5270 1830 5332 Quam
1855 5271 2155 5321 lectionem

525 5360 592 5396 eo
623 5348 799 5396 secuti
828 5357 1040 5402 sumus,
1065 5343 1214 5408 quod
1240 5356 1361 5394 eam
1385 5342 1544 5401 infra,
1572 5355 1727 5391 num.
1755 5343 1804 5403 4,
1829 5341 2160 5391 Ambrosius

527 5418 648 5480 ipse
675 5417 986 5466 conﬁrmat.

593 5486 690 5549 (16)
716 5486 842 5537 Mss.
875 5488 1102 5551 aliquot,
1126 5499 1279 5550 quem
1301 5483 1480 5535 videre
1505 5484 1767 5546 deposcat,
1799 5482 1856 5530 in
1880 5495 1984 5545 quo
2011 5481 2157 5542 fruc-

529 5565 611 5609 tus
650 5563 723 5608 est
754 5557 1151 5618 misericordia,
1186 5557 1367 5614 veniae,
1393 5561 1440 5604 et
1475 5555 1682 5606 salutis.
1720 5553 1950 5617 Aliquot
1983 5553 2157 5613 alii...,

526 5629 730 5691 fructus
767 5633 844 5678 est
885 5628 1280 5688 misericordias,
1313 5632 1360 5677 et
1399 5628 1553 5676 venia
1590 5625 1795 5676 salutis.
1839 5625 2057 5688 Reliqui
2097 5639 2161 5675 ac

529 5700 659 5751 edit.
692 5705 757 5750 ut
779 5700 833 5749 in
861 5702 1031 5748 textu.

593 5772 687 5835 (l7)
733 5771 826 5824 Sic
873 5770 1000 5822 edit.
1053 5775 1157 5822 vet.
1212 5784 1278 5822 ac
1326 5784 1479 5832 mss,
1523 5771 1631 5821 nisi
1668 5769 1816 5835 quod
1855 5770 1911 5821 in
1961 5769 2160 5821 horum

2248 4541 2502 4596 suscitari
2547 4541 2688 4595 mihi
2725 4541 3060 4596 charitatem
3104 4541 3302 4612 cupio,
3342 4559 3447 4614 ego
3488 4559 3581 4597 mc
3625 4543 3883 4596 vulnera-

2249 4639 2362 4690 tam
2401 4634 2693 4690 charitatis
2729 4639 2870 4706 puto
2913 4639 2971 4691 et
3015 4635 3088 4689 ad
3131 4651 3224 4689 me
3257 4635 3382 4706 plus
3429 4636 3716 4690 charitatis
3761 4635 3885 4706 ipsa

2251 4774 2536 4826 nonnullis
2574 4787 2682 4823 vox
2723 4774 2907 4824 carnis
2954 4774 3245 4834 omittitur,
3295 4775 3351 4822 et
3401 4773 3456 4821 in
3499 4771 3706 4822 eisdem
3753 4786 3884 4822 mss.

2252 4846 2490 4896 habetur
2533 4846 2826 4908 superiore,
2870 4843 2966 4893 ubi
3010 4845 3296 4908 legebatur
3340 4844 3395 4892 in
3441 4843 3570 4892 edit.
3615 4848 3885 4907 superato.

2253 4917 2396 4968 Edit.
2438 4919 2626 4966 autem
2667 4916 2824 4965 Rom.
2871 4916 2942 4964 ita
2986 4915 3170 4976 habet,
3214 4927 3321 4964 non
3361 4913 3667 4963 elementum
3712 4919 3889 4972 terrae,

2253 5002 2424 5054 neque
2462 4987 2832 5044 substantiam,
2871 4993 2964 5037 aut
3014 4992 3267 5037 naturam
3309 4987 3507 5046 carnis,
3551 4987 3639 5036 sed
3683 4987 3740 5034 in
3785 4985 3888 5035 ele-

2253 5065 2425 5108 mento
2483 5071 2696 5108 carnem
2747 5058 3203 5122 prmuaricantem.
3256 5056 3590 5106 Benedicitur
3647 5069 3768 5120 ergo
3832 5056 3892 5104 in

2259 5129 2460 5179 Christo
2487 5134 2654 5188 terra,
2677 5129 2769 5179 hoc
2798 5135 2890 5189 est,
2920 5143 3067 5189 caro,
3098 5134 3203 5180 etc.

2319 5201 2417 5262 (18)
2461 5200 2608 5249 Edit.
2668 5204 2723 5251 et
2789 5213 2918 5250 mss.
2979 5213 3093 5250 non
3156 5199 3318 5263 pauci
3391 5197 3530 5248 velut
3587 5197 3893 5260 manipulos

2258 5270 2621 5334 triumphales.
2679 5271 2818 5322 Octo
2871 5276 3051 5320 tamen
3115 5285 3183 5320 ex
3235 5271 3337 5329 his,
3391 5269 3530 5319 velut
3583 5267 3894 5331 manipulus

2255 5341 2615 5404 triumphalis.
2650 5342 2887 5407 Optime.
2927 5343 3140 5394 Dicitur
3165 5347 3349 5392 autem
3387 5341 3738 5404 triumphalis
3772 5353 3892 5387 ma-

2260 5413 2485 5475 nipulus
2515 5417 2695 5463 turma
2718 5420 3055 5471 senatorum,
3081 5414 3427 5477 aliorumque
3454 5414 3696 5461 virorum
3731 5411 3893 5459 illus-

2261 5485 2447 5545 trium,
2479 5484 2684 5547 quibus
2722 5487 3036 5549 imperator,
3067 5485 3199 5534 dum
3241 5483 3621 5546 triumpharet,
3656 5483 3893 5545 stipatus

2261 5553 2572 5605 incedebat.
2597 5555 2739 5606 Vide
2765 5556 2992 5619 Josephi
3033 5555 3316 5605 Laurentii
3359 5553 3760 5616 Polymathiam,
3791 5551 3887 5600 lib.

2259 5639 2336 5685 ιιι,
2380 5639 2501 5688 syn.
2546 5628 2621 5675 tl.
2661 5627 2796 5676 Item
2831 5628 2991 5678 Joan.
3037 5627 3255 5676 Prusini
3296 5625 3469 5688 Antiq.
3505 5624 3666 5679 Rom.,
3693 5621 3788 5672 lib.
3831 5634 3892 5682 Χ,

2261 5711 2380 5761 cap.
2407 5699 2487 5758 29,
2516 5701 2569 5748 et
2595 5697 2750 5747 alios.
