3958 6166
197 321 290 372 1337

1247 310 1602 369 EXPOSITIO
1640 312 1708 368 IN
1748 313 2063 371 PSALMUM
2102 317 2327 373 CXVIII.

3319 320 3454 374 I338

188 439 374 495 festinat.
403 437 504 507 Ego
538 435 648 489 dixi
679 452 693 489 ;
730 437 898 500 Veni;
931 435 1024 489 ille
1057 433 1181 489 salit
1218 438 1276 490 et
1315 435 1571 490 transilit.
1611 437 1729 508 Ego
1753 450 1808 522 Α
1832 439 1898 492 Et
1955 456 2149 496 rursus
2203 457 2332 496 cum
2386 441 2597 513 aliquid
2652 441 2816 495 nobis
2875 441 3284 497 subobscurum
3341 448 3453 505 est,

189 549 284 602 rogo
305 546 417 585 eum
442 528 622 584 venire
649 543 780 582 cum
809 527 1020 599 gratia;
1050 529 1144 583 ille
1174 529 1490 599 gratiarum
1519 546 1724 600 opera-

186 633 248 679 tur
280 628 580 694 augmenta;
620 627 675 676 et
717 621 857 676 dum
903 622 1074 690 venit,
1126 621 1484 677 incrementa
1528 624 1730 695 gratim

183 735 322 773 secum
367 716 524 783 vehit,
579 717 635 770 et
686 715 966 772 veniendo
1020 714 1298 787 acquirit;
1355 716 1490 787 quia
1542 718 1730 773 studet

181 813 306 867 etiam
335 811 438 880 ipse
465 825 576 864 suae
601 809 822 879 placere
851 809 1089 864 dilectae.
1117 809 1259 864 Salit
1286 826 1458 881 super
1486 812 1726 879 excelsa,

178 909 223 960 ut
251 904 479 958 ascendat
515 903 587 957 ad
620 904 932 974 Sponsam,
976 903 1212 974 Sponsae
1253 903 1407 959 enim
1451 905 1730 960 thalamus

178 999 372 1053 tribunal
402 1002 480 1051 est
505 996 725 1053 Christi.
754 997 894 1053 Salit
918 1013 1090 1068 super
1115 997 1292 1081 Adam
1323 1000 1456 1067 (l9),
1487 999 1732 1054 transilit

176 1107 307 1162 super
329 1091 689 1162 Synagogam.
731 1091 865 1146 Salit
895 1107 1066 1162 super
1096 1095 1316 1162 gentes,
1358 1091 1602 1147 transilit
1636 1109 1728 1146 su-

173 1201 248 1256 per
277 1184 491 1239 Iudaeos.
534 1183 831 1239 Videamus
862 1184 1181 1241 salientem.
1222 1185 1360 1242 Salit
1397 1186 1465 1240 de
1495 1187 1636 1241 coelo
1669 1186 1728 1240 in

175 1278 430 1349 Virginem,
469 1277 536 1332 de
590 1283 750 1333 utero
797 1278 856 1332 in
905 1295 1176 1350 praesepe,
1229 1279 1300 1333 de
1351 1280 1625 1350 praesepio
1672 1279 1730 1334 in

168 1371 450 1441 Iordanem,
503 1371 572 1426 de
619 1372 865 1427 Iordane
913 1372 972 1426 in
1023 1389 1280 1440 crucem,
1335 1373 1406 1426 de
1456 1389 1622 1428 cruce
1673 1372 1731 1428 in

173 1466 422 1534 tumulum,
461 1466 516 1520 in
556 1466 757 1520 caelum
791 1466 860 1521 de
890 1466 1170 1537 sepulcro.
1211 1466 1392 1521 Proba
1427 1465 1586 1544 mihi,
1623 1469 1729 1522 Da-

175 1558 261 1626 vid,
288 1559 584 1627 salientem,
611 1559 790 1630 proba
825 1567 1184 1629 currentem;
1216 1566 1274 1614 tu
1302 1561 1456 1615 enim
1497 1561 1683 1616 dixisti
1715 1579 1727 1616 :

171 1674 191 1697 ιι·
211 1653 472 1707 Exsultavit
498 1657 767 1725 tanquam
800 1654 964 1725 gigas
997 1655 1065 1709 ad
1102 1655 1444 1709 currendum
1482 1655 1624 1709 viam
1655 1672 1668 1709 :
1702 1673 1732 1708 a

1831 535 2112 604 tanquam
2142 535 2478 590 subducitur
2515 535 2784 600 Verbum,
2813 537 2872 590 et
2903 539 3169 606 tanquam
3206 536 3457 590 absentis

1828 627 2136 683 adventum
2172 628 2585 698 desideramus;
2623 633 2678 684 et
2711 630 2920 684 iterum
2958 645 3239 700 apparens
3265 632 3454 684 osten-

1831 720 1914 775 dit
1939 737 1996 776 se
2023 721 2204 790 nobis,
2234 727 2512 794 tanquam
2550 739 2796 794 praesens
2825 723 2897 778 sit
2932 722 3092 777 nobis
3127 722 3185 776 in
3230 722 3299 776 iis
3332 739 3457 793 quae

1830 813 2192 884 requirimus,
2233 816 2658 887 cognoscendis.
2708 816 2851 871 Salit
2897 832 3034 887 ergo
3080 817 3139 869 in
3188 815 3457 869 uniuscu-

1823 906 2032 978 jusque
2076 909 2245 963 corde
2299 909 2628 981 frequenter
2667 931 2678 961 :
2723 909 2966 964 transilit
3014 912 3070 964 et
3118 909 3248 977 exit,
3289 914 3344 963 et
3373 925 3458 963 re-

1830 1000 2085 1066 vertitur,
2134 1001 2178 1055 si
2229 1002 2504 1073 sequaris,
2551 1003 2597 1056 si
2642 1002 2921 1074 requiras,
2965 1002 3010 1056 si
3055 1002 3155 1056 tibi
3203 1002 3456 1058 fidelium

1833 1094 2018 1164 gratia
2048 1094 2449 1165 disceptatione
2486 1096 2786 1151 doctorum
2832 1095 3077 1151 Verbum
3125 1096 3273 1168 quod
3313 1096 3462 1151 exie-

1831 1192 1917 1241 rat
1959 1192 2128 1258 atque
2158 1189 2475 1257 transierat,
2523 1191 2768 1260 postules
2799 1189 3154 1258 resuscitari;
3186 1189 3329 1244 sicut
3366 1189 3462 1243 illa

1831 1296 1958 1352 quae
2000 1282 2263 1352 quaesivit
2285 1288 2342 1337 et
2379 1282 2598 1338 invenit
2623 1300 2751 1354 quae
2783 1283 2927 1338 dixit
2957 1307 2966 1336 :
3001 1305 3029 1333 ‹‹
3059 1285 3254 1340 Frater
3298 1300 3463 1338 meus

1832 1374 2086 1429 transivit
2131 1394 2144 1430 :
2189 1375 2382 1431 anima
2413 1393 2543 1432 mea
2582 1377 2756 1431 exivit
2795 1377 2853 1431 in
2895 1377 3066 1433 verbo
3094 1377 3218 1448 ejus
3252 1378 3459 1448 (Cant.,

1832 1485 1888 1536 v,
1919 1471 1995 1536 6).
2029 1491 2055 1518 ››

1911 1565 1994 1618 10.
2025 1564 2170 1634 Ergo
2198 1567 2256 1618 et
2281 1565 2325 1618 si
2353 1580 2524 1634 super
2562 1568 2784 1620 montes
2821 1565 2968 1634 salit,
3007 1581 3278 1636 sequere;
3319 1568 3377 1620 et
3414 1567 3461 1620 si

1833 1672 2006 1727 super
2035 1657 2222 1724 colles,
2253 1674 2512 1729 sequere.
2546 1658 2924 1729 Reperiuntur
2951 1657 3100 1713 enim
3141 1658 3197 1712 in
3242 1659 3460 1714 monti-

169 1762 342 1800 summo
368 1747 497 1801 ccelo
534 1747 787 1818 egressio
827 1748 950 1818 ejus
987 1752 1044 1802 et
1078 1764 1342 1802 occursus
1389 1749 1509 1820 ejus
1553 1766 1786 1823 usque
1835 1750 1940 1803 bus
1967 1755 2021 1804 et
2047 1749 2104 1804 in
2132 1750 2367 1806 collibus
2395 1756 2686 1806 venatores
2718 1752 2941 1806 Domini
2982 1751 3078 1823 qui
3117 1751 3463 1822 inveStigant

169 1839 220 1892 ad
246 1856 506 1894 summum
532 1841 674 1910 ejus,
699 1857 799 1895 nec
827 1846 913 1895 est
937 1843 1036 1912 qui
1062 1859 1120 1895 se
1153 1841 1463 1896 abscondat
1490 1860 1523 1895 a
1549 1843 1733 1898 calore
1754 1821 1810 1892 B
1836 1860 1930 1897 eos
1976 1844 2073 1914 qui
2117 1844 2422 1915 capiuntur
2472 1846 2540 1899 ad
2589 1845 2780 1899 vitam.
2835 1845 2924 1899 Sic
2973 1845 3126 1900 enim
3171 1845 3313 1900 dixit
3360 1862 3463 1916 per

166 1933 256 2001 ejus
283 1935 427 1998 (Psal.
456 1950 603 2000 xvm,
639 1938 692 1999 6,
722 1939 798 2001 ’7).
836 1957 863 1983 ››
891 1936 1037 2004 Ergo
1065 1937 1122 1988 et
1150 1952 1299 1989 nunc
1328 1936 1470 2002 salit,
1502 1940 1558 1990 et
1583 1953 1733 1990 nunc

166 2027 299 2080 currit
329 2027 390 2080 de
423 2028 590 2083 corde
632 2027 889 2100 1035
926 2029 1103 2088 Patris
1133 2045 1303 2099 super
1336 2033 1554 2083 sanctos
1583 2046 1730 2096 suos,

167 2120 216 2172 de
244 2121 440 2175 Oriente
474 2102 652 2192 super
686 2122 1068 2190 Occidentem,
1099 2121 1172 2176 de
1212 2123 1608 2193 Septentrione
1640 2140 1730 2177 su-

167 2231 241 2282 per
259 2214 540 2269 Meridiem.
571 2217 698 2286 Ipse
729 2220 813 2270 est
840 2216 935 2286 qui
964 2216 1217 2271 ascendit
1246 2233 1416 2286 super
1439 2217 1731 2282 Occasum,

167 2308 252 2376 ipse
273 2323 425 2379 super
448 2309 618 2364 caelos
648 2310 917 2364 caelorum
945 2311 1013 2362 ad
1040 2309 1349 2364 Orientem.
1381 2311 1501 2380 lpse
1537 2327 1732 2363 ascen-

166 2401 226 2453 dit
244 2417 389 2472 super
417 2406 663 2472 montes,
695 2403 813 2473 ipse
843 2420 1013 2473 super
1038 2403 1230 2458 colles.

216 2498 254 2547 ῑ.
287 2495 492 2550 Utinam
533 2512 650 2566 ego
688 2497 860 2551 miser
898 2497 1105 2561 dicam,
1150 2496 1298 2551 dicat
1337 2497 1528 2551 anima
1564 2514 1687 2552 mea
1718 2513 1730 2550 :

167 2590 258 2643 Ecce
293 2592 376 2645 iste
417 2591 669 2653 advenit,
727 2596 780 2645 et
827 2591 1050 2646 advenit
1094 2607 1208 2645 non
1257 2607 1426 2662 super
1470 2593 1731 2656 terrena,

168 2697 250 2736 non
277 2700 428 2755 super
464 2685 639 2740 valles
658 2725 673 2750 ,
702 2685 801 2738 sed
826 2683 1051 2739 advenit
1079 2685 1281 2739 saliens
1308 2699 1472 2754 super
1505 2689 1732 2739 montes.

167 2776 274 2830 Deus
295 2778 451 2846 enim,
477 2779 631 2833 Deus
663 2777 941 2831 montium
970 2781 1074 2846 est,
1112 2781 1173 2832 et
1196 2793 1314 2832 non
1338 2777 1570 2832 vallium
1603 2781 1734 2846 (20).

169 2867 242 2922 tbi
271 2886 390 2941 ergo
434 2872 602 2926 salit?
645 2871 828 2942 Super
866 2875 1085 2926 montes
1132 2872 1280 2926 salit.
1331 2872 1384 2927 Si
1435 2871 1508 2924 sis
1552 2887 1734 2939 mons,

169 2963 258 3015 salit
285 2980 438 3034 super
473 2970 552 3019 te.
600 2964 748 3020 Salit
790 2981 963 3036 super
1007 2964 1226 3031 Isaiam,
1269 2964 1398 3020 salit
1440 2981 1612 3035 super
1647 2965 1735 3019 Ie-

172 3055 377 3120 remiam,
419 3058 549 3113 salit
591 3073 769 3129 super
811 3060 1058 3124 Petrum,
1099 3058 1400 3126 Joannem,
1443 3057 1736 3111 Iacobum.

178 3169 196 3192 ει
222 3149 386 3205 lentes
416 3154 472 3205 in
514 3151 760 3206 circuitu
803 3152 923 3222 ejus
961 3152 1126 3220 (Psal.
1155 3168 1331 3219 cxxiv,
1361 3155 1440 3219 2),
1486 3172 1513 3199 ν
1546 3150 1589 3204 si
1623 3167 1739 3204 non

183 3247 285 3309 potes
324 3261 481 3300 mons
530 3261 692 3310 esse,
746 3261 849 3298 nec
900 3247 1196 3314 praevales,
1249 3247 1367 3298 esto
1424 3245 1507 3298 vel
1559 3244 1738 3309 collis,

188 3339 229 3384 ut
259 3354 384 3407 super
427 3342 481 3393 te
528 3337 792 3394 Christus
834 3338 1120 3405 ascendat,
1165 3341 1221 3391 et
1262 3338 1307 3391 si
1352 3337 1616 3404 transilit,
1661 3337 1742 3390 ita

185 3430 386 3486 hansiliat
425 3435 563 3499 (21),
615 3435 681 3485 ut
725 3436 780 3485 te
824 3431 1092 3485 transitus
1142 3430 1264 3501 ejus
1315 3431 1517 3484 umbra
1562 3432 1742 3484 custo-

177 3519 270 3575 dial.

219 3617 257 3667 8.
297 3618 539 3674 Diximus
577 3619 652 3673 de
689 3619 909 3675 Christo
953 3623 1010 3674 et
1053 3618 1329 3686 Ecclesia,
1377 3617 1633 3672 dicamus
1674 3617 1744 3672 de

171 3710 313 3764 anima
335 3717 384 3768 et
411 3713 614 3768 Verbo.
645 3712 852 3767 Anima
876 3712 1013 3782 justi
1044 3712 1261 3783 Sponsa
1289 3715 1371 3766 est
1396 3711 1583 3766 Verbi.
1614 3711 1744 3765 Hinc

171 3800 202 3852 si
234 3803 507 3874 desideret,
549 3807 598 3860 si
649 3805 858 3876 cupiat,
901 3806 946 3860 si
988 3809 1132 3872 oret,
1170 3808 1229 3859 et
1267 3807 1391 3859 oret
1429 3804 1652 3858 assidue
1690 3806 1747 3858 et

170 3902 260 3950 oret
300 3898 408 3955 sine
452 3901 568 3954 ulla
621 3898 1060 3970 disceptatione,
1114 3902 1172 3952 et
1215 3902 1332 3952 tota
1379 3897 1641 3952 intendat
1686 3897 1744 3951 in

169 3987 393 4058 Verbum,
447 3993 642 4048 subito
694 4008 892 4047 vocem
939 3991 1045 4047 sibi
1101 3991 1327 4046 videtur
1378 3992 1500 4061 ejus
1550 3990 1746 4046 audire

167 4097 297 4151 quem
321 4103 426 4141 non
454 4086 634 4153 videt,
669 4088 728 4139 et
754 4085 956 4140 intimo
977 4102 1148 4140 sensu
1175 4085 1407 4140 odorem
1441 4084 1748 4139 divinitatis

168 4179 258 4243 ejus
283 4181 526 4250 agnoscit
555 4197 569 4234 :
605 4178 759 4250 quod
788 4180 1075 4250 patientur
1104 4180 1443 4250 plerumque
1476 4177 1571 4249 qui
1604 4177 1748 4232 bene

165 4270 375 4328 credunt.
424 4275 744 4345 Replentur
795 4272 980 4328 subito
1031 4288 1196 4328 nares
1246 4270 1454 4325 animm
1507 4270 1749 4342 spiritali

168 4365 324 4430 gratia,
351 4372 405 4422 et
433 4368 608 4422 sentit
634 4366 740 4421 sibi
767 4366 1082 4438 praesentiae
1111 4366 1232 4436 ejus
1265 4365 1465 4420 flatum
1492 4364 1748 4435 aspirare

163 4470 297 4524 quem
335 4461 554 4531 quaerit,
600 4463 662 4514 et
703 4459 840 4514 dicit
887 4476 900 4514 :
949 4461 1088 4514 Ecce
1132 4459 1236 4514 iste
1282 4458 1404 4529 ipse
1452 4463 1536 4513 est
1577 4473 1750 4529 quem

167 4552 368 4619 requiro,
394 4555 517 4625 ipse
545 4569 722 4625 quem
757 4552 1044 4608 desidero.

216 4649 257 4698 9.
284 4647 465 4704 Nonne
503 4663 636 4702 cum
678 4646 893 4718 aliquid
936 4647 1007 4701 de
1052 4646 1362 4717 Scripturis
1407 4645 1750 4717 cogitamus,

167 4741 204 4787 et
247 4741 692 4810 explanationem
749 4740 873 4810 ejus
925 4740 1180 4796 invenire
1237 4755 1354 4794 non
1411 4755 1752 4810 possumus,

169 4829 272 4886 dum
295 4833 634 4901 dubitamus,
665 4833 802 4888 dum
829 4833 1157 4906 quaerimus,
1185 4833 1372 4887 subito
1402 4832 1570 4886 nobis
1594 4831 1756 4902 quasi

171 4939 300 4993 super
353 4933 575 4981 montes
627 4927 901 4982 altissima
954 4927 1225 4997 dogmata
1280 4925 1504 4980 videtur
1558 4941 1755 4979 ascen-

170 5015 305 5084 dere;
352 5021 559 5076 deinde
607 5021 763 5093 quasi
813 5037 984 5092 super
1023 5021 1188 5075 colles
1234 5035 1520 5090 apparens
1564 5018 1755 5086 nobis,

173 5109 412 5168 illuminat
441 5119 720 5183 mentem,
761 5120 819 5169 ut
859 5113 1126 5168 infundat
1163 5112 1440 5179 sensibus,
1486 5111 1637 5182 quod
1669 5112 1755 5165 in-

173 5206 326 5260 venire
377 5224 539 5278 posse
592 5208 820 5263 difﬁcile
875 5205 1217 5262 videbatur?
1276 5207 1424 5277 Ergo
1480 5205 1637 5278 quasi
1689 5222 1756 5259 ex

172 5295 368 5354 absente
418 5303 479 5354 fit
530 5318 779 5373 praesens
823 5302 1066 5356 Verbum
1116 5301 1173 5356 iu
1221 5299 1483 5356 cordibus
1530 5298 1756 5355 nostris.

216 5443 298 5503 (19)
322 5444 395 5493 Ita
425 5459 555 5496 mss.
586 5445 902 5497 duodecim.
936 5445 1080 5495 Edit.
1115 5458 1244 5496 vero
1269 5458 1398 5495 cum
1429 5444 1554 5494 aliis
1583 5459 1592 5492 :
1628 5442 1764 5493 Solit

172 5521 300 5574 super
325 5515 619 5567 Ecclesium.
653 5518 834 5581 Quam
865 5518 1228 5567 mutationem
1255 5529 1318 5567 ea
1345 5515 1518 5579 gratia
1557 5513 1764 5564 induc—

176 5583 261 5632 tam
307 5591 687 5650 autumamus;
731 5593 795 5638 ut
841 5588 1094 5640 Ecclesia
1138 5587 1467 5651 Synagogaa.
1511 5598 1637 5650 qua
1676 5598 1763 5636 se-

173 5657 331 5713 quenti
357 5659 602 5710 membro
635 5661 976 5719 nominatur,
1009 5661 1400 5723 Opponeretur.
1435 5656 1641 5706 Verum
1672 5656 1765 5705 id—

175 5727 292 5774 circo
318 5727 408 5778 hic
440 5730 630 5781 Adami
656 5731 872 5781 videtur
905 5733 1046 5781 facta
1081 5729 1310 5788 mentio,
1344 5733 1405 5776 ut
1443 5727 1765 5777 ostendatur

176 5803 496 5865 gnocentiie,
534 5809 590 5852 ut
629 5810 844 5861 vocant,
888 5807 1126 5862 statum,
1165 5815 1230 5852 ac
1274 5799 1454 5865 legem
1485 5802 1698 5848 natura:
1734 5812 1766 5848 a

177 5861 364 5920 Christo
392 5883 505 5922 non
535 5873 703 5925 fuisse
733 5875 916 5926 aliena

1833 1938 2134 1991 Ieremiam
2164 1941 2305 1993 Deus
2333 1955 2346 1992 :
2383 1961 2408 1986 (ί
2437 1940 2572 1993 Ecce
2607 1939 2769 1994 mitto
2800 1940 3009 1993 multos
3038 1938 3459 2010 piscatores.....

1836 2035 1893 2084 et
1953 2031 2161 2086 multos
2224 2034 2549 2098 venatores,
2610 2036 2666 2086 et
2718 2032 3080 2087 vcnabuntur
3136 2049 3230 2087 eos
3295 2049 3464 2102 super

1837 2141 2070 2180 omnem
2111 2131 2370 2180 montem
2409 2131 2465 2181 et
2499 2143 2668 2196 super
2709 2143 2938 2180 omnem
2986 2127 3188 2181 collem
3231 2129 3464 2194 (Jerem.,

1837 2235 1944 2285 xw,
1994 2219 2100 2283 l0).
2146 2241 2172 2269 υ
2219 2219 2302 2274 Ibi
2341 2235 2478 2290 ergo
2513 2220 2755 2289 populus
2790 2219 2890 2274 Dei
2927 2223 3238 2290 quaeratur,
3281 2223 3337 2274 et
3379 2219 3463 2272 in-

1835 2311 2097 2365 veniatur
2147 2312 2206 2366 in
2256 2312 2405 2366 Petri
2461 2316 2518 2365 et
2572 2313 2629 2366 in
2685 2313 2840 2367 Pauli
2895 2313 3189 2382 doctrina,
3252 2313 3464 2383 gratia,

1837 2403 2161 2475 disciplina,
2217 2411 2280 2458 ut
2331 2422 2447 2460 non
2495 2405 2553 2459 in
2600 2407 2852 2460 convalle
2898 2407 3042 2473 sint,
3087 2406 3186 2460 ubi
3233 2404 3401 2460 fletus
3449 2423 3462 2458 :

1837 2497 1938 2551 sed
1985 2498 2044 2551 in
2089 2498 2416 2569 montibus,
2460 2517 2492 2552 a
2534 2500 2736 2570 quibus
2779 2515 3246 2572 unumquemque
3285 2498 3468 2553 Chris-

1839 2596 1927 2644 tus
1978 2591 2282 2646 illuminat.
2335 2594 2402 2647 Et
2452 2610 2580 2647 cum
2634 2594 2865 2648 Petrum
2907 2594 3173 2665 legimus,
3212 2593 3468 2649 Christus

1839 2682 2144 2738 illuminat.
2211 2686 2278 2738 Et
2347 2702 2480 2740 cum
2546 2687 2780 2741 Paulum
2860 2685 3124 2759 1036
3190 2685 3466 2756 legimus,

1837 2776 2091 2832 Christus
2137 2778 2442 2832 illuminat.
2489 2780 2712 2834 Curavit
2758 2780 2982 2847 Paulus,
3036 2779 3295 2834 Christus
3338 2779 3464 2834 illu-

1839 2869 2103 2938 minavit;
2156 2870 2424 2942 quoniam
2475 2871 2730 2926 invocato
2783 2871 3005 2926 Domini
3047 2873 3178 2926 Iesu
3229 2873 3468 2926 nomine

1839 2962 2174 3032 resurrexit,
2226 2963 2386 3033 cujus
2441 2969 2671 3018 sanatus
2719 2967 2806 3018 est
2855 2980 3116 3018 munere.
3171 2964 3467 3019 Suscitavit

1840 3061 2121 3110 mortuam
2155 3057 2367 3122 Petrus,
2400 3057 2654 3112 Christus
2691 3056 3050 3122 illuminavit,
3091 3061 3148 3112 et
3182 3057 3310 3112 ideo
3340 3058 3419 3112 ait
3456 3076 3468 3111 :

1845 3173 1869 3197 ‹‹
1913 3149 2245 3204 Illuminans
2304 3154 2364 3204 tu
2418 3150 2757 3204 mirabiliter
2808 3168 2840 3204 a
2894 3151 3185 3206 montibus
3243 3151 3472 3206 aeternis

1844 3244 2010 3306 (Psal.
2043 3259 2201 3311 Lxxv,
2342 3266 2368 3292 ››

1918 3339 2002 3390 ll.
2048 3337 2155 3390 Nos
2199 3335 2378 3407 igitur
2417 3338 2515 3408 qui
2560 3343 2784 3392 montes
2829 3354 2947 3393 esse
2999 3355 3320 3410 possumus,
3368 3343 3475 3394 ste-

1843 3444 1973 3482 mus
2002 3428 2060 3482 in
2104 3429 2391 3484 montibus
2427 3430 2513 3484 vel
2557 3430 2614 3484 in
2658 3430 2929 3500 collibus;
2977 3437 3036 3486 ut
3079 3449 3212 3486 cum
3261 3432 3478 3486 miserit

1841 3520 2148 3592 piscatores
2181 3540 2308 3577 suos
2335 3523 2633 3592 Dominus,
2661 3530 2718 3579 et
2744 3529 3056 3590 venatores,
3100 3529 3160 3579 ut
3198 3532 3472 3580 venentur

1843 3631 1940 3670 eos
1988 3615 2085 3686 qui
2136 3632 2310 3686 super
2358 3632 2588 3672 omnem
2637 3622 2892 3672 montem
2948 3622 3113 3686 sunt,
3169 3620 3253 3673 vel
3304 3635 3475 3689 super

1845 3723 2080 3762 omnem
2121 3707 2345 3776 collem,
2392 3709 2449 3764 id
2493 3713 2608 3779 est,
2661 3711 2721 3764 in
2766 3711 2909 3782 legis
2955 3717 3014 3766 et
3064 3711 3473 3784 prophetarum

1845 3801 2177 3872 praeceptis,
2229 3807 2286 3857 et
2332 3803 2472 3857 Novi
2524 3806 2582 3857 et
2633 3803 2843 3858 Veteris
2892 3805 3231 3859 Testamenti
3282 3805 3478 3874 cogni-

1847 3895 2002 3949 tione
2043 3910 2272 3949 omnem
2317 3895 2596 3952 habentes
2639 3897 3145 3964 conversationem,
3188 3897 3480 3951 inveniant

1849 4004 1950 4042 nos
1975 3991 2218 4059 paratos,
2250 3991 2307 4044 et
2344 3989 2497 4043 velut
2532 3989 2711 4044 bonas
2739 3989 3003 4060 colligant
3033 3990 3236 4062 spicas,
3269 4006 3478 4060 oppor-

1847 4085 1986 4135 tuno
2030 4081 2185 4136 missi
2235 4097 2518 4136 messores
2559 4085 2850 4153 tempore;
2895 4083 3030 4154 quid
3073 4083 3118 4137 si
3153 4083 3280 4155 quis
3317 4086 3480 4137 extra

1850 4177 2102 4229 montem
2151 4180 2249 4228 aut
2298 4175 2503 4230 collem
2550 4175 2724 4230 fuerit
2763 4179 3050 4247 repertus,
3100 4176 3287 4248 colligi
3332 4177 3485 4230 velut

1849 4267 2001 4322 bona
2054 4267 2204 4339 spica
2254 4285 2367 4322 non
2415 4269 2626 4340 poterit
2670 4268 2742 4324 ab
2795 4268 2860 4322 iis
2909 4271 3004 4340 qui
3057 4274 3143 4339 (ut
3184 4287 3479 4341 compara-

1851 4361 2021 4417 tionis
2081 4362 2356 4417 faciamus
2417 4363 2651 4417 alterius
2713 4363 3101 4433 meutionem)
3154 4364 3405 4418 triticum
3453 4383 3486 4418 a

1855 4456 2030 4527 paleis
2068 4473 2336 4526 separare
2375 4456 2692 4511 mittentur.
2726 4455 3107 4511 Plurimarum
3145 4457 3321 4526 igitur
3351 4475 3486 4529 Ope-

1771 4553 1829 4624 D
1853 4550 2140 4603 rationum
2173 4549 2404 4603 solertes
2447 4549 2734 4603 ministros
2765 4549 3034 4603 Dominus
3073 4549 3264 4605 habet.
3310 4551 3484 4606 Iidem

1857 4643 2194 4714 piscatores,
2262 4641 2437 4697 iidem
2517 4642 2690 4697 etiam
2756 4644 3052 4698 venatores
3117 4650 3249 4700 sunt
3316 4649 3485 4717 atque

1857 4751 2158 4791 messores.

1931 4832 2015 4883 12.
2063 4828 2120 4882 Si
2162 4828 2220 4882 in
2268 4833 2526 4898 tempore
2578 4828 2794 4893 messis,
2843 4845 2957 4899 quo
3003 4829 3331 4901 diriguntur
3376 4830 3489 4895 isti,

1860 4921 2044 4976 meriti
2083 4928 2337 4976 maturus
2364 4924 2658 4994 exspectes
2697 4922 2826 4991 ('22),
2858 4923 3150 4977 salientem
3179 4924 3234 4976 in
3277 4923 3487 4976 monti-

1859 5015 1965 5069 bus
2013 5014 2224 5086 poteris
2279 5014 2520 5080 intueri,
2577 5018 2634 5069 et
2684 5015 2900 5070 videbis
2955 5016 3255 5071 Dominum
3304 5017 3490 5071 Iesum

1861 5109 2101 5164 similem
2128 5109 2416 5179 capreolo,
2439 5113 2536 5162 aut
2564 5108 2804 5163 hinnulo
2828 5125 3121 5164 cervorum
3142 5125 3312 5179 super
3337 5125 3494 5164 mon-

1863 5205 1945 5256 tes
1975 5201 2170 5257 Bethel
2197 5202 2398 5272 (Cant,
2430 5218 2488 5268 ιι,
2518 5203 2591 5273 9).
2623 5202 2764 5257 Salit
2789 5202 2942 5256 enim
2973 5217 3144 5272 super
3169 5202 3491 5267 Ecclesium,

1863 5311 1991 5367 quae
2041 5298 2126 5350 est
2173 5295 2374 5350 domus
2427 5296 2618 5366 panis,
2666 5312 2734 5350 eo
2791 5295 2939 5366 quod
3002 5294 3257 5350 fidelium
3323 5297 3496 5351 corda

1928 5441 2024 5503 (‘20)
2048 5440 2205 5492 Rom.
2235 5440 2366 5491 edit.
2397 5439 2668 5490 recideret
2694 5451 2858 5490 voces
2885 5443 3065 5488 etnon
3089 5439 3334 5500 vallium,
3361 5455 3498 5505 quas

1863 5515 2048 5562 tamen
2083 5511 2346 5561 exhibent
2372 5523 2565 5560 omnes
2596 5524 2725 5560 mss.
2759 5513 2814 5560 et
2844 5514 2952 5560 ant.
2983 5509 3112 5562 edit.

1903 5585 2024 5664 uti!)
2056 5584 2116 5633 ln
2153 5581 2415 5632 omnibus
2464 5583 2576 5633 fere
2620 5593 2750 5630 mss.
2797 5583 3068 5633 omissum
3105 5582 3206 5634 fuit
3241 5583 3316 5634 ita
3347 5588 3501 5633 tran-

1863 5654 2031 5787 81ιέἑῇ
2053 5725 2208 5776 Rom.
2238 5723 2367 5776 edit.
2399 5724 2538 5785 sola,
2567 5735 2672 5788 quo
2697 5723 3017 5790 dirigunt-ur
3045 5725 3133 5777 isti
3160 5730 3362 5786 metere,
3393 5741 3502 5776 ma-

1868 5801 2020 5846 turus
2049 5800 2322 5858 exspectes.
