3958 6166
439 257 575 309 1339

1922 252 1977 306 S.
2020 252 2337 308 AMBROSII

3643 263 3760 345 ista
3810 334 3813 339 ί

437 377 754 455 confirmet.
805 375 1000 431 Merito
1046 374 1190 429 sicut
1234 376 1522 446 capreola,
1568 374 1702 446 quia
1750 391 1956 446 caprea
2008 375 2065 429 in
2090 380 2355 460 Apotest
2393 375 2613 431 referre
2655 376 3041 443 maledictum,
3084 376 3174 431 cui
3213 376 3270 431 in
3301 394 3395 433 ore
3436 395 3648 453 semper
3688 393 3761 441 est

434 470 562 525 altis
592 471 859 542 pascitur,
900 466 1103 525 Dorcas
1142 467 1349 525 dicitur
1373 486 1408 523 a
1442 468 1708 523 videndo.
1750 469 2067 524 Dorcadion

438 563 594 620 enim
636 563 784 619 visus
822 562 1070 618 auctoris
1106 568 1192 617 est
1222 564 1352 631 (23).
1391 563 1534 627 Quid
1568 563 1791 617 acutius
1822 563 2067 629 Christo,

437 657 534 729 qui
575 658 797 712 Patrem
839 656 992 711 videt
1032 672 1204 728 quem
1246 656 1400 711 videt
1442 656 1655 712 nemo?
1699 659 1807 712 Aut
1847 657 1893 712 si
1942 657 2069 729 quis

436 749 575 805 vidit
614 749 673 804 in
698 749 941 819 Christo,
986 748 1108 820 ipse
1148 749 1318 804 Filius
1360 749 1648 805 revelavit.
1690 750 1885 805 Merito
1923 750 2069 805 sicut

437 842 710 898 hinnulus
736 859 1032 899 cervorum
1062 860 1075 897 :
1111 843 1382 899 hinnulus
1419 843 1579 916 quasi
1620 842 1789 910 ﬁlius,
1831 844 1921 899 cui
1961 860 2066 915 pa-

436 939 616 991 ternae
655 936 959 992 inoleverit
998 936 1080 991 vis
1123 941 1368 1002 naturae,
1417 943 1476 991 ut
1518 953 1651 992 eum
1696 937 1914 992 occulta
1953 954 2066 992 non

436 1031 683 1097 lateant,
739 1034 1034 1102 serpentes
1083 1028 1339 1101 fugiant,
1400 1046 1615 1085 venena
1667 1047 1784 1085 non
1837 1030 2066 1086 laedant.

438 1123 693 1195 Denique
728 1124 960 1179 eductus
989 1123 1060 1178 de
1093 1123 1343 1178 latibulis
1377 1123 1492 1178 suis
1517 1139 1769 1195 serpens,
1805 1124 1903 1196 qui
1936 1140 2065 1196 pro-

438 1215 756 1273 ducebatur
792 1218 858 1273 ex
885 1217 1143 1286 homine,
1173 1216 1397 1279 dicebat
1424 1234 1442 1273 :
1473 1239 1500 1267 ‹‹
1531 1217 1676 1282 Quid
1708 1217 1911 1273 venisti
1936 1223 2069 1273 ante

434 1314 659 1382 tempus
683 1315 953 1383 torquere
977 1327 1083 1367 nos
1109 1309 1354 1379 (Matth,
1379 1326 1494 1380 vni,
1522 1312 1653 1380 29)?
1685 1334 1712 1363 ››

511 1455 594 1508 13.
646 1455 823 1521 (Vers.
873 1455 986 1519 42.)
1034 1454 1364 1525 Spectamus
1399 1470 1539 1526 ergo
1578 1454 1874 1510 salientem
1917 1456 2070 1510 hunc

436 1546 766 1614 hinnulum,
797 1550 860 1601 ut
886 1563 999 1601 non
1024 1547 1302 1618 possimus
1333 1547 1534 1603 timere
1571 1552 1913 1619 serpentem.
1945 1548 2069 1603 Non

436 1639 678 1694 timebat
698 1638 893 1696 David.
926 1639 1183 1712 Denique
1210 1641 1281 1696 de
1303 1640 1392 1695 his
1418 1640 1644 1696 dicebat
1669 1640 2065 1714 serpentibus:

437 1735 504 1788 Et
561 1733 889 1803 respondebo
946 1734 1403 1804 exprobrantibus
1449 1735 1586 1788 mihi

434 1827 652 1896 speravi
679 1827 737 1880 in
764 1828 1091 1882 sermonibus
1125 1830 1249 1882 luis.
1289 1827 1460 1891 Quasi
1498 1826 1682 1883 bonus
1723 1843 1937 1894 cervus,
1969 1828 2069 1899 qui

382 1988 386 1993 Δ
436 1919 670 1973 bibisset
708 1917 783 1972 de
823 1919 1072 1974 fontibus
1118 1936 1416 1992 aquarum,
1463 1936 1828 1993 nequaquam
1870 1921 2069 1976 huma-

438 2028 647 2066 norum
688 2011 1039 2084 serpentium
1072 2013 1274 2084 spiras,
1304 2018 1365 2068 et
1403 2013 1812 2070 maledicorum
1850 2030 2069 2070 venena

439 2104 750 2161 metuebat.
789 2105 1036 2161 Coluber
1077 2106 1161 2161 illi
1196 2122 1315 2162 non
1352 2110 1474 2162 erat
1511 2108 1699 2175 noxia,
1730 2107 1826 2163 sed
1856 2108 2065 2180 praeda.

434 2199 608 2255 Cibus
638 2201 763 2254 erat
790 2198 1108 2271 serpentini
1140 2198 1291 2256 virus
1319 2199 1577 2272 alloquii,
1611 2206 1669 2256 et
1694 2201 1852 2258 cibus
1888 2201 2068 2256 laudis

436 2293 508 2347 de
535 2308 648 2363 quo
678 2292 941 2348 dicebat:
968 2315 997 2343 «
1019 2282 1185 2361 Deus,
1215 2294 1445 2349 laudem
1478 2310 1665 2350 meam
1694 2310 1767 2350 ne
1791 2295 2065 2366 tacueris;

435 2385 709 2457 quoniam
735 2402 795 2441 os
827 2387 1138 2457 peccatoris
1170 2393 1225 2443 et
1255 2404 1319 2446 os
1347 2387 1526 2443 dolosi
1557 2405 1729 2461 super
1769 2405 1861 2444 me
1901 2406 2065 2461 aper—

438 2485 559 2533 tum
590 2484 677 2534 est
702 2481 868 2543 (Psat.
899 2496 1050 2551 cvm,
1082 2483 1158 2545 2).
1197 2501 1221 2532 ››
1251 2481 1628 2553 Saginabatur
1652 2487 2066 2538 venenatorum

436 2572 811 2629 sermonibus.
835 2573 917 2628 Illi
942 2574 1105 2629 sibila
1136 2574 1616 2630 obtrectationum
1645 2592 1742 2630 ora
1769 2575 2065 2645 tollebant,

436 2671 491 2721 et
519 2666 877 2722 sermonibus
916 2668 1031 2723 odii
1066 2668 1498 2723 circumdabant
1536 2668 1928 2724 innocentem.
1971 2670 2068 2725 Bo-

439 2777 543 2814 nus
568 2776 766 2816 cervus
792 2760 944 2816 inter
980 2760 1187 2817 multos
1217 2762 1477 2818 colubros
1517 2763 1737 2834 positus
1760 2779 1876 2819 non
1904 2763 2070 2819 time-

434 2854 552 2922 bat,
593 2870 792 2910 cervus
819 2853 1103 2923 amicitiae,
1137 2858 1195 2911 et
1238 2856 1426 2927 pullus
1454 2856 1787 2928 gratiarum.
1820 2857 2065 2913 Simula-

436 2947 573 3003 bant
608 2948 967 3015 charitatem,
996 2948 1315 3004 fundebant
1341 2950 1817 3006 obtrectationem
1845 2967 1858 3004 :
1891 2971 1920 3000 «
1952 2952 2070 3021 Ego

436 3045 654 3110 autem,
684 3040 890 3112 inquit,
919 3042 1149 3096 orabam
1179 3042 1358 3111 (lbid.,
1396 3044 1473 3111 4).
1504 3064 1530 3093 ››
1562 3044 1751 3097 Bonus
1776 3060 1976 3099 cervus
2008 3043 2065 3098 in

437 3133 628 3188 medio
654 3133 984 3205 viperarum
1012 3134 1292 3191 innocuus
1325 3135 1676 3207 pascebatur.
1711 3136 1793 3193 llli
1828 3137 2071 3192 trisulcis
2091 3126 2145 3202 C

440 3242 539 3281 ora
564 3225 775 3297 linguis
809 3227 1093 3283 micabant
1119 3245 1132 3283 :
1165 3229 1318 3284 hunc
1348 3232 1541 3284 autem
1571 3234 1763 3285 sancta
1803 3229 1851 3302 1
1871 3228 2062 3304 037

346 3314 351 3319 ’
439 3320 704 3390 pascebat
741 3319 944 3388 oratio,
991 3321 1107 3376 imo
1151 3321 1340 3377 cibum
1383 3322 1834 3378 obtrectantibus
1875 3323 2070 3379 oﬂ‘ere-

434 3412 553 3466 bat.
580 3413 895 3484 Respondit
927 3413 1375 3471 obtrectantibus
1402 3415 1507 3471 sibi
1534 3416 1802 3487 verbum;
1831 3418 2069 3473 verbum

436 3505 595 3561 enim
636 3505 795 3561 cibus
838 3511 941 3563 est.
982 3508 1239 3580 Denique
1283 3530 1309 3558 ‹‹
1343 3526 1457 3563 non
1496 3510 1555 3564 in
1592 3527 1735 3580 pane
1772 3511 1892 3566 solo
1933 3510 2069 3565 vivit

435 3599 635 3669 homo,
665 3601 761 3655 sed
794 3600 855 3655 in
895 3601 1053 3656 omni
1088 3602 1262 3657 verbo
1302 3603 1398 3658 Dei
1428 3604 1675 3673 (Matth.,
1707 3620 1780 3673 iv,
1827 3606 1903 3672 4).
1938 3627 1966 3655 ››
2000 3637 2066 3645 -

439 3713 469 3743 ‹‹
518 3692 790 3748 Viderunt
839 3711 953 3762 me,
1010 3694 1216 3768 inquit,
1268 3701 1324 3751 et
1369 3703 1675 3753 moverunt
1725 3699 1908 3770 capita
1967 3715 2068 3754 sua

436 3788 607 3851 (Psal.
640 3802 791 3855 cvm,
824 3790 931 3859 25).
965 3809 993 3838 »
1015 3790 1442 3857 Maledicebant,
1473 3807 1583 3863 ego
1612 3795 1804 3847 autem
1834 3792 2069 3847 benedi-

434 3880 659 3936 cebam.
706 3881 1116 3938 Maledicebant
1152 3884 1248 3954 qui
1294 3883 1684 3940 obtrectabant
1720 3884 1732 3939 Ξ
1769 3885 2065 3941 benedice-

434 3973 568 4029 ham
600 3975 698 4047 qui
725 3975 961 4030 verbum
991 3976 1217 4032 Domini
1249 3977 1647 4049 praedicabam.

511 4114 595 4166 14.
644 4113 825 4176 Quam
866 4115 1085 4170 bonum
1133 4120 1219 4169 est
1262 4116 1411 4171 ferre
1453 4115 1789 4183 convicium,
1835 4120 1893 4173 et
1939 4134 2068 4173 con-

435 4204 641 4259 vicium
676 4222 792 4262 non
819 4207 1067 4263 referre!
1104 4209 1284 4263 Deum
1327 4209 1630 4280 praesulem
1672 4211 1935 4283 acquirit,
1965 4213 2064 4283 qui

434 4298 779 4354 convicianti
818 4301 996 4356 nescit
1028 4300 1209 4357 irasci.
1244 4302 1497 4374 Denique
1528 4307 1743 4374 quanta
1778 4304 2067 4375 patientiae

436 4391 622 4463 gratia
661 4392 943 4450 dicentis:
980 4415 1008 4445 ς(
1036 4395 1370 4451 Maledicent
1406 4395 1534 4467 ipsi,
1573 4402 1631 4452 et
1667 4400 1727 4452 tu
1764 4397 2067 4454 henedices

2167 468 2436 523 Verbum.

2242 564 2326 616 15.
2378 560 2489 616 Sed
2537 567 2621 617 est
2671 562 2847 617 etiam
2896 563 3081 617 bonus
3136 579 3390 635 serpens,
3447 583 3612 638 quem
3663 570 3759 626 iste

2169 670 2367 710 cervus
2412 671 2527 709 non
2570 655 2758 711 laedat.
2812 678 2839 704 ‹‹
2892 658 3109 725 Estote,
3166 656 3382 728 inquit,
3428 661 3587 715 astuti
3637 664 3763 719 sicut

2168 753 2456 820 serpentes
2503 749 2746 816 (Matth.,
2797 765 2853 817 x,
2905 751 3012 817 16).
3064 771 3091 798 ››
3136 751 3205 805 Et
3243 766 3257 805 :
3301 771 3329 800 ‹‹
3375 751 3529 807 Sicut
3573 754 3764 826 Moyses

2170 841 2432 897 exaltavit
2469 847 2793 912 serpentem
2820 841 2880 896 in
2910 841 3154 907 deserto,
3192 843 3275 898 ita
3302 845 3531 899 exaltari
3563 855 3765 918 Oportet

2171 935 2371 990 Filium
2410 934 2660 990 hominis
2703 938 2905 1003 (Joan.,
2947 952 3024 1003 Ill,
3061 938 3168 1003 14).
3200 938 3318 993 »1η
3355 947 3607 1009 serpente
3635 958 3767 997 iereo

2167 1028 2446 1099 ﬁguratus
2486 1032 2571 1083 est
2613 1044 2770 1083 meus
2807 1044 3066 1099 serpens.
3095 1030 3156 1083 ln
3194 1029 3351 1100 ligno
3388 1029 3479 1085 illo
3517 1035 3766 1088 excitatus

2168 1128 2254 1177 est
2289 1137 2449 1176 meus
2487 1138 2739 1193 serpens.
2780 1121 3028 1192 Serpens
3071 1122 3277 1190 bonus,
3324 1122 3505 1179 bonus
3533 1141 3764 1197 serpens,

2168 1214 2265 1287 qui
2316 1213 2387 1269 de
2433 1230 2532 1269 ore
2577 1230 2680 1270 suo
2725 1215 3006 1282 remedia,
3058 1231 3175 1271 non
3226 1231 3445 1271 venena
3487 1216 3762 1275 fundebat.

2168 1309 2358 1364 Potest
2379 1324 2493 1363 non
2516 1308 2718 1364 timere
2741 1311 3051 1380 serpentes,
3073 1309 3169 1380 qui
3193 1309 3347 1365 hunc
3372 1310 3528 1366 novit
3551 1311 3770 1369 adorare

2169 1407 2516 1474 serpentem.
2544 1403 2621 1458 De
2654 1402 2761 1458 hoc
2798 1407 3060 1474 serpente
3094 1402 3233 1459 dicit
3266 1402 3366 1459 illa
3399 1420 3523 1475 qua:
3558 1404 3766 1477 diligit:

2175 1517 2202 1547 «
2236 1497 2378 1552 Ecce
2407 1492 2500 1551 hic
2530 1501 2659 1567 post
2686 1495 2966 1568 parietem
3001 1501 3283 1564 nostrum,
3311 1497 3650 1569 prospiciens
3682 1516 3771 1570 per

2170 1590 2466 1656 fenestras,
2506 1589 2764 1645 eminens
2802 1607 2975 1662 super
3013 1590 3173 1646 retia.
3222 1591 3545 1662 Respondet
3584 1608 3767 1647 conso-

2168 1683 2366 1739 brinus
2404 1699 2569 1739 meus
2611 1691 2668 1739 et
2706 1683 2846 1740 dicit
2882 1683 3023 1739 mihi
3062 1685 3309 1756 :Surge,
3344 1686 3495 1753 veni,
3533 1686 3772 1757 proxima

2022 1736 2058 1753 .,
2168 1734 2363 1739 η---π-
2404 1734 2564 1739 ατη-ε
2615 1734 2667 1739 --
2710 1734 2845 1740 ν-ση
2882 1734 3023 1739 _-——
3062 1734 3074 1739 -
3105 1734 3309 1756 ς-ον,
3354 1734 3495 1753 -ν--ι
3533 1734 3771 1757 rum-—

1638 1734 1916 1850 EWﬂ‘Z‘;
2089 1756 2145 1827 Β
2169 1794 2319 1846 mea,
2346 1777 2598 1833 formosa
2621 1794 2766 1846 mea,
2806 1778 3070 1834 columba
3094 1794 3249 1848 mea;
3289 1779 3428 1850 quia
3453 1795 3581 1835 ecce
3606 1780 3771 1835 hiems

2166 1871 2468 1944 praeteriit,
2495 1871 2681 1927 imber
2703 1872 2864 1940 abiit,
2897 1872 3155 1928 discessit
3182 1872 3312 1942 sibi,
3346 1873 3513 1928 ﬂores
3539 1872 3634 1928 visi
3657 1880 3771 1928 sunt

2168 1965 2228 2021 in
2267 1970 2419 2021 terra
2463 1968 2669 2035 (Cant.,
2712 1981 2771 2033 ιι,
2815 1969 2868 2035 9,
2902 1969 2994 2039 '10,
3034 1967 3141 2035 12).
3186 1987 3215 2016 ››
3257 1966 3504 2038 Serpens
3540 1966 3771 2038 profecto

2169 2064 2276 2127 est,
2310 2059 2410 2131 qui
2448 2059 2685 2115 decursa
2720 2058 2934 2128 hieme,
2967 2058 3181 2114 amictu
3208 2049 3457 2132 corporis
3488 2076 3546 2116 se
3573 2060 3771 2117 volebat

2169 2168 2397 2222 exuere,
2428 2157 2492 2209 ut
2525 2152 2777 2225 specioso
2812 2153 3014 2209 decore
3042 2157 3317 2210 vernaret.
3351 2154 3509 2210 Idem
3536 2170 3665 2226 ergo
3701 2158 3772 2208 est

2169 2263 2371 2303 cervus
2411 2251 2470 2303 et
2501 2262 2756 2318 serpens.
2794 2248 3004 2304 Cervus
3045 2246 3260 2304 habens
3303 2263 3518 2303 cornua
3557 2247 3690 2318 legis
3724 2250 3772 2301 et

2170 2340 2370 2413 gratias
2416 2341 2653 2412 (cornua
2698 2340 2820 2412 ejus
2871 2341 2984 2396 duo
3032 2346 3164 2397 sunt
3205 2342 3585 2409 Testamenta)
3632 2341 3769 2397 velox

2170 2450 2386 2507 gressu,
2427 2433 2677 2507 impiger
2716 2434 2973 2504 incessu,
3018 2435 3116 2507 qui
3161 2439 3349 2491 totum
3390 2434 3551 2490 facile
3597 2434 3772 2489 orbem

2167 2532 2463 2602 percurrat
2506 2544 2620 2584 uno
2663 2534 2976 2598 momento,
3010 2528 3226 2600 ubique
3259 2528 3636 2584 celebrabilis.
3660 2530 3771 2583 Ser-

2168 2638 2310 2693 pens
2348 2637 2579 2695 quoque
2618 2622 2819 2690 bonus,
2848 2621 3011 2693 cujus
3051 2621 3242 2693 priora
3281 2622 3453 2678 dente
3490 2622 3628 2693 legis
3671 2637 3773 2675 non

2169 2715 2487 2786 mordeant,
2518 2715 2833 2786 posteriora
2863 2731 2979 2770 non
3010 2714 3312 2770 vulnerent
3344 2714 3627 2787 Evangelii
3652 2715 3774 2770 leni-

2170 2813 2307 2865 tate.
2355 2811 2537 2880 Caput
2579 2808 2835 2865 defendit
2881 2826 2915 2864 a
2963 2809 3219 2880 vulnere,
3265 2809 3365 2881 qui
3408 2810 3591 2881 legem
3638 2808 3774 2862 venit

2168 2919 2285 2959 non
2328 2903 2568 2974 solvere,
2615 2902 2712 2959 sed
2751 2902 2902 2958 tueri
2944 2903 3014 2957 ab
3058 2902 3620 2974 interpretationibus
3662 2917 3771 2973 per-

2169 2997 2435 3052 ﬁdorum.
2498 2996 2752 3053 Caudam
2801 2995 2860 3051 in
2916 2995 3147 3069 ﬂagella
3199 2995 3472 3052 diﬁ‘undit
3521 2997 3769 3058 liberam,

2169 3089 2400 3161 cupiens
2425 3089 2773 3146 adversarios
2806 3090 2989 3161 magis
3013 3088 3306 3161 ﬂagellare
3332 3106 3508 3162 quam
3535 3089 3771 3160 perdere.

2173 3184 2362 3239 Bonus
2391 3183 2624 3238 coluber
2649 3181 2710 3238 in
2736 3182 3019 3255 gremium
3054 3182 3293 3250 dilectaz,
3322 3186 3494 3255 atque
3523 3183 3578 3237 in
3610 3182 3773 3252 ipsum

2170 3276 2386 3332 intima:
2428 3276 2617 3331 sinum
2667 3276 2879 3332 mentis
2920 3276 3104 3331 facilis
3142 3276 3431 3344 illabitur,
3488 3281 3543 3332 et
3584 3277 3774 3331 attactu

2169 3370 2326 3425 nullo
2388 3368 2683 3442 implicans
2740 3371 2933 3440 ignem
2989 3368 3244 3438 ossibus,
3302 3369 3614 3441 praecordia
3668 3368 3774 3437 ipsa

2169 3461 2508 3535 depascitur.

2244 3560 2326 3612 16.
2367 3556 2605 3611 Pulchre
2640 3555 2850 3610 lectum
2891 3558 2977 3611 est
3005 3555 3179 3611 hodie
3212 3571 3227 3610 :
3258 3577 3287 3606 α
3319 3558 3460 3613 Ecce
3489 3572 3594 3626 ego
3632 3553 3775 3609 mitto

2170 3668 2267 3707 vos
2292 3650 2436 3706 sicut
2461 3664 2641 3721 agnos
2666 3650 2727 3704 in
2757 3647 2944 3705 medio
2970 3648 3240 3721 luporum
3272 3651 3519 3718 (Matth.,
3549 3666 3600 3718 ι,
3633 3650 3731 3713 16).
3752 3667 3775 3693 »ν

2167 3745 2529 3802 Celebramus
2554 3742 2711 3797 enim
2737 3746 2846 3812 (25)
2872 3742 3027 3797 diem
3055 3746 3384 3799 sanctorum
3414 3760 3528 3816 quo
3553 3742 3776 3798 revelata

2168 3843 2301 3893 sunt
2346 3837 2573 3908 populis
2619 3852 2862 3907 corpora
2915 3842 3243 3892 sanctorum
3296 3840 3645 3909 martyrum,
3692 3833 3776 3905 qui

2168 3932 2323 3986 velut
2356 3929 2493 3986 boni
2532 3934 2845 4001 serpentes,
2876 3929 3144 4000 depositis
3171 3931 3360 3986 carnis
3400 3930 3635 3997 exuviis,
3669 3933 3773 3982 ten-

2167 4024 2454 4081 tationum
2499 4022 2833 4078 hiemalium
2881 4022 3068 4094 rigore
3110 4029 3406 4094 superato,
3455 4030 3513 4080 et
3559 4020 3776 4094 Spiritus

2168 4118 2347 4172 sancti
2395 4116 2648 4172 renovati
2694 4116 2908 4187 gratia,
2954 4116 3145 4171 aestiva
3189 4117 3406 4172 mundo
3464 4119 3586 4172 luce
3633 4115 3775 4168 fulse-

2167 4216 2321 4279 runt,
2351 4210 2509 4266 missi
2546 4225 2697 4277 vere,
2728 4214 2793 4265 ut
2815 4210 2971 4281 agni,
3014 4211 3070 4265 in
3100 4210 3290 4266 medio
3327 4212 3616 4282 luporum.
3657 4204 3777 4276 Lupi

2168 4308 2300 4362 sunt
2335 4304 2491 4359 enim
2528 4309 2935 4375 persecutores,
2964 4303 3082 4375 lupi
3114 4309 3245 4359 sunt
3274 4303 3532 4360 haeretici
3566 4314 3773 4361 omnes;

2169 4400 2371 4455 docere
2395 4396 2674 4463 nesciunt,
2707 4396 2922 4451 ululare
2954 4400 3399 4452 consueverunt.

436 4486 625 4553 (Ibid.,
676 4487 811 4554 28)?
868 4507 894 4537 »
953 4488 1153 4543 Beatus
1200 4488 1295 4560 qui
1351 4488 1654 4544 maledicta
1709 4506 1823 4544 non
1872 4491 2144 4564 sentit.])
2240 4491 2610 4566 103817.
2641 4491 2746 4546 Sed
2772 4505 2940 4545 nemo
2970 4493 3289 4558 moveatur,
3322 4491 3370 4545 si
3403 4491 3461 4545 in
3498 4486 3774 4544 mediola-

434 4578 639 4632 Beatus
670 4595 841 4649 quem
882 4582 1184 4638 maledicta
1214 4600 1327 4637 non
1368 4588 1723 4654 permovent.
1757 4584 1879 4639 Non
1910 4585 2064 4641 enim

434 4674 623 4741 potest
650 4673 957 4729 maledicto
994 4676 1227 4744 moveri,
1275 4676 1371 4747 qui
1419 4676 1722 4732 maledicta
1761 4677 2063 4733 hominum

431 4764 640 4820 divinae
678 4782 914 4822 munere
956 4767 1370 4825 benedictionis
1417 4771 1681 4826 excludit.
1724 4772 1847 4826 Non
1882 4777 2065 4842 potest

433 4858 645 4914 sentire
690 4858 1074 4932 maledictum,
1122 4861 1221 4934 qui
1265 4862 1441 4918 habet
1484 4864 1728 4920 Verbum
1786 4881 1799 4919 :
1844 4869 1902 4919 et
1946 4879 2063 4919 non

495 5018 592 5078 (23)
624 5016 769 5068 Edit.
814 5032 1027 5080 omnes,
1066 5020 1361 5072 Dor-cadum
1391 5020 1529 5070 enim
1558 5021 1702 5072 visus
1733 5022 1943 5072 acutior
1971 5027 2061 5073 est.

432 5093 523 5138 est.
553 5089 679 5140 Mss.
714 5094 843 5152 tres,
876 5091 1219 5154 Dioraticon;
1251 5092 1499 5154 totidem,
1535 5093 1876 5154 Diorcation;
1906 5093 2065 5157 quin-

434 5171 573 5227 que,
623 5159 986 5219 Diorcaticon;
1028 5176 1203 5224 unus,
1252 5163 1597 5227 Dorcaticon;
1641 5176 1753 5213 non
1800 5163 1973 5223 male,
2018 5163 2065 5212 si

433 5226 881 5296 subintelligatur
928 5246 1106 5296 genus
1152 5234 1241 5285 vel
1276 5234 1500 5285 animal.
1545 5233 1683 5284 Nam
1725 5246 1920 5284 omnes
1965 5233 2065 5284 ha-

432 5296 757 5370 bent,_visus
787 5305 1041 5354 acutioris
1068 5310 1159 5355 est.
1198 5308 1457 5356 Attamen
1487 5306 1622 5370 quin
1662 5303 1961 5368 legendum
1995 5305 2068 5354 sit

433 5366 699 5442 δορκᾴδιον,
729 5373 785 5422 id
814 5379 915 5436 est,
959 5375 1256 5442 capreotus,
1284 5366 1692 5427 dubitet—nemo
1722 5366 1829 5440 qui
1864 5377 2063 5427 seriem

433 5438 602 5512 paulo
631 5443 894 5495 attentius
925 5438 1248 5512 inspexerit.
1294 5447 1505 5499 Rursus
1542 5448 1639 5497 ubi
1669 5438 1799 5498 edit.
1832 5460 1899 5497 ac
1928 5460 2059 5498 mss.

433 5510 690 5584 aliquot,“
718 5514 851 5574 Quid
897 5510 1217 5584 hoc‘aptius
1265 5518 1491 5575 Christo,
1535 5518 1622 5569 vel
1671 5522 1732 5567 ut
1777 5518 1980 5582 aliqui,
2029 5534 2065 5567 a

435 5578 695 5705 ggrist‘p);
727 5584 822 5634 alii
868 5578 1336 5649 majori'numero
1383 5588 1635 5639 habent:
1671 5590 1807 5650 Quid
1851 5578 2065 5641 acutius

519 5664 595 5702 ris

519 5657 650 5703 risto

502 5730 599 5791 (24)
637 5726 869 5778 Videtur
914 5728 1021 5779 hoc
1063 5729 1187 5781 loco
1228 5729 1560 5780 Ambrosius
1604 5734 1789 5781 noster
1817 5731 2067 5784 alludere

434 5800 503 5852 ad
533 5812 755 5851 versum
781 5799 942 5852 illum
970 5813 1001 5850 ο
1027 5800 1121 5851 lib.
1153 5814 1210 5855 ni
1239 5801 1428 5867 Georg.
1454 5800 1524 5853 de
1549 5805 1804 5866 serpente
1831 5817 1843 5851 :

2165 4603 2370 4659 porum
2424 4584 2685 4639 mittitur.
2744 4582 3023 4639 Beneﬁcio
3076 4583 3283 4640 Christi
3341 4587 3401 4638 et
3457 4583 3621 4654 lupus
3671 4582 3772 4650 ipse

2166 4684 2418 4735 mutatus
2439 4680 2542 4733 est.
2570 4676 2700 4748 Benj
2710 4675 2864 4730 amin
2888 4677 2942 4730 lu
2951 4694 3054 4747 pus
3074 4693 3247 4748 rapax
3269 4677 3564 4748 apostolus
3586 4672 3775 4729 Paulus

2166 4776 2349 4830 factus
2384 4774 2488 4839 est,
2520 4788 2637 4827 non
2667 4770 2789 4841 jam
2824 4769 3121 4827 insidiator
3160 4769 3395 4824 ovilium
3437 4767 3659 4832 Christi,
3688 4761 3773 4817 sed

2165 4871 2436 4926 defensor
2476 4873 2534 4924 et
2575 4869 2786 4923 custos.
2828 4867 2972 4921 Cum
3015 4866 3121 4919 hoc
3162 4865 3296 4935 lupo
3340 4863 3552 4918 versari
3595 4859 3722 4915 libet
3761 4871 3772 4906 ε

2261 5024 2684 5087 Tollentemque
2710 5022 2906 5085 minas,
2937 5025 2992 5074 et
3019 5020 3179 5072 sibila
3204 5022 3345 5072 colla
3377 5020 3691 5070 tumentem.

2168 5146 2278 5200 Sed
2314 5148 2455 5198 infra
2489 5146 2659 5197 etiam
2693 5145 3039 5198 manifestius
3087 5143 3265 5195 reddit
3300 5142 3475 5194 alium
3514 5141 3674 5191 istum
3714 5148 3775 5184 ex

2166 5219 2362 5270 eodem
2383 5217 2524 5268 libro
2553 5232 2565 5266 :

2260 5328 2483 5381 Arduus
2502 5330 2571 5379 ad
2597 5330 2792 5389 solem,
2819 5331 2873 5377 et
2898 5327 3102 5390 linguis
3126 5326 3295 5377 micat
3318 5339 3413 5375 ora
3442 5321 3688 5374 trisulcis.

2165 5446 2365 5496 Micare
2403 5446 2587 5493 autem
2634 5442 2783 5492 idem
2823 5445 2907 5493 est
2948 5454 3015 5490 ac
3058 5438 3366 5504 producere
3409 5442 3465 5489 et
3506 5435 3771 5504 reducere,

2165 5520 2385 5579 sumpta
2440 5513 2765 5578 metaphora
2819 5526 2888 5561 ex
2929 5497 3173 5576 quodam
3222 5509 3599 5579 ludiigenere,
3640 5497 3772 5567 quod

2165 5575 2409 5638 extensis
2460 5589 2513 5637 et
2566 5575 2868 5637 contractis
2912 5575 3101 5648 digitis
3156 5578 3519 5639 exercebant;
3566 5575 3631 5626 de
3672 5582 3770 5648 quo

2166 5658 2370 5710 videsis
2406 5658 2619 5709 Erasmi
2660 5654 2888 5718 Adagia,
2924 5643 3056 5705 chi].
3096 5668 3135 5715 ι,
3172 5656 3316 5704 cent.
3363 5652 3413 5710 8,
3450 5648 3639 5712 adagio
3679 5643 3767 5693 2’7:

2163 5733 2373 5797 Dignus
2400 5731 2613 5794 quicum
2646 5728 2704 5776 in
2733 5724 2959 5776 tenebris
2978 5726 3199 5800 plices.__
3354 5795 3384 5800 _
3460 5796 3470 5800 _
3544 5788 3575 5800 η
3643 5781 3761 5800 md”

2230 5781 2325 5867 (25)
2376 5781 2515 5852 dum
2570 5800 2661 5850 hee
2719 5810 2903 5862 voces,
2961 5796 3199 5848 Gervasii
3245 5800 3291 5847 et
3345 5788 3593 5849 Protasii,
3640 5781 3765 5837 tituli
