4082 6186
289 249 400 302 1341

1408 253 1760 309 EXPOSITIO
1801 255 1866 309 lN
1907 217 2222 313 PSALMUM
2263 260 2488 314 cxvm.

3519 93 3528 122 1

3477 265 3609 319 1342

280 387 370 438 per
405 370 554 423 hunc
586 371 802 441 lupum,
833 372 1043 427 factum
1072 377 1154 427 est
1181 381 1244 428 ut
1267 374 1442 429 simus
1469 377 1572 430 tuti
1601 376 1658 430 in
1687 375 1878 431 medio
1902 391 1960 462 Α
1983 379 2207 434 intravit
2253 381 2444 436 libido.
2493 382 2698 436 Oculus
2750 386 2878 437 tuus
2921 384 3169 438 fenestra
3221 391 3326 453 est,
3374 385 3606 440 intravit

281 464 555 532 luporum.
585 465 757 519 Nemo
779 465 897 534 jam
941 470 1170 521 veretur
1203 469 1386 538 lupos,
1423 486 1551 523 cum
1584 469 1669 524 his
1698 469 1875 541 pasci-

280 573 412 622 mur,
443 557 587 611 sicut
609 558 877 628 scriptum
908 565 993 614 est
1023 604 1031 612 .
1065 580 1092 608 «
1120 562 1274 616 Tunc
1310 561 1427 632 lupi
1458 567 1514 617 et
1543 563 1674 634 agni
1707 563 1877 617 simul

277 653 569 717 pascentur
593 654 738 719 (130.,
771 668 891 719 LXV,
920 657 1030 720 25).
1063 676 1089 702 η

339 747 414 797 l8.
462 745 636 808 (νει-ε.
675 746 788 812 42.)
835 746 944 802 Sed
986 747 1107 817 jam
1156 747 1578 805 consideremus
1619 749 1758 821 quid
1807 750 1880 805 sit

268 837 404 907 quod
429 839 508 890 ait
540 839 813 908 Propheta
847 856 860 894 :
888 844 958 896 Et
981 858 1045 896 ne
1071 844 1294 909 auferas
1320 843 1386 898 de
1413 859 1503 898 ore
1526 859 1634 898 meo
1659 844 1878 898 verbum

268 937 500 989 veritatis
545 951 959 1007 usquequaque;
1001 942 1133 1009 quia
1176 943 1232 995 in
1263 941 1496 1010 judici'is
1543 944 1646 997 tuis
1688 957 1875 1012 super-

265 1030 484 1096 sperum".
516 1029 738 1085 Viderat
775 1031 1022 1088 Ecclesia
1060 1033 1148 1098 vel
1183 1035 1374 1090 anima
1408 1036 1547 1105 justi
1589 1035 1877 1090 salientem

267 1121 395 1173 sicut
431 1121 741 1178 hinnulum
776 1141 949 1197 super
989 1134 1231 1194 montes,
1271 1135 1505 1200 repente
1548 1129 1876 1200 proximum

265 1213 531 1283 aspiciens
556 1221 680 1286 post
708 1218 984 1288 parietem
1025 1220 1230 1275 domus
1259 1238 1398 1288 sum,
1436 1222 1878 1292 prospicientem

269 1323 359 1376 per
397 1307 692 1378 fenestras,
733 1312 1084 1369 eminentem
1128 1331 1300 1385 super
1339 1315 1502 1381 retia,
1544 1315 1782 1370 exsultat
1821 1320 1881 1370 et

268 1401 484 1469 gaudet;
538 1403 670 1474 quia
721 1405 890 1461 etiam
939 1407 1058 1477 ipsa
1102 1413 1330 1463 amatur
1376 1425 1409 1463 a
1455 1410 1667 1479 Sponso
1721 1424 1734 1462 :
1781 1409 1878 1479 qui

269 1498 525 1566 tanquam
591 1505 649 1554 et
713 1504 834 1574 ipse
898 1501 1227 1556 vulneratus
1289 1501 1576 1557 charitatis
1641 1501 1875 1569 decore,

265 1600 468 1653 dilecta:
524 1597 711 1668 primo
771 1612 902 1650 cum
955 1594 1209 1662 abesset,
1268 1595 1337 1649 ad
1395 1595 1585 1650 oscula
1645 1599 1877 1666 rogatus

266 1694 496 1748 adfuerit
532 1693 798 1762 (rogatur
839 1689 992 1745 enim
1034 1705 1165 1743 cum
1203 1688 1411 1742 dicitur
1450 1692 1648 1756 (Cant.,
1690 1705 1727 1755 1,
1770 1693 1819 1756 l)
1859 1706 1872 1743 :

1982 489 2136 527 mors
2186 491 2286 543 per
2334 475 2560 529 oculum
2610 481 2791 530 tuum.
2844 477 2902 530 Si
2947 476 3149 531 videris
3193 478 3487 534 mulierem
3533 480 3602 533 ad

1979 566 2487 637 concupiscendum
2538 585 2690 636 eam,
2740 569 2973 625 intravit
3024 585 3174 624 mors
3224 587 3329 642 per
3377 573 3601 628 oculum

1982 665 2161 714 tuum.
2196 661 2250 716 Si
2291 661 2499 716 videris
2545 662 2953 732 possessionem
2995 663 3176 717 viduae
3217 664 3298 717 vel
3344 664 3600 732 minoris,

1980 759 2038 809 et
2062 756 2416 826 concupieris
2444 756 2725 823 invadere,
2755 756 3110 812 indefensam
3140 761 3348 828 putans
3373 761 3600 813 aetatem

1979 864 2120 912 esse,
2153 849 2238 902 vel
2279 866 2476 904 sexum
2511 851 2630 916 (sed
2672 867 2784 904 non
2820 856 2951 905 sunt
2989 850 3290 917 indefensi,
3318 868 3458 922 quos
3495 852 3599 906 Do-

1981 941 2168 996 minus
2200 943 2319 996 vult
2356 960 2477 997 esse
2511 944 2812 1011 defensos),
2843 943 3076 998 intravit
3107 961 3262 998 mors
3288 961 3391 1016 per
3420 945 3603 1000 fenes-

1983 1039 2147 1089 tram.
2194 1036 2254 1090 Si
2295 1036 2498 1091 videris
2539 1037 2804 1092 decorem
2852 1037 3128 1106 mulieris,
3174 1043 3272 1093 aut
3314 1038 3606 1092 thesauros

1979 1128 2216 1182 minoris
2269 1135 2324 1184 et
2379 1133 2504 1184 tuas
2560 1131 2891 1186 excitaveris
2943 1130 3319 1202 cupiditates,
3375 1132 3606 1186 intravit

1980 1238 2138 1276 mors
2185 1238 2285 1293 per
2338 1226 2667 1280 fenestram.
2717 1224 2874 1280 Sicut
2927 1241 3065 1295 ergo
3116 1241 3218 1294 per
3264 1225 3386 1280 hac
3434 1224 3607 1280 intrat

1979 1331 2156 1383 mors,
2185 1315 2355 1371 intrat
2394 1322 2451 1372 et
2493 1317 2624 1372 vita.
2664 1317 2719 1373 Si
2759 1318 3024 1373 decorem
3061 1318 3263 1389 puellae
3303 1320 3414 1386 (27)
3452 1319 3602 1390 aspi—

1979 1408 2132 1463 ciens
2170 1426 2366 1480 sacraa,
2407 1412 2696 1466 venereris
2744 1411 3047 1466 Dominum
3093 1413 3305 1479 Iesum,
3347 1412 3601 1482 quodin

1979 1501 2189 1556 teneris
2217 1503 2380 1557 annis
2407 1503 2626 1558 venerit
2654 1507 2792 1558 tetas
2822 1505 3148 1571 senectutis,
3179 1503 3293 1559 vita
3322 1504 3599 1560 immacu-

1979 1595 2091 1649 lata
2133 1612 2146 1650 :
2179 1601 2235 1651 et
2272 1597 2392 1667 ipse
2431 1595 2689 1670 1039
2734 1598 2912 1652 ﬁliam
2952 1603 3108 1652 tuam
3143 1597 3370 1664 offeras,
3401 1604 3465 1652 ut
3504 1598 3602 1669 pio

1979 1693 2340 1744 consecretur
2365 1691 2672 1757 velamine;
2703 1689 2746 1744 si
2781 1691 3193 1761 possessionem
3223 1689 3460 1746 minoris
3488 1709 3600 1746 non

270 1808 291 1832 ει
324 1785 613 1840 Osculetur
641 1800 733 1838 me
761 1782 831 1836 ab
869 1783 1060 1837 osculo
1091 1781 1202 1836 oris
1229 1781 1358 1849 sui),
1388 1804 1412 1829 υ
1445 1781 1648 1836 deinde
1678 1798 1878 1852 preces
1899 1757 1954 1828 B
1979 1785 2249 1853 tanquam
2296 1783 2564 1839 sollicitus
2609 1785 2838 1839 invasor
2877 1785 3138 1855 aspicias,
3170 1785 3269 1839 sed
3306 1785 3466 1856 quasi
3503 1801 3599 1856 pa-

268 1884 478 1948 Sponsae
533 1876 951 1946 blanditiasque
1003 1892 1115 1929 non
1169 1874 1466 1946 spreverit,
1518 1875 1725 1929 dilecta
1773 1875 1878 1930 sibi

239 1949 424 2026 .ubera
460 1969 852 2042 praedicantis,
886 1975 1059 2038 atque
1101 1969 1154 2022 in
1198 1967 1470 2023 interiora
1508 1969 1710 2022 domus
1751 1985 1875 2022 eam

270 2067 528 2136 benignus
585 2063 903 2130 induxerit;
955 2062 1197 2132 denique
1249 2067 1516 2132 tauquam
1565 2061 1877 2116 lascivienti

271 2160 446 2213 ludens
480 2175 701 2226 amore,
734 2157 871 2226 quia
904 2155 1034 2210 velit
1073 2157 1400 2226 pertentare
1442 2170 1639 2209 sensus
1675 2171 1874 2209 aman-

273 2253 345 2321 tis,
381 2269 523 2322 saepe
569 2265 837 2320 egressus
885 2253 949 2302 ut
991 2253 1343 2319 quzereretur
1383 2265 1416 2302 a
1453 2248 1686 2318 Sponsa,
1727 2264 1876 2319 saepe

274 2362 532 2416 regressus
589 2350 657 2399 ut
706 2343 1047 2398 invitaretur
1094 2342 1164 2395 ad
1219 2343 1425 2408 oscula,
1467 2340 1704 2396 astiterit
1753 2349 1879 2412 post

277 2438 538 2508 parietem,
573 2436 936 2509 prospexerit
965 2452 1066 2506 per
1093 2435 1394 2502 fenestras,
1423 2435 1678 2490 eminens
1707 2451 1876 2506 super

279 2533 406 2599 retia,
431 2539 490 2586 ut
529 2547 660 2587 non
698 2533 848 2586 totus
883 2529 1124 2596 abesset,
1162 2544 1263 2583 nec
1307 2528 1466 2600 quasi
1510 2533 1656 2583 totus
1693 2528 1873 2583 intra-

285 2631 350 2679 mt
379 2632 426 2681 et
450 2626 576 2696 ipse
617 2625 688 2679 ad
728 2641 789 2679 se
831 2623 1106 2694 Sponsam
1145 2627 1386 2688 vocaret,
1420 2626 1484 2676 ut
1518 2621 1778 2676 veniendi
1807 2622 1877 2676 ad

295 2736 336 2771 se
363 2721 583 2774 invicem
629 2720 831 2773 fierent
873 2716 1123 2787 gratiora
1156 2714 1524 2780 commercia,
1555 2715 1876 2786 amorisque

300 2812 381 2866 vim
402 2812 607 2867 mutuis
637 2810 934 2866 adolerent
960 2813 1067 2877 (26)
1100 2807 1459 2863 sermonibus
1491 2825 1501 2862 :
1537 2829 1563 2855 ‹‹
1597 2809 1871 2878 Exsurge,

291 2906 441 2976 inquit,
467 2906 635 2974 veni,
664 2903 924 2975 proxima
949 2919 1111 2969 mea,
1146 2902 1396 2957 formosa
1432 2917 1579 2967 mea,
1613 2900 1876 2955 columba

282 3015 379 3054 mea
404 3001 616 3067 (Carm,
646 3015 704 3068 ιι,
736 2999 844 3064 10).
880 3018 904 3044 ››

335 3097 400 3147 19.
423 3095 486 3148 Et
509 3098 584 3148 tu
611 3091 659 3146 si
684 3090 893 3146 habeas
918 3089 1218 3144 fundatum
1247 3089 1538 3160 parietem,
1570 3104 1686 3142 non
1713 3087 1874 3142 illum
1897 3122 1951 3194 C

275 3186 491 3240 medium
540 3185 651 3257 qui
699 3185 902 3240 domus
958 3184 1124 3237 unius
1174 3188 1396 3254 separet
1446 3181 1727 3246 membra,
1778 3183 1876 3236 sed

274 3279 591 3334 aedificatum
647 3294 820 3348 supra
871 3277 1317 3332 fundamentum
1377 3276 1762 3346 apostolorum
1821 3283 1879 3332 et

272 3374 677 3443 prophetarum,
709 3375 772 3425 ut
809 3369 1213 3442 compaginata
1244 3369 1364 3440 ejus
1402 3373 1682 3422 structura
1722 3385 1873 3422 cres-

271 3470 341 3519 cat
375 3467 425 3520 in
454 3465 771 3536 templum,
803 3480 906 3518 nec
949 3462 1304 3517 disterminet
1345 3462 1464 3532 ejus
1493 3462 1742 3529 interna,
1779 3462 1875 3517 sed

271 3559 465 3614 muniat
496 3579 507 3612 :
538 3558 596 3613 si
623 3557 830 3613 habeas
861 3573 1000 3628 ergo
1031 3556 1090 3610 in
1129 3560 1182 3611 te
1214 3554 1640 3610 aedificationem
1671 3555 1790 3621 Dei,
1819 3562 1876 3610 et

268 3653 324 3706 ad
367 3653 649 3708 orientem
693 3653 926 3722 pateant
971 3665 1199 3720 semper
1242 3650 1503 3704 fenestrae
1548 3654 1680 3714 tuae,
1722 3649 1878 3704 venit

270 3746 511 3812 Verbum,
581 3748 688 3799 stat
754 3748 880 3815 post
939 3747 1103 3797 tuum
1165 3741 1450 3812 parietem.
1496 3743 1660 3811 (oculi
1720 3742 1874 3797 enim

269 3841 452 3893 Domini
482 3854 654 3909 super
678 3839 872 3907 justos)
904 3836 1070 3903 (Psal.
1101 3851 1289 3905 xxxiii,
1323 3838 1428 3902 16),
1464 3835 1738 3906 prospicit
1773 3852 1876 3906 per

267 3932 515 3988 fenestras
552 3938 702 3986 tuas.

321 4028 400 4080 20.
435 4028 580 4091 Quae
617 4016 750 4079 sunt
788 4024 1053 4079 fenestra:
1093 4022 1255 4077 istae?
1297 4022 1574 4094 Legimus‘
1597 4023 1877 4078 fenestras

264 4118 322 4172 de
341 4119 543 4190 quibus
575 4118 709 4172 dicit
733 4115 1010 4172 Jeremias
1034 4133 1046 4170 :
1074 4136 1102 4164 ‹‹
1133 4115 1368 4170 Intravit
1395 4132 1540 4169 mors
1567 4133 1669 4186 per
1694 4116 1875 4171 fenes-

265 4217 364 4266 tras
401 4216 643 4274 Herem,
690 4227 728 4278 ι,
781 4215 892 4279 21),
938 4233 966 4260 ››
1014 4225 1119 4280 per
1162 4225 1303 4280 quas
1344 4209 1574 4263 intravit
1615 4209 1873 4277 avaritia,

265 4387 414 4436 instar
449 4387 548 4438 hic
587 4387 642 4436 in
680 4383 933 4449 pluribus
970 4397 1101 4434 mss.
1143 4382 1545 4448 superscripta,
1593 4387 1709 4434 tum
1746 4397 1875 4449 qua

267 4461 578 4520 sequuntur,
625 4454 962 4506 Celebramus
999 4455 1158 4511 enim,
1204 4456 1331 4515 etc.,
1373 4467 1678 4504 sermonem
1722 4454 1873 4506 hunc

267 4527 341 4576 die
363 4527 687 4579 revelationi
716 4525 1038 4577 earumdem
1075 4525 1175 4576 SS.
1215 4528 1508 4588 martyrum
1553 4538 1710 4575 sacro
1750 4539 1871 4588 pro-

270 4597 592 4649 nuntiatum‘
645 4598 815 4648 fuisse
871 4600 1056 4660 aperte
1117 4596 1442 4659 signiﬁcant.
1504 4597 1669 4646 Porro
1725 4597 1873 4661 quod

268 4668 414 4730 paulo
469 4669 731 4733 superius
792 4668 870 4718 ait
924 4683 937 4714 :
998 4668 1061 4717 Et
1123 4671 1326 4716 attactu
1383 4664 1530 4716 nullo
1595 4666 1874 4730 implicans

269 4739 441 4801 ignem,
468 4745 597 4801 etc.,
639 4738 777 4788 illud
815 4739 990 4803 Virg.,
1020 4751 1118 4794 vn.
1159 4737 1388 4792 ίΕηθίά..
1417 4738 1484 4787 de
1522 4743 1776 4802 serpente
1815 4742 1871 4788 in

267 4810 431 4860 sinum
481 4814 697 4862 Amata;
746 4810 936 4859 uxoris
982 4809 1160 4858 Latini
1209 4809 1353 4872 regis
1401 4807 1682 4869 illabente,
1722 4807 1872 4860 haud

267 4879 414 4930 dubie
438 4881 687 4932 imitatur
718 4897 730 4939 ;

405 4988 501 5038 Ille
533 4989 675 5036 inter
705 4990 886 5036 vestes
916 4991 972 5036 et
1000 4986 1142 5036 levia
1173 4990 1394 5050 pectora
1419 4986 1609 5050 lapsus

407 5059 657 5110 Volvitur
683 5062 891 5108 attactu
917 5057 1090 5118 nullo,
1122 5058 1373 5123 fallitque
1403 5058 1691 5108 furentem.

273 5163 360 5214 Ubi
387 5171 584 5216 attactu
619 5165 766 5216 nullo
802 5164 947 5215 idem
977 5169 1138 5215 sonat
1176 5179 1242 5216 ac
1281 5166 1480 5214 sensim
1520 5166 1640 5215 sine
1681 5178 1866 5216 sensu.

271 5233 442 5298 NeQue
475 5250 606 5286 vero
629 5237 817 5286 minus
850 5237 1113 5300 exprimit
1149 5235 1318 5299 quod,
1349 5239 1583 5299 quatuor
1622 5234 1872 5285 versibus

273 5305 575 5369 interjectis,
600 5307 800 5372 legitur
831 5323 842 5356 :

326 5414 591 5466 Pertentat
619 5428 837 5476 sensus,
869 5419 1038 5480 atque
1067 5414 1288 5464 ossibus
1318 5413 1560 5478 implicat
1587 5413 1790 5477 ignem.

326 5522 412 5585 (36)
468 5523 770 5583 Adotcront,
823 5522 877 5574 id
937 5526 1040 5585 est,
1090 5522 1270 5586 magis
1327 5519 1698 5580 incenderent,
1755 5521 1873 5570 sive

276 5598 689 5722 “(gratatum
723 5679 936 5717 sacram
973 5669 1134 5715 vocat
1167 5677 1290 5714 eam
1327 5676 1449 5725 quae
1488 5667 1617 5712 voto
1651 5661 1873 5724 publice

277 5738 459 5786 emisso
505 5741 810 5789 castitatem
859 5735 1236 5800 proﬁtebatur.
1280 5734 1375 5784 illa
1414 5734 1562 5784 enim
1601 5748 1632 5783 a
1675 5747 1872 5797 paren-

282 5805 409 5856 tibus
446 5809 652 5860 solebat
692 5808 894 5869 offerri,
933 5812 995 5858 ut
1027 5807 1097 5857 ab
1135 5807 1391 5870 episcopo
1422 5817 1643 5856 sacrum
1677 5805 1873 5867 capitis

1894 4490 1950 4560 Ι)

1979 1892 2112 1930 rens
2167 1876 2395 1932 sedulus
2456 1877 2722 1949 religioso
2779 1878 2994 1932 tuearis
3056 1878 3292 1944 affectu;
3349 1895 3453 1949 per
3502 1879 3605 1932 has

1982 1970 2257 2024 fenestras
2312 1971 2584 2042 prospicit
2637 1971 2910 2040 Christus,
2967 1974 3028 2025 ut
3083 1977 3243 2027 vocet
3302 1972 3600 2043 Sponsam,

1982 2084 2008 2108 ‹‹
2051 2064 2310 2118 eminens
2335 2052 2691 2134 superretia.
2723 2085 2749 2114 »

2048 2160 2137 2210 21.
2170 2157 2317 2211 Bene
2343 2159 2597 2219 eminens,
2625 2157 2756 2229 quia
2784 2158 2938 2212 solus
2977 2162 3062 2212 est
3095 2174 3276 2232 quem
3315 2159 3458 2213 retia
3487 2175 3602 2213 non

1979 2250 2323 2304 involverint
2367 2254 2746 2321 peccatorum.
2787 2251 2999 2305 Omnes
3041 2252 3191 2306 intra
3231 2252 3373 2306 retia
3416 2258 3602 2316 erant,

1979 2345 2096 2398 imo
2153 2343 2341 2399 adhuc
2394 2344 2545 2398 intra
2599 2345 2741 2400 retia
2795 2361 3023 2412 sumus,
3075 2344 3207 2416 quia
3260 2361 3432 2400 nemo
3485 2345 3604 2400 sine

1979 2443 2226 2507 peccato,
2278 2436 2383 2490 nisi
2437 2436 2588 2490 solus
2632 2438 2814 2503 Jesus,
2860 2453 3033 2508 quem
3081 2454 3199 2492 non
3246 2454 3601 2510 cognoscen-

1980 2535 2093 2585 tem
2149 2537 2467 2600 peccatum,
2521 2535 2812 2602 peccatum
2866 2547 2969 2602 pro
3023 2531 3183 2585 nobis
3232 2531 3366 2586 fecit
3411 2533 3598 2586 Pater.

1979 2623 2202 2678 Etenim
2242 2623 2470 2678 tradidit
2499 2641 2632 2678 eum
2658 2624 2898 2695 laqueis,
2931 2623 3165 2679 tradidit
3198 2641 3330 2679 eum
3367 2625 3602 2694 retibus,

1979 2716 2207 2771 mittens
2243 2733 2375 2771 cum
2414 2733 2531 2772 non
2573 2717 2628 2770 in
2671 2724 2920 2788 peccato,
2955 2718 3011 2772 iu
3045 2734 3158 2788 quo
3197 2722 3364 2772 erant
3401 2734 3605 2772 omnes

1977 2809 2259 2876 homines,
2286 2810 2383 2864 sed
2419 2809 2478 2862 in
2519 2809 2898 2864 similitudine
2938 2811 3126 2865 carnis
3163 2810 3399 2880 peccati,
3434 2816 3494 2864 ut
3531 2811 3603 2864 de

1979 2909 2206 2973 peccato
2257 2903 2554 2958 damnaret
2607 2907 2899 2974 peccatum
2951 2903 3010 2957 in
3059 2919 3251 2958 carne.
3297 2905 3601 2958 Peccatum

1977 3003 2096 3051 erat
2147 3013 2280 3050 caro
2329 2997 2641 3051 secundum
2685 2997 2844 3064 illud,
2889 2997 3020 3069 quia
3063 2995 3428 3051 hereditario
3478 3002 3602 3052 erat

1977 3091 2242 3144 damnata
2303 3090 2622 3145 maledicto.
2682 3091 2976 3145 Peccatum
3035 3093 3158 3144 erat
3221 3089 3487 3145 illecebra
3548 3095 3604 3145 et

1980 3183 2239 3238 ministra
2271 3183 2504 3254 peccati.
2537 3184 2695 3238 Venit
2737 3183 3014 3238 Dominus
3052 3185 3210 3238 Jesus
3250 3188 3306 3238 et
3342 3183 3398 3237 in
3433 3199 3603 3238 carne

1980 3283 2207 3348 peccato
2257 3277 2499 3332 obnoxia
2555 3280 2664 3346 (28)
2727 3277 2989 3332 militiam
3042 3276 3266 3332 virtutis
3327 3276 3601 3332 exercuit.

1980 3371 2144 3424 Facta
2172 3373 2306 3424 sunt
2335 3370 2600 3424 membra
2640 3376 2830 3425 nostra
2846 3371 2969 3441 jam
3001 3387 3112 3424 non
3138 3387 3298 3424 arma
3329 3369 3600 3435 libidinis,

1979 3463 2078 3517 sed
2139 3479 2304 3517 arma
2354 3463 2595 3518 virtutis.
2648 3465 2903 3535 Namque
2964 3463 3057 3518 ubi
3111 3470 3272 3517 erant
3323 3463 3605 3518 incentiva

1976 3555 2249 3623 libidinis,
2281 3556 2358 3610 ibi
2386 3573 2535 3611 nunc
2561 3561 2695 3610 sunt
2719 3556 2998 3611 domicilia
3023 3556 3310 3612 castitatis.
3342 3555 3436 3610 Hic
3464 3571 3601 3624 ergo

1979 3650 2132 3704 venit
2166 3649 2237 3703 ad
2275 3649 2529 3721 laqueos,
2574 3651 2670 3705 sed
2712 3651 3085 3718 voluntarius;
3127 3651 3285 3704 venit
3325 3648 3397 3703 ad
3437 3651 3598 3715 retia,

1976 3744 2076 3798 sed
2102 3760 2349 3798 securus.

2045 3841 2134 3891 22.
2182 3839 2348 3892 Plena
2386 3841 2550 3892 erant
2591 3837 2783 3891 omnia
2831 3837 3066 3908 laqueis,
3110 3837 3320 3891 referta
3362 3837 3598 3891 retibus.

1976 3931 2123 3986 Audi
2170 3930 2456 3986 dicentem
2507 3947 2521 3984 :
2575 3952 2604 3980 «
2652 3932 2714 3985 In
2762 3931 2851 3985 via
2898 3931 3005 3985 hac
3052 3946 3164 4000 qua
3213 3929 3598 3996 ambulabam,

1975 4025 2394 4080 absconderant
2420 4024 2687 4096 laqueum
2732 4024 2874 4079 mihi
2902 4025 3068 4090 (Psut.
3101 4039 3244 4090 CXLI,
3272 4025 3346 4091 4).
3380 4046 3407 4072 ››
3438 4024 3504 4077 Et
3541 4023 3597 4077 in

1975 4118 2120 4174 libro
2159 4118 2464 4189 Sapientia:
2506 4117 2700 4173 Sirach
2742 4117 2991 4172 moneris
3033 4123 3092 4171 ut
3131 4133 3434 4188 cognoscas
3464 4117 3601 4188 quia

1975 4213 2035 4267 in
2070 4211 2256 4266 medio
2295 4212 2632 4283 laqueorum
2672 4211 2930 4266 ambulas
2965 4213 3175 4278 (Eccli.,
3207 4227 3280 4279 ix,
3311 4213 3422 4278 20).
3457 4212 3604 4276 Quot

1977 4386 2260 4448 velamen,
2311 4391 2574 4452 tanquam
2629 4387 2982 4468 profeSsionis
3024 4401 3142 4439 suas
3199 4387 3417 4468 insigne
3463 4389 3602 4439 acci-

1975 4462 2145 4522 peret.
2198 4459 2516 4523 Aliquando
2570 4464 2754 4509 tamen
2809 4457 2998 4508 invitis
3055 4459 3222 4508 etiam
3277 4457 3601 4522 parentibus

1973 4531 2223 4580 solemne
2264 4530 2399 4580 illud
2434 4531 2699 4580 castitatis
2737 4535 2926 4580 votum
2962 4529 3339 4593 nuncupabat.
3382 4529 3493 4579 Sed
3535 4530 3602 4579 de

1975 4601 2083 4651 hoc
2107 4601 2328 4652 vivendi
2359 4614 2560 4664 genere
2587 4601 2734 4664 quod
2775 4606 2921 4651 tanta
2958 4614 3088 4650 cura
3127 4615 3192 4650 ac
3226 4600 3601 4652 sollicitudine

1975 4671 2148 4722 Italia:
2182 4671 2639 4736 Mauritaniwque
2677 4671 2996 4735 regionibus
3043 4671 3328 4722 invexerat
3366 4672 3600 4721 Ambro-

1973 4744 2091 4792 sius
2119 4745 2324 4802 noster,
2357 4743 2498 4791 alius
2523 4743 2622 4792 erit
2653 4741 2873 4792 dicendi
2897 4743 3071 4793 locus.

2035 4813 2130 4874 (28)
2162 4813 2328 4863 Hunc
2352 4813 2537 4862 locum
2571 4812 2922 4872 Calliariuus,
2950 4825 3138 4876 Opusc.
3175 4814 3246 4862 De
3289 4813 3506 4873 Concep.
3540 4811 3595 4858 Β.

1973 4884 2178 4942 Mariae,
2237 4881 2459 4941 laudat;
2509 4882 2605 4933 sed
2659 4885 2731 4932 ita
2779 4883 2942 4933 refert
2982 4898 2993 4930 :
3044 4886 3106 4933 Et
3157 4885 3214 4932 in
3259 4895 3439 4939 carne,
3487 4895 3602 4943 quae

1971 4959 2180 5016 peccato
2225 4955 2281 5002 in
2335 4959 2504 5003 matre
2555 4953 2730 5014 fuerat
2781 4953 3034 5013 obnoxia,
3083 4957 3184 5004 etc.
3237 4953 3440 5003 Verum
3486 4953 3599 5014 jam

1973 5025 2105 5074 viris
2154 5025 2332 5075 doctis
2374 5025 2726 5075 observatum
2782 5028 2868 5075 est
2915 5025 3037 5075 haec
3093 5024 3258 5074 verba
3309 5024 3366 5071 in
3412 5027 3596 5072 matre.

1972 5109 2253 5158 nusquam
2293 5095 2440 5159 apud
2471 5096 2825 5146 Ambrosium
2858 5096 3109 5145 inveniri.
3143 5095 3214 5144 Et
3250 5097 3397 5143 certe
3438 5105 3599 5141 sanc-

1976 5171 2063 5214 tus
2107 5165 2301 5216 doctor
2348 5166 2404 5216 id
2451 5170 2664 5217 tantum
2720 5167 2828 5219 hoc
2873 5167 2994 5217 loco
3045 5165 3339 5228 signiﬁcat,
3394 5162 3601 5214 Christi

1973 5251 2196 5288 carnem
2238 5237 2486 5301 ejusdem
2533 5252 2599 5288 ac
2644 5244 2906 5299 nostram,
2933 5250 3060 5301 qua:
3094 5239 3321 5298 peccato
3358 5235 3596 5285 obnoxia

1973 5313 2077 5367 est,
2123 5312 2334 5359 natura:
2381 5323 2538 5368 esse;
2580 5311 2904 5372 neutiquam
2940 5321 3069 5357 vero
3107 5307 3383 5356 inﬁciatur
3424 5307 3600 5356 beatas

1974 5379 2220 5442 Virginis
2272 5381 2678 5430 immunitatem
2735 5380 2806 5430 ab
2863 5379 3016 5428 omni
3081 5381 3348 5440 peccato;
3397 5379 3601 5440 quippe

1973 5464 2139 5514 quam
2171 5464 2282 5500 non
2322 5451 2558 5502 obscure
2592 5455 2799 5500 astruat
2832 5450 2886 5498 in
2927 5449 3188 5498 ultimum
3222 5448 3391 5512 hujus
3428 5451 3600 5512 ipsius

1972 5521 2172 5584 psalmi
2219 5523 2555 5573 versiculum
2600 5521 2710 5570 illis
2757 5519 2938 5570 verbis
2978 5535 2988 5567 :
3031 5537 3060 5565 «
3095 5519 3330 5583 Suscipe
3362 5532 3450 5568 me
3489 5532 3597 5568 non

1973 5593 2029 5641 in
2068 5605 2252 5653 carne,
2287 5605 2413 5656 quas
2449 5593 2506 5641 in
2544 5590 2719 5641 Adam
2763 5591 2915 5654 lapsa
2955 5593 3053 5640 est.
3092 5591 3323 5654 Suscipe
3361 5603 3450 5640 me
3487 5603 3596 5638 non

1973 5675 2042 5712 ex
2087 5662 2274 5723 Sarra,
2311 5662 2408 5712 sed
2461 5675 2530 5712 ex
2574 5660 2767 5721 Maria,
2822 5665 2883 5710 ut
2927 5661 3246 5725 incorrupta
3291 5661 3363 5710 sit
3414 5660 3600 5722 Virgo,

1973 5732 2072 5782 sed
2113 5733 2280 5797 Virgo
2328 5745 2423 5796 per
2464 5733 2715 5795 gratiam,
2754 5731 2824 5782 ab
2867 5734 3019 5782 omni
3061 5734 3273 5796 integra
3315 5731 3438 5782 labe
3477 5744 3600 5795 pec-

1974 5803 2100 5854 cati.
2130 5819 2161 5851 »
