3958 6166
395 244 536 298 1343

1865 245 1916 297 S.
1963 244 2277 301 AMBROSII

3599 251 3726 307 1344

393 366 547 433 vitia,
587 369 668 421 tot
709 366 870 434 retia,
915 373 1055 437 quot
1097 372 1348 438 peccata,
1381 372 1464 422 tot
1493 368 1676 439 laquei
1718 385 1730 422 :
1777 369 2014 423 haeredi-
2043 367 2271 450 Ariore
2318 373 2529 436 tamen,
2574 369 2676 422 hoc
2725 371 2826 436 est,
2873 367 3111 438 spiritali
3164 368 3324 437 parte
3374 376 3724 439 prospectans

394 459 526 513 tarii
569 460 693 530 jam
747 462 802 514 te
857 476 1031 515 nexus
1093 461 1378 515 tenebant.
1434 461 1599 515 Venit
1652 460 1723 514 ad
1785 463 2020 532 laqueos

391 553 586 622 Jesus,
647 556 711 607 ut
769 553 950 608 Adam
1014 555 1286 623 solveret;
1347 554 1501 610 venit
1562 554 1804 610 liberare
1867 555 2019 625 quod

394 646 662 716 perierat.
709 650 912 702 Omnes
954 647 1170 702 retibus
1211 647 1573 716 tenebamur,
1617 648 1804 702 nullus
1843 649 2017 702 alium

395 754 594 795 eruere
631 743 877 810 poterat,
918 755 1047 795 cum
1087 758 1146 796 se
1186 741 1372 812 ipsum
1415 757 1532 796 non
1570 745 1758 813 posset
1787 757 2017 796 exuere.

389 833 538 888 Talis
575 849 714 904 ergo
753 834 1100 889 necessarius
1137 835 1264 904 fuit,
1304 851 1475 906 quem
1521 835 1742 890 vincula
1783 851 2016 905 genera-

392 925 562 980 tionis
600 927 866 982 humanze
903 928 1122 983 delictis
1159 927 1399 983 obnoxia
1435 944 1550 983 non
1589 934 1872 995 tenerent,
1902 945 2018 982 non

393 1019 632 1088 cepisset
675 1021 930 1089 avaritia,
964 1038 1080 1077 non
1124 1022 1359 1092 ligasset
1397 1023 1582 1077 dolus.
1621 1023 1670 1075 Is
1711 1022 1862 1076 solus
1903 1028 2022 1076 erat

393 1114 569 1181 Jesus,
597 1114 694 1185 qui
722 1131 852 1169 cum
893 1115 1064 1186 hujus
1096 1115 1284 1170 carnis
1313 1132 1373 1169 se
1405 1115 1870 1170 circumdedisset
1895 1114 2018 1169 vin-

395 1207 557 1273 culis,
609 1210 809 1278 captus
859 1225 975 1264 non
1025 1211 1165 1276 erat,
1218 1225 1336 1263 non
1400 1212 1523 1263 erat
1576 1207 1870 1279 alligatus;
1923 1208 2018 1263 sed

394 1299 728 1371 dirumpens
761 1318 829 1356 ea
866 1307 1038 1374 atque
1067 1302 1392 1370 dissolvens,
1431 1301 1504 1356 ad
1543 1317 1601 1356 se
1633 1301 1817 1374 magis
1853 1318 2018 1356 voca-

394 1393 475 1447 vit
528 1394 851 1462 Ecclesiam,
904 1395 1254 1467 prospiciens
1303 1412 1407 1466 per
1458 1397 1705 1468 laqueos,
1759 1395 2022 1450 eminens

396 1502 572 1558 super
600 1488 764 1554 retia,
795 1493 856 1543 ut
895 1492 952 1542 et
976 1488 1100 1560 ipsa
1127 1489 1370 1543 disceret
1395 1489 1637 1544 vinculis
1673 1505 1788 1544 non
1816 1489 2018 1544 teneri.

395 1579 648 1651 Denique
676 1597 741 1636 eo
778 1598 954 1654 usque
995 1599 1110 1637 non
1150 1584 1320 1654 longe
1347 1599 1381 1636 a
1407 1582 1640 1637 vinculis
1671 1583 1798 1649 fuit,
1829 1581 1893 1636 ut
1919 1598 2021 1653 pro

394 1673 560 1727 nobis
610 1673 822 1729 subiret
866 1679 922 1729 et
972 1681 1238 1742 mortem,
1291 1676 1386 1730 sed
1437 1679 1627 1730 tamen
1673 1692 1790 1730 non
1833 1691 2022 1729 servus

2122 460 2417 516 Ecclesiam
2449 465 2633 527 vocat;
2670 465 2730 516 ut
2759 477 2864 532 per
2893 462 3081 531 legem
3121 463 3178 514 et
3217 461 3519 531 prophetas
3558 465 3720 518 Evan-

2121 555 2255 626 gelii
2314 555 2521 608 vertice
2586 553 2838 609 sublimis
2899 569 3239 625 assurgens,
3295 554 3435 608 retia
3493 555 3725 610 Judaicac

2120 647 2598 720 interpretationis
2638 653 2695 702 et
2732 647 2910 703 nodos
2945 645 3228 718 intrepido
3257 646 3434 702 calcet
3474 649 3718 719 vestigio.

2120 743 2362 812 Ideoque
2419 745 2669 812 proxime
2720 747 2964 807 vocatur,
3023 744 3088 794 ut
3145 739 3434 793 adhaereat
3494 741 3723 809 Christo,

2120 835 2414 890 mundana
2454 852 2570 890 non
2617 837 2864 906 quaarat;
2906 833 3035 888 ideo
3069 835 3327 900 formosi],
3365 837 3431 886 ut
3471 834 3730 903 speciosos

2121 927 2629 999 evangelizantium
2671 927 2844 998 pedes
2882 927 3160 997 proferat;
3203 924 3329 979 ideo
3374 927 3638 994 columba,
3677 933 3730 979 ut

2123 1021 2396 1093 spiritalia
2427 1026 2596 1093 petat,
2625 1021 2914 1076 terrestria
2940 1019 3317 1090 derelinquat.

2191 1119 2280 1170 25.
2332 1118 2478 1178 Ecce,
2533 1115 2736 1186 inquit,
2791 1115 2955 1169 hiems
3007 1115 3305 1184 praeteriit;
3364 1113 3534 1167 imber
3585 1113 3732 1174 abiit,

2121 1210 2360 1266 discessit
2401 1211 2519 1273 sibi,
2558 1212 2710 1278 ﬂores
2747 1210 2850 1263 visi
2888 1211 3015 1262 sunt
3055 1209 3285 1261 interra
3322 1205 3524 1276 (Cant.,
3565 1222 3618 1272 ιι,
3654 1209 3732 1273 ll,

2126 1306 2230 1372 12).
2287 1305 2428 1358 Ante
2480 1302 2783 1358 adventum
2834 1299 3037 1355 Christi
3097 1300 3282 1354 hiems
3337 1303 3463 1354 erat
3520 1315 3532 1352 :
3590 1299 3736 1353 venit

2121 1394 2395 1464 Christus,
2431 1395 2557 1452 fecit
2595 1400 2868 1450 testatem.
2899 1396 3055 1449 Tunc
3095 1392 3292 1450 omnia
3335 1395 3499 1447 erant
3537 1392 3733 1445 ﬂorum

2122 1489 2348 1560 indiga,
2400 1489 2551 1544 nuda
2605 1489 2877 1544 virtutum
2939 1511 2948 1540 :
3003 1504 3198 1560 passus
3251 1490 3337 1541 est
3386 1485 3635 1540 Christus
3683 1489 3734 1536 et

2124 1585 2318 1640 omnia
2354 1588 2644 1655 cmperunt
2682 1599 2840 1637 nova:
2885 1581 3080 1654 gratia:
3121 1579 3420 1636 fecundari
3462 1577 3732 1648 germini-

2122 1677 2245 1731 bus.
2304 1676 2486 1730 Imber
2536 1676 2674 1731 abiit
2727 1675 2965 1731 luxurim
3017 1673 3384 1745 proﬂuentis,
3439 1675 3495 1725 et
3553 1669 3735 1724 nubila

395 1767 594 1821 mortis
625 1767 872 1835 effectus,
901 1769 998 1823 sed
1026 1769 1169 1823 liber
1201 1769 1348 1823 inter
1375 1773 1660 1838 mortuos;
1689 1770 1834 1824 liber
1865 1770 2020 1824 enim
2043 1750 2099 1822 Β
2123 1771 2284 1827 tetris
2329 1776 2450 1825 orta
2492 1770 2744 1842 ﬂagitiis,
2787 1769 2983 1824 aestiva
3019 1769 3141 1840 jam
3184 1783 3344 1838 purae
3388 1763 3735 1820 conscientia:

395 1863 535 1927 erat,
571 1861 667 1931 qui
704 1861 985 1915 solvendae.
1026 1863 1223 1916 mortis
1253 1866 1584 1934 potestatem
1616 1863 1878 1917 habebat.
1910 1865 2019 1918 De-

398 1954 570 2024 nique
603 1953 720 2024 ipse
752 1957 807 2007 te
847 1955 1066 2025 doceat,
1097 1955 1194 2027 qui
1240 1956 1318 2010 ait
1346 1973 1358 2010 :
1385 1958 1582 2013 Solvite
1622 1958 1714 2012 hoc
1746 1959 2019 2028 templum,

396 2053 446 2099 et
474 2050 531 2100 in
561 2048 744 2102 triduo
767 2050 1094 2103 resuscitabo
1119 2050 1260 2104 illud
1287 2053 1487 2117 (Joan.,
1521 2067 1576 2116 ιι,
1611 2053 1714 2119 19).

467 2143 554 2194 23.
577 2141 1104 2218 Audiamusdtaque
1133 2143 1267 2214 quid
1296 2143 1448 2198 dicat
1476 2161 1489 2198 :
1523 2165 1549 2194 ‹‹
1577 2146 1846 2215 Exsurge,
1869 2145 2020 2210 veni,

398 2233 654 2303 proxima
700 2252 830 2288 mea
879 2235 1082 2300 (Cant.,
1130 2253 1190 2303 ll,
1242 2240 1347 2304 10),
1397 2260 1422 2287 ››
1471 2237 1576 2291 hoc
1623 2243 1726 2306 est,
1777 2255 1945 2309 surge
1991 2255 2024 2292 a

397 2327 668 2393 mortuis,
721 2345 958 2399 exsurge
1014 2347 1047 2384 a
1098 2331 1366 2396 vinculis,
1421 2331 1626 2403 quibus
1682 2332 2023 2387 circumdata

400 2421 700 2475 tenebaris.
736 2425 998 2492 Exsurge,
1043 2425 1174 2495 quia
1205 2441 1315 2496 ego
1357 2425 1640 2480 resurrexi
1685 2426 1788 2479 tibi
1823 2443 1836 2479 :
1871 2427 2024 2481 solve

399 2514 688 2568 vinculum
718 2515 1045 2587 iniquitatis,
1077 2519 1210 2588 quia
1249 2532 1354 2589 ego
1387 2519 1506 2588 jam
1537 2519 1669 2573 solvi
1703 2519 1826 2574 tibi.
1865 2521 2021 2582 Veni,

398 2607 533 2678 quia
573 2609 690 2678 jam
743 2611 889 2664 retia
941 2611 1127 2665 soluta
1171 2615 1319 2665 sunt.
1376 2612 1544 2682 Virgo
1594 2614 1831 2684 peperit,
1880 2630 2024 2684 puer

399 2705 565 2755 natus
604 2720 674 2757 ex
713 2703 942 2775 Virgine
989 2710 1093 2759 est.
1134 2705 1282 2759 Nihil
1321 2705 1487 2760 debet
1535 2707 1800 2762 muliebri
1841 2707 2020 2762 heare-

399 2793 562 2848 ditati
611 2813 622 2849 :
671 2797 829 2867 quasi
885 2797 1034 2852 filius
1084 2798 1339 2853 mulieris
1388 2815 1503 2854 non
1555 2804 1801 2855 tenetur.
1846 2801 2023 2855 Cerne

398 2888 650 2942 medium
688 2890 961 2960 parietem
1006 2892 1262 2946 maceriae
1286 2893 1404 2962 jam
1443 2893 1711 2959 solutum,
1741 2895 1840 2964 qui
1875 2893 2021 2950 inte—

397 2980 611 3036 riorum
676 2983 983 3039 affectuum
1047 2985 1414 3040 concordiam
1470 2986 1790 3053 dividebat,
1848 2992 1904 3042 et
1965 2987 2022 3042 in

2123 1865 2426 1920 serenitate
2473 1865 2752 1920 laxantur.
2812 1863 2943 1918 Ideo
2995 1879 3110 1916 non
3160 1861 3444 1926 evadunt,
3499 1873 3731 1928 quorum

2124 1961 2260 2030 fuga
2288 1959 2479 2014 hieme
2507 1961 2597 2025 tit;
2624 1958 2756 2029 quia
2785 1974 2897 2012 non
2925 1959 3242 2028 sequuntur
3279 1951 3502 2010 Domini
3536 1949 3733 2021 passio-

2125 2069 2291 2120 nem,
2348 2069 2465 2107 non
2525 2052 2729 2107 tollunt
2795 2066 3019 2105 crucem
3085 2066 3281 2117 suam,
3345 2051 3403 2102 et
3464 2043 3735 2100 Christum

2124 2150 2465 2218 sequuntur.
2502 2146 2689 2201 Imber
2728 2144 2966 2216 impedit
3003 2143 3175 2198 flores
3227 2159 3240 2196 :
3289 2147 3348 2196 at
3388 2155 3541 2195 nunc
3583 2138 3736 2190 ﬂores

2124 2240 2389 2296 videntur
2413 2241 2473 2294 in
2497 2244 2665 2294 terra.
2695 2238 2833 2294 Boni
2867 2237 3033 2292 ﬂores
3070 2235 3326 2308 apostoli,
3360 2233 3458 2306 qui
3500 2231 3734 2286 diverso-

2123 2351 2254 2388 rum
2303 2333 2636 2406 scriptorum
2685 2339 2854 2404 atque
2903 2346 3139 2402 operum
3191 2345 3427 2384 suorum
3476 2325 3738 2384 fuderunt

2123 2430 2378 2484 odorem.

2194 2527 2282 2577 26.
2321 2545 2346 2571 υ
2373 2524 2613 2593 Tempus
2651 2521 2873 2576 secandi
2903 2519 3133 2575 advenit
3162 2519 3345 2588 (lbid.,
3384 2516 3496 2587 l2);
3531 2535 3558 2566 ι)
3599 2528 3731 2584 quo-

2127 2616 2282 2672 niam
2305 2621 2524 2670 matura
2547 2615 2603 2669 in
2630 2615 2851 2671 horreis
2880 2615 3171 2668 frumenta
3198 2613 3544 2678 conduntur,
3567 2611 3621 2663 et
3645 2604 3734 2676 qui

2124 2711 2312 2777 metit,
2351 2709 2664 2766 mercedem
2702 2709 2923 2780 accipit.
2955 2730 2982 2756 ‹(
3015 2709 3129 2760 Vox
3172 2706 3410 2761 turturis
3440 2702 3627 2758 audita
3661 2702 3737 2752 est

2126 2805 2336 2874 (lbid.);
2381 2825 2408 2852 ››
2453 2803 2582 2874 quia
2627 2802 2844 2856 invenit
2882 2801 2988 2855 sibi
3028 2801 3254 2867 nidum;
3301 2795 3549 2854 Ecclesia
3593 2792 3734 2848 enim

2126 2898 2331 2952 domus
2360 2901 2446 2950 est
2478 2896 2756 2951 castitatis.
2791 2895 2950 2949 Ficus
2987 2897 3116 2965 (χρὴ
3157 2898 3396 2964 propter
3431 2884 3735 2944 infecundi-

2125 2995 2296 3046 tatem
2340 2989 2648 3060 jubebatur
2701 2989 2906 3058 excidi,
2952 2989 3167 3042 fructus
3208 2986 3330 3056 jam
3388 2986 3535 3039 ferre
3583 2977 3739 3048 ccepit

399 3074 685 3177 diversum
705 3077 1003 3187 fxo-itabat
1046 3077 1422 3133 dissensiones
1469 3080 1847 3151 corporalium
1893 3098 2018 3152 pas-
2044 3115 2098 3187 Ο
2125 3085 2308 3154 (1bid.,
2356 3085 2460 3150 l3).
2509 3083 2679 3138 Vinea
2723 3083 2995 3184 translata
3041 3097 3110 3183 eis
3162 3082 3427 3151 Egypto,
3467 3077 3585 3187 jam
3633 3087 3738 3187 non

399 3167 644 3222 sionum.
705 3169 839 3224 Veni
892 3187 1030 3242 ergo
1084 3187 1301 3238 secura,
1355 3173 1524 3245 cupio
1572 3173 1763 3228 videre
1819 3163 2390 3231 faciemumaceriis
2431 3175 2710 3230 destructa
2752 3173 3039 3244 depositis,
3091 3173 3418 3227 incnrsatur
3464 3187 3491 3222 a
3539 3163 3738 3227 bestiis,

401 3263 578 3328 tuam,
609 3264 666 3315 et
689 3263 884 3318 audire
914 3281 1113 3319 vocem
1143 3270 1297 3319 tuam
1331 3281 1343 3319 :
1378 3265 1530 3335 veni,
1559 3271 1622 3320 ut
1639 3268 1756 3338 jam
1787 3283 1877 3322 me
1908 3285 2022 3322 non

399 3370 502 3423 per
526 3354 667 3408 retia
695 3354 905 3426 videas,
935 3356 982 3429 1
1000 3356 1191 3430 040
1219 3357 1320 3413 sed
1349 3359 1493 3413 facie
1521 3361 1591 3414 ad
1619 3361 1820 3415 faciem
1851 3361 2022 3416 vulti-

400 3446 504 3500 bus
549 3448 815 3503 amatoris
860 3450 1063 3506 dilecta
1106 3451 1362 3522 potiaris.
1408 3453 1598 3508 Ethice
1641 3455 1749 3509 ista
1793 3455 2026 3509 decursa

401 3539 533 3594 sint.
564 3541 787 3612 Mystica
812 3547 1004 3599 autem
1031 3545 1150 3615 illa,
1181 3545 1228 3600 si
1258 3563 1579 3617 possumus,
1609 3547 1696 3602 vel
1731 3548 1881 3602 linea
1910 3551 2021 3619 (29)

400 3632 730 3690 intueamur
759 3643 1028 3693 extrema.

467 3730 558 3784 24.
607 3729 853 3785 Sedebat
897 3732 1047 3786 intra
1094 3733 1332 3788 domum
1383 3734 1621 3806 Sponsa,
1669 3735 1870 3790 devota
1916 3736 2020 3790 Do-

397 3817 578 3883 mino,
613 3818 762 3873 intra
800 3819 1081 3891 parietem
1119 3821 1264 3894 legis
1294 3829 1350 3877 et
1389 3824 1820 3894 prophetarum,
1855 3825 2022 3896 spiri-

397 3907 601 3960 talium
637 3908 888 3978 lapidum
917 3910 1354 3966 exaédiﬂcatione
1384 3912 1706 3981 fundatum,
1737 3913 1835 3984 qui
1874 3915 2022 3968 clau-

395 3996 565 4052 debat
590 4002 759 4068 atque
785 4000 1022 4054 vallabat
1048 4000 1281 4056 domum
1310 4001 1548 4072 regiam,
1572 4002 1801 4072 plenam
1821 4003 2024 4072 jucun-

397 4086 587 4140 ditatis
616 4091 786 4156 atque
815 4087 1046 4143 laetitias.
1079 4089 1384 4144 Mirabatur
1409 4091 1702 4146 thesauros
1730 4091 1938 4162 regios,
1967 4099 2023 4147 et

398 4174 728 4228 intuebatur
769 4175 1027 4246 sollicite,
1075 4177 1304 4248 cupiens
1349 4179 1702 4249 sapientiam,
1747 4197 1878 4251 qum
1926 4181 2024 4234 bas

2128 3287 2233 3325 nec
2282 3268 2537 3324 informis
2589 3268 2875 3336 sentibus,
2933 3267 3029 3321 sed
3075 3266 3256 3320 odora
3296 3265 3424 3336 jam
3479 3259 3738 3322 ﬂoribus,

2127 3380 2256 3435 quae
2306 3361 2521 3417 solebat
2567 3363 2750 3416 facere
2801 3360 3010 3432 spinas,
3056 3359 3244 3415 fructu
3291 3355 3572 3413 curvescit
3617 3366 3736 3404 uva-

2125 3473 2277 3512 rum.

2197 3555 2286 3606 27.
2327 3549 2520 3606 Merito
2556 3548 2734 3618 igitur
2777 3553 3005 3603 sanctus
3050 3546 3219 3601 David
3268 3546 3484 3600 Pascha
3529 3537 3739 3596 Domini

2126 3645 2439 3713 celebrans,
2495 3646 2550 3697 et
2599 3643 2838 3697 ferventi
2887 3639 3089 3712 spiritu
3148 3643 3416 3710 tempora
3465 3637 3741 3706 ingressus

2127 3739 2336 3805 aestiva,
2371 3737 2468 3808 qui
2505 3737 2580 3790 in'
2605 3736 2773 3792 verbo
2809 3734 2904 3790 Dei
2943 3735 3159 3790 fructus
3197 3733 3382 3786 varios
3430 3725 3739 3799 colligebat,

2126 3827 2331 3882 hiemis
2360 3828 2592 3882 adversa
2629 3825 2920 3882 declinans
2959 3824 3037 3878 ait
3071 3840 3084 3878 :
3117 3827 3186 3880 Et
3218 3839 3283 3878 ne
3311 3825 3536 3891 auferas
3569 3834 3633 3872 ea:
3659 3828 3742 3868 ore

2125 3933 2237 3972 meo
2279 3917 2502 3970 verbum
2541 3917 2780 3971 raritatis
2821 3928 3220 3984 usquequaque,
3263 3915 3398 3982 quia
3440 3913 3499 3964 in
3527 3905 3743 3976 judiciis

2127 4010 2235 4062 tuis
2259 4007 2650 4076 supersperavz‘.
2681 4004 2933 4069 Quantus
2959 4002 3123 4058 labor
3148 4006 3250 4069 est,
3272 4003 3340 4054 ut
3363 3999 3600 4055 verbum
3629 4007 3745 4065 per-

2126 4095 2334 4167 cipias?
2354 4097 2632 4159 Quantum
2657 4093 2860 4148 iterum
2883 4091 3201 4164 periculum
3233 4089 3281 4161 1
3298 4087 3484 4162 041
3517 4087 3562 4140 si
3591 4081 3744 4138 amit-

2126 4185 2252 4239 tas?
2283 4185 2351 4237 Et
2381 4183 2507 4238 ideo
2546 4183 2640 4237 tibi
2675 4181 2880 4236 dicitur
2912 4198 2924 4235 :
2963 4201 2989 4229 ‹‹
3023 4179 3145 4235 Noli
3185 4177 3482 4248 negligere
3515 4172 3741 4246 gratiam

395 4262 503 4317 sibi
555 4262 791 4330 divitias,
845 4265 1264 4321 demonstraret
1315 4267 1646 4322 adsciscere.
1697 4271 1756 4322 [n
1807 4272 2023 4324 secreto
2123 4289 2255 4346 quia
2284 4272 2339 4326 in
2369 4276 2422 4326 te
2448 4277 2532 4327 est
2561 4274 2595 4340 (Ι
2629 4273 2787 4332 Tim.,
2821 4287 2893 4337 IV,
2921 4269 3028 4339 14).
3062 4291 3089 4318 ››
3118 4299 3184 4306 -
3214 4288 3240 4315 α
3276 4267 3480 4320 Excole
3509 4262 3740 4330 diligen-

396 4355 552 4418 erat,
607 4354 701 4408 sed
762 4356 960 4408 secreti
1017 4356 1191 4426 ipsius
1244 4357 1616 4428 interpretem
1675 4357 2021 4428 requirebat.

396 4442 564 4496 Venit
607 4443 883 4497 Dominus
923 4445 1080 4499 Jesus
1119 4444 1325 4500 saliens
1369 4463 1540 4518 super
1577 4450 1817 4501 montes.
1855 4447 2102 4556 NobisD

398 4546 520 4556 ..η-ιιι
553 4531 848 4556 ..ζνΙΑιιηιηι-
879 4533 1067 4556 -.-..2..-
1125 4534 1216 4556 --.1
1252 4535 1338 4556 SH-
1382 4535 1712 4556 __-_-__L_L
1775 4535 2020 4556 0-12-1-1

397 4546 522 4584 sero
553 4531 848 4586 videbatur
879 4533 1092 4601 venire,
1122 4534 1218 4588 sed
1252 4535 1342 4589 ille
1382 4535 1734 4606 properabat.
1774 4535 2025 4591 Saliebat

398 4618 648 4690 denique
686 4626 741 4674 et
775 4622 1139 4689 transiliebat,
1175 4627 1235 4677 nt
1258 4624 1586 4680 Judaeorum
1625 4626 1944 4696 corporalia
1972 4630 2029 4681 et

397 4726 595 4764 saxosa
645 4709 911 4781 dogmata
961 4711 1285 4768 transiliret.
1332 4714 1516 4770 Astitit
1570 4718 1697 4786 post
1745 4716 2023 4786 parietem

399 4799 622 4865 domus,
655 4816 781 4870 qua:
813 4804 936 4854 erat
972 4800 1028 4853 in
1062 4801 1245 4856 Veteri
1271 4803 1648 4871 Testamento,
1675 4804 2027 4875 prospiciens

399 4905 499 4959 per
551 4887 692 4960 legis
743 4889 1079 4957 fenestram,
1127 4907 1231 4961 per
1276 4891 1688 4962 prophetarum
1740 4909 2022 4948 cavernas.

399 4979 661 5033 Nondum
699 4983 862 5033 erant
889 4978 1088 5033 domus
1128 4979 1276 5033 illius
1313 4987 1514 5050 aperta
1551 4981 1848 5050 vestibula;
1879 4999 2024 5037 non-

401 5067 537 5121 dum
590 5069 774 5121 claves
816 5067 1063 5122 scientiae
1110 5071 1404 5132 portarum
1454 5070 1696 5124 claustra
1746 5072 2024 5141 patefece-

401 5163 528 5209 rant
573 5157 780 5227 quibus
828 5157 966 5229 legis
1005 5155 1412 5211 claudebantur
1453 5157 1696 5212 interna.
1743 5161 1814 5213 De
1861 5176 2024 5230 supe-

465 5288 563 5348 (29)
608 5290 864 5338 Extrema
907 5289 1070 5349 linea,
1115 5289 1169 5339 id
1213 5293 1312 5350 est,
1358 5290 1577 5340 eminus
1624 5303 1723 5340 seu
1768 5303 1798 5340 e
1847 5304 2028 5341 remo-

403 5358 524 5407 tiori
561 5359 700 5409 loco.
734 5361 869 5410 Nam
904 5361 1054 5425 quod
1099 5362 1156 5411 in
1196 5375 1420 5425 quaque
1455 5375 1512 5410 re
1550 5365 1891 5424 postremum
1926 5367 2028 5421 est,

402 5431 712 5478 extremum
763 5429 982 5480 dicitur.
1031 5433 1127 5482 Est
1174 5437 1361 5482 autem
1417 5431 1778 5495 proverbialis
1825 5433 2030 5482 locutio

403 5514 434 5547 a
474 5499 641 5561 circo,
677 5499 775 5550 ubi
810 5502 944 5551 varii
982 5503 1186 5566 gradus
1220 5507 1276 5553 et
1313 5505 1489 5566 epatia
1527 5503 1689 5553 lineis
1729 5501 2031 5567 distingue-

403 5571 636 5634 bantur,
695 5573 988 5632 translata;
1048 5574 1118 5625 de
1179 5588 1288 5638 qua
1344 5573 1470 5624 vide
1526 5573 1738 5637 Adagia
1795 5574 2028 5634 Erasmi,

405 5642 536 5692 chil.
573 5644 621 5702 4,
652 5646 796 5693 cent.
825 5644 875 5704 5,
904 5657 1056 5707 prov.
1088 5647 1169 5706 46,
1201 5650 1255 5696 et
1280 5645 1430 5694 alibi.

467 5713 566 5774 (30)
607 5714 752 5764 Edit.
805 5729 1019 5774 omnes,
1064 5720 1126 5765 ei:
1167 5729 1258 5766 ore
1297 5723 1402 5766 tuo.
1444 5718 1575 5767 Sunt
1609 5717 1746 5766 enim
1796 5722 2034 5781 tempora

407 5785 774 5847 Mutationem,
804 5799 922 5851 quae
946 5785 1134 5839 tollunt
1157 5786 1304 5839 verbi
1330 5800 1507 5839 semen
1543 5801 1568 5838 θ
1595 5801 1749 5849 saxo,
1778 5801 1844 5839 ne
1880 5787 2034 5840 radi-

2125 4367 2213 4415 ter
2238 4361 2397 4432 quasi
2425 4360 2606 4414 bonus
2633 4359 2899 4429 agricola,
2931 4373 3192 4428 campum
3220 4362 3418 4423 tuum;
3446 4359 3506 4409 ut
3531 4363 3745 4424 pasean'

2127 4453 2220 4504 tur
2248 4449 2383 4520 agni
2413 4448 2516 4516 tui,
2553 4453 2607 4502 ct
2634 4451 2753 4501 sata
2788 4451 2888 4501 tua
2922 4446 3167 4500 ﬂoreant
3199 4446 3397 4514 (Prov.,
3439 4459 3586 4509 xxxv,
3615 4439 3685 4508 6).
3715 4458 3740 4486 ν

2127 4539 2249 4592 Non
2295 4537 2588 4591 auferatur
2615 4552 2681 4590 ex
2714 4552 2809 4590 ore
2851 4538 2947 4589 tuo
2991 4533 3266 4601 verbum;
3301 4551 3374 4589 ne
3414 4535 3561 4589 forte
3591 4527 3743 4595 factis

2126 4627 2295 4682 verba
2357 4642 2470 4680 non
2527 4627 2868 4696 congruant,
2927 4628 2982 4678 et
3045 4623 3368 4677 deforment
3434 4615 3743 4692 iniquitatis

2127 4733 2301 4787 opera
2333 4714 2719 4786 magisterium
2758 4712 3087 4784 disciplinae.
3127 4712 3362 4766 Tollitur
3390 4729 3455 4768 ex
3497 4726 3594 4763 ore
3624 4721 3740 4759 ver-

2128 4807 2286 4874 bum,
2319 4821 2450 4860 cum
2497 4804 2697 4858 dicitur
2738 4803 3018 4873 peccatori
3063 4819 3075 4856 :
3125 4823 3151 4849 ‹‹
3190 4803 3371 4865 Quare
3415 4805 3478 4855 tu
3522 4808 3744 4854 enarras

2121 4895 2375 4966 justitias
2403 4909 2558 4948 meas
2593 4895 2754 4961 (Psal.
2786 4907 2932 4960 χιιι,
2966 4892 3048 4961 16)
3065 4892 3092 4945 ?
3125 4911 3151 4942 ι)
3181 4893 3248 4945 Et
3275 4891 3395 4963 ipsa
3420 4882 3746 4945 obmutescit

2131 4983 2430 5050 facundia,
2489 4983 2533 5036 si
2596 4999 2743 5054 (egra
2795 4981 2867 5035 sit
2917 4980 3278 5034 conscientia.
3332 4980 3576 5033 Veniunt
3624 4984 3744 5025 aves

2130 5073 2284 5141 cmli;
2319 5073 2491 5128 etiam
2524 5072 2658 5142 ipsa:
2696 5071 2905 5126 tollunt
2943 5070 3178 5124 verbum
3219 5086 3286 5124 ex
3331 5086 3427 5124 ore
3475 5075 3591 5133 tuo,
3623 5075 3743 5133 qua:

2132 5163 2334 5217 tollunt
2359 5160 2514 5216 verbi
2545 5177 2737 5215 semen
2768 5177 2797 5214 e
2827 5177 2979 5227 saxo,
3012 5177 3083 5214 ne
3115 5159 3360 5214 fructum
3392 5157 3588 5213 atterat
3615 5153 3743 5221 (30)-

2131 5307 2236 5342 cem
2281 5291 2556 5353 habentes;
2607 5291 2725 5341 Vet.
2776 5289 2930 5350 edit.,
2985 5290 3215 5352 fructum
3267 5289 3522 5353 a/ferant;
3573 5284 3743 5334 Rom»

2131 5377 2224 5413 nec
2263 5364 2419 5414 etiam
2463 5362 2689 5424 fructum
2736 5361 2931 5423 ferant.
2976 5360 3086 5410 Sed
3139 5373 3268 5424 quas
3307 5356 3677 5431 resecavimus
3715 5360 3745 5397 θ

2135 5439 2288 5486 textu
2316 5435 2371 5484 in
2401 5434 2572 5484 nullis
2599 5434 2734 5484 Gall.
2765 5447 2896 5483 mss.
2927 5432 3184 5495 reperias.
3219 5432 3288 5481 Et
3323 5435 3472 5482 certe
3511 5426 3745 5491 penitius

2132 5505 2318 5554 locum
2350 5505 2682 5568 inspicienti,
2711 5517 2819 5553 non
2849 5502 3149 5553 obscurum
3191 5503 3356 5552 fuerit
3381 5499 3537 5551 scioli
3567 5495 3746 5570 cujug-

2134 5579 2281 5640 piam
2323 5563 2453 5626 esse
2488 5563 2875 5640 paraphrasim.
2909 5574 3034 5637 Quo
3068 5576 3238 5637 enim,
3269 5586 3479 5638 quasso,
3507 5583 3572 5618 ne
3611 5563 3748 5640 radi-

2133 5635 2240 5696 cem
2267 5635 2560 5697 habentes?
2584 5635 2714 5698 Nam
2753 5647 2903 5710 quod
2934 5635 3070 5695 mss.
3117 5635 3330 5710 aliquot
3368 5643 3576 5705 legunt,
3620 5635 3746 5710 αΙῙθῗ

2133 5723 2280 5775 rant,
2312 5718 2366 5768 id
2401 5717 2628 5782 quidem
2665 5719 2734 5768 ad
2768 5707 2963 5776 semen,
3005 5731 3132 5782 quas
3170 5707 3276 5769 vox
3321 5711 3609 5768 collectiva
3650 5707 3745 5762 est.

2135 5793 2320 5854 potest
2335 5789 2550 5841 referri.
