4082 6186
355 217 479 271 1345

1467 222 1804 280 ΕΧΡΟδΙΤΙρ
1842 226 1904 280 ιΝ
1948 224 2260 280 PSALMUM
2300 223 2523 277 CXVII].

3528 224 3660 278 1346

410 343 492 395 28.
542 341 694 394 Nunc
743 340 1162 396 consideremus
1212 349 1406 397 utrum
1455 345 1624 400 etiam
1671 364 1736 402 ex
1783 348 1932 403 corde
1959 360 2012 432 Α
2034 348 2164 402 data
2191 349 2489 416 angustam
2520 348 2577 398 et
2597 348 2808 399 arctam
2839 343 3101 415 graditur
3118 344 3292 412 viam,
3320 345 3576 400 ambulat
3601 347 3660 400 in

343 433 504 505 possit
551 433 760 488 auferri
810 434 1042 488 verbum
1085 436 1358 492 veritatis.
1407 439 1742 494 Radicatum
1794 447 1932 496 enim

342 525 572 580 verbum
599 532 765 598 atque
793 527 1146 598 depressum,
1169 532 1226 584 et
1246 529 1484 585 inﬁxum
1514 533 1798 588 mentibus
1826 552 1936 589 nos-

341 619 430 673 tris
472 619 701 674 difficile
745 621 960 676 auferri
1008 626 1209 692 potest.
1252 623 1502 695 Denique
1541 625 1753 681 dictum
1793 635 1874 682 est
1905 646 1937 683 a

339 712 569 767 Domino
599 729 613 767 :
649 735 674 761 «
703 714 885 776 Quare
912 720 974 768 tu
1006 731 1241 770 enarras
1262 716 1508 786 justitias
1541 734 1693 774 meas
1714 720 1742 774 ?
1770 742 1798 771 ››
1823 723 1934 776 Non

336 806 465 860 dixit
493 823 507 859 :
541 806 731 870 Quare
759 807 1018 878 cogitasti
1048 809 1295 878 justitias
1323 812 1517 866 meas?
1550 833 1578 861 «
1609 813 1675 867 Et
1711 815 1938 870 assumis

332 900 751 954 Testamentum
795 917 992 955 meum
1029 917 1135 973 per
1179 919 1242 958 os
1285 906 1445 959 tuum
1494 907 1721 975 (Ibid)?
1752 928 1778 955 ››
1827 908 1939 963 Non

334 991 464 1045 dixit
485 1011 498 1045 :
519 993 626 1047 Per
646 1010 740 1048 cor
760 999 948 1049 tuum.
969 995 1167 1052 Sermo
1188 997 1487 1053 cohibetur
1506 998 1727 1070 indigni
1747 1000 1945 1069 animi,

332 1102 438 1139 non
483 1086 798 1141 obstruitur
845 1089 1206 1160 poenitentia;
1254 1091 1619 1147 insolentiam
1660 1093 1946 1164 prohibet,

333 1194 438 1234 non
460 1179 714 1235 excludit
739 1182 1174 1238 correctionem.
1199 1184 1522 1240 Cavendum
1547 1188 1747 1241 tamen
1772 1191 1856 1242 est
1878 1203 1948 1242 ne

328 1275 380 1326 et
411 1273 531 1343 ipsa
569 1273 812 1328 interius
841 1275 1014 1330 corda
1049 1276 1373 1346 turbentur,
1408 1285 1464 1332 et
1500 1277 1754 1334 oﬂ'undat
1788 1285 1942 1336 tene-

329 1365 449 1420 bras
492 1367 734 1435 malitia,
779 1373 839 1424 ut
882 1385 982 1423 cor
1027 1369 1186 1425 vanis
1227 1371 1664 1442 cogitationibus
1701 1373 1947 1428 obcaeca-

326 1464 436 1513 tum
465 1460 650 1515 lucem
686 1461 935 1516 veritatis
961 1462 1207 1530 amittat,
1239 1464 1640 1537 fulgoremque
1667 1466 1823 1522 verbi
1847 1484 1942 1522 ca-

326 1568 448 1624 pere
476 1569 598 1608 non
627 1555 829 1626 possit.
870 1555 926 1609 Si
967 1555 1147 1627 igitur
1171 1557 1345 1613 David
1384 1565 1528 1628 orat,
1562 1575 1634 1615 ne
1660 1561 1947 1616 auferatur

327 1663 385 1700 ex
421 1663 516 1702 ore
548 1663 653 1702 suo
693 1649 955 1717 verbum,
994 1652 1052 1704 et
1079 1650 1126 1704 si
1155 1650 1464 1722 auferatur,
1495 1669 1608 1707 non
1638 1669 1943 1725 usquequa-

325 1756 432 1809 que,
463 1740 520 1794 id
549 1746 660 1810 est,
690 1758 807 1797 non
834 1743 1085 1814 penitus,
1114 1744 1432 1814 auferatur;
1462 1746 1588 1817 quis
1620 1750 1810 1802 tantus
1839 1754 1940 1818 est,
1965 1726 2019 1798 Β

326 1833 411 1903 qui
438 1833 495 1888 in
521 1837 806 1904 potestate
833 1852 931 1890 sua
956 1836 1198 1908 gratiam
1220 1837 1622 1909 disputationis
1644 1855 1766 1895 esse
1792 1857 1943 1896 com-

325 1932 612 1994 memoret,
664 1929 983 1999 praesertim
1025 1930 1072 1984 si
1110 1931 1225 1986 vita
1266 1932 1590 2003 redarguat,
1623 1934 1778 2004 quod
1815 1933 1944 1990 doc-

327 2020 457 2074 trina
476 2028 794 2092 praesumat
814 2026 870 2078 et
879 2023 1098 2094 judicio
1121 2024 1218 2080 Dei
1239 2025 1572 2081 damnanda
1591 2028 1944 2083 committat?

327 2114 369 2167 ls
403 2114 550 2168 enim
589 2115 697 2186 qui
741 2117 800 2170 in
837 2116 1064 2187 judiciis
1109 2117 1205 2172 Dei
1244 2123 1450 2188 sperat,
1487 2135 1709 2175 servare
1753 2125 1945 2192 potest

326 2207 534 2262 verbum
567 2209 857 2279 veritatis;
888 2210 1023 2282 quia
1053 2210 1192 2266 dum
1221 2215 1452 2266 veretur
1478 2228 1728 2283 pinnam,
1755 2218 1938 2270 custo-

329 2299 394 2353 dit
419 2302 686 2371 gratiam.

383 2396 459 2448 29.
502 2396 686 2458 (Vers.
729 2397 842 2462 44.)
885 2397 1130 2468 Ideoque
1167 2398 1247 2452 ait
1285 2415 1298 2453 :
1332 2400 1403 2454 Et
1432 2400 1736 2455 custodiam
1779 2401 1942 2470 legem

337 2492 455 2540 tuam
482 2503 721 2558 semper,
747 2491 806 2542 in
829 2496 1112 2554 aeternum,
1138 2497 1188 2546 et
1217 2494 1282 2546 in
1303 2493 1562 2548 saeculum
1589 2494 1790 2548 saeculi.
1819 2495 1940 2550 Duo

343 2579 460 2648 dixit,
492 2598 635 2636 cum
667 2599 850 2636 unum
889 2583 1022 2638 satis
1061 2601 1181 2639 esse
1219 2591 1429 2656 posset,
1458 2587 1505 2640 si
1536 2602 1720 2642 unum
1757 2587 1938 2659 signi-

351 2671 471 2728 ﬁcare
499 2675 803 2732 voluisset.
851 2676 958 2730 Sed
995 2678 1134 2748 quia
1178 2695 1292 2733 non
1339 2679 1525 2734 solum
1568 2679 1625 2733 in
1676 2681 1938 2751 praesenti

346 2765 436 2819 vita
457 2767 633 2839 hujus
663 2773 944 2839 tempore,
974 2771 1070 2825 sed
1102 2772 1274 2828 etiam
1299 2773 1360 2828 in
1387 2773 1580 2828 futuro
1615 2777 1744 2846 post
1769 2774 1938 2844 hujus

338 2858 432 2914 vita
466 2862 830 2918 curriculum
869 2864 1238 2920 custodienda
1268 2867 1356 2920 lex
1396 2867 1774 2937 promittitur;
1805 2868 1936 2923 ideo

331 2952 535 3008 arbitror
584 2957 729 3026 quia
775 2961 833 3010 et
880 2958 1191 3012 secundum
1240 2975 1336 3013 eos
1378 2961 1476 3031 qui
1525 2963 1837 3034 exemplari
1878 2965 1938 3016 et

329 3047 511 3102 umbrae
539 3049 803 3104 serviunt
833 3051 1145 3106 caelestium
1176 3057 1232 3107 et
1266 3054 1579 3109 secundum
1615 3072 1715 3110 eos
1743 3056 1842 3126 qui
1873 3056 1933 3111 in

326 3142 624 3196 coelestibus
659 3143 754 3197 siti
791 3145 1104 3199 secundum
1138 3161 1330 3200 veram
1368 3147 1557 3218 legem
1596 3149 1779 3203 cultus
1818 3152 1933 3204 Deo

326 3231 584 3304 deferunt,
625 3236 922 3306 pollicetur
947 3237 1053 3293 sibi
1079 3254 1199 3294 esse
1224 3240 1552 3310 vivendum,
1580 3245 1643 3296 ut
1670 3245 1728 3297 et
1755 3243 1848 3297 hic
1877 3247 1936 3297 et

326 3324 385 3379 ibi
417 3328 612 3399 legem
639 3330 940 3386 custodiat.
979 3332 1074 3386 Hic
1113 3333 1170 3386 in
1211 3335 1548 3405 exemplari,
1581 3335 1640 3390 in
1680 3338 1930 3407 speculo,

321 3418 368 3472 in
391 3422 734 3493 enigmata;
769 3423 882 3478 illic
913 3425 972 3478 in
1000 3426 1121 3496 ipsa
1151 3426 1292 3482 facie
1323 3428 1595 3483 veritatis.

1956 3096 2010 3171 C

2036 440 2351 494 latitudine.
2393 439 2552 494 Unde
2593 438 2834 507 legimus
2873 455 2886 490 :
2932 459 2959 487 ‹‹
3001 439 3063 491 In
3101 438 3465 493 tribulatione
3516 439 3659 493 dila-

2037 535 2168 588 tasti
2201 533 2340 587 mihi
2375 533 2541 600 (Psal.
2573 548 2644 598 ιν,
2675 534 2753 597 2).
2785 553 2813 580 ››
2845 532 2910 584 Et
2937 530 3073 585 alibi
3103 547 3116 584 :
3151 552 3180 578 ‹‹
3209 531 3270 585 ln
3297 530 3661 586 tribulatione

2038 627 2285 681 invocavi
2335 625 2661 692 Dominum,
2710 628 2771 678 et
2811 623 3095 678 exaudivit
3134 639 3226 677 me
3266 623 3325 678 in
3368 624 3665 678 latitudine

2040 721 2210 786 (Psal.
2237 735 2396 787 cxvu,
2422 722 2495 784 5).
2519 739 2547 768 »
2571 717 2812 788 Sapiens
2832 717 2988 771 enim
3013 715 3073 771 in
3101 716 3286 772 cordis
3309 715 3394 771 sui
3414 716 3668 771 ambulat

2039 812 2386 878 innocentia,
2409 814 2466 867 et
2493 811 2562 866 de
2593 811 2718 881 ejus
2741 809 2900 866 fonte
2930 809 3287 880 superﬂuunt
3313 825 3478 881 aquae
3499 825 3668 880 super

2039 906 2162 976 ejus
2188 906 2422 976 plateas,
2451 904 2550 975 qui
2579 907 2830 960 mentem
2867 920 3030 958 suam
3065 919 3181 959 non
3213 903 3362 959 intra
3393 919 3663 974 corpora-

2039 998 2118 1053 lia
2144 1001 2201 1053 et
2231 1003 2460 1053 terrena
2494 995 2797 1065 concludit,
2831 997 2930 1051 sed
2967 995 3162 1067 dirigit
3195 998 3264 1051 ad
3301 996 3565 1066 coelestia,
3605 1001 3670 1050 ut

2040 1091 2389 1146 conversatio
2427 1089 2548 1160 ejus
2577 1090 2634 1144 in
2675 1087 2816 1144 ccelo
2859 1089 2950 1143 sit.
2989 1088 3136 1145 Audi
3164 1089 3348 1145 nullas
3377 1088 3668 1160 angustias

2041 1185 2381 1240 sentientem
2425 1200 2438 1237 :
2486 1204 2513 1232 «
2561 1185 2906 1251 Pressuram,
2958 1183 3166 1254 inquit,
3221 1183 3512 1253 patimur;
3564 1183 3666 1236 sed

2042 1284 2412 1350 angustamur
2444 1278 2510 1344 (ll
2553 1279 2694 1339 Cor.,
2737 1292 2809 1342 iv,
2845 1278 2922 1343 9).
2973 1297 3000 1325 n
3046 1277 3111 1330 Et
3155 1275 3447 1346 quomodo
3489 1291 3665 1330 coan-

2042 1372 2251 1443 gustari
2290 1374 2530 1441 poterat,
2569 1369 2730 1440 cujus
2769 1385 2831 1424 os
2872 1385 3104 1440 semper
3142 1369 3374 1440 patebat
3414 1370 3482 1436 (ll
3515 1369 3662 1430 Cain,

2045 1483 2110 1532 v1,
2156 1469 2274 1534 ll);
2303 1480 2374 1519 ne
2408 1462 2701 1518 credentes
2743 1463 3218 1518 coarctarentur?
3255 1464 3376 1532 lpse
3416 1468 3668 1533 exponat

2043 1558 2177 1630 quid
2219 1557 2292 1612 sit
2330 1556 2550 1629 ingredi
2584 1557 2645 1612 in
2682 1556 3006 1612 latitudine.
3042 1555 3180 1610 Dicit
3217 1555 3372 1610 enim
3407 1573 3420 1610 :
3457 1576 3485 1604 «
3525 1555 3665 1619 Quia

2045 1651 2141 1706 etsi
2179 1667 2381 1722 corpus
2413 1653 2781 1720 angustatum
2817 1655 2922 1717 est,
2953 1665 3049 1705 cor
3076 1651 3334 1703 nostrum
3362 1648 3665 1703 dilatatam

2045 1749 2141 1801 est.
2169 1747 2290 1800 Non
2319 1743 2700 1816 angustamini
2737 1744 2799 1798 in
2841 1743 3034 1810 nobis;
3075 1742 3442 1798 coarctamini
3470 1745 3665 1797 autem

2045 1838 2100 1894 in
2130 1838 2434 1895 visceribus
2462 1837 2682 1893 vestris.
2711 1837 2897 1906 (Ib-id,
2932 1840 3018 1905 ll,
3050 1839 3158 1906 l2).
3190 1859 3218 1887 ››

2115 1935 2198 1988 32.
2244 1931 2610 2003 Coangustari
2651 1931 2712 1986 in
2757 1931 2928 1986 Paulo
2969 1946 3084 1987 non
3124 1933 3409 2000 poterant,
3453 1930 3513 1984 in
3549 1946 3664 2001 quo

2043 2028 2164 2080 erat
2191 2025 2428 2081 altitudo
2457 2024 2770 2095 sapientiae,
2809 2029 2866 2078 et
2903 2023 3036 2080 ﬁdei
3072 2023 3328 2078 latitudo.
3367 2023 3665 2087 Quomodo

2042 2119 2194 2174 enim
2220 2122 2484 2190 poterant
2511 2117 2788 2174 coarctari
2818 2117 2876 2171 in
2911 2133 3002 2184 eo,
3035 2116 3133 2188 qui
3159 2121 3280 2172 erat
3314 2133 3407 2171 vas
3434 2117 3664 2171 electio-

2043 2214 2130 2267 nis
2156 2214 2420 2268 aeternae?
2449 2212 2558 2268 Sed
2585 2215 2911 2267 coarctatur
2936 2211 2996 2265 in
3020 2210 3374 2282 semetipsis;
3404 2211 3540 2282 quia
3566 2211 3667 2266 im-

2042 2307 2249 2379 probus
2272 2306 2332 2362 in
2359 2323 2416 2361 se
2446 2306 2570 2377 ipso
2595 2305 3006 2372 coarctabatur,
3039 2304 3274 2359 malitias
3305 2320 3422 2359 suae
3448 2303 3666 2375 laqueis

2042 2401 2440 2472 strangulatus.
2471 2399 2758 2457 Constitue
2783 2397 2928 2453 mihi
2953 2413 3208 2466 avarum,
3235 2397 3501 2452 villarum
3529 2414 3665 2468 quo-

2040 2494 2176 2549 tidie
2217 2494 2486 2550 terminos
2525 2493 2932 2564 proferentem,
2971 2491 3367 2546 excludentem
3407 2491 3660 2560 vicinos;

2038 2591 2230 2642 utrum
2276 2587 2322 2641 is
2369 2587 2470 2642 tibi
2525 2586 2781 2654 dilatari,
2831 2602 2949 2640 non
2990 2585 3350 2656 coangustari
3399 2585 3661 2651 videtur,
3734 2647 3740 2652 _

2039 2696 2210 2750 quem
2244 2685 2395 2735 terra
2429 2680 2552 2750 ipsa
2589 2695 2708 2734 non
2747 2679 2933 2749 capit?
2973 2678 3448 2750 Quantacumque
3487 2679 3666 2749 spatia

2038 2774 2235 2828 domus
2278 2789 2394 2828 suae
2438 2772 2784 2843 porrexerit,
2823 2771 3104 2826 clauditur
3145 2773 3404 2842 angustis
3447 2772 3666 2842 opinio-

2037 2867 2124 2922 nis
2161 2883 2278 2922 suae
2315 2866 2541 2934 ﬁnibus,
2581 2865 2670 2920 cui
2711 2864 2864 2936 quod
2897 2865 3071 2920 habet
3097 2881 3215 2919 non
3253 2869 3340 2919 est
3368 2865 3522 2918 satis.
3555 2866 3664 2920 Sed

2036 2977 2152 3016 non
2191 2961 2316 3016 talis
2357 2965 2460 3031 est,
2492 2961 2590 3032 qui
2630 2961 2814 3030 potest
2856 2957 3044 3014 dicere
3086 2975 3098 3012 :
3133 2961 3203 3014 Et
3230 2959 3579 3027 ingrediebar
3604 2962 3661 3012 in

2037 3055 2346 3110 latitudine.
2383 3053 2613 3109 Addidit
2651 3053 2824 3107 etiam
2865 3067 3090 3108 causam
3119 3069 3132 3107 :
3163 3053 3304 3120 Quia
3336 3054 3662 3112 testimonia,
3700 3059 3704 3068 ‘

2035 3148 2236 3219 inquit,
2270 3153 2364 3202 tua
2389 3149 2674 3218 emquisivi.

2106 3245 2192 3296 33.
2232 3243 2407 3312 (Vers.
2449 3242 2562 3309 46.)
2591 3243 2662 3295 Et
2699 3241 2958 3310 loquebar
3001 3243 3060 3293 in
3099 3242 3419 3295 testimoniis
3463 3243 3572 3295 tuis
3607 3243 3663 3296 in

2032 3341 2312 3406 conspectu
2339 3351 2543 3403 regum,
2572 3341 2621 3389 et
2652 3349 2756 3389 non
2782 3333 3179 3401 confundebar.
3205 3334 3374 3388 Grate
3398 3335 3664 3388 convenit

2031 3429 2135 3484 ista
2161 3445 2262 3483 vox
2296 3428 2554 3500 martyri,
2594 3429 2714 3499 qui,
2755 3431 2982 3482 vocatus
3017 3427 3091 3481 ad
3130 3427 3515 3499 sacrilegium,
3557 3445 3659 3483 ex-

379 3517 455 3568 30.
483 3517 792 3572 Possumus
822 3522 880 3572 et
919 3517 1062 3573 illud
1094 3519 1444 3592 intelligere;
1487 3523 1621 3592 quia
1646 3528 1726 3578 διὰ
1763 3530 1934 3586 παντὸς
2032 3523 2430 3593 probrantibus
2473 3523 2579 3576 sibi
2625 3521 2856 3593 regibus
2906 3520 3240 3576 cruciﬁxum
3283 3522 3497 3588 Jesum,
3543 3538 3659 3577 non

320 3621 412 3660 non
453 3609 645 3664 solum
687 3610 743 3664 id
781 3611 1061 3681 signiﬁcat
1104 3613 1259 3684 quod
1308 3615 1515 3670 dicitur
1560 3631 1785 3686 semper,
1834 3616 1931 3672 sed
2031 3616 2425 3683 erubescebat,
2449 3616 2550 3670 sed
2571 3616 2760 3685 magis
2787 3613 3216 3686 gloriabaturin
3247 3631 3413 3670 cruce
3432 3615 3658 3684 Christi,

319 3699 469 3755 etiam
503 3703 563 3756 id
602 3703 777 3774 quod,
805 3721 906 3774 per
939 3709 1145 3777 omnia;
1179 3707 1312 3778 quia
1343 3708 1437 3763 ille
1473 3725 1574 3779 per
1601 3710 1793 3764 omnia
1823 3710 1927 3765 Le-
2033 3713 2089 3763 et
2117 3709 2275 3764 illam
2307 3709 2510 3764 mundi
2539 3709 2784 3764 salutem
2824 3724 2945 3763 esse
2975 3707 3314 3763 testimoniis
3339 3708 3659 3763 coelestibus

320 3809 431 3862 gem
465 3796 734 3866 custodit,
778 3799 876 3869 qui
919 3816 1048 3853 cum
1088 3801 1160 3856 sit
1204 3801 1463 3856 eruditus
1506 3802 1566 3856 in
1614 3805 1781 3874 Lege,
1825 3803 1928 3857 sub
2028 3803 2331 3857 astruebat.
2381 3803 2488 3857 Hos
2529 3805 2690 3856 vocat
2727 3801 2981 3854 Christus
3021 3800 3080 3854 in
3125 3801 3339 3871 Sponsa
3377 3801 3569 3856 dicens
3599 3801 3655 3854 in

319 3885 423 3957 lege
450 3893 644 3957 natus,
673 3895 728 3946 et
757 3907 930 3962 supra
957 3894 1149 3964 legem
1187 3894 1505 3950 devotionis
1537 3913 1654 3951 suae
1686 3897 1932 3967 gradum
2029 3896 2273 3950 Canticis
2308 3895 2665 3951 canticorum
2697 3911 2710 3949 :
2747 3914 2774 3944 «
2809 3895 2876 3949 Et
2912 3893 3041 3948 veni
3077 3899 3162 3961 tu,
3199 3893 3464 3948 columba
3507 3909 3658 3961 mea,

319 3994 664 4050 promovens,
695 3984 971 4040 liberatur
996 4003 1030 4040 a
1062 3987 1189 4058 lege
1218 3987 1490 4056 (Christus
1516 3989 1673 4045 enim
1701 4006 1806 4044 nos
1837 4007 1925 4045 re-
2028 3989 2087 4044 in
2117 3992 2452 4060 tegumento
2485 3995 2681 4061 patrie,
2709 3988 2877 4058 juxta
2913 3986 3415 4058 prasmunitionem
3449 3988 3660 4058 (Cant.,

318 4071 475 4130 demit
501 4094 535 4131 a
573 4077 874 4132 maledicto
903 4079 1062 4150 legis)
1091 4096 1208 4135 non
1238 4081 1358 4136 sine
1387 4083 1514 4153 lege
1545 4084 1654 4152 (31)
1686 4083 1801 4150 Dei,
1829 4084 1925 4138 sed
2030 4099 2086 4151 ιι,
2117 4084 2223 4152 14);
2252 4102 2280 4135 ››
2311 4085 2420 4138 hoc
2442 4090 2544 4151 est,
2574 4082 2698 4138 veni
2719 4082 2884 4154 juxta
2909 4081 3302 4152 Evangelium.
3326 4083 3661 4152 Propugna-

317 4164 364 4220 in
399 4169 520 4241 lege
566 4170 745 4225 factus
783 4176 870 4226 est
906 4173 1148 4243 Christi;
1190 4177 1292 4229 aut
1329 4179 1482 4231 certe
1523 4177 1570 4229 si
1602 4192 1704 4247 per
1734 4177 1928 4232 omnia
2028 4176 2154 4231 cula
2181 4176 2318 4232 ﬁdei
2348 4181 2459 4232 tua:
2489 4179 2648 4248 gesta
2673 4181 2808 4231 sunt
2838 4175 3080 4242 Christi;
3112 4174 3263 4230 muri
3293 4175 3378 4229 tui
3411 4174 3660 4230 subsidia

315 4258 485 4332 legem
530 4265 940 4333 custodiamus,
984 4267 1031 4322 si
1078 4267 1401 4338 legitimam
1443 4270 1706 4341 pueritiae
1753 4275 1926 4343 atque
2026 4271 2200 4325 verba
2243 4275 2374 4326 sunt
2407 4269 2627 4326 Domini
2665 4287 2679 4325 :
2723 4267 2910 4340 passio
2948 4267 3225 4324 Dominici
3267 4268 3519 4340 corporis
3565 4271 3660 4323 tua

314 4355 690 4414 adolescentiae
744 4358 1136 4430 disciplinam,
1184 4362 1498 4432 juventutis
1541 4365 1920 4420 conversatio-

2029 4364 2206 4419 virtus
2240 4367 2343 4419 est.
2374 4385 2403 4413 ‹‹
2431 4363 2680 4418 Ostende
2708 4362 2851 4417 mihi
2884 4363 3089 4416 faciem
3124 4365 3306 4429 tuam,
3338 4367 3394 4416 et
3436 4361 3660 4417 insinua

317 4463 452 4517 nem,
479 4451 789 4508 senectutis
814 4454 1231 4522 maturitatem,
1254 4457 1659 4529 tramitemque
1685 4458 1924 4529 singulis
1943 4464 2001 4536 D
2023 4473 2216 4512 vocem
2249 4463 2444 4525 tuam;
2472 4457 2604 4528 quia
2639 4473 2747 4511 vox
2777 4459 2876 4510 tua
2912 4455 3093 4510 suavis
3123 4459 3228 4523 est,
3263 4461 3320 4508 et
3358 4455 3528 4510 facies
3561 4460 3658 4510 tua

317 4545 693 4617 praescriptum
718 4546 976 4602 aetatibus
1001 4563 1368 4620 nequaquam
1396 4551 1526 4606 vitae
1553 4554 1764 4606 nostra
1790 4568 1926 4608 usus

318 4638 552 4694 excedat.
610 4639 882 4696 Similiter
925 4641 1096 4697 etiam
1148 4643 1360 4698 animus
1402 4649 1613 4699 nostrae
1664 4646 1924 4718 quaedam

321 4743 426 4785 esse
453 4733 721 4788 videntur
748 4736 960 4804 aetates,
989 4751 1091 4806 per
1121 4752 1260 4809 quas
1289 4738 1575 4810 percurrit
1605 4743 1662 4793 et
1692 4739 1921 4806 transit;

321 4827 374 4875 ut
406 4826 577 4895 possit
613 4826 840 4883 dicere:
881 4850 909 4877 ‹‹
940 4830 1180 4884 Cursum
1225 4833 1613 4887 consummavi
1653 4833 1718 4902 (ll
1763 4836 1921 4896 Tim.,

320 4929 385 4983 iv,
410 4923 480 4986 7).
517 4942 545 4970 ››
577 4918 838 4995 1042
876 4923 1134 4994 Denique
1167 4924 1376 4981 animle
1414 4929 1548 4981 aetas
1589 4931 1672 4981 est
1702 4925 1818 4993 illa,
1855 4926 1925 4983 de

323 5023 419 5078 qua
445 5012 690 5071 dicitur:
728 5035 757 5068 ai
787 5017 854 5070 Et
889 5020 1030 5072 retas
1059 5019 1360 5073 senectutis
1399 5019 1514 5073 vita
1554 5019 1927 5075 immaculata

324 5101 480 5175 (δορυ
507 5123 579 5190 ιτ,
611 5110 689 5176 9).
725 5130 754 5160 n
784 5111 891 5165 Per
917 5110 1114 5166 omnia
1148 5127 1285 5184 ergo
1313 5112 1500 5184 legem
1527 5113 1795 5180 custodit,
1826 5114 1924 5184 qui

322 5197 449 5252 etin
476 5200 566 5255 his
601 5203 854 5274 corporis
883 5205 1064 5259 nostri
1097 5205 1376 5274 aetatibus,
1405 5209 1463 5263 et
1487 5206 1547 5262 in
1580 5207 1689 5261 illis
1713 5206 1925 5262 anima:

325 5295 509 5348 nostrae
537 5297 891 5366 processibus
920 5315 1040 5353 non
1069 5298 1306 5354 deviarit
1331 5316 1364 5353 a
1391 5300 1537 5371 lege.

382 5387 462 5440 3t.
520 5388 693 5456 (Vers.
755 5391 868 5460 45.)
930 5387 1002 5446 Et
1063 5393 1410 5463 ingrediebar
1473 5396 1532 5448 in
1594 5394 1923 5459 latitudine;

323 5479 438 5544 quia
472 5486 768 5540 testimonia
807 5490 905 5541 tua
943 5489 1228 5556 exquisivi.
1267 5487 1372 5551 Qui
1415 5489 1733 5544 secundum
1771 5504 1927 5544 man-

371 5626 456 5705 βι)
493 5629 697 5705 Omnes
739 5632 895 5696 edit.,
937 5648 974 5684 α
1009 5633 1130 5698 lege.
1174 5633 1413 5688 Christus
1459 5637 1600 5687 enim
1640 5649 1734 5687 nos
1775 5636 1926 5687 rede-

328 5702 406 5747 mit
427 5715 458 5774 a
482 5702 749 5756 maledicto
787 5705 911 5771 legis
939 5720 954 5754 :
978 5711 1024 5756 et
1065 5707 1182 5758 ideo
1215 5719 1325 5758 non
1363 5708 1477 5759 sine
1520 5709 1644 5774 legs,
1677 5713 1784 5759 etc.
1816 5708 1925 5760 Sed

330 5773 665 5837 Praeterquam
689 5777 840 5840 quod
869 5782 914 5826 et
941 5777 1056 5827 ideo
1081 5778 1135 5828 in
1159 5779 1377 5830 cunctis
1403 5792 1534 5830 mss.
1565 5773 1923 5842 desideratur,

2026 4551 2263 4622 pulchra
2288 4552 2495 4620 (lbid.).
2528 4573 2557 4602 ››
2586 4549 2786 4605 Suavis
2815 4554 2899 4604 est
2926 4565 3049 4616 vox,
3083 4547 3220 4619 quia
3247 4564 3346 4604 ore
3376 4549 3656 4604 confessio

2027 4645 2091 4698 ﬁt
2115 4644 2186 4699 ad
2211 4643 2480 4710 salutem;
2511 4649 2568 4698 et
2603 4643 2810 4698 decora
2834 4642 3030 4710 facies,
3069 4658 3197 4713 qua:
3231 4658 3346 4697 non
3374 4641 3658 4696 erubescit

2026 4741 2351 4804 Auctorem,
2391 4753 2505 4792 non
2549 4736 2924 4792 confunditur
2951 4736 3414 4808 Redemptorem.
3455 4736 3651 4790 Osten-

2025 4832 2109 4886 dit
2156 4847 2295 4902 ergo
2339 4830 2539 4885 faciem
2587 4847 2771 4900 suam,
2815 4830 3173 4901 signaculum
3219 4828 3400 4884 crucis
3443 4827 3651 4898 praefe-

2026 4941 2194 4991 rens;
2234 4930 2290 4978 et
2326 4923 2579 4979 insinuat
2613 4940 2813 4979 vocem
2854 4939 3035 4992 suam,
3077 4922 3473 4978 auctoritatem
3505 4937 3653 4991 prae-

2025 5017 2320 5072 dicationis
2361 5033 2675 5073 assumens.
2725 5020 2786 5073 In
2831 5020 3162 5088 tegumento
3201 5013 3356 5068 enim
3394 5014 3654 5084 corporis

2024 5111 2250 5178 Christi,
2278 5127 2392 5182 quo
2429 5112 2724 5182 redempta
2753 5114 2839 5165 est
2866 5127 2898 5164 a
2935 5115 3185 5180 peccato,
3227 5105 3654 5162 munimentum

2028 5205 2228 5276 gratia:
2259 5204 2527 5276 spiritalis
2557 5203 2790 5272 invenit,
2824 5207 2884 5258 ut
2922 5201 3192 5256 salutaria
3222 5198 3327 5254 sibi
3355 5203 3412 5253 et
3450 5199 3656 5256 sentiat

2026 5304 2082 5354 et
2111 5299 2400 5370 loquatur.
2445 5297 2640 5353 Suavis
2678 5312 2814 5368 ergo
2846 5312 2950 5350 vox
2985 5310 3114 5366 quae
3155 5294 3213 5347 in
3257 5293 3462 5348 divinis
3495 5293 3652 5348 testi-

2026 5391 2232 5448 moniis
2258 5392 2622 5463 loquebatur;
2651 5389 2859 5446 decora
2883 5387 3077 5455 facies,
3105 5403 3232 5459 quas
3261 5387 3320 5443 in
3346 5392 3654 5458 conspectu

2027 5502 2233 5557 regum
2264 5502 2382 5540 non
2407 5483 2882 5540 confundebatur.

2028 5635 2213 5685 minus
2235 5632 2338 5685 sibi
2367 5631 2609 5685 cohaeret
2642 5631 2813 5684 series
2847 5633 3147 5692 orationis;
3185 5632 3450 5696 quocirca
3491 5630 3655 5682 lectio

2027 5720 2159 5756 mss.
2191 5707 2370 5769 potior
2397 5706 2514 5755 visa
2540 5709 2641 5754 est.
