  <div class='ocr_page' id='page_1' title='image "/cluster/home/n/w/nwhite01/storage/ocr_20150623/15/hvd.32044048207278/055.png"; bbox 0 0 3958 6166; ppageno 0'>
   <div class='ocr_carea' id='block_1_1' title="bbox 346 261 481 314">
    <p class='ocr_par' dir='ltr' id='par_1_1' title="bbox 346 261 481 314">
     <span class='ocr_line' id='line_1_1' title="bbox 346 261 481 314; baseline -0.015 0"><span class='ocrx_word' id='word_1_1' title='bbox 346 261 481 314; x_wconf 70' lang='grc'>4347</span> 
     </span>
    </p>
   </div>
   <div class='ocr_carea' id='block_1_2' title="bbox 1833 265 2214 321">
    <p class='ocr_par' dir='ltr' id='par_1_2' title="bbox 1833 265 2214 321">
     <span class='ocr_line' id='line_1_2' title="bbox 1833 265 2214 321; baseline 0 -3"><span class='ocrx_word' id='word_1_2' title='bbox 1833 265 1888 318; x_wconf 83' lang='grc'>8.</span> <span class='ocrx_word' id='word_1_3' title='bbox 1921 265 2011 320; x_wconf 81' lang='grc' dir='ltr'>ΑΜ</span> <span class='ocrx_word' id='word_1_4' title='bbox 2020 265 2214 321; x_wconf 64' lang='grc' dir='ltr'>ΒΒΟΒΪΙ</span> 
     </span>
    </p>
   </div>
   <div class='ocr_carea' id='block_1_3' title="bbox 3545 257 3681 310">
    <p class='ocr_par' dir='ltr' id='par_1_3' title="bbox 3545 257 3681 310">
     <span class='ocr_line' id='line_1_3' title="bbox 3545 257 3681 310; baseline 0 -1"><span class='ocrx_word' id='word_1_5' title='bbox 3545 257 3681 310; x_wconf 68' lang='grc'>1348</span> 
     </span>
    </p>
   </div>
   <div class='ocr_carea' id='block_1_4' title="bbox 416 359 3687 471">
    <p class='ocr_par' dir='ltr' id='par_1_4' title="bbox 416 359 3687 471">
     <span class='ocr_line' id='line_1_4' title="bbox 416 359 3687 471; baseline -0.002 -36"><span class='ocrx_word' id='word_1_6' title='bbox 416 379 672 453; x_wconf 78' lang='grc'>1043</span> <span class='ocrx_word' id='word_1_7' title='bbox 702 383 789 436; x_wconf 72' lang='grc'>34.</span> <span class='ocrx_word' id='word_1_8' title='bbox 819 382 1123 435; x_wconf 85' lang='lat' dir='ltr'>Possumus</span> <span class='ocrx_word' id='word_1_9' title='bbox 1163 387 1218 437; x_wconf 88' lang='lat' dir='ltr'>et</span> <span class='ocrx_word' id='word_1_10' title='bbox 1255 383 1380 437; x_wconf 91' lang='lat' dir='ltr'>illos</span> <span class='ocrx_word' id='word_1_11' title='bbox 1421 399 1586 454; x_wconf 87' lang='lat' dir='ltr'>reges</span> <span class='ocrx_word' id='word_1_12' title='bbox 1624 385 1966 456; x_wconf 80' lang='lat' dir='ltr'>intelligere,</span> <span class='ocrx_word' id='word_1_13' title='bbox 1993 389 2198 471; x_wconf 80' lang='lat' dir='ltr'>Atine,</span> <span class='ocrx_word' id='word_1_14' title='bbox 2235 385 2339 440; x_wconf 87' lang='lat' dir='ltr'>duc</span> <span class='ocrx_word' id='word_1_15' title='bbox 2386 390 2465 451; x_wconf 82' lang='lat' dir='ltr'>te;</span> <span class='ocrx_word' id='word_1_16' title='bbox 2511 381 2646 437; x_wconf 84' lang='lat' dir='ltr'>alibi</span> <span class='ocrx_word' id='word_1_17' title='bbox 2685 380 2988 450; x_wconf 81' lang='lat' dir='ltr'>signiﬁcat,</span> <span class='ocrx_word' id='word_1_18' title='bbox 3037 378 3159 433; x_wconf 86' lang='lat' dir='ltr'>huc.</span> <span class='ocrx_word' id='word_1_19' title='bbox 3201 377 3347 442; x_wconf 85' lang='lat' dir='ltr'>Quid</span> <span class='ocrx_word' id='word_1_20' title='bbox 3389 377 3505 431; x_wconf 88' lang='lat' dir='ltr'>sibi</span> <span class='ocrx_word' id='word_1_21' title='bbox 3551 359 3687 431; x_wconf 86' lang='lat' dir='ltr'>velit</span> 
     </span>
    </p>
   </div>
   <div class='ocr_carea' id='block_1_5' title="bbox 343 473 1964 547">
    <p class='ocr_par' dir='ltr' id='par_1_5' title="bbox 343 473 1964 547">
     <span class='ocr_line' id='line_1_5' title="bbox 343 473 1964 547; baseline 0.005 -22"><span class='ocrx_word' id='word_1_22' title='bbox 343 474 548 544; x_wconf 83' lang='lat' dir='ltr'>quibus</span> <span class='ocrx_word' id='word_1_23' title='bbox 574 473 779 528; x_wconf 90' lang='lat' dir='ltr'>dicitur</span> <span class='ocrx_word' id='word_1_24' title='bbox 801 491 832 527; x_wconf 90' lang='lat' dir='ltr'>a</span> <span class='ocrx_word' id='word_1_25' title='bbox 855 476 1020 528; x_wconf 88' lang='lat' dir='ltr'>Petro</span> <span class='ocrx_word' id='word_1_26' title='bbox 1043 493 1056 529; x_wconf 89' lang='lat'><strong>:</strong></span> <span class='ocrx_word' id='word_1_27' title='bbox 1090 496 1118 523; x_wconf 88' lang='grc'>‹‹</span> <span class='ocrx_word' id='word_1_28' title='bbox 1143 477 1248 529; x_wconf 90' lang='lat' dir='ltr'>Vos</span> <span class='ocrx_word' id='word_1_29' title='bbox 1273 481 1467 530; x_wconf 90' lang='lat' dir='ltr'>autem</span> <span class='ocrx_word' id='word_1_30' title='bbox 1487 484 1674 547; x_wconf 77' lang='lat' dir='ltr'>genus</span> <span class='ocrx_word' id='word_1_31' title='bbox 1701 479 1964 546; x_wconf 91' lang='lat' dir='ltr'>electum,</span> 
     </span>
    </p>
   </div>
   <div class='ocr_carea' id='block_1_6' title="bbox 344 567 1963 642">
    <p class='ocr_par' dir='ltr' id='par_1_6' title="bbox 344 567 1963 642">
     <span class='ocr_line' id='line_1_6' title="bbox 344 567 1963 642; baseline 0.004 -22"><span class='ocrx_word' id='word_1_32' title='bbox 344 567 536 636; x_wconf 80' lang='lat' dir='ltr'>regale</span> <span class='ocrx_word' id='word_1_33' title='bbox 567 567 963 634; x_wconf 80' lang='lat' dir='ltr'>sacerdotium,</span> <span class='ocrx_word' id='word_1_34' title='bbox 997 583 1136 637; x_wconf 88' lang='lat' dir='ltr'>gens</span> <span class='ocrx_word' id='word_1_35' title='bbox 1168 575 1380 637; x_wconf 89' lang='lat' dir='ltr'>sancta,</span> <span class='ocrx_word' id='word_1_36' title='bbox 1413 571 1656 641; x_wconf 88' lang='lat' dir='ltr'>populus</span> <span class='ocrx_word' id='word_1_37' title='bbox 1687 572 1742 626; x_wconf 92' lang='lat' dir='ltr'>in</span> <span class='ocrx_word' id='word_1_38' title='bbox 1785 572 1963 642; x_wconf 89' lang='lat' dir='ltr'>adop-</span> 
     </span>
    </p>
   </div>
   <div class='ocr_carea' id='block_1_7' title="bbox 343 660 1964 736">
    <p class='ocr_par' dir='ltr' id='par_1_7' title="bbox 343 660 1964 736">
     <span class='ocr_line' id='line_1_7' title="bbox 343 660 1964 736; baseline 0.005 -24"><span class='ocrx_word' id='word_1_39' title='bbox 343 660 555 714; x_wconf 82' lang='lat' dir='ltr'>tionem</span> <span class='ocrx_word' id='word_1_40' title='bbox 592 661 635 728; x_wconf 86' lang='lat' dir='ltr'>(l</span> <span class='ocrx_word' id='word_1_41' title='bbox 671 663 838 721; x_wconf 60' lang='lat' dir='ltr'>Petra,</span> <span class='ocrx_word' id='word_1_42' title='bbox 872 677 928 726; x_wconf 92' lang='grc' dir='ltr'>ιι,</span> <span class='ocrx_word' id='word_1_43' title='bbox 960 663 1035 728; x_wconf 88' lang='grc'>9).</span> <span class='ocrx_word' id='word_1_44' title='bbox 1068 683 1094 710; x_wconf 76' lang='grc' dir='ltr'><strong>η</strong></span> <span class='ocrx_word' id='word_1_45' title='bbox 1127 661 1269 717; x_wconf 84' lang='lat' dir='ltr'>Sunt</span> <span class='ocrx_word' id='word_1_46' title='bbox 1304 663 1458 716; x_wconf 91' lang='lat' dir='ltr'>enim</span> <span class='ocrx_word' id='word_1_47' title='bbox 1496 679 1659 735; x_wconf 90' lang='lat' dir='ltr'>reges</span> <span class='ocrx_word' id='word_1_48' title='bbox 1697 665 1795 736; x_wconf 88' lang='lat' dir='ltr'>qui</span> <span class='ocrx_word' id='word_1_49' title='bbox 1827 665 1964 720; x_wconf 78' lang='lat' dir='ltr'>offe-</span> 
     </span>
    </p>
   </div>
   <div class='ocr_carea' id='block_1_8' title="bbox 344 753 1966 828">
    <p class='ocr_par' dir='ltr' id='par_1_8' title="bbox 344 753 1966 828">
     <span class='ocr_line' id='line_1_8' title="bbox 344 753 1966 828; baseline 0.004 -23"><span class='ocrx_word' id='word_1_50' title='bbox 344 757 479 806; x_wconf 88' lang='lat' dir='ltr'>runt</span> <span class='ocrx_word' id='word_1_51' title='bbox 519 753 577 805; x_wconf 91' lang='lat' dir='ltr'>in</span> <span class='ocrx_word' id='word_1_52' title='bbox 614 753 923 808; x_wconf 81' lang='lat' dir='ltr'>Jerusalem</span> <span class='ocrx_word' id='word_1_53' title='bbox 964 755 1259 825; x_wconf 59' lang='lat' dir='ltr'>sapientia</span> <span class='ocrx_word' id='word_1_54' title='bbox 1299 772 1412 810; x_wconf 65' lang='lat' dir='ltr'>sua:</span> <span class='ocrx_word' id='word_1_55' title='bbox 1455 773 1710 826; x_wconf 88' lang='lat' dir='ltr'>munera,</span> <span class='ocrx_word' id='word_1_56' title='bbox 1757 757 1966 828; x_wconf 86' lang='lat' dir='ltr'>quibus</span> 
     </span>
    </p>
   </div>
   <div class='ocr_carea' id='block_1_9' title="bbox 339 845 1965 920">
    <p class='ocr_par' dir='ltr' id='par_1_9' title="bbox 339 845 1965 920">
     <span class='ocr_line' id='line_1_9' title="bbox 339 845 1965 920; baseline 0.003 -21"><span class='ocrx_word' id='word_1_57' title='bbox 339 845 475 908; x_wconf 86' lang='lat' dir='ltr'>data</span> <span class='ocrx_word' id='word_1_58' title='bbox 504 847 591 900; x_wconf 89' lang='lat' dir='ltr'>est</span> <span class='ocrx_word' id='word_1_59' title='bbox 625 846 805 916; x_wconf 87' lang='lat' dir='ltr'>gratia</span> <span class='ocrx_word' id='word_1_60' title='bbox 832 846 1067 902; x_wconf 80' lang='lat' dir='ltr'>verbum</span> <span class='ocrx_word' id='word_1_61' title='bbox 1109 847 1287 918; x_wconf 87' lang='lat' dir='ltr'>loqui,</span> <span class='ocrx_word' id='word_1_62' title='bbox 1320 854 1376 902; x_wconf 92' lang='lat' dir='ltr'>et</span> <span class='ocrx_word' id='word_1_63' title='bbox 1405 850 1650 920; x_wconf 89' lang='lat' dir='ltr'>quadam</span> <span class='ocrx_word' id='word_1_64' title='bbox 1687 854 1965 920; x_wconf 77' lang='lat' dir='ltr'>potestate</span> 
     </span>
    </p>
   </div>
   <div class='ocr_carea' id='block_1_10' title="bbox 345 937 1968 1010">
    <p class='ocr_par' dir='ltr' id='par_1_10' title="bbox 345 937 1968 1010">
     <span class='ocr_line' id='line_1_10' title="bbox 345 937 1968 1010; baseline 0.004 -20"><span class='ocrx_word' id='word_1_65' title='bbox 345 937 523 1007; x_wconf 82' lang='lat' dir='ltr'>regali</span> <span class='ocrx_word' id='word_1_66' title='bbox 564 941 786 994; x_wconf 84' lang='lat' dir='ltr'>ﬂectere</span> <span class='ocrx_word' id='word_1_67' title='bbox 817 941 1074 1010; x_wconf 87' lang='lat' dir='ltr'>populos,</span> <span class='ocrx_word' id='word_1_68' title='bbox 1108 947 1165 996; x_wconf 91' lang='lat' dir='ltr'>et</span> <span class='ocrx_word' id='word_1_69' title='bbox 1199 940 1420 996; x_wconf 87' lang='lat' dir='ltr'>animas</span> <span class='ocrx_word' id='word_1_70' title='bbox 1463 943 1711 997; x_wconf 87' lang='lat' dir='ltr'>mulcere</span> <span class='ocrx_word' id='word_1_71' title='bbox 1752 946 1968 997; x_wconf 88' lang='lat' dir='ltr'>sancto-</span> 
     </span>
    </p>
   </div>
   <div class='ocr_carea' id='block_1_11' title="bbox 347 1033 1965 1106">
    <p class='ocr_par' dir='ltr' id='par_1_11' title="bbox 347 1033 1965 1106">
     <span class='ocr_line' id='line_1_11' title="bbox 347 1033 1965 1106; baseline 0.001 -18"><span class='ocrx_word' id='word_1_72' title='bbox 347 1049 495 1102; x_wconf 87' lang='lat' dir='ltr'>rum,</span> <span class='ocrx_word' id='word_1_73' title='bbox 534 1048 648 1086; x_wconf 91' lang='lat' dir='ltr'>non</span> <span class='ocrx_word' id='word_1_74' title='bbox 685 1033 1080 1089; x_wconf 85' lang='lat' dir='ltr'>erubescentes</span> <span class='ocrx_word' id='word_1_75' title='bbox 1117 1035 1178 1088; x_wconf 93' lang='lat' dir='ltr'>in</span> <span class='ocrx_word' id='word_1_76' title='bbox 1224 1051 1320 1104; x_wconf 88' lang='lat' dir='ltr'>eo;</span> <span class='ocrx_word' id='word_1_77' title='bbox 1362 1036 1495 1106; x_wconf 87' lang='lat' dir='ltr'>quia</span> <span class='ocrx_word' id='word_1_78' title='bbox 1536 1036 1676 1090; x_wconf 86' lang='lat' dir='ltr'>nihil</span> <span class='ocrx_word' id='word_1_79' title='bbox 1717 1037 1965 1092; x_wconf 91' lang='lat' dir='ltr'>alienum</span> 
     </span>
    </p>
   </div>
   <div class='ocr_carea' id='block_1_12' title="bbox 347 1126 1968 1201">
    <p class='ocr_par' dir='ltr' id='par_1_12' title="bbox 347 1126 1968 1201">
     <span class='ocr_line' id='line_1_12' title="bbox 347 1126 1968 1201; baseline 0.002 -21"><span class='ocrx_word' id='word_1_80' title='bbox 347 1127 417 1180; x_wconf 89' lang='lat' dir='ltr'>ab</span> <span class='ocrx_word' id='word_1_81' title='bbox 449 1126 740 1182; x_wconf 83' lang='lat' dir='ltr'>honestate</span> <span class='ocrx_word' id='word_1_82' title='bbox 775 1127 1166 1198; x_wconf 80' lang='lat' dir='ltr'>loquerentur,</span> <span class='ocrx_word' id='word_1_83' title='bbox 1197 1143 1341 1198; x_wconf 86' lang='lat' dir='ltr'>quos</span> <span class='ocrx_word' id='word_1_84' title='bbox 1369 1145 1541 1183; x_wconf 87' lang='lat' dir='ltr'>nemo</span> <span class='ocrx_word' id='word_1_85' title='bbox 1577 1129 1880 1201; x_wconf 89' lang='lat' dir='ltr'>redarguat</span> <span class='ocrx_word' id='word_1_86' title='bbox 1911 1135 1968 1184; x_wconf 89' lang='lat' dir='ltr'>et</span> 
     </span>
    </p>
   </div>
   <div class='ocr_carea' id='block_1_13' title="bbox 347 1219 1967 1292">
    <p class='ocr_par' dir='ltr' id='par_1_13' title="bbox 347 1219 1967 1292">
     <span class='ocr_line' id='line_1_13' title="bbox 347 1219 1967 1292; baseline 0.004 -20"><span class='ocrx_word' id='word_1_87' title='bbox 347 1219 602 1289; x_wconf 85' lang='lat' dir='ltr'>repellat,</span> <span class='ocrx_word' id='word_1_88' title='bbox 645 1221 805 1290; x_wconf 89' lang='lat' dir='ltr'>quasi</span> <span class='ocrx_word' id='word_1_89' title='bbox 845 1221 980 1290; x_wconf 84' lang='lat' dir='ltr'>quia</span> <span class='ocrx_word' id='word_1_90' title='bbox 1017 1237 1133 1275; x_wconf 90' lang='lat' dir='ltr'>non</span> <span class='ocrx_word' id='word_1_91' title='bbox 1175 1221 1288 1276; x_wconf 89' lang='lat' dir='ltr'>sint</span> <span class='ocrx_word' id='word_1_92' title='bbox 1325 1221 1506 1292; x_wconf 86' lang='lat' dir='ltr'>digni,</span> <span class='ocrx_word' id='word_1_93' title='bbox 1551 1238 1696 1291; x_wconf 89' lang='lat' dir='ltr'>quos</span> <span class='ocrx_word' id='word_1_94' title='bbox 1734 1223 1967 1279; x_wconf 85' lang='lat' dir='ltr'>idoneos</span> 
     </span>
    </p>
   </div>
   <div class='ocr_carea' id='block_1_14' title="bbox 345 1311 1967 1386">
    <p class='ocr_par' dir='ltr' id='par_1_14' title="bbox 345 1311 1967 1386">
     <span class='ocr_line' id='line_1_14' title="bbox 345 1311 1967 1386; baseline 0.004 -21"><span class='ocrx_word' id='word_1_95' title='bbox 345 1311 600 1366; x_wconf 85' lang='lat' dir='ltr'>Christus</span> <span class='ocrx_word' id='word_1_96' title='bbox 629 1311 918 1367; x_wconf 89' lang='lat' dir='ltr'>ministros</span> <span class='ocrx_word' id='word_1_97' title='bbox 956 1313 1092 1367; x_wconf 87' lang='lat' dir='ltr'>Novi</span> <span class='ocrx_word' id='word_1_98' title='bbox 1126 1313 1327 1368; x_wconf 83' lang='lat' dir='ltr'>fecerit</span> <span class='ocrx_word' id='word_1_99' title='bbox 1358 1315 1724 1385; x_wconf 90' lang='lat' dir='ltr'>Testamenti,</span> <span class='ocrx_word' id='word_1_100' title='bbox 1760 1320 1820 1370; x_wconf 91' lang='lat' dir='ltr'>et</span> <span class='ocrx_word' id='word_1_101' title='bbox 1845 1317 1967 1386; x_wconf 88' lang='lat' dir='ltr'>jam</span> 
     </span>
    </p>
   </div>
   <div class='ocr_carea' id='block_1_15' title="bbox 346 1405 1968 1479">
    <p class='ocr_par' dir='ltr' id='par_1_15' title="bbox 346 1405 1968 1479">
     <span class='ocr_line' id='line_1_15' title="bbox 346 1405 1968 1479; baseline 0.003 -21"><span class='ocrx_word' id='word_1_102' title='bbox 346 1405 404 1458; x_wconf 91' lang='lat' dir='ltr'>in</span> <span class='ocrx_word' id='word_1_103' title='bbox 433 1405 528 1459; x_wconf 91' lang='lat' dir='ltr'>illo</span> <span class='ocrx_word' id='word_1_104' title='bbox 566 1422 684 1460; x_wconf 89' lang='lat' dir='ltr'>non</span> <span class='ocrx_word' id='word_1_105' title='bbox 713 1406 1150 1471; x_wconf 86' lang='lat' dir='ltr'>erubescentes;</span> <span class='ocrx_word' id='word_1_106' title='bbox 1193 1423 1260 1461; x_wconf 88' lang='lat' dir='ltr'>eo</span> <span class='ocrx_word' id='word_1_107' title='bbox 1298 1408 1450 1479; x_wconf 90' lang='lat' dir='ltr'>quod</span> <span class='ocrx_word' id='word_1_108' title='bbox 1487 1424 1604 1462; x_wconf 92' lang='lat' dir='ltr'>non</span> <span class='ocrx_word' id='word_1_109' title='bbox 1642 1413 1968 1465; x_wconf 87' lang='lat' dir='ltr'>metuerent</span> 
     </span>
    </p>
   </div>
   <div class='ocr_carea' id='block_1_16' title="bbox 346 1498 1964 1571">
    <p class='ocr_par' dir='ltr' id='par_1_16' title="bbox 346 1498 1964 1571">
     <span class='ocr_line' id='line_1_16' title="bbox 346 1498 1964 1571; baseline 0.004 -19"><span class='ocrx_word' id='word_1_110' title='bbox 346 1514 419 1553; x_wconf 87' lang='lat' dir='ltr'>ne</span> <span class='ocrx_word' id='word_1_111' title='bbox 458 1498 945 1554; x_wconf 88' lang='lat' dir='ltr'>confunderentur</span> <span class='ocrx_word' id='word_1_112' title='bbox 986 1499 1429 1571; x_wconf 84' lang='lat' dir='ltr'>disceptantium</span> <span class='ocrx_word' id='word_1_113' title='bbox 1466 1501 1749 1556; x_wconf 86' lang='lat' dir='ltr'>contraria</span> <span class='ocrx_word' id='word_1_114' title='bbox 1791 1519 1964 1560; x_wconf 87' lang='lat' dir='ltr'>asser-</span> 
     </span>
    </p>
   </div>
   <div class='ocr_carea' id='block_1_17' title="bbox 345 1592 1966 1665">
    <p class='ocr_par' dir='ltr' id='par_1_17' title="bbox 345 1592 1966 1665">
     <span class='ocr_line' id='line_1_17' title="bbox 345 1592 1966 1665; baseline 0.004 -19"><span class='ocrx_word' id='word_1_115' title='bbox 345 1593 501 1646; x_wconf 88' lang='lat' dir='ltr'>tione</span> <span class='ocrx_word' id='word_1_116' title='bbox 528 1592 796 1662; x_wconf 88' lang='lat' dir='ltr'>superati.</span> <span class='ocrx_word' id='word_1_117' title='bbox 828 1592 945 1646; x_wconf 84' lang='lat' dir='ltr'>Rex</span> <span class='ocrx_word' id='word_1_118' title='bbox 973 1592 1150 1664; x_wconf 86' lang='lat' dir='ltr'>igitur</span> <span class='ocrx_word' id='word_1_119' title='bbox 1175 1598 1261 1648; x_wconf 88' lang='lat' dir='ltr'>est</span> <span class='ocrx_word' id='word_1_120' title='bbox 1286 1594 1382 1665; x_wconf 89' lang='lat' dir='ltr'>qui</span> <span class='ocrx_word' id='word_1_121' title='bbox 1408 1609 1526 1650; x_wconf 89' lang='lat' dir='ltr'>non</span> <span class='ocrx_word' id='word_1_122' title='bbox 1551 1594 1866 1665; x_wconf 85' lang='lat' dir='ltr'>erubescat,</span> <span class='ocrx_word' id='word_1_123' title='bbox 1893 1613 1966 1652; x_wconf 87' lang='lat' dir='ltr'>ne</span> 
     </span>
    </p>
   </div>
   <div class='ocr_carea' id='block_1_18' title="bbox 347 1684 1960 1758">
    <p class='ocr_par' dir='ltr' id='par_1_18' title="bbox 347 1684 1960 1758">
     <span class='ocr_line' id='line_1_18' title="bbox 347 1684 1960 1758; baseline 0.004 -20"><span class='ocrx_word' id='word_1_124' title='bbox 347 1684 407 1738; x_wconf 90' lang='lat' dir='ltr'>in</span> <span class='ocrx_word' id='word_1_125' title='bbox 430 1690 558 1740; x_wconf 89' lang='lat' dir='ltr'>actu</span> <span class='ocrx_word' id='word_1_126' title='bbox 584 1686 1057 1756; x_wconf 87' lang='lat' dir='ltr'>reprehendatur,</span> <span class='ocrx_word' id='word_1_127' title='bbox 1082 1687 1468 1758; x_wconf 88' lang='lat' dir='ltr'>redarguatur</span> <span class='ocrx_word' id='word_1_128' title='bbox 1489 1687 1548 1742; x_wconf 93' lang='lat' dir='ltr'>in</span> <span class='ocrx_word' id='word_1_129' title='bbox 1571 1689 1926 1745; x_wconf 89' lang='lat' dir='ltr'>sermonibus</span> <span class='ocrx_word' id='word_1_130' title='bbox 1949 1709 1960 1745; x_wconf 91' lang='lat'><strong>:</strong></span> 
     </span>
    </p>
   </div>
   <div class='ocr_carea' id='block_1_19' title="bbox 2068 471 3688 548">
    <p class='ocr_par' dir='ltr' id='par_1_19' title="bbox 2068 471 3688 548">
     <span class='ocr_line' id='line_1_19' title="bbox 2068 471 3688 548; baseline -0.007 -14"><span class='ocrx_word' id='word_1_131' title='bbox 2068 481 2160 534; x_wconf 74' lang='lat' dir='ltr'>ista</span> <span class='ocrx_word' id='word_1_132' title='bbox 2208 475 2605 548; x_wconf 83' lang='lat' dir='ltr'>interpretatio</span> <span class='ocrx_word' id='word_1_133' title='bbox 2658 491 2773 528; x_wconf 89' lang='lat' dir='ltr'>non</span> <span class='ocrx_word' id='word_1_134' title='bbox 2817 473 2953 528; x_wconf 87' lang='lat' dir='ltr'>satis</span> <span class='ocrx_word' id='word_1_135' title='bbox 3003 472 3214 543; x_wconf 88' lang='lat' dir='ltr'>liquet,</span> <span class='ocrx_word' id='word_1_136' title='bbox 3268 471 3379 525; x_wconf 87' lang='lat' dir='ltr'>nisi</span> <span class='ocrx_word' id='word_1_137' title='bbox 3433 471 3584 524; x_wconf 89' lang='lat' dir='ltr'>forte</span> <span class='ocrx_word' id='word_1_138' title='bbox 3634 476 3688 524; x_wconf 90' lang='lat' dir='ltr'>et</span> 
     </span>
    </p>
   </div>
   <div class='ocr_carea' id='block_1_20' title="bbox 2069 564 3686 643">
    <p class='ocr_par' dir='ltr' id='par_1_20' title="bbox 2069 564 3686 643">
     <span class='ocr_line' id='line_1_20' title="bbox 2069 564 3686 643; baseline -0.007 -17"><span class='ocrx_word' id='word_1_139' title='bbox 2069 571 2438 643; x_wconf 81' lang='lat' dir='ltr'>unusquisque</span> <span class='ocrx_word' id='word_1_140' title='bbox 2463 587 2521 624; x_wconf 88' lang='lat' dir='ltr'>se</span> <span class='ocrx_word' id='word_1_141' title='bbox 2549 571 2732 640; x_wconf 88' lang='lat' dir='ltr'>regat,</span> <span class='ocrx_word' id='word_1_142' title='bbox 2757 570 2814 622; x_wconf 90' lang='lat' dir='ltr'>et</span> <span class='ocrx_word' id='word_1_143' title='bbox 2839 567 2958 638; x_wconf 90' lang='lat' dir='ltr'>ipse</span> <span class='ocrx_word' id='word_1_144' title='bbox 2981 564 3067 620; x_wconf 88' lang='lat' dir='ltr'>sui</span> <span class='ocrx_word' id='word_1_145' title='bbox 3091 565 3292 620; x_wconf 88' lang='lat' dir='ltr'>ductor</span> <span class='ocrx_word' id='word_1_146' title='bbox 3311 565 3406 619; x_wconf 89' lang='lat' dir='ltr'>sit.</span> <span class='ocrx_word' id='word_1_147' title='bbox 3433 564 3531 618; x_wconf 90' lang='lat' dir='ltr'>Vel</span> <span class='ocrx_word' id='word_1_148' title='bbox 3564 564 3686 623; x_wconf 83' lang='lat' dir='ltr'>huc,</span> 
     </span>
    </p>
   </div>
   <div class='ocr_carea' id='block_1_21' title="bbox 2068 656 3690 737">
    <p class='ocr_par' dir='ltr' id='par_1_21' title="bbox 2068 656 3690 737">
     <span class='ocr_line' id='line_1_21' title="bbox 2068 656 3690 737; baseline -0.008 -16"><span class='ocrx_word' id='word_1_149' title='bbox 2068 667 2121 722; x_wconf 90' lang='lat' dir='ltr'>id</span> <span class='ocrx_word' id='word_1_150' title='bbox 2153 672 2249 733; x_wconf 83' lang='lat' dir='ltr'>est,</span> <span class='ocrx_word' id='word_1_151' title='bbox 2296 681 2408 737; x_wconf 89' lang='lat' dir='ltr'>quo</span> <span class='ocrx_word' id='word_1_152' title='bbox 2449 665 2651 718; x_wconf 67' lang='lat' dir='ltr'>litterae</span> <span class='ocrx_word' id='word_1_153' title='bbox 2693 661 2865 731; x_wconf 88' lang='lat' dir='ltr'>hujus</span> <span class='ocrx_word' id='word_1_154' title='bbox 2909 658 3168 715; x_wconf 87' lang='lat' dir='ltr'>versiculi</span> <span class='ocrx_word' id='word_1_155' title='bbox 3207 661 3432 725; x_wconf 88' lang='lat' dir='ltr'>vocant,</span> <span class='ocrx_word' id='word_1_156' title='bbox 3483 656 3690 727; x_wconf 88' lang='lat' dir='ltr'>dirigat</span> 
     </span>
    </p>
   </div>
   <div class='ocr_carea' id='block_1_22' title="bbox 2067 749 3688 829">
    <p class='ocr_par' dir='ltr' id='par_1_22' title="bbox 2067 749 3688 829">
     <span class='ocr_line' id='line_1_22' title="bbox 2067 749 3688 829; baseline -0.009 -13"><span class='ocrx_word' id='word_1_157' title='bbox 2067 763 2187 816; x_wconf 81' lang='lat' dir='ltr'>iter.</span> <span class='ocrx_word' id='word_1_158' title='bbox 2206 760 2514 829; x_wconf 84' lang='lat' dir='ltr'>Meritoque</span> <span class='ocrx_word' id='word_1_159' title='bbox 2537 757 2592 810; x_wconf 90' lang='lat' dir='ltr'>in</span> <span class='ocrx_word' id='word_1_160' title='bbox 2622 755 2807 826; x_wconf 88' lang='lat' dir='ltr'>primo</span> <span class='ocrx_word' id='word_1_161' title='bbox 2833 753 3023 808; x_wconf 87' lang='lat' dir='ltr'>statim</span> <span class='ocrx_word' id='word_1_162' title='bbox 3047 768 3213 807; x_wconf 91' lang='lat' dir='ltr'>versu</span> <span class='ocrx_word' id='word_1_163' title='bbox 3237 749 3506 822; x_wconf 88' lang='lat' dir='ltr'>requiem</span> <span class='ocrx_word' id='word_1_164' title='bbox 3531 765 3688 803; x_wconf 90' lang='lat' dir='ltr'>suam</span> 
     </span>
    </p>
   </div>
   <div class='ocr_carea' id='block_1_23' title="bbox 2067 843 3688 925">
    <p class='ocr_par' dir='ltr' id='par_1_23' title="bbox 2067 843 3688 925">
     <span class='ocr_line' id='line_1_23' title="bbox 2067 843 3688 925; baseline -0.007 -18"><span class='ocrx_word' id='word_1_165' title='bbox 2067 854 2333 925; x_wconf 83' lang='lat' dir='ltr'>postulat;</span> <span class='ocrx_word' id='word_1_166' title='bbox 2377 851 2512 922; x_wconf 89' lang='lat' dir='ltr'>quia</span> <span class='ocrx_word' id='word_1_167' title='bbox 2557 850 2676 920; x_wconf 90' lang='lat' dir='ltr'>ipse</span> <span class='ocrx_word' id='word_1_168' title='bbox 2719 849 2922 904; x_wconf 78' lang='lat' dir='ltr'>litterae</span> <span class='ocrx_word' id='word_1_169' title='bbox 2970 846 3248 917; x_wconf 89' lang='lat' dir='ltr'>septimus</span> <span class='ocrx_word' id='word_1_170' title='bbox 3281 843 3549 916; x_wconf 76' lang='grc'>1044</span> <span class='ocrx_word' id='word_1_171' title='bbox 3584 858 3688 896; x_wconf 89' lang='lat' dir='ltr'>nu-</span> 
     </span>
    </p>
   </div>
   <div class='ocr_carea' id='block_1_24' title="bbox 2063 937 3688 1016">
    <p class='ocr_par' dir='ltr' id='par_1_24' title="bbox 2063 937 3688 1016">
     <span class='ocr_line' id='line_1_24' title="bbox 2063 937 3688 1016; baseline -0.009 -14"><span class='ocrx_word' id='word_1_172' title='bbox 2063 963 2246 1002; x_wconf 88' lang='lat' dir='ltr'>merus</span> <span class='ocrx_word' id='word_1_173' title='bbox 2273 951 2358 1000; x_wconf 90' lang='lat' dir='ltr'>est</span> <span class='ocrx_word' id='word_1_174' title='bbox 2380 943 2604 1016; x_wconf 89' lang='lat' dir='ltr'>quietis.</span> <span class='ocrx_word' id='word_1_175' title='bbox 2631 944 2767 1006; x_wconf 65' lang='lat' dir='ltr'>Quae</span> <span class='ocrx_word' id='word_1_176' title='bbox 2793 946 2986 996; x_wconf 88' lang='lat' dir='ltr'>autem</span> <span class='ocrx_word' id='word_1_177' title='bbox 3015 939 3204 1009; x_wconf 88' lang='lat' dir='ltr'>major</span> <span class='ocrx_word' id='word_1_178' title='bbox 3230 937 3486 1008; x_wconf 89' lang='lat' dir='ltr'>requies,</span> <span class='ocrx_word' id='word_1_179' title='bbox 3517 952 3688 1006; x_wconf 87' lang='lat' dir='ltr'>quam</span> 
     </span>
    </p>
   </div>
   <div class='ocr_carea' id='block_1_25' title="bbox 2062 1029 3694 1106">
    <p class='ocr_par' dir='ltr' id='par_1_25' title="bbox 2062 1029 3694 1106">
     <span class='ocr_line' id='line_1_25' title="bbox 2062 1029 3694 1106; baseline -0.008 -12"><span class='ocrx_word' id='word_1_180' title='bbox 2062 1046 2122 1094; x_wconf 90' lang='lat' dir='ltr'>ut</span> <span class='ocrx_word' id='word_1_181' title='bbox 2150 1038 2209 1092; x_wconf 92' lang='lat' dir='ltr'>in</span> <span class='ocrx_word' id='word_1_182' title='bbox 2244 1038 2408 1093; x_wconf 90' lang='lat' dir='ltr'>verbo</span> <span class='ocrx_word' id='word_1_183' title='bbox 2448 1037 2543 1092; x_wconf 90' lang='lat' dir='ltr'>Dei</span> <span class='ocrx_word' id='word_1_184' title='bbox 2584 1035 2918 1106; x_wconf 88' lang='lat' dir='ltr'>requiescat,</span> <span class='ocrx_word' id='word_1_185' title='bbox 2953 1037 3122 1104; x_wconf 88' lang='lat' dir='ltr'>atque</span> <span class='ocrx_word' id='word_1_186' title='bbox 3152 1032 3273 1102; x_wconf 86' lang='lat' dir='ltr'>ejus</span> <span class='ocrx_word' id='word_1_187' title='bbox 3307 1046 3369 1085; x_wconf 91' lang='lat' dir='ltr'>se</span> <span class='ocrx_word' id='word_1_188' title='bbox 3403 1029 3598 1100; x_wconf 86' lang='lat' dir='ltr'>gratia</span> <span class='ocrx_word' id='word_1_189' title='bbox 3639 1031 3694 1082; x_wconf 91' lang='lat' dir='ltr'>et</span> 
     </span>
    </p>
   </div>
   <div class='ocr_carea' id='block_1_26' title="bbox 2058 1129 2822 1188">
    <p class='ocr_par' dir='ltr' id='par_1_26' title="bbox 2058 1129 2822 1188">
     <span class='ocr_line' id='line_1_26' title="bbox 2058 1129 2822 1188; baseline -0.008 0"><span class='ocrx_word' id='word_1_190' title='bbox 2058 1131 2433 1188; x_wconf 87' lang='lat' dir='ltr'>consolatione</span> <span class='ocrx_word' id='word_1_191' title='bbox 2463 1129 2822 1185; x_wconf 85' lang='lat' dir='ltr'>demulceat?</span> 
     </span>
    </p>
   </div>
   <div class='ocr_carea' id='block_1_27' title="bbox 2129 1219 3694 1295">
    <p class='ocr_par' dir='ltr' id='par_1_27' title="bbox 2129 1219 3694 1295">
     <span class='ocr_line' id='line_1_27' title="bbox 2129 1219 3694 1295; baseline -0.006 -15"><span class='ocrx_word' id='word_1_192' title='bbox 2129 1229 2181 1280; x_wconf 95' lang='lat'>2.</span> <span class='ocrx_word' id='word_1_193' title='bbox 2220 1227 2392 1295; x_wconf 88' lang='lat' dir='ltr'>(Vers.</span> <span class='ocrx_word' id='word_1_194' title='bbox 2423 1224 2531 1291; x_wconf 79' lang='grc'>49).</span> <span class='ocrx_word' id='word_1_195' title='bbox 2559 1225 2850 1283; x_wconf 84' lang='lat' dir='ltr'>Memento,</span> <span class='ocrx_word' id='word_1_196' title='bbox 2883 1219 3090 1291; x_wconf 89' lang='lat' dir='ltr'>inquit,</span> <span class='ocrx_word' id='word_1_197' title='bbox 3131 1220 3373 1282; x_wconf 77' lang='lat' dir='ltr'>Domine,</span> <span class='ocrx_word' id='word_1_198' title='bbox 3405 1219 3567 1272; x_wconf 82' lang='lat' dir='ltr'>verbi</span> <span class='ocrx_word' id='word_1_199' title='bbox 3596 1220 3694 1277; x_wconf 87' lang='lat' dir='ltr'>tui,</span> 
     </span>
    </p>
   </div>
   <div class='ocr_carea' id='block_1_28' title="bbox 2063 1309 3695 1387">
    <p class='ocr_par' dir='ltr' id='par_1_28' title="bbox 2063 1309 3695 1387">
     <span class='ocr_line' id='line_1_28' title="bbox 2063 1309 3695 1387; baseline -0.007 -13"><span class='ocrx_word' id='word_1_200' title='bbox 2063 1334 2206 1374; x_wconf 84' lang='lat' dir='ltr'>servo</span> <span class='ocrx_word' id='word_1_201' title='bbox 2248 1323 2359 1381; x_wconf 83' lang='lat' dir='ltr'>tuo,</span> <span class='ocrx_word' id='word_1_202' title='bbox 2403 1320 2462 1370; x_wconf 88' lang='lat' dir='ltr'>in</span> <span class='ocrx_word' id='word_1_203' title='bbox 2505 1331 2609 1387; x_wconf 89' lang='lat' dir='ltr'>quo</span> <span class='ocrx_word' id='word_1_204' title='bbox 2658 1315 2795 1369; x_wconf 86' lang='lat' dir='ltr'>mihi</span> <span class='ocrx_word' id='word_1_205' title='bbox 2835 1327 2982 1383; x_wconf 85' lang='lat' dir='ltr'>spem</span> <span class='ocrx_word' id='word_1_206' title='bbox 3025 1312 3246 1366; x_wconf 85' lang='lat' dir='ltr'>dedisti.</span> <span class='ocrx_word' id='word_1_207' title='bbox 3298 1309 3558 1365; x_wconf 90' lang='lat' dir='ltr'>Verbum</span> <span class='ocrx_word' id='word_1_208' title='bbox 3600 1309 3695 1363; x_wconf 87' lang='lat' dir='ltr'>Dei</span> 
     </span>
    </p>
   </div>
   <div class='ocr_carea' id='block_1_29' title="bbox 2063 1402 3696 1482">
    <p class='ocr_par' dir='ltr' id='par_1_29' title="bbox 2063 1402 3696 1482">
     <span class='ocr_line' id='line_1_29' title="bbox 2063 1402 3696 1482; baseline -0.007 -15"><span class='ocrx_word' id='word_1_209' title='bbox 2063 1412 2302 1482; x_wconf 90' lang='lat' dir='ltr'>dejectos</span> <span class='ocrx_word' id='word_1_210' title='bbox 2339 1427 2440 1464; x_wconf 87' lang='lat' dir='ltr'>nos</span> <span class='ocrx_word' id='word_1_211' title='bbox 2479 1415 2650 1480; x_wconf 90' lang='lat' dir='ltr'>atque</span> <span class='ocrx_word' id='word_1_212' title='bbox 2683 1408 2983 1478; x_wconf 88' lang='lat' dir='ltr'>depressos</span> <span class='ocrx_word' id='word_1_213' title='bbox 3021 1405 3094 1460; x_wconf 91' lang='lat' dir='ltr'>ad</span> <span class='ocrx_word' id='word_1_214' title='bbox 3125 1405 3418 1459; x_wconf 85' lang='lat' dir='ltr'>caelestem</span> <span class='ocrx_word' id='word_1_215' title='bbox 3451 1402 3696 1473; x_wconf 85' lang='lat' dir='ltr'>gratiam</span> 
     </span>
    </p>
   </div>
   <div class='ocr_carea' id='block_1_30' title="bbox 2063 1495 3695 1577">
    <p class='ocr_par' dir='ltr' id='par_1_30' title="bbox 2063 1495 3695 1577">
     <span class='ocr_line' id='line_1_30' title="bbox 2063 1495 3695 1577; baseline -0.006 -18"><span class='ocrx_word' id='word_1_216' title='bbox 2063 1503 2408 1577; x_wconf 86' lang='lat' dir='ltr'>provocavit,</span> <span class='ocrx_word' id='word_1_217' title='bbox 2452 1507 2515 1557; x_wconf 92' lang='lat' dir='ltr'>ut</span> <span class='ocrx_word' id='word_1_218' title='bbox 2549 1501 2936 1557; x_wconf 88' lang='lat' dir='ltr'>desideremus</span> <span class='ocrx_word' id='word_1_219' title='bbox 2968 1498 3374 1564; x_wconf 62' lang='lat' dir='ltr'>aeternitatem,</span> <span class='ocrx_word' id='word_1_220' title='bbox 3418 1495 3695 1567; x_wconf 88' lang='lat' dir='ltr'>despicia-</span> 
     </span>
    </p>
   </div>
   <div class='ocr_carea' id='block_1_31' title="bbox 2063 1590 3699 1669">
    <p class='ocr_par' dir='ltr' id='par_1_31' title="bbox 2063 1590 3699 1669">
     <span class='ocr_line' id='line_1_31' title="bbox 2063 1590 3699 1669; baseline -0.007 -16"><span class='ocrx_word' id='word_1_221' title='bbox 2063 1615 2190 1654; x_wconf 91' lang='lat' dir='ltr'>mus</span> <span class='ocrx_word' id='word_1_222' title='bbox 2227 1595 2548 1669; x_wconf 72' lang='lat' dir='ltr'>praesentia,</span> <span class='ocrx_word' id='word_1_223' title='bbox 2583 1593 2988 1666; x_wconf 88' lang='lat' dir='ltr'>temporalium</span> <span class='ocrx_word' id='word_1_224' title='bbox 3031 1591 3304 1647; x_wconf 90' lang='lat' dir='ltr'>incuriosi</span> <span class='ocrx_word' id='word_1_225' title='bbox 3349 1591 3548 1645; x_wconf 83' lang='lat' dir='ltr'>futura</span> <span class='ocrx_word' id='word_1_226' title='bbox 3591 1590 3699 1656; x_wconf 89' lang='lat'>(32)</span> 
     </span>
    </p>
   </div>
   <div class='ocr_carea' id='block_1_32' title="bbox 2065 1681 3699 1760">
    <p class='ocr_par' dir='ltr' id='par_1_32' title="bbox 2065 1681 3699 1760">
     <span class='ocr_line' id='line_1_32' title="bbox 2065 1681 3699 1760; baseline -0.007 -13"><span class='ocrx_word' id='word_1_227' title='bbox 2065 1698 2122 1747; x_wconf 89' lang='lat' dir='ltr'>et</span> <span class='ocrx_word' id='word_1_228' title='bbox 2165 1691 2466 1746; x_wconf 83' lang='lat' dir='ltr'>invisibilia</span> <span class='ocrx_word' id='word_1_229' title='bbox 2508 1687 2886 1760; x_wconf 90' lang='lat' dir='ltr'>requiramus.</span> <span class='ocrx_word' id='word_1_230' title='bbox 2933 1687 3110 1741; x_wconf 86' lang='lat' dir='ltr'>Vocat</span> <span class='ocrx_word' id='word_1_231' title='bbox 3151 1685 3335 1756; x_wconf 87' lang='lat' dir='ltr'>igitur</span> <span class='ocrx_word' id='word_1_232' title='bbox 3378 1699 3486 1738; x_wconf 89' lang='lat' dir='ltr'>nos</span> <span class='ocrx_word' id='word_1_233' title='bbox 3529 1681 3600 1736; x_wconf 89' lang='lat' dir='ltr'>ad</span> <span class='ocrx_word' id='word_1_234' title='bbox 3644 1698 3699 1735; x_wconf 92' lang='lat' dir='ltr'>se</span> 
     </span>
    </p>
   </div>
   <div class='ocr_carea' id='block_1_33' title="bbox 346 1764 3697 1851">
    <p class='ocr_par' dir='ltr' id='par_1_33' title="bbox 346 1764 3697 1851">
     <span class='ocr_line' id='line_1_33' title="bbox 346 1764 3697 1851; baseline -0.002 -17"><span class='ocrx_word' id='word_1_235' title='bbox 346 1793 414 1834; x_wconf 88' lang='lat' dir='ltr'>eo</span> <span class='ocrx_word' id='word_1_236' title='bbox 443 1778 594 1849; x_wconf 89' lang='lat' dir='ltr'>quod</span> <span class='ocrx_word' id='word_1_237' title='bbox 625 1784 683 1834; x_wconf 88' lang='lat' dir='ltr'>et</span> <span class='ocrx_word' id='word_1_238' title='bbox 707 1779 825 1833; x_wconf 87' lang='lat' dir='ltr'>vita</span> <span class='ocrx_word' id='word_1_239' title='bbox 856 1778 1064 1833; x_wconf 86' lang='lat' dir='ltr'>debeat</span> <span class='ocrx_word' id='word_1_240' title='bbox 1091 1796 1214 1834; x_wconf 89' lang='lat' dir='ltr'>esse</span> <span class='ocrx_word' id='word_1_241' title='bbox 1249 1780 1520 1836; x_wconf 84' lang='lat' dir='ltr'>fundatus</span> <span class='ocrx_word' id='word_1_242' title='bbox 1551 1785 1609 1835; x_wconf 90' lang='lat' dir='ltr'>et</span> <span class='ocrx_word' id='word_1_243' title='bbox 1636 1782 1825 1838; x_wconf 90' lang='lat' dir='ltr'>verbo.</span> <span class='ocrx_word' id='word_1_244' title='bbox 1856 1785 1964 1837; x_wconf 88' lang='lat' dir='ltr'>lta-</span> <span class='ocrx_word' id='word_1_245' title='bbox 1987 1764 2042 1836; x_wconf 85' lang='lat' dir='ltr'><strong>B</strong></span> <span class='ocrx_word' id='word_1_246' title='bbox 2067 1787 2165 1841; x_wconf 92' lang='lat' dir='ltr'>Dei</span> <span class='ocrx_word' id='word_1_247' title='bbox 2192 1785 2457 1851; x_wconf 88' lang='lat' dir='ltr'>Verbum,</span> <span class='ocrx_word' id='word_1_248' title='bbox 2484 1782 2627 1837; x_wconf 89' lang='lat' dir='ltr'>sicut</span> <span class='ocrx_word' id='word_1_249' title='bbox 2651 1781 2827 1836; x_wconf 88' lang='lat' dir='ltr'>habes</span> <span class='ocrx_word' id='word_1_250' title='bbox 2851 1780 3125 1851; x_wconf 87' lang='lat' dir='ltr'>scriptum</span> <span class='ocrx_word' id='word_1_251' title='bbox 3155 1795 3168 1833; x_wconf 90' lang='lat'><strong>:</strong></span> <span class='ocrx_word' id='word_1_252' title='bbox 3202 1797 3228 1830; x_wconf 85' lang='grc'>‹‹</span> <span class='ocrx_word' id='word_1_253' title='bbox 3254 1777 3460 1833; x_wconf 90' lang='lat' dir='ltr'>Venite</span> <span class='ocrx_word' id='word_1_254' title='bbox 3488 1776 3558 1830; x_wconf 90' lang='lat' dir='ltr'>ad</span> <span class='ocrx_word' id='word_1_255' title='bbox 3589 1792 3697 1840; x_wconf 92' lang='lat' dir='ltr'>me,</span> 
     </span>
    </p>
   </div>
   <div class='ocr_carea' id='block_1_34' title="bbox 347 1871 1966 1946">
    <p class='ocr_par' dir='ltr' id='par_1_34' title="bbox 347 1871 1966 1946">
     <span class='ocr_line' id='line_1_34' title="bbox 347 1871 1966 1946; baseline 0.003 -20"><span class='ocrx_word' id='word_1_256' title='bbox 347 1888 481 1942; x_wconf 88' lang='lat' dir='ltr'>que,</span> <span class='ocrx_word' id='word_1_257' title='bbox 509 1871 767 1942; x_wconf 88' lang='lat' dir='ltr'>quamvis</span> <span class='ocrx_word' id='word_1_258' title='bbox 801 1872 1088 1942; x_wconf 81' lang='lat' dir='ltr'>perfectus</span> <span class='ocrx_word' id='word_1_259' title='bbox 1130 1873 1206 1927; x_wconf 88' lang='lat' dir='ltr'>ita</span> <span class='ocrx_word' id='word_1_260' title='bbox 1243 1878 1394 1929; x_wconf 86' lang='lat' dir='ltr'>esset</span> <span class='ocrx_word' id='word_1_261' title='bbox 1431 1875 1735 1946; x_wconf 87' lang='lat' dir='ltr'>Pr0pheta,</span> <span class='ocrx_word' id='word_1_262' title='bbox 1768 1879 1832 1930; x_wconf 89' lang='lat' dir='ltr'>ut</span> <span class='ocrx_word' id='word_1_263' title='bbox 1857 1893 1966 1931; x_wconf 90' lang='lat' dir='ltr'>non</span> 
     </span>
    </p>
   </div>
   <div class='ocr_carea' id='block_1_35' title="bbox 349 1963 1966 2038">
    <p class='ocr_par' dir='ltr' id='par_1_35' title="bbox 349 1963 1966 2038">
     <span class='ocr_line' id='line_1_35' title="bbox 349 1963 1966 2038; baseline 0.002 -19"><span class='ocrx_word' id='word_1_264' title='bbox 349 1963 702 2020; x_wconf 88' lang='lat' dir='ltr'>erubesceret</span> <span class='ocrx_word' id='word_1_265' title='bbox 735 1964 795 2018; x_wconf 90' lang='lat' dir='ltr'>in</span> <span class='ocrx_word' id='word_1_266' title='bbox 835 1969 1142 2036; x_wconf 89' lang='lat' dir='ltr'>conspectu</span> <span class='ocrx_word' id='word_1_267' title='bbox 1173 1982 1400 2038; x_wconf 86' lang='lat' dir='ltr'>regum,</span> <span class='ocrx_word' id='word_1_268' title='bbox 1429 1972 1621 2024; x_wconf 89' lang='lat' dir='ltr'>tamen</span> <span class='ocrx_word' id='word_1_269' title='bbox 1659 1968 1966 2024; x_wconf 85' lang='lat' dir='ltr'>meditaba-</span> 
     </span>
    </p>
   </div>
   <div class='ocr_carea' id='block_1_36' title="bbox 349 2058 1972 2133">
    <p class='ocr_par' dir='ltr' id='par_1_36' title="bbox 349 2058 1972 2133">
     <span class='ocr_line' id='line_1_36' title="bbox 349 2058 1972 2133; baseline 0.002 -20"><span class='ocrx_word' id='word_1_270' title='bbox 349 2064 444 2113; x_wconf 86' lang='lat' dir='ltr'>tur</span> <span class='ocrx_word' id='word_1_271' title='bbox 481 2058 540 2111; x_wconf 90' lang='lat' dir='ltr'>in</span> <span class='ocrx_word' id='word_1_272' title='bbox 586 2058 881 2129; x_wconf 75' lang='lat' dir='ltr'>praeceptis</span> <span class='ocrx_word' id='word_1_273' title='bbox 921 2059 1017 2113; x_wconf 88' lang='lat' dir='ltr'>Dei</span> <span class='ocrx_word' id='word_1_274' title='bbox 1063 2060 1223 2115; x_wconf 91' lang='lat' dir='ltr'>omni</span> <span class='ocrx_word' id='word_1_275' title='bbox 1269 2061 1399 2115; x_wconf 66' lang='lat' dir='ltr'>vitm</span> <span class='ocrx_word' id='word_1_276' title='bbox 1439 2077 1555 2116; x_wconf 70' lang='lat' dir='ltr'>suae</span> <span class='ocrx_word' id='word_1_277' title='bbox 1602 2067 1875 2133; x_wconf 91' lang='lat' dir='ltr'>tempore,</span> <span class='ocrx_word' id='word_1_278' title='bbox 1916 2066 1972 2116; x_wconf 92' lang='lat' dir='ltr'>et</span> 
     </span>
    </p>
   </div>
   <div class='ocr_carea' id='block_1_37' title="bbox 350 2151 1968 2225">
    <p class='ocr_par' dir='ltr' id='par_1_37' title="bbox 350 2151 1968 2225">
     <span class='ocr_line' id='line_1_37' title="bbox 350 2151 1968 2225; baseline 0.002 -20"><span class='ocrx_word' id='word_1_279' title='bbox 350 2167 525 2220; x_wconf 87' lang='lat' dir='ltr'>opera</span> <span class='ocrx_word' id='word_1_280' title='bbox 552 2166 653 2204; x_wconf 90' lang='lat' dir='ltr'>sua</span> <span class='ocrx_word' id='word_1_281' title='bbox 677 2151 954 2219; x_wconf 88' lang='lat' dir='ltr'>elevabat,</span> <span class='ocrx_word' id='word_1_282' title='bbox 983 2151 1130 2208; x_wconf 90' lang='lat' dir='ltr'>nihil</span> <span class='ocrx_word' id='word_1_283' title='bbox 1160 2169 1337 2224; x_wconf 89' lang='lat' dir='ltr'>agens</span> <span class='ocrx_word' id='word_1_284' title='bbox 1364 2153 1517 2225; x_wconf 89' lang='lat' dir='ltr'>quod</span> <span class='ocrx_word' id='word_1_285' title='bbox 1545 2155 1787 2210; x_wconf 89' lang='lat' dir='ltr'>terrenis</span> <span class='ocrx_word' id='word_1_286' title='bbox 1813 2154 1968 2225; x_wconf 89' lang='lat' dir='ltr'>cupi-</span> 
     </span>
    </p>
   </div>
   <div class='ocr_carea' id='block_1_38' title="bbox 351 2243 999 2300">
    <p class='ocr_par' dir='ltr' id='par_1_38' title="bbox 351 2243 999 2300">
     <span class='ocr_line' id='line_1_38' title="bbox 351 2243 999 2300; baseline 0.003 -2"><span class='ocrx_word' id='word_1_287' title='bbox 351 2243 624 2299; x_wconf 89' lang='lat' dir='ltr'>ditatibus</span> <span class='ocrx_word' id='word_1_288' title='bbox 653 2243 999 2300; x_wconf 75' lang='lat' dir='ltr'>adhaereret.</span> 
     </span>
    </p>
   </div>
   <div class='ocr_carea' id='block_1_39' title="bbox 423 2338 1976 2410">
    <p class='ocr_par' dir='ltr' id='par_1_39' title="bbox 423 2338 1976 2410">
     <span class='ocr_line' id='line_1_39' title="bbox 423 2338 1976 2410; baseline 0.003 -18"><span class='ocrx_word' id='word_1_289' title='bbox 423 2341 511 2392; x_wconf 79' lang='lat'>35.</span> <span class='ocrx_word' id='word_1_290' title='bbox 545 2338 726 2405; x_wconf 86' lang='lat' dir='ltr'>(Vers.</span> <span class='ocrx_word' id='word_1_291' title='bbox 766 2339 858 2407; x_wconf 81' lang='grc'>47,</span> <span class='ocrx_word' id='word_1_292' title='bbox 896 2339 1010 2408; x_wconf 82' lang='grc'>48).</span> <span class='ocrx_word' id='word_1_293' title='bbox 1043 2339 1288 2410; x_wconf 87' lang='lat' dir='ltr'>Ideoque</span> <span class='ocrx_word' id='word_1_294' title='bbox 1328 2340 1410 2396; x_wconf 91' lang='lat' dir='ltr'>ait</span> <span class='ocrx_word' id='word_1_295' title='bbox 1441 2356 1455 2395; x_wconf 89' lang='lat'><strong>:</strong></span> <span class='ocrx_word' id='word_1_296' title='bbox 1487 2341 1558 2395; x_wconf 86' lang='lat' dir='ltr'>Et</span> <span class='ocrx_word' id='word_1_297' title='bbox 1585 2342 1884 2396; x_wconf 86' lang='lat' dir='ltr'>meditabar</span> <span class='ocrx_word' id='word_1_298' title='bbox 1917 2343 1976 2395; x_wconf 85' lang='lat' dir='ltr'>in</span> 
     </span>
    </p>
   </div>
   <div class='ocr_carea' id='block_1_40' title="bbox 351 2431 1978 2501">
    <p class='ocr_par' dir='ltr' id='par_1_40' title="bbox 351 2431 1978 2501">
     <span class='ocr_line' id='line_1_40' title="bbox 351 2431 1978 2501; baseline 0.002 -15"><span class='ocrx_word' id='word_1_299' title='bbox 351 2431 633 2486; x_wconf 75' lang='lat' dir='ltr'>mundatis</span> <span class='ocrx_word' id='word_1_300' title='bbox 677 2433 804 2494; x_wconf 85' lang='lat' dir='ltr'>tuis,</span> <span class='ocrx_word' id='word_1_301' title='bbox 853 2447 972 2501; x_wconf 57' lang='lat' dir='ltr'>qua</span> <span class='ocrx_word' id='word_1_302' title='bbox 1009 2432 1181 2488; x_wconf 66' lang='lat' dir='ltr'>dilexi</span> <span class='ocrx_word' id='word_1_303' title='bbox 1221 2435 1402 2488; x_wconf 86' lang='lat' dir='ltr'>nimis.</span> <span class='ocrx_word' id='word_1_304' title='bbox 1455 2435 1524 2488; x_wconf 88' lang='lat' dir='ltr'>Et</span> <span class='ocrx_word' id='word_1_305' title='bbox 1573 2436 1745 2489; x_wconf 81' lang='lat' dir='ltr'>levavi</span> <span class='ocrx_word' id='word_1_306' title='bbox 1785 2449 1978 2489; x_wconf 85' lang='lat' dir='ltr'>manus</span> 
     </span>
    </p>
   </div>
   <div class='ocr_carea' id='block_1_41' title="bbox 353 2525 1973 2596">
    <p class='ocr_par' dir='ltr' id='par_1_41' title="bbox 353 2525 1973 2596">
     <span class='ocr_line' id='line_1_41' title="bbox 353 2525 1973 2596; baseline 0.002 -16"><span class='ocrx_word' id='word_1_307' title='bbox 353 2540 496 2580; x_wconf 81' lang='lat' dir='ltr'>meas</span> <span class='ocrx_word' id='word_1_308' title='bbox 532 2525 609 2578; x_wconf 89' lang='lat' dir='ltr'>ad</span> <span class='ocrx_word' id='word_1_309' title='bbox 650 2525 913 2580; x_wconf 81' lang='lat' dir='ltr'>mandatu</span> <span class='ocrx_word' id='word_1_310' title='bbox 945 2531 1064 2589; x_wconf 88' lang='lat' dir='ltr'>tua,</span> <span class='ocrx_word' id='word_1_311' title='bbox 1101 2541 1224 2596; x_wconf 68' lang='lat' dir='ltr'>quae</span> <span class='ocrx_word' id='word_1_312' title='bbox 1259 2527 1432 2582; x_wconf 64' lang='lat' dir='ltr'>dilexi</span> <span class='ocrx_word' id='word_1_313' title='bbox 1470 2529 1661 2595; x_wconf 79' lang='lat' dir='ltr'>nimis;</span> <span class='ocrx_word' id='word_1_314' title='bbox 1689 2535 1739 2583; x_wconf 87' lang='lat' dir='ltr'>et</span> <span class='ocrx_word' id='word_1_315' title='bbox 1769 2543 1973 2583; x_wconf 67' lang='lat' dir='ltr'>exerce-</span> 
     </span>
    </p>
   </div>
   <div class='ocr_carea' id='block_1_42' title="bbox 355 2619 1974 2688">
    <p class='ocr_par' dir='ltr' id='par_1_42' title="bbox 355 2619 1974 2688">
     <span class='ocr_line' id='line_1_42' title="bbox 355 2619 1974 2688; baseline 0.002 -16"><span class='ocrx_word' id='word_1_316' title='bbox 355 2619 453 2674; x_wconf 82' lang='lat' dir='ltr'>bar</span> <span class='ocrx_word' id='word_1_317' title='bbox 477 2622 537 2673; x_wconf 87' lang='lat' dir='ltr'>in</span> <span class='ocrx_word' id='word_1_318' title='bbox 550 2619 1032 2688; x_wconf 83' lang='lat' dir='ltr'>justiﬁeationibus</span> <span class='ocrx_word' id='word_1_319' title='bbox 1061 2622 1192 2675; x_wconf 86' lang='lat' dir='ltr'>tuis.</span> <span class='ocrx_word' id='word_1_320' title='bbox 1233 2620 1652 2676; x_wconf 86' lang='lat' dir='ltr'>Pulcherrimus</span> <span class='ocrx_word' id='word_1_321' title='bbox 1687 2621 1823 2676; x_wconf 92' lang='lat' dir='ltr'>ordo</span> <span class='ocrx_word' id='word_1_322' title='bbox 1852 2621 1974 2688; x_wconf 87' lang='lat' dir='ltr'>iste,</span> 
     </span>
    </p>
   </div>
   <div class='ocr_carea' id='block_1_43' title="bbox 357 2711 1979 2786">
    <p class='ocr_par' dir='ltr' id='par_1_43' title="bbox 357 2711 1979 2786">
     <span class='ocr_line' id='line_1_43' title="bbox 357 2711 1979 2786; baseline 0.001 -20"><span class='ocrx_word' id='word_1_323' title='bbox 357 2716 418 2766; x_wconf 91' lang='lat' dir='ltr'>ut</span> <span class='ocrx_word' id='word_1_324' title='bbox 451 2712 638 2783; x_wconf 91' lang='lat' dir='ltr'>primo</span> <span class='ocrx_word' id='word_1_325' title='bbox 669 2711 1041 2780; x_wconf 88' lang='lat' dir='ltr'>meditemur,</span> <span class='ocrx_word' id='word_1_326' title='bbox 1075 2717 1134 2767; x_wconf 89' lang='lat' dir='ltr'>et</span> <span class='ocrx_word' id='word_1_327' title='bbox 1170 2729 1371 2768; x_wconf 87' lang='lat' dir='ltr'>eorum</span> <span class='ocrx_word' id='word_1_328' title='bbox 1399 2717 1813 2785; x_wconf 68' lang='lat' dir='ltr'>praeceptorum</span> <span class='ocrx_word' id='word_1_329' title='bbox 1851 2729 1979 2786; x_wconf 61' lang='lat' dir='ltr'>quae</span> 
     </span>
    </p>
   </div>
   <div class='ocr_carea' id='block_1_44' title="bbox 355 2804 1980 2876">
    <p class='ocr_par' dir='ltr' id='par_1_44' title="bbox 355 2804 1980 2876">
     <span class='ocr_line' id='line_1_44' title="bbox 355 2804 1980 2876; baseline 0 -16"><span class='ocrx_word' id='word_1_330' title='bbox 355 2804 665 2876; x_wconf 88' lang='lat' dir='ltr'>diligimus,</span> <span class='ocrx_word' id='word_1_331' title='bbox 695 2805 770 2860; x_wconf 91' lang='lat' dir='ltr'>sit</span> <span class='ocrx_word' id='word_1_332' title='bbox 807 2806 970 2861; x_wconf 85' lang='lat' dir='ltr'>nobis</span> <span class='ocrx_word' id='word_1_333' title='bbox 1009 2813 1236 2862; x_wconf 84' lang='lat' dir='ltr'>assueta</span> <span class='ocrx_word' id='word_1_334' title='bbox 1275 2807 1589 2863; x_wconf 87' lang='lat' dir='ltr'>meditatio.</span> <span class='ocrx_word' id='word_1_335' title='bbox 1623 2807 1980 2863; x_wconf 84' lang='lat' dir='ltr'>Meditatione</span> 
     </span>
    </p>
   </div>
   <div class='ocr_carea' id='block_1_45' title="bbox 357 2898 1977 2978">
    <p class='ocr_par' dir='ltr' id='par_1_45' title="bbox 357 2898 1977 2978">
     <span class='ocr_line' id='line_1_45' title="bbox 357 2898 1977 2978; baseline -0.001 -24"><span class='ocrx_word' id='word_1_336' title='bbox 357 2899 514 2954; x_wconf 89' lang='lat' dir='ltr'>enim</span> <span class='ocrx_word' id='word_1_337' title='bbox 543 2898 945 2978; x_wconf 84' lang='lat' dir='ltr'>mandatorum</span> <span class='ocrx_word' id='word_1_338' title='bbox 977 2899 1290 2954; x_wconf 81' lang='lat' dir='ltr'>caelestium</span> <span class='ocrx_word' id='word_1_339' title='bbox 1319 2900 1506 2970; x_wconf 87' lang='lat' dir='ltr'>operis</span> <span class='ocrx_word' id='word_1_340' title='bbox 1531 2900 1666 2954; x_wconf 92' lang='lat' dir='ltr'>boni</span> <span class='ocrx_word' id='word_1_341' title='bbox 1694 2915 1827 2954; x_wconf 89' lang='lat' dir='ltr'>usus</span> <span class='ocrx_word' id='word_1_342' title='bbox 1857 2900 1977 2954; x_wconf 92' lang='lat' dir='ltr'>ino-</span> 
     </span>
    </p>
   </div>
   <div class='ocr_carea' id='block_1_46' title="bbox 355 2991 1984 3048">
    <p class='ocr_par' dir='ltr' id='par_1_46' title="bbox 355 2991 1984 3048">
     <span class='ocr_line' id='line_1_46' title="bbox 355 2991 1984 3048; baseline -0.001 0"><span class='ocrx_word' id='word_1_343' title='bbox 355 2991 531 3048; x_wconf 88' lang='lat' dir='ltr'>lescit.</span> <span class='ocrx_word' id='word_1_344' title='bbox 576 2994 717 3047; x_wconf 85' lang='lat' dir='ltr'>Nam</span> <span class='ocrx_word' id='word_1_345' title='bbox 759 2993 903 3047; x_wconf 90' lang='lat' dir='ltr'>sicut</span> <span class='ocrx_word' id='word_1_346' title='bbox 945 2991 1302 3047; x_wconf 87' lang='lat' dir='ltr'>meditationi</span> <span class='ocrx_word' id='word_1_347' title='bbox 1343 2993 1645 3048; x_wconf 90' lang='lat' dir='ltr'>verborum</span> <span class='ocrx_word' id='word_1_348' title='bbox 1696 2992 1826 3047; x_wconf 85' lang='lat' dir='ltr'>ﬁnis</span> <span class='ocrx_word' id='word_1_349' title='bbox 1867 3008 1984 3047; x_wconf 78' lang='lat' dir='ltr'>me-</span> 
     </span>
    </p>
   </div>
   <div class='ocr_carea' id='block_1_47' title="bbox 359 3084 1982 3157">
    <p class='ocr_par' dir='ltr' id='par_1_47' title="bbox 359 3084 1982 3157">
     <span class='ocr_line' id='line_1_47' title="bbox 359 3084 1982 3157; baseline -0.001 -16"><span class='ocrx_word' id='word_1_350' title='bbox 359 3086 540 3141; x_wconf 88' lang='lat' dir='ltr'>moria</span> <span class='ocrx_word' id='word_1_351' title='bbox 579 3088 682 3153; x_wconf 91' lang='lat' dir='ltr'>est,</span> <span class='ocrx_word' id='word_1_352' title='bbox 715 3091 778 3140; x_wconf 89' lang='lat' dir='ltr'>ut</span> <span class='ocrx_word' id='word_1_353' title='bbox 805 3101 934 3157; x_wconf 68' lang='lat' dir='ltr'>quae</span> <span class='ocrx_word' id='word_1_354' title='bbox 975 3084 1325 3140; x_wconf 87' lang='lat' dir='ltr'>meditamur</span> <span class='ocrx_word' id='word_1_355' title='bbox 1354 3086 1524 3140; x_wconf 87' lang='lat' dir='ltr'>verba</span> <span class='ocrx_word' id='word_1_356' title='bbox 1557 3090 1872 3153; x_wconf 88' lang='lat' dir='ltr'>teneamus,</span> <span class='ocrx_word' id='word_1_357' title='bbox 1905 3085 1982 3140; x_wconf 90' lang='lat' dir='ltr'>sic</span> 
     </span>
    </p>
   </div>
   <div class='ocr_carea' id='block_1_48' title="bbox 358 3178 1980 3249">
    <p class='ocr_par' dir='ltr' id='par_1_48' title="bbox 358 3178 1980 3249">
     <span class='ocr_line' id='line_1_48' title="bbox 358 3178 1980 3249; baseline -0.001 -15"><span class='ocrx_word' id='word_1_358' title='bbox 358 3178 741 3234; x_wconf 88' lang='lat' dir='ltr'>meditationis</span> <span class='ocrx_word' id='word_1_359' title='bbox 783 3181 1203 3249; x_wconf 55' lang='lat' dir='ltr'>praceptorum</span> <span class='ocrx_word' id='word_1_360' title='bbox 1249 3179 1561 3234; x_wconf 82' lang='lat' dir='ltr'>caelestium</span> <span class='ocrx_word' id='word_1_361' title='bbox 1613 3179 1853 3242; x_wconf 76' lang='lat' dir='ltr'>intentio</span> <span class='ocrx_word' id='word_1_362' title='bbox 1893 3178 1980 3233; x_wconf 89' lang='lat' dir='ltr'>vel</span> 
     </span>
    </p>
   </div>
   <div class='ocr_carea' id='block_1_49' title="bbox 361 3270 1983 3344">
    <p class='ocr_par' dir='ltr' id='par_1_49' title="bbox 361 3270 1983 3344">
     <span class='ocr_line' id='line_1_49' title="bbox 361 3270 1983 3344; baseline 0 -17"><span class='ocrx_word' id='word_1_363' title='bbox 361 3272 489 3327; x_wconf 79' lang='lat' dir='ltr'>finis</span> <span class='ocrx_word' id='word_1_364' title='bbox 527 3270 782 3344; x_wconf 87' lang='lat' dir='ltr'>operatio</span> <span class='ocrx_word' id='word_1_365' title='bbox 826 3276 930 3338; x_wconf 88' lang='lat' dir='ltr'>est,</span> <span class='ocrx_word' id='word_1_366' title='bbox 968 3275 1242 3344; x_wconf 88' lang='lat' dir='ltr'>actusque</span> <span class='ocrx_word' id='word_1_367' title='bbox 1286 3272 1534 3328; x_wconf 90' lang='lat' dir='ltr'>directus</span> <span class='ocrx_word' id='word_1_368' title='bbox 1582 3273 1656 3326; x_wconf 91' lang='lat' dir='ltr'>ad</span> <span class='ocrx_word' id='word_1_369' title='bbox 1699 3273 1983 3344; x_wconf 88' lang='lat' dir='ltr'>implenda</span> 
     </span>
    </p>
   </div>
   <div class='ocr_carea' id='block_1_50' title="bbox 363 3364 1982 3438">
    <p class='ocr_par' dir='ltr' id='par_1_50' title="bbox 363 3364 1982 3438">
     <span class='ocr_line' id='line_1_50' title="bbox 363 3364 1982 3438; baseline 0 -18"><span class='ocrx_word' id='word_1_370' title='bbox 363 3369 651 3438; x_wconf 73' lang='lat' dir='ltr'>praecepta</span> <span class='ocrx_word' id='word_1_371' title='bbox 675 3364 884 3432; x_wconf 87' lang='lat' dir='ltr'>divina,</span> <span class='ocrx_word' id='word_1_372' title='bbox 915 3381 1044 3436; x_wconf 69' lang='lat' dir='ltr'>qua:</span> <span class='ocrx_word' id='word_1_373' title='bbox 1069 3364 1176 3420; x_wconf 89' lang='lat' dir='ltr'>nisi</span> <span class='ocrx_word' id='word_1_374' title='bbox 1208 3366 1333 3437; x_wconf 90' lang='lat' dir='ltr'>quis</span> <span class='ocrx_word' id='word_1_375' title='bbox 1359 3365 1578 3437; x_wconf 87' lang='lat' dir='ltr'>diligat,</span> <span class='ocrx_word' id='word_1_376' title='bbox 1607 3366 1843 3437; x_wconf 90' lang='lat' dir='ltr'>implere</span> <span class='ocrx_word' id='word_1_377' title='bbox 1870 3383 1982 3420; x_wconf 92' lang='lat' dir='ltr'>non</span> 
     </span>
    </p>
   </div>
   <div class='ocr_carea' id='block_1_51' title="bbox 360 3457 1983 3532">
    <p class='ocr_par' dir='ltr' id='par_1_51' title="bbox 360 3457 1983 3532">
     <span class='ocr_line' id='line_1_51' title="bbox 360 3457 1983 3532; baseline -0.001 -17"><span class='ocrx_word' id='word_1_378' title='bbox 360 3460 603 3532; x_wconf 84' lang='lat' dir='ltr'>poterit;</span> <span class='ocrx_word' id='word_1_379' title='bbox 646 3474 748 3514; x_wconf 91' lang='lat' dir='ltr'>nec</span> <span class='ocrx_word' id='word_1_380' title='bbox 778 3460 966 3514; x_wconf 90' lang='lat' dir='ltr'>solum</span> <span class='ocrx_word' id='word_1_381' title='bbox 997 3457 1215 3532; x_wconf 87' lang='lat' dir='ltr'>diligat,</span> <span class='ocrx_word' id='word_1_382' title='bbox 1244 3460 1342 3514; x_wconf 89' lang='lat' dir='ltr'>sed</span> <span class='ocrx_word' id='word_1_383' title='bbox 1379 3460 1551 3515; x_wconf 90' lang='lat' dir='ltr'>etiam</span> <span class='ocrx_word' id='word_1_384' title='bbox 1580 3462 1740 3516; x_wconf 85' lang='lat' dir='ltr'>nimis</span> <span class='ocrx_word' id='word_1_385' title='bbox 1768 3460 1983 3531; x_wconf 87' lang='lat' dir='ltr'>diligat.</span> 
     </span>
    </p>
   </div>
   <div class='ocr_carea' id='block_1_52' title="bbox 436 3553 1988 3624">
    <p class='ocr_par' dir='ltr' id='par_1_52' title="bbox 436 3553 1988 3624">
     <span class='ocr_line' id='line_1_52' title="bbox 436 3553 1988 3624; baseline -0.001 -14"><span class='ocrx_word' id='word_1_386' title='bbox 436 3557 522 3610; x_wconf 85' lang='lat'>36.</span> <span class='ocrx_word' id='word_1_387' title='bbox 555 3553 689 3610; x_wconf 91' lang='lat' dir='ltr'>Ideo</span> <span class='ocrx_word' id='word_1_388' title='bbox 723 3553 880 3624; x_wconf 88' lang='lat' dir='ltr'>prius</span> <span class='ocrx_word' id='word_1_389' title='bbox 919 3553 1113 3624; x_wconf 84' lang='lat' dir='ltr'>posuit</span> <span class='ocrx_word' id='word_1_390' title='bbox 1142 3576 1151 3606; x_wconf 88' lang='lat'><strong>:</strong></span> <span class='ocrx_word' id='word_1_391' title='bbox 1187 3556 1257 3609; x_wconf 81' lang='lat' dir='ltr'>Et</span> <span class='ocrx_word' id='word_1_392' title='bbox 1282 3554 1593 3610; x_wconf 84' lang='lat' dir='ltr'>meditabar</span> <span class='ocrx_word' id='word_1_393' title='bbox 1620 3555 1679 3608; x_wconf 87' lang='lat' dir='ltr'>in</span> <span class='ocrx_word' id='word_1_394' title='bbox 1709 3557 1988 3624; x_wconf 60' lang='lat' dir='ltr'>praceptis</span> 
     </span>
    </p>
   </div>
   <div class='ocr_carea' id='block_1_53' title="bbox 365 3646 1988 3718">
    <p class='ocr_par' dir='ltr' id='par_1_53' title="bbox 365 3646 1988 3718">
     <span class='ocr_line' id='line_1_53' title="bbox 365 3646 1988 3718; baseline 0 -16"><span class='ocrx_word' id='word_1_395' title='bbox 365 3651 496 3710; x_wconf 83' lang='lat' dir='ltr'>tuis,</span> <span class='ocrx_word' id='word_1_396' title='bbox 521 3664 645 3717; x_wconf 68' lang='lat' dir='ltr'>qua:</span> <span class='ocrx_word' id='word_1_397' title='bbox 669 3646 842 3702; x_wconf 62' lang='lat' dir='ltr'>dilexi</span> <span class='ocrx_word' id='word_1_398' title='bbox 867 3649 1046 3702; x_wconf 82' lang='lat' dir='ltr'>nimis.</span> <span class='ocrx_word' id='word_1_399' title='bbox 1081 3648 1150 3701; x_wconf 88' lang='lat' dir='ltr'>Et</span> <span class='ocrx_word' id='word_1_400' title='bbox 1175 3646 1416 3718; x_wconf 88' lang='lat' dir='ltr'>subjecit</span> <span class='ocrx_word' id='word_1_401' title='bbox 1443 3663 1456 3702; x_wconf 91' lang='lat'><strong>:</strong></span> <span class='ocrx_word' id='word_1_402' title='bbox 1490 3650 1558 3702; x_wconf 84' lang='lat' dir='ltr'>Et</span> <span class='ocrx_word' id='word_1_403' title='bbox 1589 3648 1763 3703; x_wconf 81' lang='lat' dir='ltr'>levavi</span> <span class='ocrx_word' id='word_1_404' title='bbox 1790 3662 1988 3702; x_wconf 83' lang='lat' dir='ltr'>manus</span> 
     </span>
    </p>
   </div>
   <div class='ocr_carea' id='block_1_54' title="bbox 362 3740 1985 3812">
    <p class='ocr_par' dir='ltr' id='par_1_54' title="bbox 362 3740 1985 3812">
     <span class='ocr_line' id='line_1_54' title="bbox 362 3740 1985 3812; baseline -0.001 -16"><span class='ocrx_word' id='word_1_405' title='bbox 362 3757 507 3796; x_wconf 82' lang='lat' dir='ltr'>meus</span> <span class='ocrx_word' id='word_1_406' title='bbox 542 3741 618 3795; x_wconf 91' lang='lat' dir='ltr'>ad</span> <span class='ocrx_word' id='word_1_407' title='bbox 641 3746 912 3812; x_wconf 56' lang='lat' dir='ltr'>pracepta</span> <span class='ocrx_word' id='word_1_408' title='bbox 943 3747 1058 3804; x_wconf 86' lang='lat' dir='ltr'>tua,</span> <span class='ocrx_word' id='word_1_409' title='bbox 1089 3757 1210 3811; x_wconf 75' lang='lat' dir='ltr'>quae</span> <span class='ocrx_word' id='word_1_410' title='bbox 1239 3741 1409 3796; x_wconf 68' lang='lat' dir='ltr'>dilexi</span> <span class='ocrx_word' id='word_1_411' title='bbox 1439 3742 1620 3796; x_wconf 82' lang='lat' dir='ltr'>nimis.</span> <span class='ocrx_word' id='word_1_412' title='bbox 1650 3743 1775 3795; x_wconf 86' lang='lat' dir='ltr'>Post</span> <span class='ocrx_word' id='word_1_413' title='bbox 1805 3740 1985 3794; x_wconf 91' lang='lat' dir='ltr'>medi-</span> 
     </span>
    </p>
   </div>
   <div class='ocr_carea' id='block_1_55' title="bbox 364 3833 1988 3890">
    <p class='ocr_par' dir='ltr' id='par_1_55' title="bbox 364 3833 1988 3890">
     <span class='ocr_line' id='line_1_55' title="bbox 364 3833 1988 3890; baseline -0.002 0"><span class='ocrx_word' id='word_1_414' title='bbox 364 3835 644 3890; x_wconf 85' lang='lat' dir='ltr'>tationem</span> <span class='ocrx_word' id='word_1_415' title='bbox 674 3835 888 3890; x_wconf 90' lang='lat' dir='ltr'>etenim</span> <span class='ocrx_word' id='word_1_416' title='bbox 918 3834 1138 3890; x_wconf 89' lang='lat' dir='ltr'>bonum</span> <span class='ocrx_word' id='word_1_417' title='bbox 1166 3839 1253 3889; x_wconf 89' lang='lat' dir='ltr'>est</span> <span class='ocrx_word' id='word_1_418' title='bbox 1275 3835 1458 3889; x_wconf 88' lang='lat' dir='ltr'>levare</span> <span class='ocrx_word' id='word_1_419' title='bbox 1489 3837 1644 3889; x_wconf 86' lang='lat' dir='ltr'>actus</span> <span class='ocrx_word' id='word_1_420' title='bbox 1670 3839 1891 3888; x_wconf 88' lang='lat' dir='ltr'>nostros</span> <span class='ocrx_word' id='word_1_421' title='bbox 1916 3833 1988 3887; x_wconf 89' lang='lat' dir='ltr'>ad</span> 
     </span>
    </p>
   </div>
   <div class='ocr_carea' id='block_1_56' title="bbox 366 3927 1989 4000">
    <p class='ocr_par' dir='ltr' id='par_1_56' title="bbox 366 3927 1989 4000">
     <span class='ocr_line' id='line_1_56' title="bbox 366 3927 1989 4000; baseline -0.002 -17"><span class='ocrx_word' id='word_1_422' title='bbox 366 3931 632 4000; x_wconf 87' lang='lat' dir='ltr'>precepta</span> <span class='ocrx_word' id='word_1_423' title='bbox 661 3929 783 3996; x_wconf 88' lang='lat' dir='ltr'>Dei,</span> <span class='ocrx_word' id='word_1_424' title='bbox 823 3931 994 3998; x_wconf 83' lang='lat' dir='ltr'>atque</span> <span class='ocrx_word' id='word_1_425' title='bbox 1034 3927 1090 3982; x_wconf 92' lang='lat' dir='ltr'>id</span> <span class='ocrx_word' id='word_1_426' title='bbox 1123 3928 1307 3984; x_wconf 83' lang='lat' dir='ltr'>facere</span> <span class='ocrx_word' id='word_1_427' title='bbox 1346 3944 1476 3982; x_wconf 91' lang='lat' dir='ltr'>cum</span> <span class='ocrx_word' id='word_1_428' title='bbox 1519 3927 1812 3995; x_wconf 86' lang='lat' dir='ltr'>charitate,</span> <span class='ocrx_word' id='word_1_429' title='bbox 1857 3941 1989 3981; x_wconf 92' lang='lat' dir='ltr'>cum</span> 
     </span>
    </p>
   </div>
   <div class='ocr_carea' id='block_1_57' title="bbox 368 4021 1988 4093">
    <p class='ocr_par' dir='ltr' id='par_1_57' title="bbox 368 4021 1988 4093">
     <span class='ocr_line' id='line_1_57' title="bbox 368 4021 1988 4093; baseline -0.001 -17"><span class='ocrx_word' id='word_1_430' title='bbox 368 4021 607 4093; x_wconf 88' lang='lat' dir='ltr'>gaudio;</span> <span class='ocrx_word' id='word_1_431' title='bbox 638 4024 699 4075; x_wconf 89' lang='lat' dir='ltr'>ut</span> <span class='ocrx_word' id='word_1_432' title='bbox 729 4038 846 4076; x_wconf 91' lang='lat' dir='ltr'>non</span> <span class='ocrx_word' id='word_1_433' title='bbox 881 4036 950 4075; x_wconf 87' lang='lat' dir='ltr'>ex</span> <span class='ocrx_word' id='word_1_434' title='bbox 989 4021 1322 4076; x_wconf 88' lang='lat' dir='ltr'>necessitate</span> <span class='ocrx_word' id='word_1_435' title='bbox 1349 4021 1422 4075; x_wconf 89' lang='lat' dir='ltr'>sit</span> <span class='ocrx_word' id='word_1_436' title='bbox 1457 4021 1676 4076; x_wconf 91' lang='lat' dir='ltr'>bonum</span> <span class='ocrx_word' id='word_1_437' title='bbox 1711 4026 1988 4087; x_wconf 89' lang='lat' dir='ltr'>nostrum,</span> 
     </span>
    </p>
   </div>
   <div class='ocr_carea' id='block_1_58' title="bbox 367 4113 1988 4185">
    <p class='ocr_par' dir='ltr' id='par_1_58' title="bbox 367 4113 1988 4185">
     <span class='ocr_line' id='line_1_58' title="bbox 367 4113 1988 4185; baseline -0.001 -15"><span class='ocrx_word' id='word_1_438' title='bbox 367 4131 482 4171; x_wconf 88' lang='lat' dir='ltr'>non</span> <span class='ocrx_word' id='word_1_439' title='bbox 507 4130 640 4169; x_wconf 91' lang='lat' dir='ltr'>cum</span> <span class='ocrx_word' id='word_1_440' title='bbox 669 4130 912 4170; x_wconf 66' lang='lat' dir='ltr'>maerore</span> <span class='ocrx_word' id='word_1_441' title='bbox 940 4119 1112 4185; x_wconf 86' lang='lat' dir='ltr'>atque</span> <span class='ocrx_word' id='word_1_442' title='bbox 1141 4113 1428 4184; x_wconf 78' lang='lat' dir='ltr'>maestitia,</span> <span class='ocrx_word' id='word_1_443' title='bbox 1458 4114 1559 4168; x_wconf 91' lang='lat' dir='ltr'>sed</span> <span class='ocrx_word' id='word_1_444' title='bbox 1587 4114 1988 4182; x_wconf 86' lang='lat' dir='ltr'>voluntarium;</span> 
     </span>
    </p>
   </div>
   <div class='ocr_carea' id='block_1_59' title="bbox 368 4207 1993 4280">
    <p class='ocr_par' dir='ltr' id='par_1_59' title="bbox 368 4207 1993 4280">
     <span class='ocr_line' id='line_1_59' title="bbox 368 4207 1993 4280; baseline -0.001 -17"><span class='ocrx_word' id='word_1_445' title='bbox 368 4209 505 4280; x_wconf 92' lang='lat' dir='ltr'>quia</span> <span class='ocrx_word' id='word_1_446' title='bbox 542 4223 733 4263; x_wconf 89' lang='lat' dir='ltr'>servus</span> <span class='ocrx_word' id='word_1_447' title='bbox 773 4208 980 4262; x_wconf 91' lang='lat' dir='ltr'>invitus</span> <span class='ocrx_word' id='word_1_448' title='bbox 1020 4207 1175 4274; x_wconf 82' lang='lat' dir='ltr'>facit,</span> <span class='ocrx_word' id='word_1_449' title='bbox 1219 4208 1436 4262; x_wconf 90' lang='lat' dir='ltr'>amicus</span> <span class='ocrx_word' id='word_1_450' title='bbox 1480 4207 1844 4263; x_wconf 88' lang='lat' dir='ltr'>voluntarius.</span> <span class='ocrx_word' id='word_1_451' title='bbox 1886 4208 1993 4263; x_wconf 86' lang='lat' dir='ltr'>Nos</span> 
     </span>
    </p>
   </div>
   <div class='ocr_carea' id='block_1_60' title="bbox 368 4301 1990 4358">
    <p class='ocr_par' dir='ltr' id='par_1_60' title="bbox 368 4301 1990 4358">
     <span class='ocr_line' id='line_1_60' title="bbox 368 4301 1990 4358; baseline -0.001 -1"><span class='ocrx_word' id='word_1_452' title='bbox 368 4306 564 4357; x_wconf 89' lang='lat' dir='ltr'>autem</span> <span class='ocrx_word' id='word_1_453' title='bbox 593 4302 922 4358; x_wconf 89' lang='lat' dir='ltr'>studeamus</span> <span class='ocrx_word' id='word_1_454' title='bbox 951 4305 1014 4355; x_wconf 91' lang='lat' dir='ltr'>ut</span> <span class='ocrx_word' id='word_1_455' title='bbox 1053 4301 1272 4356; x_wconf 86' lang='lat' dir='ltr'>dicatur</span> <span class='ocrx_word' id='word_1_456' title='bbox 1305 4301 1466 4356; x_wconf 92' lang='lat' dir='ltr'>nobis</span> <span class='ocrx_word' id='word_1_457' title='bbox 1495 4319 1508 4356; x_wconf 90' lang='lat'><strong>:</strong></span> <span class='ocrx_word' id='word_1_458' title='bbox 1543 4323 1572 4351; x_wconf 76' lang='grc' dir='ltr'>α</span> <span class='ocrx_word' id='word_1_459' title='bbox 1595 4303 1722 4357; x_wconf 76' lang='lat' dir='ltr'>lam</span> <span class='ocrx_word' id='word_1_460' title='bbox 1753 4317 1866 4355; x_wconf 92' lang='lat' dir='ltr'>non</span> <span class='ocrx_word' id='word_1_461' title='bbox 1906 4301 1990 4355; x_wconf 88' lang='lat' dir='ltr'>di-</span> 
     </span>
    </p>
   </div>
   <div class='ocr_carea' id='block_1_61' title="bbox 368 4392 1995 4465">
    <p class='ocr_par' dir='ltr' id='par_1_61' title="bbox 368 4392 1995 4465">
     <span class='ocr_line' id='line_1_61' title="bbox 368 4392 1995 4465; baseline -0.001 -15"><span class='ocrx_word' id='word_1_462' title='bbox 368 4412 494 4452; x_wconf 86' lang='lat' dir='ltr'>cam</span> <span class='ocrx_word' id='word_1_463' title='bbox 523 4413 619 4451; x_wconf 90' lang='lat' dir='ltr'>vos</span> <span class='ocrx_word' id='word_1_464' title='bbox 655 4411 864 4463; x_wconf 88' lang='lat' dir='ltr'>servos,</span> <span class='ocrx_word' id='word_1_465' title='bbox 907 4395 1003 4450; x_wconf 90' lang='lat' dir='ltr'>sed</span> <span class='ocrx_word' id='word_1_466' title='bbox 1041 4394 1259 4449; x_wconf 89' lang='lat' dir='ltr'>amicos</span> <span class='ocrx_word' id='word_1_467' title='bbox 1295 4397 1498 4464; x_wconf 85' lang='lat' dir='ltr'>(Joan.,</span> <span class='ocrx_word' id='word_1_468' title='bbox 1529 4411 1618 4461; x_wconf 87' lang='lat' dir='ltr'>xv,</span> <span class='ocrx_word' id='word_1_469' title='bbox 1649 4397 1766 4464; x_wconf 71' lang='lat'>15);</span> <span class='ocrx_word' id='word_1_470' title='bbox 1798 4415 1825 4447; x_wconf 87' lang='grc'><strong>››</strong></span> <span class='ocrx_word' id='word_1_471' title='bbox 1861 4392 1995 4465; x_wconf 90' lang='lat' dir='ltr'>quia</span> 
     </span>
    </p>
   </div>
   <div class='ocr_carea' id='block_1_62' title="bbox 2069 1869 3700 1949">
    <p class='ocr_par' dir='ltr' id='par_1_62' title="bbox 2069 1869 3700 1949">
     <span class='ocr_line' id='line_1_62' title="bbox 2069 1869 3700 1949; baseline -0.008 -15"><span class='ocrx_word' id='word_1_472' title='bbox 2069 1895 2265 1935; x_wconf 90' lang='lat' dir='ltr'>omnes</span> <span class='ocrx_word' id='word_1_473' title='bbox 2291 1878 2387 1949; x_wconf 92' lang='lat' dir='ltr'>qui</span> <span class='ocrx_word' id='word_1_474' title='bbox 2414 1876 2680 1932; x_wconf 88' lang='lat' dir='ltr'>laboratis</span> <span class='ocrx_word' id='word_1_475' title='bbox 2704 1880 2760 1930; x_wconf 90' lang='lat' dir='ltr'>et</span> <span class='ocrx_word' id='word_1_476' title='bbox 2787 1873 3009 1929; x_wconf 90' lang='lat' dir='ltr'>onerati</span> <span class='ocrx_word' id='word_1_477' title='bbox 3037 1871 3192 1941; x_wconf 91' lang='lat' dir='ltr'>estis,</span> <span class='ocrx_word' id='word_1_478' title='bbox 3223 1874 3282 1927; x_wconf 91' lang='lat' dir='ltr'>et</span> <span class='ocrx_word' id='word_1_479' title='bbox 3310 1887 3426 1942; x_wconf 89' lang='lat' dir='ltr'>ego</span> <span class='ocrx_word' id='word_1_480' title='bbox 3454 1869 3700 1924; x_wconf 85' lang='lat' dir='ltr'>reficiam</span> 
     </span>
    </p>
   </div>
   <div class='ocr_carea' id='block_1_63' title="bbox 2069 1965 3701 2040">
    <p class='ocr_par' dir='ltr' id='par_1_63' title="bbox 2069 1965 3701 2040">
     <span class='ocr_line' id='line_1_63' title="bbox 2069 1965 3701 2040; baseline -0.008 -14"><span class='ocrx_word' id='word_1_481' title='bbox 2069 1989 2165 2027; x_wconf 91' lang='lat' dir='ltr'>vos</span> <span class='ocrx_word' id='word_1_482' title='bbox 2196 1973 2438 2038; x_wconf 59' lang='lat' dir='ltr'>(Mutila,</span> <span class='ocrx_word' id='word_1_483' title='bbox 2468 1987 2544 2040; x_wconf 75' lang='lat' dir='ltr'>XI,</span> <span class='ocrx_word' id='word_1_484' title='bbox 2573 1971 2689 2038; x_wconf 89' lang='lat'>28).</span> <span class='ocrx_word' id='word_1_485' title='bbox 2725 1992 2753 2018; x_wconf 88' lang='lat'>»</span> <span class='ocrx_word' id='word_1_486' title='bbox 2783 1968 3034 2038; x_wconf 87' lang='lat' dir='ltr'>Ideoque</span> <span class='ocrx_word' id='word_1_487' title='bbox 3067 1981 3383 2037; x_wconf 89' lang='lat' dir='ltr'>sequamur</span> <span class='ocrx_word' id='word_1_488' title='bbox 3409 1965 3701 2018; x_wconf 88' lang='lat' dir='ltr'>vocantem</span> 
     </span>
    </p>
   </div>
   <div class='ocr_carea' id='block_1_64' title="bbox 2071 2058 3702 2130">
    <p class='ocr_par' dir='ltr' id='par_1_64' title="bbox 2071 2058 3702 2130">
     <span class='ocr_line' id='line_1_64' title="bbox 2071 2058 3702 2130; baseline -0.009 -8"><span class='ocrx_word' id='word_1_489' title='bbox 2071 2065 2375 2123; x_wconf 90' lang='lat' dir='ltr'>Dominum</span> <span class='ocrx_word' id='word_1_490' title='bbox 2419 2066 2640 2128; x_wconf 83' lang='lat' dir='ltr'>Jesum,</span> <span class='ocrx_word' id='word_1_491' title='bbox 2687 2067 2751 2117; x_wconf 92' lang='lat' dir='ltr'>ut</span> <span class='ocrx_word' id='word_1_492' title='bbox 2799 2078 2832 2115; x_wconf 91' lang='lat' dir='ltr'>a</span> <span class='ocrx_word' id='word_1_493' title='bbox 2879 2059 3247 2115; x_wconf 62' lang='lat' dir='ltr'>saecularibus</span> <span class='ocrx_word' id='word_1_494' title='bbox 3295 2059 3372 2112; x_wconf 88' lang='lat' dir='ltr'>ad</span> <span class='ocrx_word' id='word_1_495' title='bbox 3425 2058 3702 2130; x_wconf 86' lang='lat' dir='ltr'>perpetua</span> 
     </span>
    </p>
   </div>
   <div class='ocr_carea' id='block_1_65' title="bbox 2072 2151 3494 2228">
    <p class='ocr_par' dir='ltr' id='par_1_65' title="bbox 2072 2151 3494 2228">
     <span class='ocr_line' id='line_1_65' title="bbox 2072 2151 3494 2228; baseline -0.006 -13"><span class='ocrx_word' id='word_1_496' title='bbox 2072 2167 2444 2224; x_wconf 88' lang='lat' dir='ltr'>transeamus,</span> <span class='ocrx_word' id='word_1_497' title='bbox 2476 2171 2695 2228; x_wconf 89' lang='lat' dir='ltr'>nosque</span> <span class='ocrx_word' id='word_1_498' title='bbox 2726 2155 2877 2226; x_wconf 88' lang='lat' dir='ltr'>ipsos</span> <span class='ocrx_word' id='word_1_499' title='bbox 2905 2169 3109 2224; x_wconf 90' lang='lat' dir='ltr'>regere</span> <span class='ocrx_word' id='word_1_500' title='bbox 3137 2151 3494 2208; x_wconf 89' lang='lat' dir='ltr'>noverimus.</span> 
     </span>
    </p>
   </div>
   <div class='ocr_carea' id='block_1_66' title="bbox 2146 2243 3706 2323">
    <p class='ocr_par' dir='ltr' id='par_1_66' title="bbox 2146 2243 3706 2323">
     <span class='ocr_line' id='line_1_66' title="bbox 2146 2243 3706 2323; baseline -0.008 -15"><span class='ocrx_word' id='word_1_501' title='bbox 2146 2256 2196 2308; x_wconf 91' lang='lat'>3.</span> <span class='ocrx_word' id='word_1_502' title='bbox 2231 2255 2376 2323; x_wconf 88' lang='lat' dir='ltr'>Ergo</span> <span class='ocrx_word' id='word_1_503' title='bbox 2402 2250 2600 2318; x_wconf 88' lang='lat' dir='ltr'>David,</span> <span class='ocrx_word' id='word_1_504' title='bbox 2630 2249 2905 2320; x_wconf 89' lang='lat' dir='ltr'>quoniam</span> <span class='ocrx_word' id='word_1_505' title='bbox 2939 2248 3051 2316; x_wconf 89' lang='lat'>(33)</span> <span class='ocrx_word' id='word_1_506' title='bbox 3086 2262 3234 2317; x_wconf 71' lang='lat' dir='ltr'>saepe</span> <span class='ocrx_word' id='word_1_507' title='bbox 3271 2243 3565 2316; x_wconf 87' lang='lat' dir='ltr'>responsis</span> <span class='ocrx_word' id='word_1_508' title='bbox 3590 2245 3706 2297; x_wconf 88' lang='lat' dir='ltr'>erat</span> 
     </span>
    </p>
   </div>
   <div class='ocr_carea' id='block_1_67' title="bbox 2075 2335 3704 2413">
    <p class='ocr_par' dir='ltr' id='par_1_67' title="bbox 2075 2335 3704 2413">
     <span class='ocr_line' id='line_1_67' title="bbox 2075 2335 3704 2413; baseline -0.007 -12"><span class='ocrx_word' id='word_1_509' title='bbox 2075 2347 2346 2401; x_wconf 90' lang='lat' dir='ltr'>invitatus</span> <span class='ocrx_word' id='word_1_510' title='bbox 2385 2343 2727 2409; x_wconf 72' lang='lat' dir='ltr'>cmlestibus,</span> <span class='ocrx_word' id='word_1_511' title='bbox 2769 2341 2978 2413; x_wconf 91' lang='lat' dir='ltr'>quibus</span> <span class='ocrx_word' id='word_1_512' title='bbox 3017 2338 3552 2395; x_wconf 89' lang='lat' dir='ltr'>remunerationem</span> <span class='ocrx_word' id='word_1_513' title='bbox 3581 2335 3704 2391; x_wconf 84' lang='lat' dir='ltr'>ﬁdei</span> 
     </span>
    </p>
   </div>
   <div class='ocr_carea' id='block_1_68' title="bbox 2078 2431 3703 2509">
    <p class='ocr_par' dir='ltr' id='par_1_68' title="bbox 2078 2431 3703 2509">
     <span class='ocr_line' id='line_1_68' title="bbox 2078 2431 3703 2509; baseline -0.008 -15"><span class='ocrx_word' id='word_1_514' title='bbox 2078 2439 2529 2509; x_wconf 90' lang='lat' dir='ltr'>meritorumque</span> <span class='ocrx_word' id='word_1_515' title='bbox 2557 2437 2810 2506; x_wconf 89' lang='lat' dir='ltr'>speraret</span> <span class='ocrx_word' id='word_1_516' title='bbox 2847 2434 2987 2500; x_wconf 82' lang='lat' dir='ltr'>fore,</span> <span class='ocrx_word' id='word_1_517' title='bbox 3026 2432 3170 2486; x_wconf 90' lang='lat' dir='ltr'>sicut</span> <span class='ocrx_word' id='word_1_518' title='bbox 3197 2431 3378 2486; x_wconf 89' lang='lat' dir='ltr'>habes</span> <span class='ocrx_word' id='word_1_519' title='bbox 3409 2431 3703 2500; x_wconf 87' lang='lat' dir='ltr'>scriptum,</span> 
     </span>
    </p>
   </div>
   <div class='ocr_carea' id='block_1_69' title="bbox 2078 2522 3703 2601">
    <p class='ocr_par' dir='ltr' id='par_1_69' title="bbox 2078 2522 3703 2601">
     <span class='ocr_line' id='line_1_69' title="bbox 2078 2522 3703 2601; baseline -0.009 -13"><span class='ocrx_word' id='word_1_520' title='bbox 2078 2533 2298 2588; x_wconf 89' lang='lat' dir='ltr'>dicente</span> <span class='ocrx_word' id='word_1_521' title='bbox 2326 2533 2441 2586; x_wconf 90' lang='lat' dir='ltr'>Deo</span> <span class='ocrx_word' id='word_1_522' title='bbox 2465 2546 2571 2601; x_wconf 88' lang='lat' dir='ltr'>per</span> <span class='ocrx_word' id='word_1_523' title='bbox 2595 2528 2821 2584; x_wconf 87' lang='lat' dir='ltr'>Nathan</span> <span class='ocrx_word' id='word_1_524' title='bbox 2848 2525 3193 2598; x_wconf 88' lang='lat' dir='ltr'>prophetam</span> <span class='ocrx_word' id='word_1_525' title='bbox 3219 2541 3232 2578; x_wconf 91' lang='lat'><strong>:</strong></span> <span class='ocrx_word' id='word_1_526' title='bbox 3263 2545 3292 2574; x_wconf 84' lang='lat'><strong>«</strong></span> <span class='ocrx_word' id='word_1_527' title='bbox 3321 2523 3532 2594; x_wconf 85' lang='lat' dir='ltr'>Accepi</span> <span class='ocrx_word' id='word_1_528' title='bbox 3558 2528 3610 2578; x_wconf 93' lang='lat' dir='ltr'>te</span> <span class='ocrx_word' id='word_1_529' title='bbox 3637 2522 3703 2576; x_wconf 86' lang='lat' dir='ltr'>de</span> 
     </span>
    </p>
   </div>
   <div class='ocr_carea' id='block_1_70' title="bbox 2079 2616 3704 2694">
    <p class='ocr_par' dir='ltr' id='par_1_70' title="bbox 2079 2616 3704 2694">
     <span class='ocr_line' id='line_1_70' title="bbox 2079 2616 3704 2694; baseline -0.007 -13"><span class='ocrx_word' id='word_1_530' title='bbox 2079 2627 2208 2681; x_wconf 89' lang='lat' dir='ltr'>ovili</span> <span class='ocrx_word' id='word_1_531' title='bbox 2239 2641 2307 2680; x_wconf 88' lang='lat' dir='ltr'>ex</span> <span class='ocrx_word' id='word_1_532' title='bbox 2340 2640 2456 2678; x_wconf 89' lang='lat' dir='ltr'>uno</span> <span class='ocrx_word' id='word_1_533' title='bbox 2485 2639 2680 2694; x_wconf 91' lang='lat' dir='ltr'>grege,</span> <span class='ocrx_word' id='word_1_534' title='bbox 2709 2624 2772 2675; x_wconf 92' lang='lat' dir='ltr'>ut</span> <span class='ocrx_word' id='word_1_535' title='bbox 2797 2620 2871 2674; x_wconf 89' lang='lat' dir='ltr'>sis</span> <span class='ocrx_word' id='word_1_536' title='bbox 2899 2619 2959 2674; x_wconf 92' lang='lat' dir='ltr'>in</span> <span class='ocrx_word' id='word_1_537' title='bbox 2991 2619 3309 2690; x_wconf 89' lang='lat' dir='ltr'>principem</span> <span class='ocrx_word' id='word_1_538' title='bbox 3343 2618 3405 2672; x_wconf 90' lang='lat' dir='ltr'>in</span> <span class='ocrx_word' id='word_1_539' title='bbox 3437 2616 3704 2688; x_wconf 88' lang='lat' dir='ltr'>populum</span> 
     </span>
    </p>
   </div>
   <div class='ocr_carea' id='block_1_71' title="bbox 2080 2710 3707 2785">
    <p class='ocr_par' dir='ltr' id='par_1_71' title="bbox 2080 2710 3707 2785">
     <span class='ocr_line' id='line_1_71' title="bbox 2080 2710 3707 2785; baseline -0.007 -11"><span class='ocrx_word' id='word_1_540' title='bbox 2080 2735 2277 2774; x_wconf 90' lang='lat' dir='ltr'>meum</span> <span class='ocrx_word' id='word_1_541' title='bbox 2309 2717 2495 2785; x_wconf 84' lang='lat' dir='ltr'>Israel;</span> <span class='ocrx_word' id='word_1_542' title='bbox 2530 2721 2588 2771; x_wconf 91' lang='lat' dir='ltr'>et</span> <span class='ocrx_word' id='word_1_543' title='bbox 2614 2729 2769 2770; x_wconf 88' lang='lat' dir='ltr'>eram</span> <span class='ocrx_word' id='word_1_544' title='bbox 2795 2718 2984 2768; x_wconf 87' lang='lat' dir='ltr'>tecum</span> <span class='ocrx_word' id='word_1_545' title='bbox 3009 2712 3066 2766; x_wconf 91' lang='lat' dir='ltr'>in</span> <span class='ocrx_word' id='word_1_546' title='bbox 3103 2710 3373 2767; x_wconf 89' lang='lat' dir='ltr'>omnibus</span> <span class='ocrx_word' id='word_1_547' title='bbox 3403 2710 3608 2782; x_wconf 89' lang='lat' dir='ltr'>quibus</span> <span class='ocrx_word' id='word_1_548' title='bbox 3633 2710 3707 2762; x_wconf 89' lang='lat' dir='ltr'>in-</span> 
     </span>
    </p>
   </div>
   <div class='ocr_carea' id='block_1_72' title="bbox 2081 2803 3709 2884">
    <p class='ocr_par' dir='ltr' id='par_1_72' title="bbox 2081 2803 3709 2884">
     <span class='ocr_line' id='line_1_72' title="bbox 2081 2803 3709 2884; baseline -0.009 -16"><span class='ocrx_word' id='word_1_549' title='bbox 2081 2811 2435 2884; x_wconf 89' lang='lat' dir='ltr'>grediebaris</span> <span class='ocrx_word' id='word_1_550' title='bbox 2475 2815 2532 2865; x_wconf 92' lang='lat' dir='ltr'>et</span> <span class='ocrx_word' id='word_1_551' title='bbox 2570 2806 2938 2864; x_wconf 85' lang='lat' dir='ltr'>exterminavi</span> <span class='ocrx_word' id='word_1_552' title='bbox 2971 2822 3172 2860; x_wconf 89' lang='lat' dir='ltr'>omnes</span> <span class='ocrx_word' id='word_1_553' title='bbox 3211 2803 3484 2860; x_wconf 91' lang='lat' dir='ltr'>inimicos</span> <span class='ocrx_word' id='word_1_554' title='bbox 3519 2808 3640 2857; x_wconf 91' lang='lat' dir='ltr'>tuos</span> <span class='ocrx_word' id='word_1_555' title='bbox 3679 2819 3709 2854; x_wconf 79' lang='grc' dir='ltr'>ιι</span> 
     </span>
    </p>
   </div>
   <div class='ocr_carea' id='block_1_73' title="bbox 2082 2897 3707 2974">
    <p class='ocr_par' dir='ltr' id='par_1_73' title="bbox 2082 2897 3707 2974">
     <span class='ocr_line' id='line_1_73' title="bbox 2082 2897 3707 2974; baseline -0.007 -13"><span class='ocrx_word' id='word_1_556' title='bbox 2082 2907 2225 2961; x_wconf 83' lang='lat' dir='ltr'>facie</span> <span class='ocrx_word' id='word_1_557' title='bbox 2250 2909 2351 2960; x_wconf 89' lang='lat' dir='ltr'>tua</span> <span class='ocrx_word' id='word_1_558' title='bbox 2371 2906 2438 2974; x_wconf 87' lang='lat' dir='ltr'>(ll</span> <span class='ocrx_word' id='word_1_559' title='bbox 2465 2907 2617 2973; x_wconf 67' lang='grc' dir='ltr'>Περ..</span> <span class='ocrx_word' id='word_1_560' title='bbox 2644 2919 2736 2970; x_wconf 87' lang='lat' dir='ltr'>vn,</span> <span class='ocrx_word' id='word_1_561' title='bbox 2764 2905 2817 2968; x_wconf 88' lang='lat'>8,</span> <span class='ocrx_word' id='word_1_562' title='bbox 2847 2901 2920 2971; x_wconf 92' lang='lat'>9).</span> <span class='ocrx_word' id='word_1_563' title='bbox 2951 2921 2977 2950; x_wconf 72' lang='grc' dir='ltr'>»ι</span> <span class='ocrx_word' id='word_1_564' title='bbox 3004 2901 3070 2954; x_wconf 89' lang='lat' dir='ltr'>Et</span> <span class='ocrx_word' id='word_1_565' title='bbox 3093 2899 3244 2953; x_wconf 87' lang='lat' dir='ltr'>infra</span> <span class='ocrx_word' id='word_1_566' title='bbox 3267 2915 3281 2952; x_wconf 88' lang='lat'><strong>:</strong></span> <span class='ocrx_word' id='word_1_567' title='bbox 3309 2920 3338 2948; x_wconf 81' lang='grc' dir='ltr'>α</span> <span class='ocrx_word' id='word_1_568' title='bbox 3365 2899 3434 2953; x_wconf 88' lang='lat' dir='ltr'>Et</span> <span class='ocrx_word' id='word_1_569' title='bbox 3458 2897 3707 2968; x_wconf 88' lang='lat' dir='ltr'>requiem</span> 
     </span>
    </p>
   </div>
   <div class='ocr_carea' id='block_1_74' title="bbox 2083 2990 3708 3064">
    <p class='ocr_par' dir='ltr' id='par_1_74' title="bbox 2083 2990 3708 3064">
     <span class='ocr_line' id='line_1_74' title="bbox 2083 2990 3708 3064; baseline -0.007 -10"><span class='ocrx_word' id='word_1_570' title='bbox 2083 2999 2185 3055; x_wconf 88' lang='lat' dir='ltr'>tibi</span> <span class='ocrx_word' id='word_1_571' title='bbox 2212 2999 2354 3054; x_wconf 91' lang='lat' dir='ltr'>dabo</span> <span class='ocrx_word' id='word_1_572' title='bbox 2379 2997 2450 3052; x_wconf 88' lang='lat' dir='ltr'>ab</span> <span class='ocrx_word' id='word_1_573' title='bbox 2476 2995 2738 3052; x_wconf 91' lang='lat' dir='ltr'>omnibus</span> <span class='ocrx_word' id='word_1_574' title='bbox 2764 2991 3010 3049; x_wconf 90' lang='lat' dir='ltr'>inimicis</span> <span class='ocrx_word' id='word_1_575' title='bbox 3039 2993 3152 3048; x_wconf 89' lang='lat' dir='ltr'>tuis</span> <span class='ocrx_word' id='word_1_576' title='bbox 3174 2992 3363 3064; x_wconf 87' lang='lat' dir='ltr'>(Ibid.,</span> <span class='ocrx_word' id='word_1_577' title='bbox 3395 2993 3504 3058; x_wconf 80' lang='lat' dir='ltr'>ll).</span> <span class='ocrx_word' id='word_1_578' title='bbox 3537 3013 3564 3040; x_wconf 83' lang='lat'>»</span> <span class='ocrx_word' id='word_1_579' title='bbox 3593 2990 3708 3053; x_wconf 87' lang='lat' dir='ltr'>Quo</span> 
     </span>
    </p>
   </div>
   <div class='ocr_carea' id='block_1_75' title="bbox 2083 3083 3708 3164">
    <p class='ocr_par' dir='ltr' id='par_1_75' title="bbox 2083 3083 3708 3164">
     <span class='ocr_line' id='line_1_75' title="bbox 2083 3083 3708 3164; baseline -0.009 -15"><span class='ocrx_word' id='word_1_580' title='bbox 2083 3108 2354 3164; x_wconf 89' lang='lat' dir='ltr'>responso</span> <span class='ocrx_word' id='word_1_581' title='bbox 2388 3093 2640 3162; x_wconf 90' lang='lat' dir='ltr'>accepto,</span> <span class='ocrx_word' id='word_1_582' title='bbox 2669 3088 2749 3144; x_wconf 89' lang='lat' dir='ltr'>ait</span> <span class='ocrx_word' id='word_1_583' title='bbox 2777 3087 2950 3144; x_wconf 87' lang='lat' dir='ltr'>David</span> <span class='ocrx_word' id='word_1_584' title='bbox 2982 3108 2993 3141; x_wconf 88' lang='lat'><strong>:</strong></span> <span class='ocrx_word' id='word_1_585' title='bbox 3031 3107 3059 3137; x_wconf 85' lang='lat'><strong>«</strong></span> <span class='ocrx_word' id='word_1_586' title='bbox 3095 3085 3242 3150; x_wconf 87' lang='lat' dir='ltr'>Quid</span> <span class='ocrx_word' id='word_1_587' title='bbox 3278 3102 3415 3141; x_wconf 90' lang='lat' dir='ltr'>sum</span> <span class='ocrx_word' id='word_1_588' title='bbox 3455 3100 3584 3156; x_wconf 91' lang='lat' dir='ltr'>ego,</span> <span class='ocrx_word' id='word_1_589' title='bbox 3616 3083 3708 3136; x_wconf 89' lang='lat' dir='ltr'>Do-</span> 
     </span>
    </p>
   </div>
   <div class='ocr_carea' id='block_1_76' title="bbox 2083 3173 3706 3252">
    <p class='ocr_par' dir='ltr' id='par_1_76' title="bbox 2083 3173 3706 3252">
     <span class='ocr_line' id='line_1_76' title="bbox 2083 3173 3706 3252; baseline -0.008 -11"><span class='ocrx_word' id='word_1_590' title='bbox 2083 3187 2243 3241; x_wconf 91' lang='lat' dir='ltr'>mine</span> <span class='ocrx_word' id='word_1_591' title='bbox 2271 3185 2420 3240; x_wconf 90' lang='lat' dir='ltr'>Deus</span> <span class='ocrx_word' id='word_1_592' title='bbox 2447 3198 2626 3250; x_wconf 90' lang='lat' dir='ltr'>meus,</span> <span class='ocrx_word' id='word_1_593' title='bbox 2654 3185 2711 3238; x_wconf 91' lang='lat' dir='ltr'>et</span> <span class='ocrx_word' id='word_1_594' title='bbox 2736 3196 2863 3252; x_wconf 73' lang='lat' dir='ltr'>quae</span> <span class='ocrx_word' id='word_1_595' title='bbox 2891 3180 3098 3235; x_wconf 91' lang='lat' dir='ltr'>domus</span> <span class='ocrx_word' id='word_1_596' title='bbox 3132 3193 3294 3247; x_wconf 89' lang='lat' dir='ltr'>mea;</span> <span class='ocrx_word' id='word_1_597' title='bbox 3329 3177 3599 3249; x_wconf 86' lang='lat' dir='ltr'>quoniam</span> <span class='ocrx_word' id='word_1_598' title='bbox 3627 3173 3706 3228; x_wconf 92' lang='lat' dir='ltr'>di-</span> 
     </span>
    </p>
   </div>
   <div class='ocr_carea' id='block_1_77' title="bbox 2083 3271 3704 3342">
    <p class='ocr_par' dir='ltr' id='par_1_77' title="bbox 2083 3271 3704 3342">
     <span class='ocr_line' id='line_1_77' title="bbox 2083 3271 3704 3342; baseline -0.007 -8"><span class='ocrx_word' id='word_1_599' title='bbox 2083 3278 2267 3335; x_wconf 81' lang='lat' dir='ltr'>lexisti</span> <span class='ocrx_word' id='word_1_600' title='bbox 2293 3294 2385 3333; x_wconf 88' lang='lat' dir='ltr'>me</span> <span class='ocrx_word' id='word_1_601' title='bbox 2413 3277 2473 3332; x_wconf 92' lang='lat' dir='ltr'>in</span> <span class='ocrx_word' id='word_1_602' title='bbox 2500 3277 2607 3342; x_wconf 91' lang='lat' dir='ltr'>his,</span> <span class='ocrx_word' id='word_1_603' title='bbox 2637 3280 2693 3331; x_wconf 92' lang='lat' dir='ltr'>et</span> <span class='ocrx_word' id='word_1_604' title='bbox 2716 3280 3036 3330; x_wconf 88' lang='lat' dir='ltr'>memorata</span> <span class='ocrx_word' id='word_1_605' title='bbox 3065 3276 3200 3328; x_wconf 90' lang='lat' dir='ltr'>sunt</span> <span class='ocrx_word' id='word_1_606' title='bbox 3222 3272 3469 3326; x_wconf 90' lang='lat' dir='ltr'>minima</span> <span class='ocrx_word' id='word_1_607' title='bbox 3495 3271 3551 3324; x_wconf 91' lang='lat' dir='ltr'>in</span> <span class='ocrx_word' id='word_1_608' title='bbox 3579 3283 3704 3322; x_wconf 92' lang='lat' dir='ltr'>con-</span> 
     </span>
    </p>
   </div>
   <div class='ocr_carea' id='block_1_78' title="bbox 2085 3360 3708 3444">
    <p class='ocr_par' dir='ltr' id='par_1_78' title="bbox 2085 3360 3708 3444">
     <span class='ocr_line' id='line_1_78' title="bbox 2085 3360 3708 3444; baseline -0.01 -15"><span class='ocrx_word' id='word_1_609' title='bbox 2085 3377 2276 3444; x_wconf 89' lang='lat' dir='ltr'>spectu</span> <span class='ocrx_word' id='word_1_610' title='bbox 2315 3376 2433 3439; x_wconf 89' lang='lat' dir='ltr'>tuo,</span> <span class='ocrx_word' id='word_1_611' title='bbox 2469 3369 2724 3436; x_wconf 89' lang='lat' dir='ltr'>Domine,</span> <span class='ocrx_word' id='word_1_612' title='bbox 2754 3372 2811 3424; x_wconf 88' lang='lat' dir='ltr'>et</span> <span class='ocrx_word' id='word_1_613' title='bbox 2849 3369 3074 3423; x_wconf 90' lang='lat' dir='ltr'>locutus</span> <span class='ocrx_word' id='word_1_614' title='bbox 3115 3382 3173 3421; x_wconf 90' lang='lat' dir='ltr'>es</span> <span class='ocrx_word' id='word_1_615' title='bbox 3208 3381 3316 3437; x_wconf 90' lang='lat' dir='ltr'>pro</span> <span class='ocrx_word' id='word_1_616' title='bbox 3361 3365 3535 3420; x_wconf 91' lang='lat' dir='ltr'>domo</span> <span class='ocrx_word' id='word_1_617' title='bbox 3573 3360 3708 3416; x_wconf 89' lang='lat' dir='ltr'>servi</span> 
     </span>
    </p>
   </div>
   <div class='ocr_carea' id='block_1_79' title="bbox 2088 3455 3708 3535">
    <p class='ocr_par' dir='ltr' id='par_1_79' title="bbox 2088 3455 3708 3535">
     <span class='ocr_line' id='line_1_79' title="bbox 2088 3455 3708 3535; baseline -0.009 -14"><span class='ocrx_word' id='word_1_618' title='bbox 2088 3466 2166 3522; x_wconf 91' lang='lat' dir='ltr'>tui</span> <span class='ocrx_word' id='word_1_619' title='bbox 2195 3467 2254 3521; x_wconf 91' lang='lat' dir='ltr'>in</span> <span class='ocrx_word' id='word_1_620' title='bbox 2283 3465 2595 3535; x_wconf 89' lang='lat' dir='ltr'>longinquo</span> <span class='ocrx_word' id='word_1_621' title='bbox 2617 3463 2800 3532; x_wconf 87' lang='lat' dir='ltr'>(Ibid.,</span> <span class='ocrx_word' id='word_1_622' title='bbox 2830 3465 2916 3531; x_wconf 80' lang='grc'>18,</span> <span class='ocrx_word' id='word_1_623' title='bbox 2953 3460 3078 3531; x_wconf 73' lang='grc' dir='ltr'>19)ἳ</span> <span class='ocrx_word' id='word_1_624' title='bbox 3108 3481 3134 3511; x_wconf 90' lang='grc'><strong>››</strong></span> <span class='ocrx_word' id='word_1_625' title='bbox 3165 3461 3232 3515; x_wconf 86' lang='lat' dir='ltr'>Et</span> <span class='ocrx_word' id='word_1_626' title='bbox 3257 3458 3410 3514; x_wconf 89' lang='lat' dir='ltr'>infra</span> <span class='ocrx_word' id='word_1_627' title='bbox 3437 3458 3516 3513; x_wconf 88' lang='lat' dir='ltr'>ait</span> <span class='ocrx_word' id='word_1_628' title='bbox 3547 3472 3560 3510; x_wconf 91' lang='lat'><strong>:</strong></span> <span class='ocrx_word' id='word_1_629' title='bbox 3590 3475 3617 3505; x_wconf 83' lang='lat'><strong>«</strong></span> <span class='ocrx_word' id='word_1_630' title='bbox 3649 3455 3708 3507; x_wconf 91' lang='lat' dir='ltr'>Et</span> 
     </span>
    </p>
   </div>
   <div class='ocr_carea' id='block_1_80' title="bbox 2087 3547 3708 3627">
    <p class='ocr_par' dir='ltr' id='par_1_80' title="bbox 2087 3547 3708 3627">
     <span class='ocr_line' id='line_1_80' title="bbox 2087 3547 3708 3627; baseline -0.01 -11"><span class='ocrx_word' id='word_1_631' title='bbox 2087 3576 2257 3627; x_wconf 91' lang='lat' dir='ltr'>nunc,</span> <span class='ocrx_word' id='word_1_632' title='bbox 2287 3558 2524 3613; x_wconf 91' lang='lat' dir='ltr'>Domine</span> <span class='ocrx_word' id='word_1_633' title='bbox 2563 3572 2745 3624; x_wconf 89' lang='lat' dir='ltr'>meus,</span> <span class='ocrx_word' id='word_1_634' title='bbox 2777 3555 3038 3621; x_wconf 90' lang='lat' dir='ltr'>Domine,</span> <span class='ocrx_word' id='word_1_635' title='bbox 3067 3560 3127 3610; x_wconf 88' lang='lat' dir='ltr'>tu</span> <span class='ocrx_word' id='word_1_636' title='bbox 3160 3569 3220 3608; x_wconf 93' lang='lat' dir='ltr'>es</span> <span class='ocrx_word' id='word_1_637' title='bbox 3261 3554 3431 3608; x_wconf 79' lang='lat' dir='ltr'>Deus.</span> <span class='ocrx_word' id='word_1_638' title='bbox 3461 3552 3528 3605; x_wconf 88' lang='lat' dir='ltr'>Et</span> <span class='ocrx_word' id='word_1_639' title='bbox 3551 3547 3708 3604; x_wconf 87' lang='lat' dir='ltr'>verba</span> 
     </span>
    </p>
   </div>
   <div class='ocr_carea' id='block_1_81' title="bbox 2088 3643 3704 3719">
    <p class='ocr_par' dir='ltr' id='par_1_81' title="bbox 2088 3643 3704 3719">
     <span class='ocr_line' id='line_1_81' title="bbox 2088 3643 3704 3719; baseline -0.01 -11"><span class='ocrx_word' id='word_1_640' title='bbox 2088 3658 2184 3708; x_wconf 91' lang='lat' dir='ltr'>tua</span> <span class='ocrx_word' id='word_1_641' title='bbox 2211 3657 2346 3707; x_wconf 90' lang='lat' dir='ltr'>sunt</span> <span class='ocrx_word' id='word_1_642' title='bbox 2369 3667 2521 3719; x_wconf 87' lang='lat' dir='ltr'>vera,</span> <span class='ocrx_word' id='word_1_643' title='bbox 2543 3654 2602 3705; x_wconf 87' lang='lat' dir='ltr'>et</span> <span class='ocrx_word' id='word_1_644' title='bbox 2624 3650 2846 3705; x_wconf 90' lang='lat' dir='ltr'>locutus</span> <span class='ocrx_word' id='word_1_645' title='bbox 2872 3665 2933 3703; x_wconf 91' lang='lat' dir='ltr'>es</span> <span class='ocrx_word' id='word_1_646' title='bbox 2956 3663 3062 3719; x_wconf 89' lang='lat' dir='ltr'>pro</span> <span class='ocrx_word' id='word_1_647' title='bbox 3086 3663 3246 3702; x_wconf 88' lang='lat' dir='ltr'>servo</span> <span class='ocrx_word' id='word_1_648' title='bbox 3269 3650 3368 3702; x_wconf 89' lang='lat' dir='ltr'>tuo</span> <span class='ocrx_word' id='word_1_649' title='bbox 3392 3645 3541 3700; x_wconf 87' lang='lat' dir='ltr'>bona</span> <span class='ocrx_word' id='word_1_650' title='bbox 3561 3643 3704 3697; x_wconf 70' lang='lat' dir='ltr'>haec:</span> 
     </span>
    </p>
   </div>
   <div class='ocr_carea' id='block_1_82' title="bbox 2090 3733 3706 3816">
    <p class='ocr_par' dir='ltr' id='par_1_82' title="bbox 2090 3733 3706 3816">
     <span class='ocr_line' id='line_1_82' title="bbox 2090 3733 3706 3816; baseline -0.011 -14"><span class='ocrx_word' id='word_1_651' title='bbox 2090 3753 2146 3802; x_wconf 89' lang='lat' dir='ltr'>et</span> <span class='ocrx_word' id='word_1_652' title='bbox 2173 3762 2326 3801; x_wconf 90' lang='lat' dir='ltr'>nunc</span> <span class='ocrx_word' id='word_1_653' title='bbox 2351 3745 2537 3816; x_wconf 89' lang='lat' dir='ltr'>incipe</span> <span class='ocrx_word' id='word_1_654' title='bbox 2568 3742 2911 3798; x_wconf 90' lang='lat' dir='ltr'>benedicere</span> <span class='ocrx_word' id='word_1_655' title='bbox 2939 3742 3176 3796; x_wconf 91' lang='lat' dir='ltr'>domum</span> <span class='ocrx_word' id='word_1_656' title='bbox 3205 3740 3355 3796; x_wconf 86' lang='lat' dir='ltr'>servi</span> <span class='ocrx_word' id='word_1_657' title='bbox 3388 3738 3494 3807; x_wconf 89' lang='lat' dir='ltr'>tui,</span> <span class='ocrx_word' id='word_1_658' title='bbox 3522 3743 3581 3791; x_wconf 90' lang='lat' dir='ltr'>ut</span> <span class='ocrx_word' id='word_1_659' title='bbox 3610 3733 3706 3788; x_wconf 90' lang='lat' dir='ltr'>sim</span> 
     </span>
    </p>
   </div>
   <div class='ocr_carea' id='block_1_83' title="bbox 2089 3827 3707 3908">
    <p class='ocr_par' dir='ltr' id='par_1_83' title="bbox 2089 3827 3707 3908">
     <span class='ocr_line' id='line_1_83' title="bbox 2089 3827 3707 3908; baseline -0.009 -14"><span class='ocrx_word' id='word_1_660' title='bbox 2089 3842 2151 3895; x_wconf 89' lang='lat' dir='ltr'>in</span> <span class='ocrx_word' id='word_1_661' title='bbox 2181 3845 2460 3896; x_wconf 73' lang='lat' dir='ltr'>aeternum</span> <span class='ocrx_word' id='word_1_662' title='bbox 2487 3837 2546 3891; x_wconf 90' lang='lat' dir='ltr'>in</span> <span class='ocrx_word' id='word_1_663' title='bbox 2579 3842 2883 3908; x_wconf 90' lang='lat' dir='ltr'>conspectu</span> <span class='ocrx_word' id='word_1_664' title='bbox 2917 3839 3038 3904; x_wconf 88' lang='lat' dir='ltr'>tuo,</span> <span class='ocrx_word' id='word_1_665' title='bbox 3069 3833 3341 3905; x_wconf 90' lang='lat' dir='ltr'>quoniam</span> <span class='ocrx_word' id='word_1_666' title='bbox 3367 3838 3451 3900; x_wconf 91' lang='lat' dir='ltr'>tu,</span> <span class='ocrx_word' id='word_1_667' title='bbox 3483 3827 3707 3885; x_wconf 87' lang='lat' dir='ltr'>Domine</span> 
     </span>
    </p>
   </div>
   <div class='ocr_carea' id='block_1_84' title="bbox 2091 3922 3707 4000">
    <p class='ocr_par' dir='ltr' id='par_1_84' title="bbox 2091 3922 3707 4000">
     <span class='ocr_line' id='line_1_84' title="bbox 2091 3922 3707 4000; baseline -0.01 -12"><span class='ocrx_word' id='word_1_668' title='bbox 2091 3949 2272 4000; x_wconf 90' lang='lat' dir='ltr'>meus,</span> <span class='ocrx_word' id='word_1_669' title='bbox 2298 3932 2560 3998; x_wconf 90' lang='lat' dir='ltr'>Domine,</span> <span class='ocrx_word' id='word_1_670' title='bbox 2590 3932 2814 3986; x_wconf 84' lang='lat' dir='ltr'>locutus</span> <span class='ocrx_word' id='word_1_671' title='bbox 2832 3945 2922 3997; x_wconf 91' lang='lat' dir='ltr'>es;</span> <span class='ocrx_word' id='word_1_672' title='bbox 2953 3945 2987 3983; x_wconf 89' lang='lat' dir='ltr'>a</span> <span class='ocrx_word' id='word_1_673' title='bbox 3006 3926 3411 3983; x_wconf 89' lang='lat' dir='ltr'>benedictione</span> <span class='ocrx_word' id='word_1_674' title='bbox 3433 3928 3529 3979; x_wconf 88' lang='lat' dir='ltr'>tua</span> <span class='ocrx_word' id='word_1_675' title='bbox 3554 3922 3707 3976; x_wconf 80' lang='lat' dir='ltr'>bene-</span> 
     </span>
    </p>
   </div>
   <div class='ocr_carea' id='block_1_85' title="bbox 2091 4013 3704 4088">
    <p class='ocr_par' dir='ltr' id='par_1_85' title="bbox 2091 4013 3704 4088">
     <span class='ocr_line' id='line_1_85' title="bbox 2091 4013 3704 4088; baseline -0.009 -6"><span class='ocrx_word' id='word_1_676' title='bbox 2091 4027 2310 4082; x_wconf 91' lang='lat' dir='ltr'>dicetur</span> <span class='ocrx_word' id='word_1_677' title='bbox 2332 4026 2532 4081; x_wconf 89' lang='lat' dir='ltr'>domus</span> <span class='ocrx_word' id='word_1_678' title='bbox 2557 4023 2701 4078; x_wconf 86' lang='lat' dir='ltr'>servi</span> <span class='ocrx_word' id='word_1_679' title='bbox 2728 4023 2811 4077; x_wconf 91' lang='lat' dir='ltr'>tui</span> <span class='ocrx_word' id='word_1_680' title='bbox 2838 4023 2896 4076; x_wconf 90' lang='lat' dir='ltr'>in</span> <span class='ocrx_word' id='word_1_681' title='bbox 2925 4027 3206 4077; x_wconf 65' lang='lat' dir='ltr'>aeternum</span> <span class='ocrx_word' id='word_1_682' title='bbox 3225 4019 3415 4088; x_wconf 65' lang='lat' dir='ltr'>(Ibid,</span> <span class='ocrx_word' id='word_1_683' title='bbox 3433 4019 3524 4086; x_wconf 91' lang='grc'>28,</span> <span class='ocrx_word' id='word_1_684' title='bbox 3551 4013 3654 4082; x_wconf 87' lang='grc'>29).</span> <span class='ocrx_word' id='word_1_685' title='bbox 3679 4031 3704 4058; x_wconf 84' lang='grc'><strong>››</strong></span> 
     </span>
    </p>
   </div>
   <div class='ocr_carea' id='block_1_86' title="bbox 2093 4111 3707 4190">
    <p class='ocr_par' dir='ltr' id='par_1_86' title="bbox 2093 4111 3707 4190">
     <span class='ocr_line' id='line_1_86' title="bbox 2093 4111 3707 4190; baseline -0.012 -14"><span class='ocrx_word' id='word_1_686' title='bbox 2093 4122 2208 4176; x_wconf 88' lang='lat' dir='ltr'>Hoc</span> <span class='ocrx_word' id='word_1_687' title='bbox 2242 4120 2421 4190; x_wconf 90' lang='lat' dir='ltr'>igitur</span> <span class='ocrx_word' id='word_1_688' title='bbox 2445 4133 2722 4189; x_wconf 90' lang='lat' dir='ltr'>responso</span> <span class='ocrx_word' id='word_1_689' title='bbox 2754 4120 2813 4171; x_wconf 87' lang='lat' dir='ltr'>et</span> <span class='ocrx_word' id='word_1_690' title='bbox 2848 4115 2974 4170; x_wconf 89' lang='lat' dir='ltr'>aliis</span> <span class='ocrx_word' id='word_1_691' title='bbox 3010 4117 3234 4170; x_wconf 89' lang='lat' dir='ltr'>vocatus</span> <span class='ocrx_word' id='word_1_692' title='bbox 3263 4111 3455 4180; x_wconf 85' lang='lat' dir='ltr'>David,</span> <span class='ocrx_word' id='word_1_693' title='bbox 3493 4120 3707 4180; x_wconf 85' lang='lat' dir='ltr'>sperare</span> 
     </span>
    </p>
   </div>
   <div class='ocr_carea' id='block_1_87' title="bbox 2095 4197 3708 4282">
    <p class='ocr_par' dir='ltr' id='par_1_87' title="bbox 2095 4197 3708 4282">
     <span class='ocr_line' id='line_1_87' title="bbox 2095 4197 3708 4282; baseline -0.012 -13"><span class='ocrx_word' id='word_1_694' title='bbox 2095 4231 2208 4269; x_wconf 92' lang='lat' dir='ltr'>non</span> <span class='ocrx_word' id='word_1_695' title='bbox 2237 4213 2465 4279; x_wconf 91' lang='lat' dir='ltr'>desinit,</span> <span class='ocrx_word' id='word_1_696' title='bbox 2489 4217 2546 4266; x_wconf 91' lang='lat' dir='ltr'>et</span> <span class='ocrx_word' id='word_1_697' title='bbox 2568 4209 2920 4282; x_wconf 67' lang='lat' dir='ltr'>prophetica:</span> <span class='ocrx_word' id='word_1_698' title='bbox 2945 4208 3079 4264; x_wconf 81' lang='lat' dir='ltr'>fidei</span> <span class='ocrx_word' id='word_1_699' title='bbox 3101 4207 3436 4262; x_wconf 86' lang='lat' dir='ltr'>auctoritate</span> <span class='ocrx_word' id='word_1_700' title='bbox 3463 4197 3708 4258; x_wconf 85' lang='lat' dir='ltr'>convenit</span> 
     </span>
    </p>
   </div>
   <div class='ocr_carea' id='block_1_88' title="bbox 2096 4301 3704 4373">
    <p class='ocr_par' dir='ltr' id='par_1_88' title="bbox 2096 4301 3704 4373">
     <span class='ocr_line' id='line_1_88' title="bbox 2096 4301 3704 4373; baseline -0.012 -9"><span class='ocrx_word' id='word_1_701' title='bbox 2096 4307 2439 4373; x_wconf 90' lang='lat' dir='ltr'>Dominum,</span> <span class='ocrx_word' id='word_1_702' title='bbox 2496 4311 2556 4359; x_wconf 91' lang='lat' dir='ltr'>ut</span> <span class='ocrx_word' id='word_1_703' title='bbox 2609 4303 2945 4360; x_wconf 89' lang='lat' dir='ltr'>meminerit</span> <span class='ocrx_word' id='word_1_704' title='bbox 2994 4301 3405 4373; x_wconf 88' lang='lat' dir='ltr'>promissorum</span> <span class='ocrx_word' id='word_1_705' title='bbox 3459 4307 3704 4355; x_wconf 88' lang='lat' dir='ltr'>suorum,</span> 
     </span>
    </p>
   </div>
   <div class='ocr_carea' id='block_1_89' title="bbox 2097 4384 3705 4472">
    <p class='ocr_par' dir='ltr' id='par_1_89' title="bbox 2097 4384 3705 4472">
     <span class='ocr_line' id='line_1_89' title="bbox 2097 4384 3705 4472; baseline -0.013 -17"><span class='ocrx_word' id='word_1_706' title='bbox 2097 4416 2342 4472; x_wconf 88' lang='lat' dir='ltr'>quorum</span> <span class='ocrx_word' id='word_1_707' title='bbox 2390 4399 2703 4453; x_wconf 90' lang='lat' dir='ltr'>immemor</span> <span class='ocrx_word' id='word_1_708' title='bbox 2739 4412 2858 4452; x_wconf 91' lang='lat' dir='ltr'>esse</span> <span class='ocrx_word' id='word_1_709' title='bbox 2903 4411 3016 4450; x_wconf 92' lang='lat' dir='ltr'>non</span> <span class='ocrx_word' id='word_1_710' title='bbox 3061 4395 3263 4450; x_wconf 88' lang='lat' dir='ltr'>soleat.</span> <span class='ocrx_word' id='word_1_711' title='bbox 3310 4391 3526 4449; x_wconf 87' lang='lat' dir='ltr'>Sanctis</span> <span class='ocrx_word' id='word_1_712' title='bbox 3564 4384 3705 4440; x_wconf 89' lang='lat' dir='ltr'>enim</span> 
     </span>
    </p>
   </div>
   <div class='ocr_carea' id='block_1_90' title="bbox 369 4482 3707 4568">
    <p class='ocr_par' dir='ltr' id='par_1_90' title="bbox 369 4482 3707 4568">
     <span class='ocr_line' id='line_1_90' title="bbox 369 4482 3707 4568; baseline -0.004 -24"><span class='ocrx_word' id='word_1_713' title='bbox 369 4491 530 4562; x_wconf 88' lang='lat' dir='ltr'>quasi</span> <span class='ocrx_word' id='word_1_714' title='bbox 573 4490 740 4544; x_wconf 91' lang='lat' dir='ltr'>amici</span> <span class='ocrx_word' id='word_1_715' title='bbox 789 4489 1125 4544; x_wconf 89' lang='lat' dir='ltr'>mandatum</span> <span class='ocrx_word' id='word_1_716' title='bbox 1174 4488 1271 4544; x_wconf 90' lang='lat' dir='ltr'>Dei</span> <span class='ocrx_word' id='word_1_717' title='bbox 1321 4504 1387 4543; x_wconf 86' lang='lat' dir='ltr'>ex</span> <span class='ocrx_word' id='word_1_718' title='bbox 1432 4489 1718 4544; x_wconf 89' lang='lat' dir='ltr'>voluntate</span> <span class='ocrx_word' id='word_1_719' title='bbox 1763 4488 2476 4568; x_wconf 68' lang='lat' dir='ltr'>fecistis.anmcumque</span> <span class='ocrx_word' id='word_1_720' title='bbox 2495 4490 2886 4563; x_wconf 88' lang='lat' dir='ltr'>spoponderit,</span> <span class='ocrx_word' id='word_1_721' title='bbox 2910 4489 3152 4561; x_wconf 86' lang='lat' dir='ltr'>implere</span> <span class='ocrx_word' id='word_1_722' title='bbox 3173 4485 3483 4551; x_wconf 87' lang='lat' dir='ltr'>consuevit,</span> <span class='ocrx_word' id='word_1_723' title='bbox 3510 4482 3707 4536; x_wconf 86' lang='lat' dir='ltr'>nostra-</span> 
     </span>
    </p>
   </div>
   <div class='ocr_carea' id='block_1_91' title="bbox 368 4581 1992 4653">
    <p class='ocr_par' dir='ltr' id='par_1_91' title="bbox 368 4581 1992 4653">
     <span class='ocr_line' id='line_1_91' title="bbox 368 4581 1992 4653; baseline -0.001 -15"><span class='ocrx_word' id='word_1_724' title='bbox 368 4585 473 4648; x_wconf 84' lang='lat' dir='ltr'>Qui</span> <span class='ocrx_word' id='word_1_725' title='bbox 502 4589 696 4638; x_wconf 87' lang='lat' dir='ltr'>autem</span> <span class='ocrx_word' id='word_1_726' title='bbox 736 4583 1050 4638; x_wconf 88' lang='lat' dir='ltr'>meditatur</span> <span class='ocrx_word' id='word_1_727' title='bbox 1085 4589 1142 4636; x_wconf 89' lang='lat' dir='ltr'>et</span> <span class='ocrx_word' id='word_1_728' title='bbox 1170 4581 1376 4653; x_wconf 83' lang='lat' dir='ltr'>diligit,</span> <span class='ocrx_word' id='word_1_729' title='bbox 1405 4586 1462 4636; x_wconf 89' lang='lat' dir='ltr'>et</span> <span class='ocrx_word' id='word_1_730' title='bbox 1490 4588 1646 4639; x_wconf 87' lang='lat' dir='ltr'>actus</span> <span class='ocrx_word' id='word_1_731' title='bbox 1673 4599 1801 4636; x_wconf 90' lang='lat' dir='ltr'>suos</span> <span class='ocrx_word' id='word_1_732' title='bbox 1828 4582 1992 4652; x_wconf 90' lang='lat' dir='ltr'>levat,</span> 
     </span>
    </p>
   </div>
   <div class='ocr_carea' id='block_1_92' title="bbox 375 4674 1994 4747">
    <p class='ocr_par' dir='ltr' id='par_1_92' title="bbox 375 4674 1994 4747">
     <span class='ocr_line' id='line_1_92' title="bbox 375 4674 1994 4747; baseline -0.001 -15"><span class='ocrx_word' id='word_1_733' title='bbox 375 4682 437 4732; x_wconf 88' lang='lat' dir='ltr'>ut</span> <span class='ocrx_word' id='word_1_734' title='bbox 466 4677 638 4731; x_wconf 87' lang='lat' dir='ltr'>faciat</span> <span class='ocrx_word' id='word_1_735' title='bbox 668 4693 796 4747; x_wconf 66' lang='lat' dir='ltr'>quae</span> <span class='ocrx_word' id='word_1_736' title='bbox 828 4677 1086 4747; x_wconf 90' lang='lat' dir='ltr'>placeant</span> <span class='ocrx_word' id='word_1_737' title='bbox 1115 4677 1251 4744; x_wconf 89' lang='lat' dir='ltr'>Deo,</span> <span class='ocrx_word' id='word_1_738' title='bbox 1279 4676 1327 4730; x_wconf 90' lang='lat' dir='ltr'>is</span> <span class='ocrx_word' id='word_1_739' title='bbox 1352 4676 1518 4731; x_wconf 89' lang='lat' dir='ltr'>debet</span> <span class='ocrx_word' id='word_1_740' title='bbox 1542 4691 1659 4730; x_wconf 89' lang='lat' dir='ltr'>non</span> <span class='ocrx_word' id='word_1_741' title='bbox 1683 4674 1994 4747; x_wconf 87' lang='lat' dir='ltr'>negligere,</span> 
     </span>
    </p>
   </div>
   <div class='ocr_carea' id='block_1_93' title="bbox 372 4769 1996 4836">
    <p class='ocr_par' dir='ltr' id='par_1_93' title="bbox 372 4769 1996 4836">
     <span class='ocr_line' id='line_1_93' title="bbox 372 4769 1996 4836; baseline -0.002 -10"><span class='ocrx_word' id='word_1_742' title='bbox 372 4788 476 4828; x_wconf 89' lang='lat' dir='ltr'>nec</span> <span class='ocrx_word' id='word_1_743' title='bbox 519 4778 908 4826; x_wconf 89' lang='lat' dir='ltr'>transcurrere</span> <span class='ocrx_word' id='word_1_744' title='bbox 947 4769 1214 4824; x_wconf 88' lang='lat' dir='ltr'>mandata</span> <span class='ocrx_word' id='word_1_745' title='bbox 1254 4769 1467 4836; x_wconf 88' lang='lat' dir='ltr'>divina,</span> <span class='ocrx_word' id='word_1_746' title='bbox 1507 4769 1606 4824; x_wconf 92' lang='lat' dir='ltr'>sed</span> <span class='ocrx_word' id='word_1_747' title='bbox 1651 4769 1898 4825; x_wconf 81' lang='lat' dir='ltr'>exerceri</span> <span class='ocrx_word' id='word_1_748' title='bbox 1938 4769 1996 4822; x_wconf 92' lang='lat' dir='ltr'>in</span> 
     </span>
    </p>
   </div>
   <div class='ocr_carea' id='block_1_94' title="bbox 369 4863 1996 4935">
    <p class='ocr_par' dir='ltr' id='par_1_94' title="bbox 369 4863 1996 4935">
     <span class='ocr_line' id='line_1_94' title="bbox 369 4863 1996 4935; baseline -0.002 -14"><span class='ocrx_word' id='word_1_749' title='bbox 369 4864 478 4935; x_wconf 78' lang='lat' dir='ltr'>his,</span> <span class='ocrx_word' id='word_1_750' title='bbox 516 4863 813 4920; x_wconf 89' lang='lat' dir='ltr'>immorari</span> <span class='ocrx_word' id='word_1_751' title='bbox 841 4863 1173 4935; x_wconf 89' lang='lat' dir='ltr'>plurimum,</span> <span class='ocrx_word' id='word_1_752' title='bbox 1201 4863 1634 4934; x_wconf 86' lang='lat' dir='ltr'>justiﬁcationes</span> <span class='ocrx_word' id='word_1_753' title='bbox 1669 4863 1765 4918; x_wconf 90' lang='lat' dir='ltr'>Dei</span> <span class='ocrx_word' id='word_1_754' title='bbox 1797 4863 1996 4917; x_wconf 85' lang='lat' dir='ltr'>crebro</span> 
     </span>
    </p>
   </div>
   <div class='ocr_carea' id='block_1_95' title="bbox 370 4957 1434 5017">
    <p class='ocr_par' dir='ltr' id='par_1_95' title="bbox 370 4957 1434 5017">
     <span class='ocr_line' id='line_1_95' title="bbox 370 4957 1434 5017; baseline -0.005 -1"><span class='ocrx_word' id='word_1_755' title='bbox 370 4960 663 5017; x_wconf 85' lang='lat' dir='ltr'>revolvens</span> <span class='ocrx_word' id='word_1_756' title='bbox 689 4957 945 5014; x_wconf 61' lang='lat' dir='ltr'>sollicitae</span> <span class='ocrx_word' id='word_1_757' title='bbox 973 4957 1179 5013; x_wconf 89' lang='lat' dir='ltr'>mentis</span> <span class='ocrx_word' id='word_1_758' title='bbox 1207 4957 1434 5013; x_wconf 76' lang='lat' dir='ltr'>affectu.</span> 
     </span>
    </p>
   </div>
   <div class='ocr_carea' id='block_1_96' title="bbox 867 5050 1499 5108">
    <p class='ocr_par' dir='ltr' id='par_1_96' title="bbox 867 5050 1499 5108">
     <span class='ocr_line' id='line_1_96' title="bbox 867 5050 1499 5108; baseline -0.002 -1"><span class='ocrx_word' id='word_1_759' title='bbox 867 5050 1096 5108; x_wconf 76' lang='lat' dir='ltr'><strong>SEBMO</strong></span> <span class='ocrx_word' id='word_1_760' title='bbox 1153 5050 1499 5107; x_wconf 81' lang='lat' dir='ltr'>SEPTIMUS.</span> 
     </span>
    </p>
   </div>
   <div class='ocr_carea' id='block_1_97' title="bbox 1067 5133 1309 5195">
    <p class='ocr_par' dir='ltr' id='par_1_97' title="bbox 1067 5133 1309 5195">
     <span class='ocr_line' id='line_1_97' title="bbox 1067 5133 1309 5195; baseline 0.004 -1"><span class='ocrx_word' id='word_1_761' title='bbox 1067 5149 1092 5194; x_wconf 73' lang='grc' dir='ltr'><strong><em>τ</em></strong></span> <span class='ocrx_word' id='word_1_762' title='bbox 1134 5133 1309 5195; x_wconf 78' lang='lat' dir='ltr'>Zaiu.</span> 
     </span>
    </p>
   </div>
   <div class='ocr_carea' id='block_1_98' title="bbox 449 5235 2000 5306">
    <p class='ocr_par' dir='ltr' id='par_1_98' title="bbox 449 5235 2000 5306">
     <span class='ocr_line' id='line_1_98' title="bbox 449 5235 2000 5306; baseline -0.002 -13"><span class='ocrx_word' id='word_1_763' title='bbox 449 5242 499 5294; x_wconf 83' lang='lat' dir='ltr'>t.</span> <span class='ocrx_word' id='word_1_764' title='bbox 532 5239 741 5295; x_wconf 90' lang='lat' dir='ltr'>Littera</span> <span class='ocrx_word' id='word_1_765' title='bbox 781 5237 1099 5294; x_wconf 86' lang='lat' dir='ltr'>secundum</span> <span class='ocrx_word' id='word_1_766' title='bbox 1140 5236 1405 5292; x_wconf 80' lang='lat' dir='ltr'>Hebraeos</span> <span class='ocrx_word' id='word_1_767' title='bbox 1440 5239 1571 5292; x_wconf 87' lang='lat' dir='ltr'>Zain</span> <span class='ocrx_word' id='word_1_768' title='bbox 1601 5235 1884 5306; x_wconf 89' lang='lat' dir='ltr'>signiﬁcat</span> <span class='ocrx_word' id='word_1_769' title='bbox 1921 5236 2000 5290; x_wconf 92' lang='lat' dir='ltr'>la-</span> 
     </span>
    </p>
   </div>
   <div class='ocr_carea' id='block_1_99' title="bbox 439 5377 2004 5441">
    <p class='ocr_par' dir='ltr' id='par_1_99' title="bbox 439 5377 2004 5441">
     <span class='ocr_line' id='line_1_99' title="bbox 439 5377 2004 5441; baseline -0.001 -13"><span class='ocrx_word' id='word_1_770' title='bbox 439 5379 537 5441; x_wconf 80' lang='lat'>(32)</span> <span class='ocrx_word' id='word_1_771' title='bbox 588 5379 733 5428; x_wconf 90' lang='lat' dir='ltr'>Edit.</span> <span class='ocrx_word' id='word_1_772' title='bbox 783 5379 940 5430; x_wconf 88' lang='lat' dir='ltr'>Rom.</span> <span class='ocrx_word' id='word_1_773' title='bbox 995 5391 1126 5429; x_wconf 92' lang='lat' dir='ltr'>cum</span> <span class='ocrx_word' id='word_1_774' title='bbox 1170 5377 1390 5427; x_wconf 91' lang='lat' dir='ltr'>duobus</span> <span class='ocrx_word' id='word_1_775' title='bbox 1441 5391 1591 5438; x_wconf 74' lang='lat' dir='ltr'>mss,</span> <span class='ocrx_word' id='word_1_776' title='bbox 1646 5377 2004 5440; x_wconf 79' lang='lat' dir='ltr'>Despiciamus</span> 
     </span>
    </p>
   </div>
   <div class='ocr_carea' id='block_1_100' title="bbox 374 5446 2006 5515">
    <p class='ocr_par' dir='ltr' id='par_1_100' title="bbox 374 5446 2006 5515">
     <span class='ocr_line' id='line_1_100' title="bbox 374 5446 2006 5515; baseline -0.001 -16"><span class='ocrx_word' id='word_1_777' title='bbox 374 5450 677 5515; x_wconf 76' lang='lat' dir='ltr'>praesentia,</span> <span class='ocrx_word' id='word_1_778' title='bbox 727 5448 1044 5513; x_wconf 84' lang='lat' dir='ltr'>temporalia</span> <span class='ocrx_word' id='word_1_779' title='bbox 1085 5461 1398 5510; x_wconf 77' lang='lat' dir='ltr'>recusemus,</span> <span class='ocrx_word' id='word_1_780' title='bbox 1444 5446 1650 5510; x_wconf 77' lang='lat' dir='ltr'>futura,</span> <span class='ocrx_word' id='word_1_781' title='bbox 1688 5453 1796 5498; x_wconf 86' lang='lat' dir='ltr'>etc.</span> <span class='ocrx_word' id='word_1_782' title='bbox 1844 5449 2006 5497; x_wconf 78' lang='lat' dir='ltr'>Anti-</span> 
     </span>
    </p>
   </div>
   <div class='ocr_carea' id='block_1_101' title="bbox 378 5519 2006 5588">
    <p class='ocr_par' dir='ltr' id='par_1_101' title="bbox 378 5519 2006 5588">
     <span class='ocr_line' id='line_1_101' title="bbox 378 5519 2006 5588; baseline -0.003 -14"><span class='ocrx_word' id='word_1_783' title='bbox 378 5535 504 5588; x_wconf 73' lang='lat' dir='ltr'>quae</span> <span class='ocrx_word' id='word_1_784' title='bbox 529 5534 657 5572; x_wconf 88' lang='lat' dir='ltr'>cum</span> <span class='ocrx_word' id='word_1_785' title='bbox 683 5520 807 5569; x_wconf 85' lang='lat' dir='ltr'>aliis</span> <span class='ocrx_word' id='word_1_786' title='bbox 835 5521 1065 5584; x_wconf 84' lang='lat' dir='ltr'>aliquot,</span> <span class='ocrx_word' id='word_1_787' title='bbox 1093 5519 1455 5583; x_wconf 79' lang='lat' dir='ltr'>Despiciamus</span> <span class='ocrx_word' id='word_1_788' title='bbox 1490 5519 1773 5583; x_wconf 63' lang='lat' dir='ltr'>praesentia</span> <span class='ocrx_word' id='word_1_789' title='bbox 1811 5519 2006 5583; x_wconf 82' lang='lat' dir='ltr'>tempo-</span> 
     </span>
    </p>
   </div>
   <div class='ocr_carea' id='block_1_102' title="bbox 376 5591 2007 5655">
    <p class='ocr_par' dir='ltr' id='par_1_102' title="bbox 376 5591 2007 5655">
     <span class='ocr_line' id='line_1_102' title="bbox 376 5591 2007 5655; baseline -0.002 -11"><span class='ocrx_word' id='word_1_790' title='bbox 376 5593 576 5644; x_wconf 87' lang='lat' dir='ltr'>ralium</span> <span class='ocrx_word' id='word_1_791' title='bbox 615 5591 996 5640; x_wconf 79' lang='lat' dir='ltr'>incursionum.</span> <span class='ocrx_word' id='word_1_792' title='bbox 1033 5591 1080 5639; x_wconf 84' lang='lat' dir='ltr'>si</span> <span class='ocrx_word' id='word_1_793' title='bbox 1119 5591 1324 5652; x_wconf 80' lang='lat' dir='ltr'>futura,</span> <span class='ocrx_word' id='word_1_794' title='bbox 1363 5593 1466 5640; x_wconf 91' lang='lat' dir='ltr'>etc.</span> <span class='ocrx_word' id='word_1_795' title='bbox 1511 5591 1681 5655; x_wconf 86' lang='lat' dir='ltr'>Major</span> <span class='ocrx_word' id='word_1_796' title='bbox 1717 5594 1904 5642; x_wconf 90' lang='lat' dir='ltr'>autem</span> <span class='ocrx_word' id='word_1_797' title='bbox 1941 5604 2007 5641; x_wconf 86' lang='lat' dir='ltr'>ac</span> 
     </span>
    </p>
   </div>
   <div class='ocr_carea' id='block_1_103' title="bbox 380 5664 1374 5729">
    <p class='ocr_par' dir='ltr' id='par_1_103' title="bbox 380 5664 1374 5729">
     <span class='ocr_line' id='line_1_103' title="bbox 380 5664 1374 5729; baseline -0.004 -14"><span class='ocrx_word' id='word_1_798' title='bbox 380 5665 559 5729; x_wconf 87' lang='lat' dir='ltr'>potior</span> <span class='ocrx_word' id='word_1_799' title='bbox 587 5675 712 5726; x_wconf 85' lang='lat' dir='ltr'>pars</span> <span class='ocrx_word' id='word_1_800' title='bbox 741 5673 874 5711; x_wconf 86' lang='lat' dir='ltr'>mss.</span> <span class='ocrx_word' id='word_1_801' title='bbox 904 5666 968 5711; x_wconf 89' lang='lat' dir='ltr'>ut</span> <span class='ocrx_word' id='word_1_802' title='bbox 990 5675 1092 5711; x_wconf 88' lang='lat' dir='ltr'>nos</span> <span class='ocrx_word' id='word_1_803' title='bbox 1120 5664 1177 5712; x_wconf 89' lang='lat' dir='ltr'>in</span> <span class='ocrx_word' id='word_1_804' title='bbox 1203 5666 1374 5714; x_wconf 80' lang='lat' dir='ltr'>textu.</span> 
     </span>
    </p>
   </div>
   <div class='ocr_carea' id='block_1_104' title="bbox 443 5732 2009 5797">
    <p class='ocr_par' dir='ltr' id='par_1_104' title="bbox 443 5732 2009 5797">
     <span class='ocr_line' id='line_1_104' title="bbox 443 5732 2009 5797; baseline 0.001 -13"><span class='ocrx_word' id='word_1_805' title='bbox 443 5734 539 5797; x_wconf 88' lang='lat'>(33)</span> <span class='ocrx_word' id='word_1_806' title='bbox 580 5732 730 5783; x_wconf 87' lang='lat' dir='ltr'>Edit.</span> <span class='ocrx_word' id='word_1_807' title='bbox 779 5744 994 5794; x_wconf 88' lang='lat' dir='ltr'>omnes,</span> <span class='ocrx_word' id='word_1_808' title='bbox 1027 5733 1170 5795; x_wconf 84' lang='lat' dir='ltr'>Ergo</span> <span class='ocrx_word' id='word_1_809' title='bbox 1208 5734 1379 5784; x_wconf 80' lang='lat' dir='ltr'>David</span> <span class='ocrx_word' id='word_1_810' title='bbox 1419 5735 1652 5797; x_wconf 84' lang='lat' dir='ltr'>[vocatus</span> <span class='ocrx_word' id='word_1_811' title='bbox 1694 5740 1810 5785; x_wconf 80' lang='lat' dir='ltr'>erat</span> <span class='ocrx_word' id='word_1_812' title='bbox 1852 5735 2009 5785; x_wconf 80' lang='lat' dir='ltr'>verba</span> 
     </span>
    </p>
   </div>
   <div class='ocr_carea' id='block_1_105' title="bbox 385 5801 2008 5872">
    <p class='ocr_par' dir='ltr' id='par_1_105' title="bbox 385 5801 2008 5872">
     <span class='ocr_line' id='line_1_105' title="bbox 385 5801 2008 5872; baseline 0.002 -18"><span class='ocrx_word' id='word_1_813' title='bbox 385 5805 497 5864; x_wconf 82' lang='lat' dir='ltr'>Dei,</span> <span class='ocrx_word' id='word_1_814' title='bbox 527 5808 572 5853; x_wconf 85' lang='lat' dir='ltr'>el</span> <span class='ocrx_word' id='word_1_815' title='bbox 599 5815 739 5872; x_wconf 73' lang='lat' dir='ltr'>spem</span> <span class='ocrx_word' id='word_1_816' title='bbox 771 5803 826 5851; x_wconf 86' lang='lat' dir='ltr'>in</span> <span class='ocrx_word' id='word_1_817' title='bbox 861 5815 921 5852; x_wconf 85' lang='lat' dir='ltr'>eo</span> <span class='ocrx_word' id='word_1_818' title='bbox 955 5801 1152 5863; x_wconf 80' lang='lat' dir='ltr'>habuit]</span> <span class='ocrx_word' id='word_1_819' title='bbox 1193 5805 1467 5865; x_wconf 85' lang='lat' dir='ltr'>quoniam,</span> <span class='ocrx_word' id='word_1_820' title='bbox 1498 5811 1598 5856; x_wconf 89' lang='lat' dir='ltr'>etc.</span> <span class='ocrx_word' id='word_1_821' title='bbox 1642 5806 1749 5858; x_wconf 91' lang='lat' dir='ltr'>Sed</span> <span class='ocrx_word' id='word_1_822' title='bbox 1793 5807 2008 5858; x_wconf 83' lang='lat' dir='ltr'>inclusa</span> 
     </span>
    </p>
   </div>
   <div class='ocr_carea' id='block_1_106' title="bbox 2097 4579 3708 4656">
    <p class='ocr_par' dir='ltr' id='par_1_106' title="bbox 2097 4579 3708 4656">
     <span class='ocr_line' id='line_1_106' title="bbox 2097 4579 3708 4656; baseline -0.01 -13"><span class='ocrx_word' id='word_1_823' title='bbox 2097 4604 2226 4643; x_wconf 87' lang='lat' dir='ltr'>rum</span> <span class='ocrx_word' id='word_1_824' title='bbox 2252 4589 2562 4641; x_wconf 90' lang='lat' dir='ltr'>immemor</span> <span class='ocrx_word' id='word_1_825' title='bbox 2583 4584 2972 4656; x_wconf 88' lang='lat' dir='ltr'>iniquitatum,</span> <span class='ocrx_word' id='word_1_826' title='bbox 3005 4597 3236 4637; x_wconf 87' lang='lat' dir='ltr'>suarum</span> <span class='ocrx_word' id='word_1_827' title='bbox 3264 4597 3379 4636; x_wconf 89' lang='lat' dir='ltr'>non</span> <span class='ocrx_word' id='word_1_828' title='bbox 3410 4579 3708 4632; x_wconf 81' lang='lat' dir='ltr'>immemor</span> 
     </span>
    </p>
   </div>
   <div class='ocr_carea' id='block_1_107' title="bbox 2098 4676 3704 4753">
    <p class='ocr_par' dir='ltr' id='par_1_107' title="bbox 2098 4676 3704 4753">
     <span class='ocr_line' id='line_1_107' title="bbox 2098 4676 3704 4753; baseline -0.009 -17"><span class='ocrx_word' id='word_1_829' title='bbox 2098 4681 2492 4753; x_wconf 88' lang='lat' dir='ltr'>sponsionum.</span> <span class='ocrx_word' id='word_1_830' title='bbox 2517 4679 2770 4750; x_wconf 91' lang='lat' dir='ltr'>Denique</span> <span class='ocrx_word' id='word_1_831' title='bbox 2792 4679 3066 4748; x_wconf 88' lang='lat' dir='ltr'>scriptum</span> <span class='ocrx_word' id='word_1_832' title='bbox 3090 4680 3176 4730; x_wconf 87' lang='lat' dir='ltr'>est</span> <span class='ocrx_word' id='word_1_833' title='bbox 3199 4692 3212 4730; x_wconf 92' lang='lat'>:</span> <span class='ocrx_word' id='word_1_834' title='bbox 3244 4697 3270 4724; x_wconf 84' lang='grc'><em>‹‹</em></span> <span class='ocrx_word' id='word_1_835' title='bbox 3294 4676 3412 4745; x_wconf 84' lang='lat' dir='ltr'>Ego</span> <span class='ocrx_word' id='word_1_836' title='bbox 3438 4684 3582 4735; x_wconf 90' lang='lat' dir='ltr'>sum,</span> <span class='ocrx_word' id='word_1_837' title='bbox 3607 4678 3704 4733; x_wconf 82' lang='lat' dir='ltr'>ego</span> 
     </span>
    </p>
   </div>
   <div class='ocr_carea' id='block_1_108' title="bbox 2099 4770 3704 4845">
    <p class='ocr_par' dir='ltr' id='par_1_108' title="bbox 2099 4770 3704 4845">
     <span class='ocr_line' id='line_1_108' title="bbox 2099 4770 3704 4845; baseline -0.012 -15"><span class='ocrx_word' id='word_1_838' title='bbox 2099 4792 2245 4842; x_wconf 92' lang='lat' dir='ltr'>sum,</span> <span class='ocrx_word' id='word_1_839' title='bbox 2291 4773 2389 4845; x_wconf 93' lang='lat' dir='ltr'>qui</span> <span class='ocrx_word' id='word_1_840' title='bbox 2427 4773 2591 4828; x_wconf 91' lang='lat' dir='ltr'>deleo</span> <span class='ocrx_word' id='word_1_841' title='bbox 2631 4771 2960 4843; x_wconf 89' lang='lat' dir='ltr'>iniquitates</span> <span class='ocrx_word' id='word_1_842' title='bbox 2996 4775 3213 4836; x_wconf 89' lang='lat' dir='ltr'>tuas...,</span> <span class='ocrx_word' id='word_1_843' title='bbox 3251 4773 3310 4822; x_wconf 91' lang='lat' dir='ltr'>et</span> <span class='ocrx_word' id='word_1_844' title='bbox 3346 4776 3564 4821; x_wconf 91' lang='lat' dir='ltr'>memor</span> <span class='ocrx_word' id='word_1_845' title='bbox 3599 4770 3704 4811; x_wconf 84' lang='lat' dir='ltr'>non</span> 
     </span>
    </p>
   </div>
   <div class='ocr_carea' id='block_1_109' title="bbox 2100 4861 3703 4937">
    <p class='ocr_par' dir='ltr' id='par_1_109' title="bbox 2100 4861 3703 4937">
     <span class='ocr_line' id='line_1_109' title="bbox 2100 4861 3703 4937; baseline -0.006 -14"><span class='ocrx_word' id='word_1_846' title='bbox 2100 4885 2221 4937; x_wconf 91' lang='lat' dir='ltr'>ero,</span> <span class='ocrx_word' id='word_1_847' title='bbox 2249 4874 2313 4922; x_wconf 91' lang='lat' dir='ltr'>tu</span> <span class='ocrx_word' id='word_1_848' title='bbox 2337 4871 2530 4923; x_wconf 86' lang='lat' dir='ltr'>autem</span> <span class='ocrx_word' id='word_1_849' title='bbox 2562 4881 2785 4920; x_wconf 91' lang='lat' dir='ltr'>memor</span> <span class='ocrx_word' id='word_1_850' title='bbox 2814 4868 2934 4919; x_wconf 91' lang='lat' dir='ltr'>esto</span> <span class='ocrx_word' id='word_1_851' title='bbox 2965 4867 3023 4918; x_wconf 92' lang='lat' dir='ltr'>et</span> <span class='ocrx_word' id='word_1_852' title='bbox 3041 4862 3369 4934; x_wconf 88' lang='lat' dir='ltr'>judicemur</span> <span class='ocrx_word' id='word_1_853' title='bbox 3396 4861 3543 4927; x_wconf 86' lang='lat' dir='ltr'>(Isa.,</span> <span class='ocrx_word' id='word_1_854' title='bbox 3570 4861 3703 4913; x_wconf 78' lang='lat' dir='ltr'>xum</span> 
     </span>
    </p>
   </div>
   <div class='ocr_carea' id='block_1_110' title="bbox 2101 4940 3706 5031">
    <p class='ocr_par' dir='ltr' id='par_1_110' title="bbox 2101 4940 3706 5031">
     <span class='ocr_line' id='line_1_110' title="bbox 2101 4940 3706 5031; baseline -0.015 -14"><span class='ocrx_word' id='word_1_855' title='bbox 2101 4965 2189 5029; x_wconf 84' lang='lat'>25,</span> <span class='ocrx_word' id='word_1_856' title='bbox 2218 4963 2331 5031; x_wconf 82' lang='lat'>26).</span> <span class='ocrx_word' id='word_1_857' title='bbox 2358 4982 2385 5010; x_wconf 83' lang='grc'><strong>››</strong></span> <span class='ocrx_word' id='word_1_858' title='bbox 2408 4959 2536 5014; x_wconf 87' lang='lat' dir='ltr'>Vult</span> <span class='ocrx_word' id='word_1_859' title='bbox 2557 4957 2806 5014; x_wconf 87' lang='lat' dir='ltr'>oblivisci</span> <span class='ocrx_word' id='word_1_860' title='bbox 2831 4973 3211 5029; x_wconf 64' lang='lat' dir='ltr'>quaecumque</span> <span class='ocrx_word' id='word_1_861' title='bbox 3237 4952 3524 5010; x_wconf 86' lang='lat' dir='ltr'>minitatus</span> <span class='ocrx_word' id='word_1_862' title='bbox 3549 4940 3706 5000; x_wconf 87' lang='lat' dir='ltr'>fuerit</span> 
     </span>
    </p>
   </div>
   <div class='ocr_carea' id='block_1_111' title="bbox 2100 5031 3706 5127">
    <p class='ocr_par' dir='ltr' id='par_1_111' title="bbox 2100 5031 3706 5127">
     <span class='ocr_line' id='line_1_111' title="bbox 2100 5031 3706 5127; baseline -0.01 -17"><span class='ocrx_word' id='word_1_863' title='bbox 2100 5040 2522 5127; x_wconf 76' lang='lat' dir='ltr'>peccatoribds,</span> <span class='ocrx_word' id='word_1_864' title='bbox 2573 5053 2619 5107; x_wconf 90' lang='lat' dir='ltr'>si</span> <span class='ocrx_word' id='word_1_865' title='bbox 2667 5052 2784 5107; x_wconf 90' lang='lat' dir='ltr'>vias</span> <span class='ocrx_word' id='word_1_866' title='bbox 2830 5049 3136 5123; x_wconf 89' lang='lat' dir='ltr'>aliquando</span> <span class='ocrx_word' id='word_1_867' title='bbox 3198 5043 3556 5108; x_wconf 87' lang='lat' dir='ltr'>convertant;</span> <span class='ocrx_word' id='word_1_868' title='bbox 3600 5031 3706 5088; x_wconf 71' lang='lat' dir='ltr'>VU“</span> 
     </span>
    </p>
   </div>
   <div class='ocr_carea' id='block_1_112' title="bbox 2103 5130 3702 5216">
    <p class='ocr_par' dir='ltr' id='par_1_112' title="bbox 2103 5130 3702 5216">
     <span class='ocr_line' id='line_1_112' title="bbox 2103 5130 3702 5216; baseline -0.014 -13"><span class='ocrx_word' id='word_1_869' title='bbox 2103 5149 2276 5203; x_wconf 89' lang='lat' dir='ltr'>etiam</span> <span class='ocrx_word' id='word_1_870' title='bbox 2302 5146 2614 5213; x_wconf 89' lang='lat' dir='ltr'>conveniri,</span> <span class='ocrx_word' id='word_1_871' title='bbox 2643 5149 2704 5200; x_wconf 89' lang='lat' dir='ltr'>ut</span> <span class='ocrx_word' id='word_1_872' title='bbox 2733 5145 2780 5200; x_wconf 90' lang='lat' dir='ltr'>si</span> <span class='ocrx_word' id='word_1_873' title='bbox 2807 5145 2936 5216; x_wconf 91' lang='lat' dir='ltr'>quis</span> <span class='ocrx_word' id='word_1_874' title='bbox 2973 5142 3263 5216; x_wconf 88' lang='lat' dir='ltr'>proposita</span> <span class='ocrx_word' id='word_1_875' title='bbox 3293 5142 3515 5195; x_wconf 89' lang='lat' dir='ltr'>secutus</span> <span class='ocrx_word' id='word_1_876' title='bbox 3542 5130 3702 5186; x_wconf 88' lang='lat' dir='ltr'>virtu-</span> 
     </span>
    </p>
   </div>
   <div class='ocr_carea' id='block_1_113' title="bbox 2104 5233 3704 5313">
    <p class='ocr_par' dir='ltr' id='par_1_113' title="bbox 2104 5233 3704 5313">
     <span class='ocr_line' id='line_1_113' title="bbox 2104 5233 3704 5313; baseline -0.014 -17"><span class='ocrx_word' id='word_1_877' title='bbox 2104 5240 2252 5297; x_wconf 88' lang='lat' dir='ltr'>tibus</span> <span class='ocrx_word' id='word_1_878' title='bbox 2282 5240 2539 5313; x_wconf 69' lang='lat' dir='ltr'>praamia,</span> <span class='ocrx_word' id='word_1_879' title='bbox 2575 5239 2720 5296; x_wconf 91' lang='lat' dir='ltr'>bene</span> <span class='ocrx_word' id='word_1_880' title='bbox 2754 5238 3072 5306; x_wconf 89' lang='lat' dir='ltr'>certaverit,</span> <span class='ocrx_word' id='word_1_881' title='bbox 3109 5238 3354 5292; x_wconf 88' lang='lat' dir='ltr'>fructum</span> <span class='ocrx_word' id='word_1_882' title='bbox 3394 5233 3704 5287; x_wconf 88' lang='lat' dir='ltr'>remunera-</span> 
     </span>
    </p>
   </div>
   <div class='ocr_carea' id='block_1_114' title="bbox 2104 5367 3704 5445">
    <p class='ocr_par' dir='ltr' id='par_1_114' title="bbox 2104 5367 3704 5445">
     <span class='ocr_line' id='line_1_114' title="bbox 2104 5367 3704 5445; baseline -0.013 -13"><span class='ocrx_word' id='word_1_883' title='bbox 2104 5381 2326 5432; x_wconf 89' lang='lat' dir='ltr'>uncinis</span> <span class='ocrx_word' id='word_1_884' title='bbox 2354 5393 2538 5444; x_wconf 87' lang='lat' dir='ltr'>neque</span> <span class='ocrx_word' id='word_1_885' title='bbox 2565 5380 2621 5430; x_wconf 92' lang='lat' dir='ltr'>in</span> <span class='ocrx_word' id='word_1_886' title='bbox 2659 5378 2783 5430; x_wconf 84' lang='lat' dir='ltr'>Vat.</span> <span class='ocrx_word' id='word_1_887' title='bbox 2825 5392 3010 5444; x_wconf 90' lang='lat' dir='ltr'>neque</span> <span class='ocrx_word' id='word_1_888' title='bbox 3052 5379 3111 5428; x_wconf 87' lang='lat' dir='ltr'>in</span> <span class='ocrx_word' id='word_1_889' title='bbox 3148 5376 3289 5428; x_wconf 85' lang='lat' dir='ltr'>Gall.</span> <span class='ocrx_word' id='word_1_890' title='bbox 3334 5369 3452 5424; x_wconf 91' lang='lat' dir='ltr'>cod.</span> <span class='ocrx_word' id='word_1_891' title='bbox 3488 5367 3704 5445; x_wconf 47' lang='lat' dir='ltr'>reperti:</span> 
     </span>
    </p>
   </div>
   <div class='ocr_carea' id='block_1_115' title="bbox 2105 5437 3703 5522">
    <p class='ocr_par' dir='ltr' id='par_1_115' title="bbox 2105 5437 3703 5522">
     <span class='ocr_line' id='line_1_115' title="bbox 2105 5437 3703 5522; baseline -0.003 -19"><span class='ocrx_word' id='word_1_892' title='bbox 2105 5455 2206 5503; x_wconf 87' lang='lat' dir='ltr'>est.</span> <span class='ocrx_word' id='word_1_893' title='bbox 2237 5437 2594 5502; x_wconf 49' lang='lat' dir='ltr'>Addita-vero</span> <span class='ocrx_word' id='word_1_894' title='bbox 2625 5451 2694 5502; x_wconf 89' lang='lat' dir='ltr'>ab</span> <span class='ocrx_word' id='word_1_895' title='bbox 2729 5437 2936 5516; x_wconf 47' lang='lat' dir='ltr'>aliquo-</span> <span class='ocrx_word' id='word_1_896' title='bbox 2954 5450 3213 5522; x_wconf 82' lang='lat' dir='ltr'>videntur</span> <span class='ocrx_word' id='word_1_897' title='bbox 3243 5437 3703 5522; x_wconf 76' lang='lat' dir='ltr'>fuisse,</span> 
     </span>
    </p>
   </div>
   <div class='ocr_carea' id='block_1_116' title="bbox 2107 5506 3705 5588">
    <p class='ocr_par' dir='ltr' id='par_1_116' title="bbox 2107 5506 3705 5588">
     <span class='ocr_line' id='line_1_116' title="bbox 2107 5506 3705 5588; baseline -0.011 -16"><span class='ocrx_word' id='word_1_898' title='bbox 2107 5523 2440 5588; x_wconf 86' lang='lat' dir='ltr'>intelligeret</span> <span class='ocrx_word' id='word_1_899' title='bbox 2479 5536 2648 5574; x_wconf 87' lang='lat' dir='ltr'>voces</span> <span class='ocrx_word' id='word_1_900' title='bbox 2696 5506 2840 5586; x_wconf 74' lang='lat' dir='ltr'>Ergo</span> <span class='ocrx_word' id='word_1_901' title='bbox 2883 5522 3060 5573; x_wconf 85' lang='lat' dir='ltr'>David</span> <span class='ocrx_word' id='word_1_902' title='bbox 3105 5518 3292 5569; x_wconf 85' lang='lat' dir='ltr'>referri</span> <span class='ocrx_word' id='word_1_903' title='bbox 3335 5512 3403 5564; x_wconf 87' lang='lat' dir='ltr'>ad</span> <span class='ocrx_word' id='word_1_904' title='bbox 3444 5506 3705 5588; x_wconf 43' lang='lat' dir='ltr'>intermisi</span> 
     </span>
    </p>
   </div>
   <div class='ocr_carea' id='block_1_117' title="bbox 2109 5575 3702 5659">
    <p class='ocr_par' dir='ltr' id='par_1_117' title="bbox 2109 5575 3702 5659">
     <span class='ocr_line' id='line_1_117' title="bbox 2109 5575 3702 5659; baseline -0.009 -16"><span class='ocrx_word' id='word_1_905' title='bbox 2109 5593 2251 5654; x_wconf 86' lang='lat' dir='ltr'>illas,</span> <span class='ocrx_word' id='word_1_906' title='bbox 2278 5575 2385 5644; x_wconf 64' lang='grc' dir='ltr'>ἧος</span> <span class='ocrx_word' id='word_1_907' title='bbox 2417 5592 2584 5657; x_wconf 82' lang='lat' dir='ltr'>igitur</span> <span class='ocrx_word' id='word_1_908' title='bbox 2609 5575 2884 5659; x_wconf 57' lang='lat' dir='ltr'>respousa,</span> <span class='ocrx_word' id='word_1_909' title='bbox 2907 5598 3035 5655; x_wconf 90' lang='lat' dir='ltr'>etc.,</span> <span class='ocrx_word' id='word_1_910' title='bbox 3066 5591 3281 5655; x_wconf 86' lang='lat' dir='ltr'>putavit</span> <span class='ocrx_word' id='word_1_911' title='bbox 3308 5591 3524 5659; x_wconf 84' lang='lat' dir='ltr'>sensum</span> <span class='ocrx_word' id='word_1_912' title='bbox 3549 5575 3702 5659; x_wconf 45' lang='lat' dir='ltr'>alii“:</span> 
     </span>
    </p>
   </div>
   <div class='ocr_carea' id='block_1_118' title="bbox 2108 5645 3702 5730">
    <p class='ocr_par' dir='ltr' id='par_1_118' title="bbox 2108 5645 3702 5730">
     <span class='ocr_line' id='line_1_118' title="bbox 2108 5645 3702 5730; baseline -0.018 -15"><span class='ocrx_word' id='word_1_913' title='bbox 2108 5645 2611 5730; x_wconf 51' lang='lat' dir='ltr'>esse&#39;suspeiisum.</span> <span class='ocrx_word' id='word_1_914' title='bbox 2639 5645 2798 5715; x_wconf 77' lang='lat' dir='ltr'>Unde</span> <span class='ocrx_word' id='word_1_915' title='bbox 2825 5645 2889 5714; x_wconf 79' lang='lat' dir='ltr'>ut</span> <span class='ocrx_word' id='word_1_916' title='bbox 2911 5665 2962 5715; x_wconf 88' lang='lat' dir='ltr'>ei</span> <span class='ocrx_word' id='word_1_917' title='bbox 2988 5645 3122 5714; x_wconf 76' lang='lat' dir='ltr'>vitio</span> <span class='ocrx_word' id='word_1_918' title='bbox 3150 5657 3473 5714; x_wconf 84' lang='lat' dir='ltr'>mederetur,</span> <span class='ocrx_word' id='word_1_919' title='bbox 3503 5649 3655 5697; x_wconf 87' lang='lat' dir='ltr'>voces</span> <span class='ocrx_word' id='word_1_920' title='bbox 3676 5645 3702 5680; x_wconf 71' lang='grc' dir='ltr'><strong>δ</strong></span> 
     </span>
    </p>
   </div>
   <div class='ocr_carea' id='block_1_119' title="bbox 2110 5736 2819 5800">
    <p class='ocr_par' dir='ltr' id='par_1_119' title="bbox 2110 5736 2819 5800">
     <span class='ocr_line' id='line_1_119' title="bbox 2110 5736 2819 5800; baseline -0.004 -12"><span class='ocrx_word' id='word_1_921' title='bbox 2110 5737 2274 5789; x_wconf 85' lang='lat' dir='ltr'>nobis</span> <span class='ocrx_word' id='word_1_922' title='bbox 2299 5741 2574 5790; x_wconf 83' lang='lat' dir='ltr'>resecatas</span> <span class='ocrx_word' id='word_1_923' title='bbox 2601 5736 2819 5800; x_wconf 83' lang='lat' dir='ltr'>adjecit.</span> 
     </span>
    </p>
   </div>
  </div>
