3958 6166
231 268 324 322 1319

1278 261 1626 317 EXPOSITIO
1665 262 1732 317 IN
1775 261 2086 318 PSALMUM
2127 263 2351 318 CXVIII.
2401 281 2406 284 ·

3356 263 3491 316 1350

224 391 345 444 tionis
390 390 662 458 exspectet,
720 385 856 457 quin
910 386 1078 439 etiam
1132 385 1345 455 exigat,
1394 386 1540 440 sicut
1586 385 1759 439 habes
1783 400 1839 470 Α
1861 388 1988 457 quis
2017 388 2135 440 vult
2173 387 2406 440 adversa
2443 400 2730 456 superare,
2763 384 2807 437 si
2839 388 2923 438 est
2953 383 3291 454 persecutio,
3327 383 3371 441 si
3402 389 3488 436 est

223 486 428 552 scriptum
478 497 489 534 :
544 502 570 528 α
620 480 911 534 Certamen
961 479 1172 533 bonum
1223 479 1471 547 certavi,
1528 496 1758 533 cursum

219 573 551 641 consummavi,
607 572 849 644 reposita
910 576 995 626 est
1049 572 1190 626 mihi
1257 589 1470 627 corona
1527 572 1761 642 justitiae

218 671 260 734 (ll
438 683 501 734 tv,
528 667 601 736 7).
628 685 654 716 η
684 667 802 720 Non
839 669 926 719 est
955 666 1112 720 enim
1141 682 1418 737 arrogans
1448 666 1759 735 usurpatio,

216 762 283 815 sed
321 760 492 826 ﬁdelis,
539 760 668 830 quia
712 775 914 814 verum
964 760 1142 814 Deum
1191 775 1306 814 non
1354 776 1518 831 posse
1567 759 1760 814 fallere

213 856 469 908 confitetur.
514 853 750 924 Ideoque
798 853 1072 908 admonet
1114 857 1169 907 et
1218 852 1391 907 David
1437 852 1655 918 dicens,
1702 855 1764 905 ut

212 947 479 1002 meminerit
507 947 768 1001 Dominus
793 947 950 1001 verbi
981 947 1099 1013 sui;
1128 963 1241 1018 quo
1277 963 1378 1001 nos
1416 945 1488 1001 ad
1519 962 1760 1018 speran-

211 1042 311 1095 dum
343 1045 604 1110 provocat,
639 1045 698 1094 ut
737 1040 984 1096 terrenis
1029 1041 1446 1107 renuntiamus,
1493 1039 1763 1094 inhaerea-

209 1151 301 1189 mus
324 1133 626 1188 ccelestibus.

258 1230 298 1281 i.
324 1228 445 1282 Dicit
467 1244 598 1298 ergo
625 1227 792 1283 David
817 1245 830 1282 :
859 1229 1157 1283 Certamen
1182 1232 1427 1282 certatus
1453 1242 1598 1294 sum,
1630 1225 1760 1282 bra-

205 1321 319 1376 vium
346 1325 461 1392 peto
484 1321 637 1376 verbi
669 1321 770 1387 tui,
804 1321 958 1393 quod
983 1321 1297 1393 promisisti
1329 1321 1507 1376 mihi:
1541 1335 1765 1376 memor

203 1421 291 1469 esto
319 1415 705 1486 promissorum
747 1419 996 1483 tuorum,
1036 1431 1164 1487 quas
1208 1414 1562 1486 spopondisti
1605 1430 1761 1468 servo

203 1515 289 1563 tuo.
330 1509 435 1564 Non
488 1509 846 1580 usurpatorie
906 1510 1128 1580 speravi
1185 1525 1313 1580 quae
1364 1513 1427 1562 ut
1472 1523 1763 1578 sperarem

204 1602 290 1672 ipse
315 1603 488 1657 fecisti.
515 1603 723 1658 Servus
753 1619 901 1672 sum,
937 1608 1202 1674 exspecto
1232 1603 1566 1657 alimentum
1595 1618 1628 1656 a
1659 1603 1761 1657 Do-

204 1695 341 1762 mino;
367 1697 518 1751 miles
545 1713 694 1764 sum,
723 1697 890 1768 exigo
918 1697 987 1751 ab
1013 1696 1361 1767 imperatore
1389 1696 1760 1767 stipendium;

1861 480 2201 551 periculum,
2234 481 2278 533 si
2322 497 2498 548 mors,
2531 480 2574 532 si
2604 478 2882 549 aegritudo
2915 477 3123 548 gravis,
3157 478 3198 530 si
3231 477 3488 531 incursus

1863 573 2178 640 latronum,
2209 573 2252 626 si
2285 573 2614 628 facultatum
2639 571 2990 643 proscriptio,
3021 570 3064 624 si
3089 569 3360 642 quidquid
3391 585 3485 624 eo-

1862 683 1990 720 rum
2018 683 2146 737 quas
2175 671 2446 737 putantur
2470 667 2528 719 in
2557 666 2662 721 isto
2695 666 2927 720 adversa
2960 665 3186 731 saeculo,
3214 663 3374 717 facile
3403 681 3490 718 su-

1861 766 2155 830 perantur,
2195 760 2237 813 si
2277 760 2346 814 sit
2376 776 2502 831 spes
2531 775 2660 830 quas
2690 759 3036 814 consoletur.
3076 757 3216 811 Nam
3259 757 3363 810 etsi
3395 756 3490 811 illa

1864 853 2190 921 acciderint,
2222 859 2415 908 tamen
2449 853 2646 924 gravia
2676 868 2794 908 esse
2824 869 2936 906 non
2971 853 3207 922 possunt
3231 849 3441 904 dicenti
3475 867 3488 904 :

1866 969 1893 999 «
1929 949 2190 1003 Existimo
2216 949 2370 1004 enim
2400 949 2552 1020 quod
2580 949 2830 1020 indigna:
2863 949 2976 1002 sint
2999 946 3294 1018 passiones
3320 945 3492 1015 hujUs

1863 1043 2136 1113 temporis
2161 1043 2230 1097 ad
2262 1043 2513 1097 futuram
2546 1043 2792 1113 gloriam
2819 1043 3005 1110 (I‘bid.,
3038 1042 3145 1110 18).
3176 1062 3202 1090 ››
3231 1038 3493 1111 Quisquis

1863 1137 2016 1190 enim
2041 1136 2284 1190 meliora
2307 1142 2514 1207 sperat,
2537 1152 2829 1207 nunquam
2856 1134 3162 1190 levioribus
3183 1133 3491 1205 frangitur.

1936 1236 1987 1284 7.
2019 1231 2078 1283 In
2108 1236 2368 1300 tempore
2395 1229 2572 1300 igitur
2600 1229 2941 1284 humilitatis
2968 1232 3175 1283 nostra:
3200 1243 3326 1299 spes
3355 1243 3491 1282 con-

1865 1323 2131 1380 solatoria
2178 1327 2280 1390 est,
2323 1338 2450 1394 quae
2492 1339 2602 1376 non
2648 1323 2979 1392 confundit;
3026 1328 3252 1393 tempus
3299 1327 3492 1376 autem

1865 1416 2289 1484 tentationum,
2346 1419 2570 1487 tempus
2623 1415 2962 1470 humilitatis
3019 1414 3232 1469 animas
3285 1419 3492 1469 nostra:

1864 1510 2127 1565 arbitror.
2155 1508 2493 1564 Humiliatur
2518 1508 2674 1563 enim
2697 1508 2890 1563 anima
2917 1512 3129 1574 nostra,
3158 1507 3295 1561 dum
3325 1506 3494 1560 tradi-

1865 1608 1961 1659 tur
1990 1604 2274 1673 teutatori,
2305 1603 2461 1658 duris
2488 1602 2867 1658 examinanda
2892 1600 3204 1670 laboribus;
3237 1605 3297 1653 ut
3322 1601 3494 1654 lucte-

1865 1703 1958 1754 tur
1996 1703 2054 1753 et
2080 1700 2278 1764 certet,
2309 1713 2679 1768 congressum
2714 1696 3016 1752 contrarias
3045 1693 3349 1766 experiens
3382 1709 3489 1764 po-

201 1795 381 1843 Vocalus
433 1807 583 1856 sum,
633 1790 864 1862 postulo
929 1789 1000 1844 ab
1053 1789 1330 1844 invitante
1391 1789 1761 1860 promissum.
1786 1768 1841 1839 B
1866 1793 2118 1861 testatis;
2152 1791 2248 1847 sed
2277 1791 2332 1845 in
2361 1791 2452 1846 his
2477 1790 2886 1846 tentationibus
2912 1789 3222 1844 viviﬁcatur
3247 1786 3495 1857 alloquio

202 1882 462 1938 Verecunde
492 1891 684 1940 autem
725 1884 1120 1940 auctoritatem
1167 1882 1428 1956 1045
1469 1897 1586 1937 suae
1636 1881 1764 1937 fidei

201 1978 493 2047 temperavit,
525 1978 768 2033 dicendo
795 1995 853 2032 se
884 1993 1144 2046 servum;
1175 1977 1307 2048 quia
1336 1997 1364 2025 «
1393 1976 1552 2031 Oculi
1577 1991 1763 2030 servo-

202 2085 292 2123 rum
325 2072 374 2124 in
410 2071 670 2127 manibus
706 2071 1072 2126 dominorum
1115 2087 1350 2125 suorum
1393 2071 1560 2136 (Psal.
1600 2085 1764 2136 cxxu,

199 2167 251 2230 2).
283 2188 304 2214 ›ι
330 2166 443 2219 Haec
468 2181 534 2220 ex
567 2181 814 2237 persona
847 2165 1016 2220 David
1047 2163 1278 2236 propria
1317 2164 1461 2219 bene
1502 2168 1765 2234 prompta

200 2262 310 2311 sunt.

315 2351 576 2407 Caeterum
609 2352 658 2406 si
698 2352 826 2424 quis
861 2351 1330 2406 informationem
1355 2351 1630 2421 cujusque
1664 2351 1765 2405 ho-

200 2444 326 2497 minis
349 2446 681 2513 considerat,
700 2449 889 2517 potest
907 2445 1113 2501 Levitis
1135 2444 1470 2500 communia
1489 2443 1766 2515 promissa

199 2538 370 2606 librare,
409 2540 544 2594 sicut
586 2539 809 2594 habes:
853 2561 879 2588 «
917 2540 1050 2594 Date
1091 2539 1222 2594 Levi
1265 2539 1414 2593 viros
1451 2538 1593 2609 ejus,
1638 2538 1767 2592 date

201 2629 294 2684 Levi
313 2634 629 2688 manifestos
651 2633 775 2704 ejus
797 2635 997 2700 (Deut,
1019 2648 1210 2700 xxxiii,
1233 2634 1309 2702 8).
1332 2653 1359 2682 υ
1383 2633 1572 2686 Potest
1597 2631 1765 2686 etiam

200 2726 344 2794 pepuli
367 2726 647 2782 credentis
680 2726 868 2782 electis
896 2727 1004 2795 (34)
1033 2725 1342 2798 alloquium
1371 2724 1520 2780 istud
1553 2725 1764 2796 aptari;

202 2818 262 2869 cui
285 2835 367 2888 per
389 2823 580 2890 typum
611 2820 842 2891 Joseph,
870 2819 1058 2890 primo
1089 2821 1148 2874 in
1179 2825 1316 2891 typo
1346 2819 1470 2890 ejus
1497 2818 1766 2884 nominis,

201 2912 352 2968 deinde
397 2932 494 2986 per
543 2915 765 2969 tribum
814 2915 871 2969 in
917 2915 1121 2986 primas
1173 2914 1462 2970 electionis
1512 2913 1770 2968 haeredes

203 3007 410 3063 transfusa
466 3013 551 3063 est
609 3008 804 3064 divina
852 3009 1174 3080 promissio,
1228 3008 1449 3063 dicente
1513 3009 1697 3080 Moyse
1750 3024 1763 3060 :

1866 1887 1984 1940 Dei.
2021 1889 2148 1941 Haec
2173 1888 2258 1941 est
2282 1885 2433 1941 enim
2469 1885 2677 1941 animus
2705 1888 2915 1940 nostris
2947 1882 3129 1938 vitalis
3160 1880 3491 1950 substantia,

1867 1996 1979 2052 qua
2025 1979 2212 2046 alitur,
2259 1985 2314 2034 et
2352 1979 2621 2050 pascitur,
2667 1982 2726 2033 et
2769 1977 3138 2049 gubernatur.
3180 1976 3294 2030 Nec
3331 1975 3494 2046 quid-

1867 2090 2036 2145 quam
2093 2072 2246 2127 aliud
2301 2078 2386 2128 est
2435 2073 2588 2144 quod
2639 2073 2827 2128 vivere
2875 2071 3048 2126 faciat
3096 2069 3497 2126 rationabilem

1867 2169 2146 2236 animam,
2181 2182 2354 2237 quam
2382 2166 2699 2238 alloquium
2731 2166 2851 2221 Dei.
2882 2165 3037 2221 Sicut
3068 2165 3221 2220 enim
3255 2165 3501 2235 augetur

1867 2277 2052 2317 sermo
2089 2261 2187 2316 Dei
2233 2261 2293 2316 in
2339 2260 2534 2315 anima
2570 2262 2786 2327 nostra,
2818 2259 2956 2314 dum
2996 2258 3320 2329 suscipitur,
3360 2256 3499 2312 dum

1868 2355 2226 2426 intelligitur,
2278 2353 2419 2409 dum
2466 2352 2992 2426 comprehenditur,
3035 2351 3117 2406 ita
3165 2351 3341 2407 etiam
3386 2351 3501 2405 vita

1869 2450 1993 2519 ejus
2029 2453 2292 2520 augetur,
2339 2453 2396 2503 et
2433 2447 2919 2520 quemadmodum
2960 2463 2991 2502 e
3031 2444 3323 2502 contrario
3357 2445 3499 2499 allo-

1869 2542 2070 2614 quium
2114 2542 2211 2598 Dei
2257 2541 2444 2597 deﬁcit
2480 2541 2539 2596 in
2583 2541 2775 2597 anima
2809 2545 3019 2609 nostra,
3054 2540 3132 2595 ita
3173 2545 3230 2595 et
3266 2538 3501 2594 incurrit

1869 2636 1994 2707 ejus
2022 2636 2136 2690 vita
2165 2635 2468 2692 defectum.
2493 2637 2688 2708 Itaque
2707 2640 2773 2692 ut
2797 2633 3072 2690 connexio
3091 2633 3200 2688 ista
3219 2633 3424 2688 animas
3445 2635 3503 2686 et

1871 2731 2126 2801 corporis
2156 2729 2336 2784 nostri
2368 2729 2567 2800 spiritu
2596 2727 2749 2783 vitali
2781 2729 3088 2797 animatur,
3116 2734 3286 2799 atque
3312 2726 3498 2792 alitur,
3547 2713 3554 2716 i

1871 2829 1928 2878 et
1968 2828 2214 2892 tenetur,
2254 2822 2332 2877 ita
2371 2822 2542 2878 verbo
2579 2821 2678 2878 Dei
2717 2824 2774 2878 et
2804 2820 3042 2893 spiritali
3081 2821 3263 2892 gratia
3306 2819 3503 2874 anima

1868 2922 2066 2973 nostra
2093 2915 2425 2972 viviticatur.
2453 2915 2615 2971 Unde
2645 2915 2801 2972 omni
2832 2930 3042 2987 genere
3072 2914 3302 2970 studere
3334 2912 3502 2968 debe-

1872 3027 2019 3079 mus,
2044 3017 2107 3066 ut
2133 3010 2358 3082 reliqua
2389 3009 2586 3065 omnia
2614 3007 2873 3082 1046
2904 3008 3333 3081 posthabentes,
3363 3023 3499 3061 con-

211 3119 226 3141 ιι
252 3100 627 3174 Primogenitus
661 3102 810 3156 tauri
841 3101 1012 3157 decus
1043 3101 1187 3173 ejus,
1215 3117 1430 3157 cornua
1465 3100 1766 3156 unicornui
1791 3138 1844 3212 Ο
1873 3112 2178 3177 gregemus
2209 3105 2373 3159 nobis
2397 3103 2640 3176 alloquia
2666 3104 2786 3173 Dei,
2811 3108 2868 3159 et
2894 3118 3276 3176 congeramus
3303 3102 3414 3171 (36)
3441 3101 3498 3154 in

213 3207 354 3248 cornua
385 3197 523 3267 ejus,
554 3196 618 3250 in
649 3195 786 3266 ipsis
821 3201 1025 3267 gentes
1051 3195 1348 3250 ventilabit
1377 3195 1547 3249 simul
1589 3209 1769 3266 usque

217 3285 262 3336 ad
289 3289 643 3345 summitatem
685 3290 1070 3355 terrm(1bid.,
1118 3289 1225 3361 17).
1259 3311 1285 3339 ι)
1327 3289 1568 3344 Unicum
1615 3287 1769 3343 enim

212 3379 374 3436 vertam
415 3384 510 3440 Dei
545 3385 664 3439 hoc
701 3383 1076 3454 prapbetatur
1110 3382 1370 3450 oraculo,
1411 3385 1530 3437 toto
1571 3387 1770 3453 gentes

205 3472 297 3527 orbe
313 3475 678 3532 fundendum.
703 3478 817 3532 Hoc
838 3479 1340 3548 ergo'surrecturaa
1365 3475 1622 3531 Ecclesiae
1644 3491 1773 3547 pro-

203 3567 376 3623 missum
398 3571 568 3625 David
600 3571 960 3625 verecundus
987 3571 1095 3637 sui,
1123 3569 1428 3642 impatiens
1453 3585 1588 3624 vero
1613 3586 1768 3625 com-

201 3662 338 3716 munis
358 3664 647 3734 profectus
673 3664 966 3733 morantis,
1000 3664 1228 3736 exigere
1254 3663 1501 3720 videtur.

248 3759 288 3807 6.
325 3757 484 3816 (Vers.
534 3760 652 3826 50.)
688 3760 756 3813 Et
795 3757 1017 3812 addidit
1049 3775 1062 3812 :
1097 3761 1219 3814 Haec
1260 3773 1342 3813 me
1377 3758 1657 3813 consolata
1689 3762 1776 3813 est

198 3847 237 3898 in
268 3848 542 3907 humilitate
577 3867 720 3914 mea,
752 3854 1012 3922 quoniam
1045 3853 1266 3908 verbum
1302 3856 1453 3907 tuum
1482 3853 1775 3921 viviﬁcavit

197 3955 266 3993 me.
290 3943 396 3998 Haec
421 3950 503 4000 est
533 3961 685 4018 spes,
716 3946 834 4001 haec
865 3962 992 4016 quas
1015 3945 1185 4001 verbo
1212 3949 1313 4001 tuo
1353 3946 1585 4001 obvenit
1609 3945 1772 4013 mihi,

194 4037 425 4092 consolata
451 4046 535 4095 est
570 4055 686 4106 me,
713 4045 780 4095 ut
805 4039 1118 4095 tolerarem
1151 4040 1354 4095 acerba
1382 4039 1770 4112 praesentium.

195 4125 302 4182 llum
338 4131 463 4186 facit
510 4133 723 4188 Paulus
769 4137 969 4188 contra
1009 4149 1240 4201 nomen,
1285 4151 1396 4188 non
1442 4133 1614 4188 habet
1658 4133 1776 4204 spei

194 4224 622 4294 consolationem;
675 4226 813 4281 dum
856 4227 1071 4298 patitur
1110 4243 1215 4298 pro
1261 4228 1536 4295 nomine,
1588 4226 1778 4281 haurit

194 4328 313 4381 spem
330 4318 392 4373 de
413 4319 806 4376 consolatione
835 4323 968 4390 (35).
987 4322 1054 4376 Et
1077 4321 1260 4376 ﬁdelis
1279 4321 1461 4376 factus
1485 4320 1776 4393 quomodo

193 4421 266 4461 nos
299 4413 632 4482 consoletur,
679 4415 867 4485 accipe
909 4433 921 4469 :
969 4436 994 4462 ‹‹
1026 4415 1164 4479 Quis
1202 4431 1307 4469 nos
1339 4413 1642 4486 separabit,
1691 4415 1776 4468 in-

1870 3199 2185 3270 principale
2246 3203 2529 3265 nostrum,
2577 3197 2634 3252 in
2686 3215 2904 3266 sensus,
2961 3197 3020 3251 in
3071 3195 3501 3261 sollicitudines,

1871 3292 2376 3361 considerationes,
2398 3297 2665 3362 actusque
2685 3295 2928 3360 nostros,
2959 3295 3023 3345 ut
3042 3290 3308 3362 alloquiis
3324 3289 3502 3360 Scrip-

1872 3391 2132 3441 turarum
2162 3385 2308 3440 facta
2340 3389 2535 3440 nostra
2571 3385 2928 3454 conveniant,
2963 3400 3067 3438 nec
3097 3401 3130 3438 a
3169 3384 3316 3440 serie
3356 3400 3500 3455 pra:-

1873 3483 2165 3551 ceptorum
2193 3479 2505 3534 caelestium
2533 3482 2692 3533 actus
2719 3478 2897 3532 nostri
2928 3477 3249 3533 discordare
3277 3478 3505 3533 videan-

1875 3579 1986 3643 tur,
2011 3591 2124 3646 quo
2151 3574 2431 3645 possimus
2451 3577 2506 3628 et
2526 3589 2628 3628 nos
2651 3573 2875 3628 dicere:
2904 3572 3187 3636 Quoniam
3210 3572 3504 3644 eloquium

1873 3673 2036 3723 tuum
2067 3667 2366 3722 viviﬁcavit
2390 3684 2512 3722 nos.

1943 3764 1994 3815 8.
2032 3762 2205 3826 (Vers.
2246 3763 2356 3830 51.)
2395 3759 2617 3814 Tertius
2655 3774 2851 3812 versus
2893 3760 2976 3812 est
3010 3773 3022 3811 :
3064 3757 3304 3827 Superbi
3327 3759 3507 3826 utique

1875 3856 2106 3922 agebant
2136 3858 2326 3922 nimis;
2355 3872 2387 3908 (ι
2415 3855 2525 3922 lege
2553 3857 2732 3907 autem
2763 3859 2857 3905 tua
2883 3868 2988 3905 non
3017 3851 3306 3906 declinavi.
3334 3850 3504 3904 Maxi-

1877 3963 2040 4002 mum
2079 3951 2370 4019 peccatum
2414 3949 2471 4001 in
2512 3937 2746 4001 homine
2777 3943 3047 4015 superbia
3088 3949 3201 4010 est;
3246 3944 3505 4014 quando-

1875 4041 2115 4113 quidem
2147 4042 2278 4096 inde
2306 4042 2553 4096 manavit
2585 4038 2769 4096 nostri
2803 4039 2964 4110 origo
3006 4037 3219 4108 delicti.
3249 4037 3362 4091 Hoc
3393 4038 3508 4092 telo

1879 4152 1982 4191 nos
2020 4135 2271 4206 primum
2309 4135 2564 4189 diabolus
2608 4133 2924 4189 vulneravit
2962 4136 3018 4188 et
3056 4131 3321 4204 perculit.
3367 4133 3507 4185 Nam

1878 4229 1986 4284 nisi
2007 4229 2179 4283 homo
2207 4229 2485 4300 serpentis
2506 4229 2878 4300 persuasione
2902 4227 3171 4298 deceptus
3196 4226 3340 4280 sicut
3365 4226 3512 4280 Deus

1880 4339 2002 4378 esse
2024 4323 2308 4392 voluisset,
2333 4328 2390 4377 et
2408 4339 2606 4377 verum
2630 4323 2951 4393 falsumque
2975 4335 3338 4391 cognoscere,
3358 4319 3508 4391 quod

1879 4418 2107 4489 penitus
2139 4417 2465 4472 discernere
2498 4417 2747 4471 humana
2773 4414 3085 4486 fragilitate
3116 4430 3231 4468 non
3255 4418 3509 4485 poterat,

195 4503 304 4570 quit,
339 4522 370 4560 a
396 4506 699 4563 dilectione
735 4508 980 4564 Christi?
1019 4508 1352 4576 Tribulatio,
1385 4525 1456 4562 an
1489 4507 1775 4580 angustia,
1799 4512 1856 4584 D
1879 4511 2119 4582 ideoque
2161 4511 2314 4582 quod
2360 4513 2694 4582 sequeretur
2736 4507 3051 4580 acceperat,
3102 4524 3172 4562 ne
3212 4507 3513 4563 temeraria

194 4609 245 4648 an
272 4602 596 4670 persecutio,
619 4618 695 4656 an
721 4602 920 4670 fames,
947 4618 1019 4657 an
1046 4603 1386 4674 periculum,
1410 4618 1483 4656 an
1515 4601 1781 4673 gladius?

193 4686 313 4744 Sicut
340 4695 611 4767 scriptum
642 4702 726 4750 est
749 4712 763 4750 :
788 4696 930 4760 Quia
954 4700 1194 4768 propter
1220 4699 1274 4752 te
1303 4694 1473 4750 morti
1500 4695 1783 4750 tradimur

196 4785 280 4838 tota
307 4786 414 4854 die,
454 4789 719 4844 aestimati
757 4806 952 4844 sumus
981 4793 1046 4843 ut
1089 4805 1220 4845 oves
1255 4788 1551 4844 occisionis
1582 4791 1776 4857 (Rom,

196 4891 282 4943 nu,
317 4882 397 4950 35,
429 4884 542 4950 36).
588 4884 652 4938 Et
690 4899 806 4955 qua
842 4885 1063 4939 ratione
1103 4885 1201 4938 illa
1238 4883 1522 4955 patienter
1550 4882 1782 4937 tolerari

196 4973 392 5038 possint,
421 4974 634 5030 addidit
663 4993 675 5031 :
711 4998 739 5026 ‹‹
776 4977 884 5033 Sed
915 4978 974 5032 in
1013 4977 1100 5031 his
1138 4976 1404 5033 omnibus
1443 4992 1783 5048 superamus

197 5073 388 5136 Propter
413 5085 572 5139 eum,
602 5071 694 5142 qui
740 5087 843 5126 nos
879 5069 1080 5126 dilexit
1115 5071 1299 5140 (lbid.,
1332 5073 1443 5139 37).
1477 5093 1504 5121 n
1550 5071 1698 5141 Ergo
1737 5071 1782 5125 si

239 5245 319 5304 (³1)
372 5248 530 5300 Rom.
588 5249 720 5301 edit.
771 5263 904 5302 cum
956 5251 1148 5315 paucis
1198 5263 1354 5312 mss,
1413 5251 1581 5301 Potest
1625 5251 1786 5301 etiam

195 5316 367 5376 Populi:
411 5320 758 5385 credentibus,
805 5322 1014 5386 populis
1065 5321 1256 5374 electis.
1304 5325 1434 5374 Ant.
1483 5335 1615 5373 cum
1661 5323 1786 5373 aliis

197 5394 341 5462 mss...
359 5392 547 5456 populi
577 5393 832 5444 credentis
860 5393 1046 5445 electis.
1081 5394 1246 5458 Quod
1290 5398 1475 5446 autem
1519 5397 1576 5445 in
1619 5408 1787 5445 cum.

197 5457 249 5535 iis
268 5459 384 5510 edit.
417 5466 686 5528 sequitur,
714 5467 884 5516 Potest
911 5472 958 5516 et
989 5457 1309 5518 surrectura:
1332 5467 1574 5518 Ecclesiae
1597 5480 1783 5517 conve-

199 5537 366 5651 ξξὲἒῖεν
416 5539 618 5598 aptari,
660 5538 1001 5589 desideratur
1052 5541 1107 5589 in
1161 5553 1290 5590 mss.
1342 5544 1398 5590 et
1443 5538 1784 5604 superﬂuum

319 5618 394 5651 nr.

199 5610 394 5653 ηαθιω.

246 5670 326 5731 (Β)
373 5677 449 5726 Ita
503 5682 607 5729 vet.
659 5681 809 5743 edit.;
867 5681 1024 5733 Rom.
1079 5695 1213 5732 vero
1264 5682 1548 5732 conversis
1603 5681 1787 5732 verbis

200 5745 557 5816 satiauerat
599 5752 661 5801 de
703 5765 793 5816 spe
835 5752 1259 5803 consolationem.
1303 5752 1431 5803 Mss.
1469 5756 1653 5803 autem
1707 5755 1787 5802 to-

203 5811 292 5860 tum
315 5813 457 5868 hunc
485 5817 665 5872 locum
690 5811 954 5874 exhibent
995 5824 1048 5873 in
1077 5823 1197 5873 haec
1240 5823 1447 5875 verba:
1485 5824 1618 5874 Dum
1661 5824 1785 5886 facit

1883 4605 2248 4676 usurpatione
2299 4604 2370 4659 de
2422 4604 2516 4658 illa
2569 4603 2815 4675 paradisi
2867 4602 3134 4658 felicitate
3190 4602 3510 4667 decideret,

1885 4699 2014 4766 nisi,
2043 4699 2296 4770 inquam,
2327 4698 2520 4766 homo,
2551 4697 2665 4751 suis
2689 4713 2804 4751 non
2838 4701 3139 4752 contentus
3168 4696 3395 4763 ﬁnibus,
3423 4695 3509 4747 in-

1882 4792 2121 4848 terdicta
2152 4796 2505 4857 temerasset,
2537 4806 2835 4862 nunquam
2873 4791 3061 4847 feralis
3100 4792 3278 4862 culpa:
3309 4789 3376 4843 ad
3413 4803 3514 4842 nos

1885 4885 2181 4940 transisset
2219 4885 2545 4940 hmreditas.
2591 4886 2660 4940 Et
2703 4884 2842 4957 quid
2885 4885 2954 4940 de
2999 4886 3234 4940 homine
3280 4881 3513 4937 dicam?

1885 4981 2012 5050 Ipse
2060 4978 2318 5034 diabolus
2367 4995 2470 5050 per
2513 4979 2843 5050 superbiam
2898 4982 3116 5034 naturae
3164 4993 3278 5031 suae
3324 4975 3514 5030 amisit

1887 5074 2150 5146 gratiam.
2198 5074 2451 5144 Denique
2499 5072 2636 5128 dum
2682 5072 2818 5128 dicit
2858 5089 2871 5127 :
2918 5094 2944 5121 ‹‹
2989 5073 3198 5126 Ponam
3238 5071 3512 5126 thronum

1886 5261 1932 5305 et
1958 5251 2132 5318 ﬁdeles
2164 5251 2374 5315 futuros
2413 5252 2688 5314 (nonnulli
2721 5249 2944 5313 futuris,
2969 5253 3065 5298 aut
3102 5249 3267 5299 etiam
3307 5249 3517 5312 futuri),

1885 5325 2147 5390 quomodo
2191 5338 2290 5375 nos
2331 5324 2645 5382 consoletur,
2688 5322 2880 5384 accipe.
2933 5320 3052 5370 Non
3096 5321 3324 5370 omnino
3368 5333 3517 5384 sper—

1885 5396 2067 5447 nenda
2104 5396 2292 5456 lectio,
2335 5397 2381 5446 si
2420 5396 2570 5460 legas
2609 5394 2836 5457 futuros,
2881 5395 2937 5441 et
2981 5390 3210 5441 verbum
3256 5391 3406 5453 facit,
3449 5391 3518 5440 ad

1886 5481 2042 5532 spem
2099 5467 2319 5517 referas.
2375 5467 2482 5517 Hic
2540 5471 2720 5515 tamen
2773 5467 3033 5528 praestare
3085 5462 3344 5513 videntur
3399 5462 3510 5512 edi-

1886 5541 2088 5591 tiones.

1951 5611 2047 5673 (36)
2078 5609 2137 5658 Id
2168 5611 2270 5669 est,
2292 5609 2532 5657 animam
2564 5610 2889 5670 partemque
2913 5609 3158 5658 nostram
3195 5605 3516 5668 spiritalem,

1886 5682 1956 5732 de
1997 5695 2107 5746 qua
2144 5679 2391 5744 proxime
2435 5682 2566 5729 ante
2613 5677 2846 5740 dixerat,
2889 5683 2942 5731 et
2989 5693 3055 5730 eo
3096 5675 3266 5729 verbo
3317 5675 3520 5738 saepius

1886 5754 2061 5804 utitur
2086 5755 2312 5802 sanctus
2342 5750 2540 5814 praesul
2571 5750 2764 5802 eodem
2791 5762 2975 5801 sensu.
