4082 6186
452 260 579 313 1351

1922 256 1977 311 S.
2019 252 2332 313 AMBROSII

3671 261 3804 316 1352

446 395 637 435 meum
676 394 847 451 super
884 379 1128 436 nubes...
1157 385 1212 435 et
1241 395 1341 434 ero
1373 379 1570 435 similis
1599 379 1890 434 Altissimo
1924 381 2071 446 (Isa.,
2097 395 2154 465 Α
2177 378 2283 433 hoc
2331 378 2554 448 saeculo,
2598 378 2696 434 sed
2749 379 2806 432 in
2861 379 3072 447 futuro,
3119 378 3421 450 repositam
3481 384 3804 440 nostrorum

443 490 555 540 xw,
593 477 678 544 13,
725 476 832 544 14),
867 495 894 522 η
935 473 1231 528 consortiis
1269 473 1476 528 excidit
1505 473 1871 544 angelorum;
1915 474 2074 544 cujus

443 566 699 622 criminis
739 567 914 639 digna
958 567 1226 622 mercede
1269 567 1601 634 damnatus,
1640 567 1931 622 hominem
1967 567 2073 620 sibi

444 660 780 732 participem
841 661 1152 731 requisivit,
1210 661 1268 713 in
1325 676 1498 731 quem
1549 661 1901 716 consortium
1955 675 2072 714 sua:

445 754 868 809 transfunderet
897 753 1146 808 offensae.

517 896 567 946 9.
604 892 754 957 Quid
797 892 971 962 igitur
1010 892 1118 947 hoc
1157 894 1386 963 peccato
1425 895 1612 962 potest
1648 908 1766 948 esse
1799 891 2071 962 deterius,

442 987 594 1057 quod
627 1002 660 1040 a
693 986 785 1040 Dei
819 985 985 1056 coepit
1003 985 1260 1055 injuria?
1291 984 1535 1056 Ideoque
1568 986 1859 1056 Scriptura
1890 985 2028 1040 dicit
2056 1002 2069 1040 :

448 1102 476 1129 ‹‹
511 1079 784 1134 Dominus
827 1077 1086 1150 superbis
1119 1078 1329 1134 resistit
1371 1082 1572 1148 (Ρτουυ
1607 1095 1685 1147 ιιι,
1716 1080 1828 1147 34).
1861 1099 1888 1128 ››
1927 1080 2070 1134 Tan-

444 1189 620 1244 quam
648 1190 763 1228 ει]εὲ
785 1173 1146 1228 contumeliae
1176 1173 1556 1244 propulsator,
1580 1172 1756 1227 veluti
1780 1171 2073 1243 quoddam

443 1266 687 1337 suscepit
744 1267 1012 1322 adversus
1067 1266 1393 1338 superbiam
1453 1266 1695 1337 speciale
1753 1269 2071 1335 certamen,

444 1365 713 1431 tanquam
755 1360 904 1414 dicat
933 1379 944 1414 :
978 1361 1130 1415 Meus
1170 1359 1275 1414 iste
1319 1359 1673 1415 adversarius
1704 1363 1806 1427 est,
1834 1359 1932 1432 qui
1980 1375 2073 1414 me

443 1453 684 1522 lacessit,
716 1453 857 1508 mihi
877 1453 1118 1508 debetur
1143 1454 1248 1507 ista
1278 1453 1622 1524 congressio.
1648 1453 1807 1508 Unde
1835 1458 1894 1508 et
1921 1454 2071 1525 Apo-

385 1608 394 1618 ,τ
442 1547 616 1601 stolus
659 1547 987 1618 multiplicis
1016 1547 1198 1619 culpae
1242 1536 1546 1602 materiam
1585 1563 1705 1602 esse
1746 1547 2074 1618 superbiam

441 1640 765 1708 declaravit,
795 1639 989 1695 dicens
1027 1641 1099 1694 de
1133 1640 1400 1697 hzeretico
1437 1657 1451 1694 :
1500 1661 1527 1690 ι(
1563 1639 1705 1704 Quia
1740 1641 1792 1696 ei
1825 1657 1951 1712 quae
1984 1656 2073 1696 se-

441 1733 692 1788 cundum
723 1733 1000 1805 pietatem
1027 1736 1131 1801 est,
1155 1734 1429 1789 doctrinae
1455 1750 1572 1788 non
1603 1733 1948 1805 acquiescit;
1980 1750 2070 1789 su-
2095 1760 2151 1833 B
2176 1733 2296 1789 "T"
2336 1733 2473 1792 ”“.“
2503 1733 2724 1791 ’“’Τ’⁰“”
2743 1733 2760 1758 ⁷
2791 1733 3025 1743 "mm"
3073 1733 3238 1744 “““““

442 1826 627 1851 ___L,,
660 1826 797 1851 _,,_:,
828 1827 1007 1851 μεη-
1041 1829 1148 1851 mm
1204 1827 1300 1851 ﬂ,
1335 1827 1708 1851 ,‘_____‘___
1740 1827 1879 1851 ,γε-η
1917 1844 2037 1851 -Μῆ
2175 1796 2294 1851 p10,
2328 1779 2399 1835 ab
2431 1783 2541 1834 isto
2570 1781 2850 1836 Insolente
2879 1781 3242 1836 conculcatur

2281 1821 2294 1847 ,
2328 1821 2398 1835 ib“
2431 1821 2541 1834 ..νυν
2570 1821 2850 1836 ιμυνινμυν
2879 1821 3261 1851 νυμνιιιωιιιι,

442 1826 631 1898 perbit
660 1826 800 1881 nihil
826 1827 1010 1882 sciens
1039 1829 1173 1895 (37),
1203 1827 1305 1881 sed
1334 1827 1710 1899 languescens
1736 1827 1886 1882 circa
1913 1844 2068 1898 quae-

443 1921 651 1976 stiones
700 1923 758 1975 et
799 1937 1023 1992 pugnas
1069 1920 1397 1988 verborum,
1442 1937 1506 1975 ex
1556 1921 1762 1991 quibus
1813 1921 2075 1975 oriuntur

442 2013 696 2081 invidiae,
725 2014 1138 2082 contentiones,
1162 2013 1483 2084 sacrilegia,
1507 2012 1858 2085 suspiciones
1885 2014 2070 2080 malae,

443 2107 897 2162 conﬂictationes
926 2108 1228 2162 hominum
1271 2111 1466 2162 mente
1504 2112 1926 2177 corruptorum,
1957 2112 2012 2162 et
2039 2123 2073 2162 a

443 2202 678 2257 veritate
725 2201 1065 2269 alienorum,
1109 2201 1564 2257 existimantium
1619 2207 1900 2272 quaestum
1951 2216 2072 2256 esse

445 2295 716 2365 pietatem
762 2296 803 2359 ll
851 2297 1008 2357 Tim,
1058 2311 1134 2362 γι,
1180 2299 1233 2365 3,
1281 2296 1357 2362 4).
1403 2317 1430 2346 ››
1479 2295 1834 2360 Quantorum
1882 2295 2071 2366 itaque

440 2388 719 2458 expressit
744 2404 971 2442 causam
1000 2404 1118 2443 esse
1148 2388 1486 2444 delictorum
1517 2388 1842 2460 superbiam
1863 2389 1890 2443 ?
1913 2388 2072 2444 Unde

447 2481 615 2536 David
661 2482 1062 2536 commendare
1104 2482 1294 2536 volens
1329 2482 1690 2537 devotionem
1727 2497 1891 2536 suam
1917 2481 2073 2536 nulla

443 2575 822 2645 superborum
850 2574 1142 2645 iniquitate
1168 2576 1523 2642 attentatam,
1551 2575 1630 2629 ait
1660 2592 1672 2629 :
1709 2575 1938 2645 Superbi
1959 2578 2069 2629 ini-

440 2684 542 2738 que
581 2671 820 2738 ugebant
866 2671 1042 2723 nimis.
1079 2669 1201 2723 Non
1247 2668 1435 2723 solum
1479 2669 1845 2739 iniquitatem
1891 2685 2066 2740 agen-

441 2763 606 2832 tium,
642 2763 740 2817 sed
771 2763 946 2817 etiam
990 2763 1226 2816 nimiam
1253 2762 1619 2833 iniquitatem
1646 2763 1859 2833 pariter
1886 2762 2066 2817 decla-

441 2856 602 2940 ravit,
633 2873 762 2927 quae
804 2857 1139 2911 conveniret
1167 2856 1429 2927 superbis
1461 2878 1472 2909 :
1505 2872 1750 2927 quorum
1781 2873 1851 2909 ne
1882 2856 2070 2927 aliquo

441 2953 760 3004 tentaretur
779 2949 1062 3019 contagio,
1084 2948 1217 3002 audi
1244 2948 1378 3003 alibi
1402 2949 1724 3004 dicentem:
1755 2972 1780 2996 ‹‹
1812 2949 2069 3020 Superbo

439 3046 626 3113 oculo,
659 3048 717 3096 et
765 3041 1070 3096 insatiabili
1116 3041 1308 3109 corde,
1337 3058 1466 3096 cum
1510 3042 1617 3096 hoc
1669 3058 1785 3096 non
1830 3041 2066 3098 edebam

441 3137 612 3200 (Psal.
644 3152 695 3201 α,
733 3137 806 3206 5).
841 3157 866 3184 ››

513 3283 596 3334 10.
631 3281 823 3350 Itaque
869 3280 1137 3349 quoniam
1184 3281 1397 3350 quanta
1424 3278 1504 3333 vis
1536 3277 1674 3333 mali
1704 3279 1762 3333 in
1805 3279 2067 3350 superbia

437 3378 606 3443 esset,
650 3379 1018 3444 expresserat,
1065 3372 1557 3443 quemadmodum
1598 3372 1923 3427 vinceretur
1964 3373 2065 3427 de-

438 3469 561 3523 buit
589 3484 691 3522 nos
719 3466 921 3522 docere
943 3485 960 3536 ;
996 3468 1319 3536 meritoque
1349 3466 1512 3538 quasi
1538 3465 1722 3521 bonus
1751 3467 1945 3520 doctor
1977 3467 2068 3520 de-

438 3564 717 3616 monstrat
740 3560 1081 3627 remedium,
1103 3561 1200 3631 qui
1217 3560 1580 3632 exaggeravit
1595 3576 1898 3614 venenum.
1923 3561 2067 3616 Audi

438 3673 576 3726 ergo
628 3655 916 3726 quomodo
981 3654 1244 3709 excludas
1303 3654 1453 3709 virus
1505 3654 1801 3724 superbiae.
1851 3656 1900 3708 A
1959 3655 2070 3723 lege

437 3755 556 3813 tua,
593 3750 798 3820 inquit,
832 3764 941 3803 non
961 3749 1252 3803 declinavi.
1277 3748 1390 3802 Lex
1415 3747 1590 3818 igitur
1617 3748 1715 3802 Dei
1745 3748 1866 3802 sola
1887 3751 2070 3819 potest

437 3843 724 3914 superbiae
751 3842 904 3897 virus
934 3841 1225 3908 hebetare,
1247 3858 1375 3913 quas
1403 3841 1732 3896 informavit
1759 3841 1946 3895 virum
1975 3841 2071 3894 de-

437 3937 653 3992 votioni
697 3937 974 4004 deditum,
1008 3935 1159 4006 quali
1201 3951 1259 3990 se
1302 3952 1505 4006 regere
1549 3934 1751 3990 debeat
1781 3935 2063 3989 cautione.

433 4029 589 4085 Multi
639 4029 793 4084 enim
835 4046 951 4084 non
999 4029 1184 4084 solum
1232 4026 1485 4100 1047
1531 4027 1702 4083 alieni
1731 4044 1765 4082 a
1809 4027 1938 4095 ﬁde,
1969 4028 2067 4083 sed

435 4124 609 4178 etiam
665 4123 765 4194 qui
807 4123 1073 4178 videntur
1119 4139 1234 4176 non
1284 4121 1592 4176 mediocria
1646 4121 2068 4194 Scripturarum

434 4219 721 4289 praecepta
761 4218 1037 4286 gustasse,
1072 4215 1282 4271 tentari
1320 4215 1501 4270 solent
1537 4214 1828 4287 prosperis
1869 4231 2063 4286 super-

434 4311 640 4366 borum
665 4309 1041 4381 processibus,
1072 4308 1329 4364 videntes
1368 4325 1463 4364 eos
1491 4308 1588 4379 qui
1621 4309 2068 4379 praevaricantur

432 4404 646 4476 legem,
689 4403 1000 4475 impietatis
1052 4402 1324 4472 arbitros,
1364 4405 1728 4473 arrogantes,
1768 4406 2062 4474 contemp-

2175 475 2695 527 remunerationem
2726 487 2843 528 esse
2873 473 3232 528 meritorum.

2250 570 2334 621 11.
2363 565 2474 620 Sed
2501 582 2808 636 paucorum
2837 571 2920 621 est
2939 567 3087 621 istud
3113 567 3433 623 advertere.
3463 569 3719 641 Denique
3747 571 3803 625 in

2175 659 2467 730 principiis
2496 659 2666 714 etiam
2707 660 2879 715 David
2906 661 3027 731 ipse
3051 664 3300 717 tentatus
3326 667 3427 731 est,
3455 662 3598 717 sicut
3637 664 3806 719 habes

2175 754 2446 824 scriptum
2489 769 2500 808 :
2537 755 2730 810 «Ecce
2771 754 2874 826 ipsi
2915 759 3241 825 peccatores
3281 761 3338 810 et
3369 756 3720 812 abundantes
3747 758 3805 812 in

2175 846 2378 901 saeculo
2407 847 2782 901 obtinuerunt
2814 847 3051 916 divitias,
3081 854 3138 903 et
3162 848 3276 903 dixi
3311 866 3324 902 :
3359 849 3649 920 Numquid
3683 851 3805 906 sine

2173 957 2344 995 causa
2371 939 2672 1011 justiﬁcavi
2702 944 2799 995 cor
2824 957 3036 1008 meum,
3065 948 3120 996 et
3147 942 3257 997 lavi
3293 942 3441 996 inter
3479 943 3808 999 innocentes

2172 1050 2379 1092 manus
2409 1050 2592 1104 meas,
2625 1039 2681 1089 et
2706 1034 2789 1089 fui
2818 1033 3139 1105 ﬂagellatus
3168 1040 3289 1090 tota
3316 1035 3410 1090 die
3441 1035 3606 1105 (Psal.
3637 1053 3801 1104 LXXII,

2177 1128 2414 1196 1244)?
2449 1149 2476 1176 ››
2527 1129 2609 1182 lta
2649 1128 2827 1198 igitur
2869 1134 2926 1183 et
2973 1133 3228 1183 nostrum
3265 1130 3677 1200 unusquisque,
3707 1132 3807 1202 qui

2174 1221 2409 1291 perfecti
2442 1237 2557 1275 non
2589 1237 2806 1290 sumus,
2835 1221 2958 1276 haec
2981 1221 3180 1277 videns
3210 1221 3349 1277 dicit
3378 1239 3391 1276 :
3423 1223 3528 1277 Ubi
3561 1227 3648 1278 est
3670 1240 3801 1294 pro-

2175 1313 2421 1369 videntia
2465 1314 2584 1382 Dei,
2625 1313 2722 1368 ubi
2757 1314 3026 1386 justitia?
3070 1315 3354 1386 Superbus
3395 1315 3498 1371 iste
3535 1316 3804 1384 abundat,

2177 1423 2456 1478 arrogans
2514 1408 2618 1462 iste
2668 1408 3069 1480 locupletatur,
3111 1408 3321 1480 impius
3369 1409 3471 1464 iste
3515 1409 3712 1465 beatus
3749 1414 3806 1464 et

2174 1507 2375 1571 potens
2403 1505 2488 1555 est
2513 1519 2527 1569 ;
2549 1501 2736 1573 justus
2765 1505 2955 1557 autem
2985 1501 3101 1569 ille,
3127 1502 3280 1557 vides
3315 1503 3805 1574 quemadmodum

2169 1593 2325 1664 jacet
2366 1593 2617 1665 dejectus
2655 1597 2824 1666 atque
2854 1594 3106 1650 defectus
3145 1595 3233 1668 (38
3263 1637 3278 1663 ,
3314 1597 3803 1668 quemadmodum

2175 1686 2298 1757 ipso
2326 1687 2473 1742 victu
2503 1687 2760 1759 indiget;
2791 1688 3035 1743 afﬁcitur
3071 1689 3431 1744 contumeliis
3459 1690 3528 1744 ab
3557 1691 3665 1745 isto
3694 1691 3804 1745 im-

3291 1782 3605 1838 excluditur
3623 1784 3650 1838 ?
3683 1785 3803 1838 Non

2175 1873 2478 1928 mediocris
2520 1874 2715 1946 utique
2753 1874 2863 1929 ista
2906 1875 3148 1930 tentatio
3187 1879 3290 1943 est,
3324 1875 3430 1930 nisi
3461 1875 3534 1930 ad
3572 1894 3641 1930 ea
3677 1893 3804 1948 quas

2175 1973 2306 2022 sunt
2362 1972 2601 2022 ventura
2659 1968 3000 2040 prospicias,
3055 1969 3161 2023 nisi
3227 1970 3529 2041 praeceptis
3583 1971 3805 2041 plenius

2175 2060 2500 2115 coelestibus
2527 2061 2842 2117 instruaris.

2250 2157 2333 2208 l2.
2364 2154 2617 2226 Denique
2646 2161 2703 2210 et
2731 2155 2902 2210 David
2925 2155 3163 2226 putabat
3190 2171 3247 2211 se
3281 2159 3413 2211 ante
3441 2157 3564 2212 haec
3589 2172 3800 2227 cogno-

2174 2263 2361 2314 scere,
2416 2249 2513 2302 sed
2571 2249 2890 2314 nesciebat,
2952 2254 3008 2304 et
3059 2249 3188 2304 ideo
3251 2249 3449 2304 anxius
3507 2250 3804 2305 ﬂuctuanti

2174 2340 2367 2396 animo
2407 2341 2724 2397 laborabat.
2770 2343 2928 2398 Unde
2963 2342 3042 2397 ait
3082 2359 3096 2397 :
3143 2364 3171 2390 «
3215 2344 3281 2396 Et
3321 2343 3674 2398 aestimabam
3715 2360 3804 2398 me

2173 2435 2348 2504 scire;
2399 2435 2507 2489 hoc
2546 2434 2704 2489 labor
2741 2439 2825 2490 est
2861 2438 2994 2491 ante
3042 2452 3155 2503 me,
3195 2436 3374 2491 donec
3412 2436 3702 2508 ingrediar
3746 2439 3803 2490 in

2173 2528 2559 2582 sanctuarium
2589 2527 2685 2582 Dei
2718 2533 2775 2583 et
2807 2528 3125 2600 intelligam
3164 2529 3222 2584 in
3261 2529 3579 2584 novissimis
3617 2531 3802 2598 (1bid.,

2174 2624 2259 2689 16,
2292 2622 2394 2691 17).
2426 2643 2454 2671 ››
2482 2622 2544 2675 In
2573 2621 2776 2692 quibus
2818 2638 2920 2693 per
2954 2622 3011 2676 id
3049 2623 3204 2693 quod
3242 2639 3301 2676 se
3338 2623 3664 2677 extulerunt
3706 2641 3801 2677 su-

2171 2714 2356 2784 perbi,
2400 2715 2540 2769 vidit
2575 2713 2905 2786 prophetico
2949 2716 3151 2787 spiritu
3195 2716 3533 2786 dejectiores
3573 2716 3712 2784 fore,
3748 2721 3804 2771 et

2170 2806 2287 2861 ait:
2322 2829 2348 2858 «
2392 2807 2687 2872 Quomodo
2722 2808 2854 2863 facti
2888 2815 3022 2864 sunt
3057 2808 3113 2863 in
3154 2810 3580 2878 desolationem,
3617 2810 3801 2864 subito

2173 2901 2523 2971 defecerunt,
2558 2905 2613 2956 et
2639 2903 2999 2958 exterminati
3019 2909 3148 2958 sunt
3174 2906 3407 2974 propter
3435 2904 3799 2974 iniquitatem

2173 3011 2355 3062 suam,
2391 2996 2536 3049 sicut
2570 2996 2854 3050 somnium
2898 2997 3249 3069 exsurgentis
3271 2996 3455 3067 (lbid.,
3489 2999 3573 3064 19,
3614 2998 3739 3067 20)?
3773 3016 3800 3048 »

2092 3127 2146 3200 Ο
2173 3087 2448 3158 Cognovit
2481 3089 2657 3161 igitur
2691 3089 2998 3160 impiorum
3023 3105 3312 3146 successus
3343 3091 3400 3144 in
3445 3091 3554 3145 hoc
3593 3092 3800 3146 saeculo

2173 3181 2378 3235 somnii
2413 3196 2532 3236 esse
2569 3182 2800 3253 similes,
2829 3199 2948 3238 non
2997 3182 3270 3250 veritatis,
3300 3200 3544 3254 quorum
3581 3185 3798 3240 emolu-

2171 3278 2363 3331 menta
2377 3275 2576 3330 tandiu
2589 3276 2853 3331 videntur
2867 3293 3008 3345 esse,
3031 3277 3167 3331 dum
3188 3277 3495 3333 dormiunt.
3514 3277 3620 3332 Ubi
3642 3277 3802 3333 edor-

2168 3369 2397 3424 mierint
2426 3369 2713 3424 somnium
2743 3386 2911 3425 suum
2941 3371 3045 3440 (39)
3074 3371 3170 3442 qui
3199 3371 3539 3427 videbantur
3562 3370 3666 3426 sibi
3697 3388 3799 3442 po-

2170 3465 2306 3530 tare,
2328 3463 2447 3533 jam
2494 3462 2728 3534 sitiunt;
2775 3465 2874 3535 qui
2913 3463 3308 3536 epulabantur,
3348 3464 3629 3534 esuriant,
3659 3465 3800 3519 nihil

2170 3556 2410 3610 solidum
2441 3573 2510 3611 ex
2533 3556 2639 3610 isto
2669 3556 2893 3612 somnio
2923 3558 3350 3630 perfectumque
3382 3541 3713 3614 referentes.
3737 3557 3803 3612 Et

2168 3649 2312 3704 bene
2330 3649 2619 3704 somnium
2643 3650 2934 3706 dormiunt
2955 3652 3254 3706 saeculares
3274 3651 3400 3722 viri,
3421 3651 3540 3723 qui,
3559 3651 3690 3706 licet
3705 3667 3802 3706 saa-

2169 3743 2295 3797 culo
2319 3743 2573 3814 vigilent,
2598 3745 2713 3799 Deo
2737 3744 3056 3813 dormiunt,
3079 3745 3148 3800 de
3170 3744 3377 3816 quibus
3405 3746 3553 3800 bene
3579 3750 3804 3799 sanctus

2167 3837 2290 3903 Job,
2326 3837 2422 3908 qui
2469 3853 2672 3892 eorum
2701 3841 2832 3893 ante
2882 3837 3236 3892 afﬂuentiam
3288 3839 3620 3906 mirabatur,
3669 3838 3749 3892 ait
3789 3857 3800 3891 ε

2171 3951 2198 3977 ‹‹
2240 3930 2382 3994 Quia
2411 3930 2555 3984 sicut
2581 3931 2757 4002 paleae.
2777 3931 3068 4002 jactantur
3091 3948 3124 3986 a
3148 3935 3336 4000 vento,
3360 3936 3418 3986 et
3444 3932 3588 3986 sicut
3618 3931 3802 4002 pulvis

2169 4023 2394 4079 turbine
2427 4025 2834 4096 dissipantur...
2875 4025 3198 4080 moriuntur
3220 4027 3411 4081 autem
3439 4042 3568 4080 cum
3601 4026 3804 4080 amari-

2168 4116 2364 4195 tudine
2383 4117 2594 4173 animae
2614 4135 2749 4187 suae,
2772 4118 2916 4173 nihil
2934 4118 3370 4186 manducantes,
3392 4118 3649 4190 nihilque
3668 4118 3801 4174 boni

2167 4210 2438 4266 habentes
2478 4211 2610 4282 (Job,
2646 4227 2754 4284 xxx,
2805 4214 2890 4281 l8,
2923 4213 3030 4283 25).
3076 4234 3103 4262 »
3133 4213 3324 4268 Justus
3361 4215 3550 4268 autem
3585 4212 3802 4267 habens

2166 4303 2332 4359 bona:
2367 4303 2636 4359 ﬁduciam
2674 4304 3054 4373 conscientias,
3084 4305 3144 4359 in
3184 4305 3298 4360 suis
3341 4305 3525 4378 magis
3565 4305 3801 4360 novissi-

2168 4397 2275 4452 mis
2310 4397 2648 4469 gratulatur,
2679 4404 2734 4454 et
2769 4415 2828 4452 se
2873 4398 2998 4454 vitae
3037 4399 3207 4471 hujus
3246 4399 3400 4455 exitu
3435 4416 3468 4453 a
3511 4398 3801 4454 laboribus

433 4503 587 4552 tores
604 4496 882 4566 ﬁdelium,
906 4497 1237 4552 extollentes
1263 4512 1322 4550 se
1350 4496 1619 4552 adversus
1646 4513 1740 4551 eos
1765 4496 1862 4568 qui
1885 4496 2068 4552 humi-
2086 4498 2146 4572 D
2168 4491 2435 4562 intelligit
2463 4490 2713 4561 liberari,
2739 4491 3182 4564 mercedemque
3214 4492 3350 4547 boni
3377 4492 3565 4564 operis
3601 4495 3659 4546 et
3681 4493 3797 4547 fac-

433 4591 576 4646 liant
605 4607 703 4646 cor
731 4607 897 4646 suum
935 4590 1247 4646 secundum
1279 4589 1544 4646 timorem
1572 4590 1670 4646 Dei
1700 4595 1756 4645 et
1784 4593 2066 4662 praecepta

432 4685 700 4753 coelestia,
722 4684 1014 4740 abundare
1041 4685 1102 4740 in
1123 4685 1232 4739 hoc
1260 4685 1463 4739 saeculo
1494 4683 1723 4754 divitiis,
1755 4683 2066 4755 praeconio,

435 4777 768 4846 honoribus,
787 4777 1160 4850 potestatibus
1178 4795 1194 4848 ;
1216 4778 1410 4850 eisque
1429 4793 1541 4849 quo
1557 4777 1815 4849 graviora
1835 4777 2070 4832 commi-

435 4870 633 4941 serint,
653 4888 720 4926 eo
739 4870 1127 4926 afﬂuentiores
1143 4887 1431 4926 successus
1447 4871 1875 4926 commodorum
1897 4887 2068 4927 saecu-

434 4966 640 5022 larium
682 4965 993 5021 secundare
1015 4983 1032 5034 ;
1070 4967 1264 5020 contra
1304 4967 1498 5020 autem
1535 4964 1718 5036 justos
1754 4963 1903 5020 viros
1943 4963 2064 5035 ple-

435 5075 676 5132 rumque
701 5059 961 5114 laborare
990 5059 1208 5130 inopia,
1242 5057 1640 5114 amissionibus
1664 5058 1931 5126 filiorum,
1963 5063 2068 5114 ste-

435 5151 740 5208 rilitatibus
769 5153 1085 5224 conjugum
1111 5169 1124 5220 ;
1151 5168 1264 5224 quo
1302 5152 1582 5224 exagitati
1620 5155 1792 5224 atque
1834 5150 2064 5220 turbati,

433 5261 663 5301 sensum
712 5247 918 5302 mentis
982 5246 1276 5314 inclinent,
1324 5252 1384 5301 ut
1443 5250 1648 5318 putent
1693 5246 1793 5301 Dei
1836 5246 1895 5300 in
1957 5245 2066 5300 hoc

434 5339 865 5411 quodammodo
897 5357 1087 5396 errare
1117 5339 1425 5411 judicium,
1463 5355 1577 5394 non
1604 5342 1866 5394 tenentes
1898 5344 2068 5410 caput

433 5432 708 5502 veritatis,
739 5449 852 5506 quo
884 5433 1300 5491 evidentissima
1331 5431 1835 5504 comprehenditur
1862 5448 1978 5487 non
2007 5431 2066 5487 in

496 5609 591 5673 (37)
624 5609 744 5660 Vet.
785 5610 916 5662 edit.
961 5624 1028 5664 ac
1069 5624 1199 5662 mss.
1245 5623 1416 5676 prope
1458 5610 1528 5661 ad
1576 5622 1772 5673 unum,
1815 5609 2068 5661 doctrina:

431 5683 684 5748 superbit,
712 5683 848 5734 nihil
873 5685 1055 5736 sciens.

493 5756 591 5817 (38)
622 5756 832 5807 Omnes
856 5755 1009 5818 edit.,
1034 5756 1267 5820 dejectus
1294 5761 1456 5822 atque
1485 5755 1771 5820 despectus.

494 5827 594 5892 (39)
634 5828 843 5878 Omnes
893 5826 1046 5888 edit.,
1086 5839 1326 5876 somnum
1360 5842 1532 5886 suum,
1568 5830 1622 5877 et
1663 5828 1744 5878 sic
1778 5826 2061 5890 deinceps.

2169 4591 2356 4642 torum
2383 4585 2623 4658 requirit
2647 4584 2840 4641 dicens
2864 4603 2877 4640 :
2907 4607 2935 4636 ‹‹
2963 4586 3230 4658 Deposita
3258 4592 3341 4640 est
3371 4585 3511 4641 mihi
3540 4585 3588 4657 1
3605 4581 3798 4658 048

2169 4696 2376 4736 corona
2401 4679 2657 4751 justitiae,
2688 4695 2859 4752 quam
2894 4679 3095 4736 reddet
3122 4679 3266 4734 mihi
3302 4678 3577 4735 Dominus
3606 4679 3666 4733 in
3703 4679 3800 4734 illa

2169 4775 2261 4830 die
2292 4775 2480 4846 justus
2503 4773 2702 4844 judex,
2731 4789 2846 4829 non
2875 4773 3060 4828 solum
3086 4777 3278 4828 autem
3317 4773 3481 4843 mihi,
3512 4772 3608 4828 sed
3634 4779 3690 4826 et
3728 4772 3798 4826 iis

2169 4869 2265 4940 qui
2296 4868 2542 4940 diligunt
2571 4867 2875 4922 adventum
2910 4867 3033 4939 ejus
3063 4868 3126 4936 (ll
3159 4869 3319 4930 Tim.,
3349 4883 3424 4937 ιν,
3457 4869 3531 4932 8).
3561 4887 3589 4916 ››

2242 4965 2326 5018 13.
2359 4963 2466 5019 Sed
2512 4963 2615 5017 hoc
2659 4961 2752 5016 ille
2796 4961 2892 5029 ait,
2922 4961 3019 5033 qui
3061 4963 3286 5033 poterat
3327 4959 3514 5016 dicere
3548 4977 3562 5014 :
3591 4959 3640 5015 Α
3688 4959 3798 5027 lege

2168 5063 2348 5112 autem
2382 5063 2477 5112 tua
2520 5071 2628 5112 non
2673 5055 2979 5125 declinavi;
3008 5055 3067 5108 in
3114 5071 3226 5126 quo
3268 5071 3384 5109 non
3429 5055 3615 5110 solum
3657 5053 3796 5109 boni

2167 5148 2356 5222 Operis
2382 5150 2567 5204 elucet
2597 5149 2796 5220 gratia,
2825 5149 2920 5204 sed
2951 5148 3125 5204 etiam
3163 5148 3382 5202 intimae
3414 5147 3631 5220 puritas
3661 5163 3791 5202 con-

2169 5243 2437 5299 scientiaa.
2475 5243 2591 5298 Lex
2625 5242 2781 5298 enim
2824 5259 2941 5298 non
2979 5242 3166 5298 solum
3211 5241 3419 5314 agendi
3457 5257 3662 5296 munus
3703 5241 3794 5296 in-

2165 5338 2428 5408 format;
2483 5351 2682 5393 verum
2740 5336 2913 5391 etiam
2973 5340 3207 5392 secretae
3259 5334 3533 5390 emundat
3587 5334 3797 5390 mentis

2165 5431 2451 5488 affectum.
2470 5432 2592 5487 Non
2626 5431 2780 5487 enim
2807 5430 2989 5487 solum
3015 5429 3074 5485 in
3101 5429 3390 5502 operibus,
3413 5428 3509 5486 sed
3535 5429 3707 5484 etiam
3737 5429 3795 5483 in

2165 5607 2236 5659 Et
2265 5607 2413 5659 favet
2441 5606 2669 5673 quidem
2699 5608 2744 5659 is
2783 5606 2853 5658 ad
2891 5619 3060 5672 quem
3102 5605 3341 5669 allusum
3383 5603 3618 5666 videtur,
3653 5603 3794 5668 psal.

2165 5691 2347 5742 Lxxv,
2374 5679 2684 5730 versiculus
2711 5680 2760 5742 6,
2791 5677 3017 5728 ὕπνωσαν
3044 5679 3203 5727 ὕπνων
3230 5677 3404 5727 αὐτῶν.
3445 5676 3573 5727 Mss.
3607 5679 3794 5726 tamen

2166 5764 2334 5816 prepe
2359 5750 2428 5802 ad
2455 5764 2631 5801 unum
2660 5753 2988 5814 repugnant,
3019 5762 3258 5814 quorum
3281 5747 3431 5799 haud
3457 5745 3627 5798 dubie
3663 5758 3795 5797 sen-

2166 5838 2261 5875 sus
2286 5828 2370 5876 est
2396 5824 2503 5875 hoc
2528 5824 2670 5886 loco,
2697 5822 3040 5875 concinnior.
