4082 6186
252 289 262 337 1
273 283 346 337 353

1305 275 1654 330 EXPOSITIO
1694 275 1760 331 IN
1803 275 2119 330 PSALMUM
2157 276 2380 331 CXVIII.

3379 283 3514 337 1351

242 408 337 479 ipsis
359 403 559 460 occultis
588 401 892 458 secundum
930 402 1121 472 legem
1159 402 1402 458 Domino
1436 403 1773 471 militamus;
1804 403 2136 486 Atudinem
2175 402 2359 473 regali
2409 403 2626 457 honore
2668 401 2932 470 donatus,
2971 397 3284 461 senioribus
3318 408 3511 465 fratri-

241 501 333 573 quia
351 499 424 554 lex
451 497 576 552 dicit
601 515 613 551 :
644 517 670 545 ι(
699 497 819 550 Non
858 495 955 549 fiat
988 495 1226 550 verbum
1253 496 1530 568 injustitia
1567 497 1784 552 occulta

241 594 315 656 (£0)
349 592 396 646 in
429 589 586 645 corde
628 593 722 644 tuo
764 590 963 659 (Deut,
991 605 1078 656 xv,
1112 591 1206 658 9);
1256 610 1286 639 »
1337 593 1399 643 ut
1440 606 1556 644 non
1598 590 1782 644 solum

237 684 337 738 nihil
391 698 544 754 opere
608 681 879 753 factisque
944 681 1270 753 delinquas,
1321 698 1452 738 cum
1511 683 1784 754 superbos

235 777 386 831 videris
424 775 670 847 gloriari,
708 791 812 830 nec
855 791 1114 831 sermone
1165 775 1411 845 labaris;
1457 776 1553 831 sed
1611 793 1683 832 ne
1724 778 1783 832 in

234 871 355 926 corde
375 869 584 941 quidem
612 867 832 939 intimo,
855 869 992 924 dum
1023 869 1094 923 de
1115 869 1214 924 Dei
1238 869 1453 940 judicio
1482 869 1782 940 disceptas,

231 963 462 1017 contrahas
499 962 807 1033 iniquitatis
855 962 1134 1018 offensam
1171 981 1186 1032 ;
1225 979 1352 1034 qua:
1397 979 1510 1033 quo
1551 966 1787 1034 putatur

230 1056 457 1121 occultior,
482 1071 544 1109 eo
581 1055 934 1127 frequentior
963 1073 1085 1110 esse
1124 1055 1415 1110 consuevit
1447 1072 1461 1110 :
1491 1055 1622 1126 quia
1661 1061 1784 1111 tuto

229 1154 348 1220 putat
385 1149 476 1218 (41)
519 1149 901 1220 unusquisque
941 1150 1092 1220 quod
1141 1149 1468 1219 bujusmodi
1505 1148 1783 1220 discepta-

230 1242 390 1309 tiones,
439 1243 579 1296 velut
633 1247 826 1313 septus
883 1243 1189 1298 visceribus
1242 1243 1386 1310 suis,
1427 1243 1787 1298 conscientiae

228 1352 310 1388 sua:
346 1335 543 1401 credat;
576 1351 705 1389 cum
749 1335 871 1406 ipse
915 1336 1003 1390 sui
1041 1342 1334 1391 accusator
1370 1336 1430 1390 in
1461 1337 1552 1391 die
1586 1336 1784 1407 judicii

228 1429 276 1480 sit
296 1428 516 1495 futurus;
545 1428 675 1499 quia
703 1429 1023 1484 revelantur
1047 1429 1230 1484 cordis
1254 1429 1602 1498 abscondita,
1636 1430 1788 1483 testi-

227 1521 424 1574 monium
455 1521 782 1591 perhibente
808 1523 1155 1578 conscientia
1183 1523 1628 1578 accusationibus
1654 1539 1784 1577 nos-

229 1615 311 1666 tris.

279 1709 343 1762 14.
368 1707 677 1778 Cujusmodi
711 1708 890 1779 igitur
928 1710 1001 1765 sit
1038 1711 1392 1782 propositum
1433 1710 1542 1764 viri
1585 1711 1784 1778 sancti,

231 1800 308 1853 hoc
329 1800 618 1856 evidentius
657 1803 782 1856 loco
821 1803 1142 1874 exponitur.
1184 1805 1440 1859 Primum
1481 1805 1635 1859 enim
1661 1820 1783 1859 me-
1806 1783 1862 1854 B

229 1910 322 1948 mor
353 1910 455 1948 esse
489 1895 658 1950 debet
697 1896 1110 1966 promissorum
1152 1899 1504 1966 caelestium;
1535 1899 1786 1953 secundo

230 2002 321 2056 qua
359 1987 656 2043 viventibus
710 2005 932 2044 merces
981 1994 1191 2046 statuta
1257 1990 1517 2046 debetur.
1571 1991 1788 2046 Deinde

229 2080 341 2134 aliud
376 2083 716 2153 propositum
747 2083 853 2138 viri
894 2084 1073 2139 sancti
1106 2088 1208 2152 est,
1239 2088 1301 2138 ut
1335 2084 1555 2139 etiamsi
1589 2085 1650 2140 in
1684 2101 1786 2155 pe-

230 2172 371 2227 riculis
415 2181 463 2230 et
505 2175 759 2231 adversis
802 2178 1015 2248 positus
1067 2178 1156 2247 sit,
1219 2194 1318 2249 spe
1369 2181 1566 2234 tamen
1617 2195 1789 2250 quam

231 2265 365 2321 hausit
395 2283 454 2322 ex
490 2269 631 2324 serie
674 2269 1110 2340 Scripturarum,
1154 2287 1210 2326 se
1253 2271 1456 2326 debeat
1485 2272 1786 2326 consolari.

232 2358 416 2414 Tertium
449 2362 825 2433 propositum,
865 2369 928 2418 ut
966 2363 1071 2418 etsi
1125 2363 1330 2435 impios
1381 2371 1436 2418 et
1481 2365 1789 2435 sacrilegos

235 2451 385 2521 videat,
411 2458 458 2509 et
491 2455 770 2526 superbos
803 2456 998 2527 inique
1043 2461 1280 2528 agentes
1319 2458 1612 2513 abundare
1643 2458 1786 2512 divi-

237 2544 300 2595 tiis
318 2546 361 2598 in
383 2546 470 2602 hoc
504 2548 740 2615 saeculo,
768 2565 885 2604 non
922 2549 1082 2620 quasi
1123 2550 1452 2605 incredulus
1489 2551 1734 2606 declinet
1758 2568 1787 2606 a

240 2637 343 2706 lege.
360 2641 430 2695 sed
454 2642 504 2696 in
531 2642 668 2712 ejus
689 2643 904 2697 semitis
930 2649 1277 2714 perseveret,
1303 2649 1359 2699 et
1384 2645 1569 2716 fugiat
1588 2662 1786 2716 super-

252 2727 395 2784 borum
415 2737 682 2806 contagia.
723 2735 1081 2791 Contaminat
1116 2736 1273 2791 enim
1313 2738 1498 2792 omnis
1537 2738 1786 2792 immun-

253 2821 343 2890 dus;
363 2825 654 2886 immundus
698 2833 885 2883 autem
928 2829 1226 2900 superbus,
1257 2831 1328 2886 de
1369 2847 1482 2902 quo
1517 2832 1785 2902 scriptum

246 2918 333 2969 est:
356 2940 374 2964 «
399 2921 730 2978 lmmundus
765 2927 895 2978 ante
928 2923 1105 2978 Deum
1149 2923 1340 2978 omnis
1371 2925 1578 2980 tumidi
1607 2925 1788 2980 cordis

240 3009 380 3073 (Prae,
404 3029 498 3084 xvi,
527 3019 603 3083 5).
642 3037 674 3066 ››

283 3106 347 3156 15.
376 3107 530 3172 (Vers.
569 3111 698 3178 52.)
744 3107 1021 3172 Quartum
1055 3109 1414 3182 propositum
1457 3111 1562 3166 viri
1609 3112 1791 3167 sancti

231 3199 274 3246 ut
307 3213 490 3255 memor
532 3203 605 3257 sit
655 3202 1001 3272 judiciorum
1053 3204 1386 3271 caelestium,
1432 3206 1576 3260 sicut
1620 3206 1792 3261 David

231 3293 391 3359 asserit,
419 3296 508 3365 qui
547 3295 780 3370 dicebat
811 3318 821 3347 :
856 3298 1058 3352 Memor
1091 3300 1182 3365 fui
1204 3298 1538 3367 judiciorum
1581 3303 1794 3355 tuorum

228 3389 548 3448 ᾳυεαεκσιιιο
574 3393 731 3451 sunt,
771 3395 822 3444 et
855 3405 938 3444 me
980 3392 1280 3446 consolatus
1317 3407 1451 3447 sum.
1491 3391 1608 3446 Nisi
1639 3393 1792 3448 enim

229 3480 544 3553 unusquisque
583 3481 737 3552 legis
777 3481 1082 3537 instructus
1119 3489 1175 3538 et
1211 3484 1547 3540 informatus
1593 3501 1791 3540 exem-

225 3568 316 3638 plis,
349 3575 525 3629 credat
551 3590 787 3646 semper
825 3591 957 3631 vera
987 3592 1107 3631 esse
1148 3577 1250 3631 Dei
1276 3578 1514 3649 judicia,
1541 3579 1651 3634 cito
1691 3579 1790 3634 de-

223 3660 347 3718 clinat
379 3683 409 3719 a
449 3668 596 3739 lege.
643 3668 749 3732 Qui
797 3671 990 3723 autem
1031 3671 1317 3741 prasterita
1355 3673 1578 3742 repetit,
1628 3676 1686 3727 et
1727 3691 1793 3728 ex

221 3763 360 3811 semet
399 3761 614 3832 colligit
672 3762 878 3816 seriem
934 3763 1249 3834 vetustatis,
1301 3766 1592 3835 cognoscit
1641 3766 1794 3838 quod

222 3861 364 3919 neque
404 3861 668 3923 peccator
715 3872 936 3926 poenam
986 3873 1103 3912 suae
1147 3857 1527 3929 improbitatis
1571 3860 1792 3928 evadat,

220 3955 359 4013 neque
387 3947 564 4017 justus
613 3949 902 4020 aequitatis
942 3966 1058 4004 suae
1103 3951 1356 4022 praemiis
1403 3951 1792 4010 defraudetur.

221 4033 388 4094 Retexit
409 4043 558 4096 enim
605 4042 803 4097 animo
837 4043 992 4114 quod
1036 4043 1107 4098 ab
1145 4044 1308 4100 initio
1349 4045 1530 4101 Adam
1563 4053 1797 4119 propter

221 4131 420 4188 mandati
487 4136 734 4191 ccelestis
809 4136 1338 4206 praevaricationem
1415 4140 1484 4194 de
1548 4140 1796 4212 paradisi

220 4220 383 4288 ejectus
421 4228 489 4282 sit
542 4229 821 4296 incolatu,
871 4236 926 4285 et
973 4231 1110 4287 Cain
1169 4232 1522 4302 parricidalis
1571 4235 1797 4289 sceleris

219 4319 412 4381 pretium
457 4323 668 4378 divinae
733 4324 1028 4378 sententias
1091 4325 1430 4381 auctoritate
1495 4328 1796 4382 damnatus

219 4412 498 4483 exsolverit;
526 4416 686 4488 quod
721 4418 914 4472 Enoch
941 4423 1174 4488 propter
1203 4419 1562 4476 devotionem
1603 4427 1797 4492 raptus

1882 495 1990 550 bus
2034 495 2318 550 antelatus
2360 498 2464 563 sit;
2508 495 2657 567 quod
2706 497 2848 551 Elius
2888 502 3124 568 propter
3167 501 3349 555 zelum
3390 503 3510 572 Dei,

1884 605 2056 644 curru
2103 589 2349 644 elevatus
2403 588 2661 662 1049
2706 590 2767 644 in
2820 607 3040 658 aerem,
3087 593 3324 648 caelestis
3364 595 3512 650 sedis

1885 683 2200 754 hospitium
2231 683 2360 738 novi
2391 684 2623 755 generis
2647 683 2976 756 acquisierit
3001 685 3272 740 incolatu.

1960 780 2046 832 16.
2077 779 2203 832 Haec
2234 777 2330 848 qui
2377 778 2531 832 novit
2566 780 2843 846 retexere,
2871 778 3046 833 habet
3087 779 3240 834 unde
3272 780 3512 851 gratiam

1886 886 2003 925 suae
2047 870 2450 925 consolationis
2498 870 2791 941 acquirat;
2829 875 2888 926 et
2932 875 3145 939 contra,
3186 872 3317 943 quia
3355 873 3512 942 judi-

1886 963 1971 1018 cia
2012 964 2108 1018 Dei
2144 980 2279 1018 vera
2324 968 2460 1019 sunt
2489 965 2621 1032 (42),
2663 965 2808 1019 sicut
2845 965 3018 1019 habes
3051 982 3063 1020 :
3102 988 3129 1015 «
3159 966 3373 1022 Judicia
3416 967 3513 1021 Dei

1888 1073 2040 1126 vera,
2075 1056 2388 1128 justiﬁcata
2431 1057 2489 1112 in
2530 1058 2854 1128 semetipsa,
2899 1058 3299 1115 desiderabilia
3344 1077 3514 1131 super

1885 1167 2089 1204 aurum
2140 1156 2197 1205 et
2252 1151 2499 1222 lapidem
2549 1151 2878 1222 pretiosum,
2935 1156 2992 1206 et
3043 1152 3294 1207 dulciora
3347 1169 3517 1224 super

1888 1243 2002 1297 mel
2057 1249 2114 1298 et
2163 1243 2393 1313 favum;
2453 1245 2666 1299 etenim
2722 1261 2917 1300 servus
2967 1251 3099 1300 tuus
3150 1247 3392 1301 custodit
3450 1263 3516 1301 ea

1889 1339 2056 1405 (Psat.
2104 1353 2253 1406 xvm,
2316 1341 2400 1403 10,
2457 1341 2565 1404 11).
2613 1360 2640 1388 ››
2689 1339 3047 1394 Custodienti
3103 1339 3278 1411 igitur
3333 1341 3516 1394 dulcia

1886 1435 2020 1484 sunt
2071 1429 2262 1484 divina
2298 1429 2544 1500 judicia;
2596 1431 2913 1501 negligenti
2970 1437 3162 1486 autem
3208 1448 3274 1485 ea
3318 1448 3516 1486 amara

1886 1539 2006 1578 esse
2034 1539 2146 1577 non
2184 1523 2420 1578 dubium
2465 1526 2577 1591 est;
2610 1524 2746 1595 quia
2783 1525 3026 1578 advertit
3060 1526 3174 1594 (43)
3211 1526 3268 1578 in
3309 1543 3512 1596 oppro-

1885 1616 1997 1671 brii
2025 1617 2377 1687 turpitudine
2408 1623 2772 1687 peccatorum
2799 1618 3156 1688 propositum
3179 1617 3284 1672 sibi
3309 1618 3515 1672 divinas

1889 1713 2155 1764 eventum
2183 1727 2302 1764 esse
2340 1711 2660 1764 sententiae.
2686 1711 2792 1774 Qui
2822 1713 3014 1766 autem
3053 1711 3199 1766 bene
3240 1711 3344 1766 sibi
3381 1727 3510 1766 con-

1889 1804 2036 1858 scius
2068 1807 2172 1868 est,
2215 1819 2330 1858 non
2378 1803 2641 1858 turbatur
2669 1804 2886 1875 utique,
2917 1804 3111 1858 dicens
3142 1822 3155 1858 :
3193 1826 3219 1853 ‹‹
3252 1804 3516 1860 Ηεθῐθάεε

1887 1914 2082 1951 sumus
2136 1898 2258 1964 Dei,
2306 1897 2635 1952 cohzeredes
2690 1903 2880 1952 autem
2937 1899 3175 1967 Christi;
3226 1898 3272 1952 si
3318 1902 3515 1952 tamen

1888 1990 2327 2062 compatiamur,
2361 1996 2422 2044 ut
2459 1996 2516 2045 et
2557 1990 2724 2045 simul
2765 1991 3154 2061 gloriﬁcemur
3176 1992 3372 2062 (Rom,
3401 2008 3515 2059 VIII,

1891 2086 1998 2152 17),
2029 2107 2056 2134 ι,

1963 2181 2048 2230 17.
2096 2176 2210 2231 Sed
2253 2177 2381 2248 quis
2419 2179 2680 2231 nostrum
2717 2176 3068 2248 hujusmodi,
3113 2181 3176 2231 ut
3203 2194 3262 2232 se
3304 2177 3514 2232 divino-

1888 2285 2017 2324 rum
2055 2269 2406 2340 judiciorum
2451 2271 2596 2325 serie
2635 2271 2996 2325 consoletur?
3036 2271 3335 2326 Terribilia
3384 2277 3518 2326 sunt

1889 2362 2279 2434 peccatoribus
2319 2363 2494 2419 etiam
2533 2364 2784 2418 humana
2815 2363 3051 2434 judicia,
3085 2370 3296 2435 quanto
3336 2367 3518 2436 magis

1890 2456 2086 2511 divina
2129 2456 2417 2512 formidini
2465 2457 2626 2512 sunt!
2677 2457 2926 2529 Denique
2979 2462 3040 2512 ut
3095 2459 3204 2512 hoc
3249 2458 3341 2513 illa
3391 2475 3517 2529 quae

1891 2566 2021 2604 vere
2053 2555 2268 2606 aeterna
2296 2553 2446 2619 sunt,
2481 2551 2817 2621 colligamus
2858 2552 3146 2622 exemplo,
3177 2552 3432 2607 videmus
3460 2552 3518 2605 in

1891 2643 1999 2697 hoc
2024 2644 2224 2698 saeculo
2253 2643 2590 2698 innocentes
2615 2644 2772 2698 laetos
2816 2643 2890 2698 ad
2917 2643 3196 2714 judicium
3227 2644 3518 2711 festinare,

1889 2736 2070 2791 odisse
2127 2753 2331 2805 moras,
2389 2736 2734 2791 celeritatem
2794 2736 3062 2791 affectare
3113 2737 3345 2808 judicii;
3393 2754 3520 2791 reos

1891 2833 2082 2884 autem
2113 2830 2378 2900 refugere
2422 2835 2476 2883 et
2515 2845 2740 2900 pavere,
2781 2829 3032 2897 differre,
3070 2830 3268 2898 vitare,
3301 2831 3518 2885 maesti-

1889 2923 2047 2977 ﬁcari
2089 2923 2355 2994 denique,
2393 2938 2522 2977 cum
2557 2923 2709 2976 diem
2743 2922 2945 2993 judicii
2982 2923 3271 2977 audierint
3307 2924 3519 2978 consti-

1890 3019 2100 3071 tutum.
2132 3017 2336 3071 Beatus
2360 3016 2555 3086 itaque
2585 3016 2676 3070 ille
2706 3016 2803 3088 qui
2829 3015 2967 3071 illud
2997 3016 3222 3072 cceleste
3241 3016 3520 3088 judicium

1892 3109 2053 3164 laetus
2092 3114 2400 3180 exspectat.
2439 3109 2555 3164 Scit
2591 3109 2749 3164 enim
2797 3109 2902 3164 sibi
2939 3125 3182 3181 regnum
3223 3111 3519 3179 caelorum,

1892 3205 2233 3274 angelorum
2270 3202 2644 3272 consortium,
2676 3219 2942 3258 coronam
2977 3220 3204 3276 quoque
3233 3204 3520 3258 bonorum

1892 3297 2197 3368 repositam
2229 3313 2349 3352 esse
2377 3297 2738 3352 meritorum.

1969 3393 2052 3445 18.
2105 3391 2282 3458 (Vers.
2353 3391 2466 3458 53.)
2521 3390 2961 3447 Consideremus
3028 3408 3178 3445 nunc
3235 3390 3388 3462 quod
3452 3391 3524 3445 sit

1893 3483 2037 3537 alius
2093 3483 2447 3554 prepositum
2500 3484 2606 3538 viri
2656 3486 2870 3554 sancti,
2927 3487 2985 3538 et
3033 3500 3097 3539 ex
3151 3484 3523 3556 sequentibus

1894 3576 2266 3631 aestimemus.
2309 3578 2763 3639 Pusillanimitas,
2816 3578 3021 3648 inquit,
3072 3579 3303 3632 detinuit
3353 3594 3436 3632 me
3488 3596 3524 3632 a

1887 3670 2258 3740 peccatoribus
2301 3670 2792 3740 derelinquentibus
2834 3671 2999 3740 legem
3039 3676 3208 3724 tuam.
3261 3671 3381 3724 Non
3437 3674 3524 3724 est

1894 3763 2000 3818 hoc
2044 3779 2347 3819 commune
2382 3780 2512 3817 cum
2563 3764 2787 3833 multis;
2830 3779 2967 3817 nam
3009 3763 3390 3833 plurimorum
3440 3768 3525 3818 est

1894 3857 2238 3925 contristari,
2258 3858 2312 3911 ‘si
2340 3873 2514 3928 quam
2553 3857 2624 3911 ab
2656 3857 2848 3927 aliquo
2889 3857 3186 3926 patiantur
3221 3856 3520 3926 injuriam;

1895 3951 1942 4005 si
1965 3951 2104 4020 laesi,
2135 3951 2180 4006 si
2219 3950 2479 4022 appetiti,
2520 3950 2567 4004 si
2604 3949 2910 4004 decolorati
2955 3948 3086 4002 sint.
3129 3949 3331 4003 Nostra
3369 3949 3522 4004 enim

1894 4061 2059 4100 causa
2108 4051 2225 4113 est,
2279 4061 2384 4099 nos
2442 4042 2785 4098 inﬁrmiores
2839 4042 3022 4097 fraudi
3072 4041 3238 4096 nobis
3304 4041 3522 4113 aliquos

1896 4138 2155 4192 dolemus
2199 4137 2393 4192 fuisse.
2435 4139 2508 4192 At
2545 4154 2678 4191 vero
2713 4136 2810 4208 qui
2845 4137 3047 4191 fortior
3081 4139 3184 4203 est,
3232 4152 3350 4191 non
3388 4152 3521 4207 pro-
3612 4162 3614 4165 ·

1895 4231 2076 4302 priam
2117 4230 2526 4286 contumeliam
2571 4230 2744 4300 dolet,
2790 4230 2888 4285 sed
2929 4230 3115 4285 aliena
3160 4233 3427 4301 peccata;
3470 4234 3527 4284 et

1896 4324 1955 4378 in
2003 4341 2100 4378 sua
2138 4324 2349 4394 injuria
2389 4326 2608 4396 lapsum
2650 4324 2880 4379 alterius
2917 4323 3258 4394 ingemiscit,
3298 4327 3355 4377 et
3392 4339 3523 4377 cau-

1897 4434 2020 4472 sam
2048 4434 2106 4472 se
2139 4417 2309 4471 fuisse
2346 4418 2611 4488 deplorat
2638 4417 2897 4472 Iasdentis
2927 4415 3153 4470 erroris.
3186 4417 3524 4486 Exemplum

217 4501 268 4553 ad
297 4507 498 4578 malum,
550 4514 802 4565 terrenae
850 4511 1089 4566 malitiae
1124 4513 1280 4567 virus
1327 4515 1600 4583 evaserit;
1643 4514 1874 4589 quodD
1897 4511 2090 4582 accipe
2127 4510 2528 4582 apostolicum;
2567 4512 2770 4566 Paulus
2799 4509 2952 4565 enim
2995 4510 3052 4562 in
3094 4513 3326 4580 peccato
3353 4508 3525 4563 ﬂebat

218 4591 301 4649 Noe
338 4607 562 4672 propter
604 4603 884 4673 justitiam
921 4605 1118 4660 diluvii
1166 4606 1364 4674 victor,
1412 4607 1636 4678 generis
1682 4608 1792 4662 fac-

215 4689 281 4740 tus
311 4702 577 4764 superstes
618 4697 859 4752 humani
893 4698 989 4768 sit;
1036 4699 1190 4770 quod
1236 4699 1523 4754 Abraham
1564 4706 1798 4772 propter

217 4778 347 4838 ﬁdem
371 4789 742 4845 seminarium
785 4792 1131 4862 posteritatis
1171 4809 1288 4848 suae
1316 4797 1438 4848 toto
1464 4794 1598 4849 orbe
1629 4795 1794 4849 diffu-

216 4871 356 4946 derit;
397 4883 542 4952 quod
599 4885 766 4938 Israel
817 4891 1056 4956 prepter
1103 4885 1366 4941 laborum
1415 4888 1794 4956 tolerantiam,

217 4971 443 5038 populum
504 4977 868 5032 credentium
932 4979 1145 5050 proprii
1204 4980 1454 5034 nominis
1508 4981 1797 5051 signaculo

217 5071 608 5135 consecraverit;
655 5071 808 5142 quod
852 5071 969 5142 ipse
1028 5072 1201 5128 David
1253 5076 1487 5145 propter
1529 5090 1794 5128 mansue-

261 5229 338 5291 (10)
359 5234 479 5285 Mss.
506 5250 621 5286 non
649 5239 833 5302 pauci,
863 5238 1080 5290 verbum
1097 5240 1325 5302 justitiae
1353 5240 1580 5291 occultae.

261 5303 347 5377 (tt)
386 5305 525 5356 Edit.
580 5308 737 5359 Rom.
791 5323 860 5360 ex
927 5324 1040 5361 uno
1104 5312 1228 5362 cod.
1285 5312 1430 5375 Vat.,
1491 5313 1623 5377 quia
1673 5317 1800 5376 puto

220 5365 285 5447 hoc
307 5374 396 5424 viri
427 5380 600 5427 sancti
628 5389 733 5429 esse
767 5383 1118 5444 propositum,
1149 5396 1254 5446 quo
1291 5365 1462 5447 putat,
1500 5365 1608 5434 etc.
1651 5365 1780 5433 Edit

221 5445 361 5522 {ptem
391 5452 492 5522 vet.
525 5462 594 5498 ac
617 5463 747 5522 mss.
778 5464 972 5502 omnes
997 5445 1192 5504 Gallic.
1226 5445 1304 5503 uti
1321 5468 1424 5504 nos
1459 5455 1515 5504 in
1551 5467 1797 5518 corpore,

221 5518 298 5590 nisi
318 5518 454 5590 quod
484 5524 593 5590 vet.
621 5521 745 5570 edit.
783 5535 911 5573 cum
941 5537 1054 5573 uno
1085 5530 1182 5575 aut
1217 5526 1389 5576 altero
1419 5540 1521 5575 ms.
1559 5525 1756 5590 legunt
1787 5540 1799 5572 :

223 5578 473 5642 Wlmmodi
521 5589 913 5656 disceptatione,
966 5595 1064 5644 ubi
1115 5609 1219 5646 nos
1267 5611 1335 5646 ex
1378 5597 1501 5647 aliis
1554 5578 1804 5660 reposui-

225 5661 364 5706 mus...
406 5661 814 5724 disceptationes.
855 5664 1020 5726 Quod
1060 5667 1242 5730 aptius
1283 5668 1351 5718 ad
1398 5681 1627 5718 sensum
1664 5681 1806 5718 con-

227 5733 380 5840 1gnere
428 5745 538 5812 non
593 5734 833 5808 negabit,
886 5737 983 5800 qui
1035 5736 1218 5788 locum
1265 5739 1431 5802 paulo
1488 5740 1807 5790 accuratius

271 5809 478 5840 suarm-il

271 5809 502 5860 spexerit.

515 5891 786 5960 ΡΑτιλοι..
835 5895 962 5961 XV.
1007 5897 1189 5980 (XIV,
1239 5917 1392 5963 rans
1441 5899 1565 5982 11.).

1896 4607 2100 4670 alieno,
2129 4604 2273 4658 sicut
2298 4603 2420 4676 ipse
2462 4603 2540 4658 ait
2568 4621 2580 4659 :
2613 4625 2641 4653 ‹‹
2673 4605 2811 4658 Nam
2842 4619 2912 4658 ex
2947 4602 3129 4657 multa
3158 4602 3523 4658 tribulatione

1897 4704 1951 4753 et
1975 4698 2239 4770 angustia
2275 4698 2457 4752 cordis
2501 4697 2693 4768 scripsi
2735 4696 2894 4751 vobis
2939 4713 3043 4767 per
3086 4697 3294 4751 multas
3337 4697 3520 4766 lacry-

1896 4809 2019 4847 mas
2061 4794 2130 4860 (II
2173 4791 2315 4853 Con,
2354 4807 2411 4857 Il,
2453 4791 2532 4859 4).
2560 4813 2588 4840 ››
2632 4791 2701 4844 Et
2739 4807 2868 4845 cum
2915 4791 3035 4861 ipse
3073 4791 3523 4857 contristaretur,

1898 4902 1992 4941 eos
2035 4885 2186 4956 ipsos
2234 4901 2374 4955 quos
2426 4884 2702 4955 arguebat
2748 4884 3068 4938 contristari
3119 4882 3364 4938 nolebat.
3413 4882 3519 4935 De-

1899 4979 2070 5050 nique
2119 4977 2339 5033 addidit
2390 4995 2402 5031 :
2453 4997 2481 5028 «
2525 4978 2644 5031 Non
2703 4982 2766 5032 ut
2821 4976 3268 5043 contristemini,
3321 4974 3418 5028 sed
3466 4978 3527 5027 ut

1899 5073 2087 5127 sciatis
2128 5088 2304 5144 quam
2351 5071 2688 5126 charitatem
2728 5071 2908 5125 habeo
2944 5071 3000 5124 in
3043 5068 3198 5123 vobis
3227 5067 3524 5122 abundan-

1963 5239 2060 5302 (12)
2110 5238 2282 5299 Edit.,
2335 5239 2380 5288 E
2434 5242 2650 5298 contra,
2699 5237 2793 5301 qui
2843 5249 2952 5286 non
3004 5234 3171 5291 novit,
3217 5245 3324 5282 non
3377 5231 3529 5282 habet

1901 5311 2041 5360 unde
2074 5309 2390 5360 consoletur.
2421 5311 2754 5373 Quapropter
2777 5305 3132 5356 custodiamus
3156 5304 3370 5366 judicia
3413 5304 3531 5364 Dei,

1902 5381 2032 5445 quia
2059 5381 2274 5444 judicia-
2324 5382 2416 5430 Dei
2455 5393 2599 5429 vera.
2642 5377 2774 5429 Cod.
2819 5390 2948 5426 vero
2992 5388 3120 5424 mss.
3160 5388 3361 5439 magno
3399 5385 3531 5425 eon-

1902 5463 2088 5514 sensu,
2132 5453 2196 5501 Et
2240 5457 2439 5510 contra,
2491 5451 2621 5515 quia
2663 5449 2870 5513 judicia
2916 5449 3028 5504 Dei,
3075 5451 3202 5508 etc.,
3258 5451 3319 5496 ut
3364 5459 3531 5510 supra

1903 5525 1960 5572 in
2015 5528 2298 5573 contextu.
2365 5521 2473 5573 Sed
2535 5519 2752 5570 videtur
2813 5519 3057 5582 aliquem
3113 5517 3373 5581 supplere
3434 5530 3530 5566 vo-

1903 5594 2093 5654 luisse,
2126 5593 2275 5656 quod
2305 5593 2498 5644 lectori
2527 5605 2630 5642 suo
2651 5589 3008 5658 cogitandum
3037 5588 3261 5653 reliquit
3295 5587 3532 5639 Ambro-

1905 5678 2038 5715 eius.

1970 5735 2067 5799 (43)
2095 5735 2174 5784 Ita
2200 5748 2326 5784 mss.
2363 5751 2373 5782 :
2408 5733 2537 5784 edit.
2570 5745 2718 5793 vero,
2746 5732 2877 5796 quia
2903 5745 3011 5782 non
3044 5731 3287 5781 advertit.
3327 5730 3438 5780 Sed
3469 5742 3534 5779 ea

1906 5809 2200 5870 negatione
2228 5818 2452 5854 sensum
2480 5805 2648 5855 everti
2677 5804 3031 5854 manifestum
3063 5807 3163 5852 est.

3140 5895 3219 5955 43
