3958 6166
500 265 634 319 i355

1983 246 2038 301 S.
2079 241 2385 300 AMBROSII

3698 240 3808 294 L356

501 389 612 442 tius
661 379 871 454 (lbidi).
912 404 938 433 ››
985 378 1312 438 Contristari
1358 375 1510 431 enim
1567 373 1787 429 volebat
1829 387 2010 443 usque
2053 369 2123 424 ad
2148 382 2355 453 Aoum
2400 381 2581 420 unum
2617 361 2946 418 membrum
2991 358 3227 430 patitur,
3265 359 3321 410 et
3358 359 3552 411 caetera
3584 355 3807 415 membra

500 478 892 553 paenitentiam
931 475 1141 546 lapsos,
1169 489 1285 527 non
1329 486 1507 541 usque
1545 469 1612 523 ad
1643 466 1968 522 maestitiam
1996 480 2123 535 pro-

499 572 852 639 fundiorem;
907 571 1130 623 tantum
1192 570 1255 619 ut
1321 579 1520 620 eorum
1583 561 1684 634 qui
1742 558 2129 631 arguebantur

497 664 762 722 maestitia
807 661 1083 734 gaudium
1125 659 1288 714 ﬁeret
1323 657 1609 728 arguenti.
1652 654 1811 710 Unde
1859 653 1986 707 ait:
2020 672 2047 701 ι(
2074 650 2128 706 Si

498 759 652 816 enim
679 773 787 828 ego
823 755 1096 811 contristo
1134 770 1253 819 vos,
1292 751 1419 822 quis
1458 754 1545 805 est
1584 748 1682 820 qui
1728 763 1821 802 me
1862 745 2126 811 laetificat,

499 853 607 908 nisi
657 851 758 923 qui
800 849 1170 905 contristatur
1219 863 1290 900 ex
1331 861 1424 900 me
1473 843 1662 912 (Ibid.,
1706 842 1801 910 2)?
1851 862 1878 890 ››
1928 838 2132 909 Arguit

503 946 695 1017 itaque
737 948 803 999 ut
836 943 1042 999 allevet
1076 938 1506 996 diuturnitatem
1538 935 1841 1000 maestitiae,
1867 949 1979 1005 quo
2009 947 2128 1003 pos-

504 1038 738 1095 nitentia
785 1037 948 1092 fieret
999 1037 1060 1090 in
1109 1033 1376 1101 salutem;
1436 1031 1691 1096 damnat,
1744 1033 1809 1082 ut
1856 1026 2128 1091 absolvat;

503 1130 771 1198 excludit,
800 1133 865 1184 ut
888 1128 1159 1198 recipiat;
1188 1143 1302 1181 non
1343 1125 1606 1196 ignoscit,
1640 1126 1706 1177 ut
1741 1121 1963 1177 liberet.
1995 1119 2132 1174 Ideo
2225 1112 2554 1186 justiﬁceris
2605 1113 2768 1180 (Isa.,
2823 1123 2978 1175 xuii,
3036 1107 3162 1175 26);

504 1224 633 1281 talis
688 1223 914 1287 Paulus,
967 1220 1099 1292 quia
1141 1219 1285 1274 bene
1337 1217 1553 1290 peritus
1607 1215 1666 1270 in
1714 1215 1860 1286 lege,
1916 1228 2131 1284 cogno-

505 1321 664 1373 verat
701 1317 1054 1388 prasceptum
1092 1310 1334 1367 dicentis
1366 1327 1380 1366 :
1421 1309 1857 1364 Pusillanimitas
1899 1307 2133 1362 detinuit

503 1428 584 1467 me
613 1429 648 1465 a
670 1409 1040 1480 peccatoribus
1067 1404 1567 1474 derelinquentibus
1604 1403 1768 1471 legem
1799 1406 1966 1456 tuam.

576 1506 662 1558 19.
692 1501 932 1558 Dolebat
961 1500 1156 1567 David,
1184 1515 1300 1554 non
1326 1496 1457 1569 quia
1496 1494 1988 1560 contemnebatur,
2021 1508 2134 1547 non

505 1597 638 1667 quia
665 1595 786 1668 ipse
831 1593 1232 1665 appetebatur,
1276 1591 1373 1646 sed
1413 1589 1548 1662 quia
1582 1589 1670 1643 lex
1712 1587 1808 1643 Dei
1844 1587 2132 1658 relinque-

503 1691 703 1756 batur;
739 1686 998 1759 1050
1035 1692 1093 1742 et
1130 1701 1330 1741 eorum
1363 1683 1462 1755 qui
1503 1683 1610 1738 hoc
1636 1681 1936 1749 faciebant,
1971 1679 2133 1734 dam-

2227 460 2673 531 compatiuntur.
2721 456 2847 510 ldeo
2911 455 3060 508 forte
3116 456 3171 505 et
3219 449 3359 504 illud
3409 450 3642 520 positum
3684 460 3804 509 est:

2231 555 2486 610 «Justus
2536 553 2594 607 in
2648 548 2882 606 exordio
2933 543 3218 602 sermonis
3276 547 3553 597 accusator
3603 549 3680 598 est
3735 548 3806 601 sui

2231 651 2435 717 (Ρνουυ
2472 662 2626 714 xvm,
2675 647 2839 711 17).»
2881 641 3026 696 Nam
3067 637 3174 693 etsi
3215 636 3385 708 possit
3415 636 3592 706 justus
3628 637 3809 693 habere

2231 742 2288 796 in
2318 757 2376 796 se
2402 739 2558 812 quod
2603 739 2849 803 accuset,
2878 737 2937 788 et
2965 733 3157 804 justus
3199 746 3320 784 esse
3359 728 3469 799 (44)
3497 729 3638 800 (quia
3663 747 3809 786 nemo

2231 835 2352 889 sine
2391 836 2618 905 peccato
2656 833 2866 902 praeter
2901 843 3084 882 unum
3129 826 3358 890 Deum),
3385 827 3441 878 et
3473 824 3638 894 possit
3666 823 3808 878 etiam

2232 932 2491 1000 peccator
2553 926 2661 980 hoc
2725 923 2845 994 ipso
2899 921 3088 992 justus
3152 934 3305 984 esse,
3371 916 3505 987 quia
3563 921 3813 970 accusator

2231 1026 2317 1076 cst
2348 1020 2455 1088 sui,
2482 1017 2796 1074 secundum
2837 1013 2974 1069 illud
3009 1031 3020 1067 :
3058 1034 3087 1062 (ι
3119 1011 3214 1068 Dic
3251 1008 3570 1081 iniquitates
3602 1013 3731 1075 tuas,
3765 1013 3815 1062 ut

3219 1126 3246 1154 ››
3304 1107 3553 1158 attamen
3610 1102 3813 1156 forsitan

2235 1208 2408 1262 etiam
2451 1204 2739 1276 aliquibus
2774 1218 2890 1258 non
2933 1200 3193 1256 videatur
3224 1196 3530 1252 absurdum
3578 1199 3635 1249 ut
3668 1195 3814 1249 etiam

2235 1302 2304 1356 de
2344 1300 2440 1355 illo
2479 1298 2694 1353 dictum
2737 1297 2828 1363 sit,
2869 1293 3022 1366 quod
3059 1293 3247 1363 justus
3287 1289 3359 1344 sit
3399 1289 3493 1360 qui
3532 1304 3588 1342 se
3624 1292 3817 1342 accusat

2234 1410 2340 1468 pro
2373 1393 2501 1463 alio,
2534 1390 2753 1448 etiamsi
2779 1389 2840 1442 in
2869 1403 2926 1442 se
2959 1386 3101 1442 nihil
3127 1375 3341 1440 habeat
3365 1381 3518 1454 quod
3543 1386 3758 1436 accuset.

2303 1490 2395 1543 22.
2442 1487 2627 1551 Quam
2679 1483 2856 1555 igitur
2898 1481 2959 1536 in
3004 1480 3092 1535 his
3135 1476 3401 1534 omnibus
3449 1479 3633 1529 sancto
3675 1475 3818 1528 David

2235 1579 2340 1635 viri
2369 1579 2510 1649 justi
2551 1577 2736 1649 prima
2777 1589 3016 1646 persona
3052 1570 3372 1639 conveniat,
3416 1567 3818 1622 consideremus.

2235 1672 2528 1730 Accusavit
2589 1687 2682 1739 se,
2742 1669 2898 1723 nullo
2951 1669 3250 1721 accusante
3302 1679 3316 1717 :
3382 1664 3662 1732 peccatum
3709 1676 3817 1713 con-

502 1799 643 1838 num
670 1749 924 1848 dol-elmt',
945 1749 1103 1851 quod
1131 1749 1542 1850 perirent-Deo.
1575 1776 1732 1831 Sicut
1759 1774 1943 1829 bonus
1971 1777 2138 1845 pater
2157 1749 2211 1821 B
2236 1769 2416 1823 fessus
2458 1771 2540 1820 est
2577 1761 2893 1834 proprium,
2931 1758 3160 1832 quando
3205 1771 3517 1851 percussus-
3541 1759 3621 1851 est
3657 1752 3820 1851 corde,

505 1876 563 1930 in
593 1873 858 1946 phrenesi
885 1871 1182 1928 constituti
1209 1870 1332 1940 filii,
1365 1886 1492 1926 cum
1530 1869 1600 1924 ab
1639 1886 1708 1923 eo
1739 1867 2134 1934 maledicatur,

508 1969 855 2034 verberetur,
885 1966 1164 2021 afficiatur
1189 1964 1436 2035 injuriis,
1461 1979 1577 2018 non
1604 1978 1788 2030 suam,
1807 1961 1908 2016 sed
1938 1960 2136 2032 aegroti

510 2061 685 2116 deﬂet
722 2076 1066 2128 arumnam,
1109 2065 1165 2115 et
1207 2057 1610 2113 contumeliam
1652 2056 1825 2122 dolet,
1869 2071 1983 2110 non
2025 2069 2136 2126 quo

507 2155 613 2210 sibi
649 2155 720 2210 sit
760 2155 1031 2225 irrogata,
1059 2152 1153 2208 sed
1191 2151 1324 2224 quia
1358 2168 1464 2222 per
1500 2151 1755 2205 furorem
1793 2148 1930 2220 quid
1968 2133 2224 2260 faciath

2237 1878 2306 1917 eo
2333 1858 2488 1931 quod
2527 1855 2912 1912 numeraverit
2949 1853 3194 1924 plebem.
3229 1849 3334 1914 Qui
3375 1852 3434 1904 et
3467 1847 3600 1902 dixit
3633 1846 3698 1901 ad
3732 1846 3819 1899 Do-

2237 1956 2460 2010 minum
2495 1971 2507 2008 :
2543 1973 2569 1999 ‹‹
2602 1949 2854 2016 Peccavi,
2882 1945 3140 2012 Domine,
3169 1943 3327 2016 quod
3354 1942 3580 1997 fecerim
3608 1940 3707 1995 hoc
3727 1955 3823 1993 ver-

2236 2049 2411 2116 bum;
2461 2050 2520 2101 et
2564 2061 2738 2111 nunc,
2793 2041 3048 2109 Domine,
3093 2038 3256 2093 aufer
3305 2035 3655 2107 iniquitatem
3703 2033 3822 2087 servi

2237 2144 2339 2212 tui,
2371 2139 2520 2212 quod
2549 2137 2762 2208 deliqui
2798 2135 3168 2190 vehementer
3192 2131 3472 2212 {IllfRegu
3510 2143 3645 2194 xxxv,
3681 2127 3775 2193 tO).
3799 2144 3822 2175 υ

507 2264 664 2318 aeger
689 2213 936 2319 ignorat,
977 2213 1057 2301 ita
1082 2213 1385 2301 virbonus
1421 2261 1554 2299 eum
1592 2242 1746 2298 videt
1783 2213 2204 2314 peccatorem/
2227 2231 2435 2308 usque
2484 2227 2748 2305 quamvis
2790 2229 3082 2300 Scriptura
3129 2213 3566 2319 habeat,_qu_od
3587 2219 3823 2319 apposita

510 2358 625 2397 non
673 2340 939 2410 revereri,
977 2356 1092 2395 non
1141 2339 1418 2394 honorare
1458 2338 1629 2393 etiam
1675 2351 1841 2390 canos
1881 2335 2136 2403 senioris,

506 2452 621 2506 quo
648 2440 951 2506 praesente,
982 2433 1154 2488 faciat
1192 2431 1408 2504 aliquid
1439 2430 1773 2502 indignum;
1805 2445 1920 2484 non
1957 2444 2136 2500 agno-

508 2544 684 2596 scere,
732 2527 980 2599 quadam
1036 2526 1306 2597 peccandi
1360 2523 1594 2592 insania,
1648 2539 1822 2596 quam
1877 2523 2138 2577 indecora

507 2626 564 2676 et
613 2621 912 2676 inhonesta
960 2619 1305 2686 committat,
1353 2618 1513 2690 quasi
1570 2617 1917 2672 moriturum
1965 2615 2136 2681 dolet,

508 2715 669 2786 quasi
693 2715 1052 2785 desperatum
1077 2730 1110 2768 a
1145 2711 1383 2768 medicis
1409 2711 1762 2782 ingemiscit;
1790 2714 1847 2765 et
1873 2713 1935 2764 ut
1959 2709 2140 2764 bonus

508 2807 766 2863 medicus
791 2805 976 2878 primo
1006 2810 1218 2876 monet,
1247 2804 1454 2860 deinde
1481 2803 1705 2860 etiamsi
1739 2803 1933 2875 gravia
1957 2801 2135 2873 patia-

510 2904 622 2966 tur,
680 2906 870 2956 tamen
928 2905 1200 2971 tanquam
1255 2898 1348 2954 ille
1402 2914 1642 2970 aegrum,
1700 2897 1806 2951 etsi
1861 2895 2135 2963 caedatur,

507 2993 768 3060 sustinet,
798 2993 903 3048 etsi
939 2991 1338 3058 maledicatur,
1381 3007 1495 3046 non
1536 2989 1828 3060 relinquit,
1873 2995 1933 3046 et
1969 2988 2137 3059 quid-

506 3086 646 3158 quid
677 3091 864 3156 potest
894 3085 1192 3140 medicinae
1232 3083 1525 3152 adhibere,
1565 3099 1680 3138 non
1726 3083 2000 3152 denegat;
2034 3095 2138 3135 nec

2237 2336 2321 2385 est
2360 2329 2447 2384 ira
2485 2326 2607 2395 Dei,
2643 2329 2708 2380 ut
2743 2324 3084 2378 irasceretur
3122 2319 3182 2373 in
3225 2317 3409 2382 Israel,
3457 2311 3690 2386 1051
3733 2326 3823 2382 quo

2237 2422 2391 2494 regis
2416 2419 2706 2493 prolapsio
2745 2415 3004 2472 excusari
3041 2412 3371 2479 videretur;
3399 2415 3591 2464 tamen
3617 2421 3734 2460 cum
3757 2403 3822 2456 vi-

2239 2517 2410 2572 disset
2451 2513 2722 2585 angelum
2771 2510 2866 2582 qui
2905 2513 3152 2578 stragem
3196 2504 3376 2576 plebis
3405 2500 3692 2566 efficiebat,
3718 2513 3821 2568 per-

2238 2608 2502 2665 cutientis
2546 2605 2680 2661 ictui
2726 2603 2974 2674 seipsum
3010 2598 3216 2671 objecit
3252 2597 3450 2653 dicens
3479 2612 3492 2650 :
3535 2594 3713 2648 «Ecce
3739 2605 3824 2660 ego

2238 2702 2485 2775 peccavi,
2516 2706 2572 2756 et
2609 2715 2717 2770 ego
2755 2700 2949 2769 pastor
2986 2693 3302 2764 malignum
3341 2690 3482 2758 feci;
3513 2693 3570 2743 et
3605 2686 3688 2741 hic
3714 2697 3824 2755 grex

2237 2796 2375 2870 quid
2418 2793 2585 2850 fecit?
2623 2792 2747 2847 Fiat
2789 2805 2992 2844 manus
3037 2792 3132 2841 tua
3173 2785 3231 2839 in
3276 2801 3396 2853 me,
3438 2786 3494 2837 et
3529 2781 3585 2836 in
3628 2779 3824 2833 domum

2239 2889 2414 2963 patris
2441 2888 2553 2944 mei
2579 2885 2768 2956 (Ibid.,
2800 2885 2904 2954 t7).
2940 2904 2966 2932 ››
3002 2880 3170 2945 Quasi
3195 2879 3387 2951 justus
3414 2892 3550 2947 ergo
3575 2875 3826 2929 accusator

2238 2983 2325 3038 sui
2378 2982 2482 3036 fuit
2535 2981 2594 3034 in
2649 2979 2770 3050 ipso
2823 2973 3104 3030 sermonis
3153 2971 3412 3038 exordio,
3459 2972 3517 3023 et
3567 2969 3824 3038 peccatum

2239 3092 2406 3130 suum
2437 3072 2688 3145 agnovit,
2713 3075 2776 3143 et
2810 3067 3169 3140 iniquitatem
3203 3064 3498 3136 propriam
3527 3055 3825 3119 confitendo,

505 3147 780 3250 tanquam
818 3182 1218 3234 contumacem
1255 3176 1485 3244 deserit,
1513 3147 1625 3230 sed
1669 3147 1946 3247 tanquam
1987 3147 2135 3229 bene
2159 3147 2212 3190 υ
2231 3169 2574 3242 justiticatus
2605 3171 2690 3220 est
2720 3164 2778 3220 in
2815 3160 3136 3232 semetipso.
3169 3157 3315 3213 Alibi
3355 3171 3592 3250 quoque
3613 3152 3678 3250 de
3706 3147 3827 3250 Uria!

507 3273 579 3326 de
607 3289 664 3328 se
695 3271 965 3327 meritum
999 3271 1156 3326 omni
1188 3271 1374 3326 studio
1403 3285 1606 3325 sanare
1637 3268 1953 3336 contendit,
1981 3283 2136 3322 exer-

508 3381 642 3421 cens
683 3381 796 3421 non
835 3365 1019 3421 solum
1059 3365 1195 3420 artis
1232 3363 1521 3435 peritiam,
1567 3363 1662 3418 sed
1703 3363 1876 3418 etiam
1932 3361 2139 3418 mentis

511 3458 945 3530 benignitatem.

581 3557 672 3608 20.
705 3555 787 3607 Ita
823 3568 962 3623 ergo
1007 3551 1179 3608 etiam
1211 3551 1400 3622 justus
1434 3556 1491 3606 et
1519 3566 1650 3606 cum
1689 3549 2082 3606 contemnitur
2108 3567 2141 3604 a

509 3650 825 3717 peccatore,
874 3661 988 3700 non
1037 3644 1341 3712 avertitur;
1383 3649 1441 3700 et
1478 3661 1608 3699 cum
1649 3643 1897 3711 laeditur,
1934 3642 2140 3698 furoris

509 3739 646 3794 illud
694 3741 856 3810 putat
897 3754 1037 3808 esse,
1084 3754 1200 3793 non
1240 3737 1640 3810 improbitatis,
1680 3736 1980 3808 magisque
2021 3737 2138 3790 vul-

507 3833 634 3889 neri
664 3833 788 3903 ejus
818 3832 1165 3888 medicinam
1203 3831 1406 3887 afferre
1436 3831 1744 3898 desiderat,
1773 3836 1831 3885 et
1860 3829 2140 3901 compati-

511 3933 624 3998 tur,
670 3931 725 3981 et
769 3927 926 3982 dolet
977 3943 1094 3981 non
1138 3929 1373 3997 prapter
1414 3943 1492 3993 se,
1541 3925 1638 3980 sed
1694 3928 1930 3995 propter
1979 3923 2140 3978 illum

510 4021 610 4091 qui
655 4020 957 4090 desperato
1000 4019 1216 4073 laborat
1252 4017 1654 4085 incommodo;
1703 4022 1762 4072 et
1808 4017 1944 4072 dicit
1990 4017 2142 4072 hunc

516 4130 692 4167 unum
733 4128 800 4167 ex
837 4112 1109 4167 fratribus
1149 4111 1228 4166 sic
1255 4111 1538 4180 laborare,
1569 4113 1645 4165 sic
1682 4111 1854 4179 affici,
1891 4114 1951 4165 ut
1979 4111 2145 4166 faciat

514 4205 658 4261 mihi
706 4205 1010 4276 injuriam;
1061 4204 1158 4276 qui
1205 4205 1250 4258 si
1297 4208 1633 4276 agnosceret
1681 4221 1796 4274 me,
1838 4204 2145 4260 honoraret

512 4300 738 4370 utique,
783 4303 934 4354 certe
987 4314 1100 4353 non
1143 4298 1394 4353 laederet.
1440 4297 1585 4362 Quid
1637 4297 1791 4352 enim
1843 4297 2010 4352 lassus
2061 4300 2146 4352 est

513 4409 642 4448 meo
671 4393 838 4458 facto,
871 4397 931 4447 ut
963 4391 1176 4446 habeat
1210 4390 1475 4446 ltedentis
1499 4390 1806 4446 affectum?
1835 4391 1982 4462 Ergo
2013 4407 2142 4446 cum

2238 3241 2424 3318 morte
2455 3262 2758 3332 coargutus
2782 3273 2815 3311 a
2845 3254 3120 3328 propheta
3153 3252 3233 3307 ait
3266 3268 3280 3306 :
3313 3271 3345 3300 ‹‹
3374 3246 3596 3305 Peccavi
3626 3241 3826 3298 Domino

2241 3359 2311 3427 (II
2366 3359 2518 3425 Reg.,
2569 3370 2667 3420 χιι,
2721 3354 2807 3418 13)
2824 3367 2841 3420 ;
2884 3370 2911 3399 ››
2962 3347 3054 3403 cui
3103 3359 3449 3417 responsum
3495 3344 3579 3396 est
3627 3337 3830 3410 propter

2239 3448 2628 3523 paenitentiam
2655 3445 2907 3501 ablatum
2937 3459 2972 3497 a
2990 3439 3233 3496 Domino
3253 3437 3381 3510 ejus
3410 3451 3530 3492 esse
3549 3432 3826 3523 peccatum.

2308 3546 2396 3599 23.
2427 3545 2568 3598 Item
2608 3541 2717 3596 alio
2754 3539 2877 3593 loco
2918 3551 3049 3590 cum
3081 3532 3273 3589 Semei
3318 3528 3677 3586 malediceret
3700 3522 3763 3589 ei,
3787 3521 3832 3573 el

2239 3637 2517 3708 iapidaret
2547 3649 2680 3689 eum
2711 3634 2934 3703 septum
2963 3626 3357 3694 bellatoribus,
3388 3639 3492 3696 per
3515 3627 3648 3694 quas
3670 3611 3826 3670 vindi-

2240 3707 2367 3787 care
2395 3745 2452 3785 se
2482 3733 2693 3800 posset,
2732 3725 3019 3797 patienter
3055 3721 3293 3787 ferebat,
3329 3735 3403 3772 ne
3441 3715 3606 3772 verbo
3633 3707 3830 3784 quidem

2239 3825 2493 3880 referens
2554 3818 2998 3885 contumeliam;
3043 3813 3183 3886 quin
3237 3812 3416 3868 etiam
3472 3825 3600 3866 cum
3652 3803 3832 3859 Abessa

2241 3919 2356 3973 dux
2382 3918 2502 3988 ejus
2526 3920 2694 3987 caput
2724 3909 3108 3968 maledicentis
3137 3906 3307 3963 vellet
3331 3907 3580 3972 auferre,
3604 3899 3680 3954 ait
3701 3897 3830 3988 ilex:

2245 4033 2272 4062 ι‹
2314 3985 2462 4076 Quid
2499 3985 2642 4064 mihi
2671 4011 2728 4062 et
2771 4005 2872 4061 tibi
2902 4008 3005 4072 est,
3041 4002 3119 4058 ou
3153 3998 3400 4057 Servius?
3437 3995 3594 4062 Quod
3628 3985 3830 4046 maledi~

2241 4107 2318 4162 cit
2343 4104 2510 4171 mihi,
2530 4100 2806 4158 Dominus
2831 4097 2972 4154 dixit
2997 4096 3050 4152 ei
3074 4093 3417 4150 maledicere
3441 4087 3613 4146 David
3633 4085 3830 4152 (11889..

2209 4216 2354 4269 ‘xv1,
2395 4201 2502 4265 10).
2545 4219 2572 4246 n
2621 4194 2875 4250 Primum
2916 4191 3092 4262 igitur
3131 4188 3362 4258 culpam
3403 4184 3526 4255 ejus
3567 4172 3829 4269 excusavi}.

2242 4300 2299 4350 et
2327 4263 2558 4348 causam
2587 4288 2659 4344 ad
2702 4284 2926 4342 Domini
2966 4281 3163 4338 retulit
3196 4280 3575 4335 voluntatem.
3611 4263 3831 4329 Secundo

2241 4389 2302 4443 in
2346 4402 2514 4441 suum
2557 4380 2827 4437 meritum
2870 4375 3120 4445 retorsit,
3176 4379 3237 4429 ut
3281 4389 3402 4427 non
3439 4371 3596 4425 illum
3631 4373 3830 4424 errasse,

516 4503 632 4540 non
664 4485 914 4556 suppetit
955 4501 1126 4540 causa
1153 4483 1420 4552 laedendi,
1451 4501 1564 4538 non
1600 4488 1788 4554 potest
1823 4458 1990 4555 culpa
2022 4484 2222 4557 esseD
2246 4481 2344 4538 sed
2375 4496 2432 4535 se
2474 4476 2749 4534 meruisse
2786 4470 3145 4544 signiﬁcaret.
3184 4467 3373 4523 Tertio
3409 4458 3831 4520 maledictionem

514 4578 808 4650 propositi.
840 4579 988 4649 Ergo
1017 4578 1063 4633 si
1093 4578 1284 4649 justus
1311 4594 1458 4646 sum,
1488 4576 1706 4632 aﬂicior
1740 4583 1976 4648 propter
2008 4577 2141 4632 cha-

517 4671 768 4738 ritatem,
832 4674 1067 4742 propter
1125 4669 1526 4737 dilectionem,
1591 4673 1825 4742 propter
1886 4670 2144 4726 Ecclesia!

517 4765 820 4831 damnum,
865 4769 1098 4836 propter
1141 4763 1393 4835 corporis
1441 4763 1873 4819 detrimentum.
1913 4767 2145 4820 Possum

515 4859 689 4914 etiam
741 4857 879 4912 illud
932 4856 1146 4926 dolere,
1195 4856 1351 4928 quod
1408 4856 1626 4912 etiamsi
1681 4873 1790 4927 ego
1840 4857 2146 4913 laedentem

516 4969 634 5007 non
659 4951 930 5018 laeserim,
964 4958 1020 5005 et
1049 4967 1164 5006 non
1201 4951 1304 5004 sim
1343 4950 1486 5004 mihi
1527 4952 1784 5005 conscius
1830 4952 1984 5022 quod
2015 4967 2146 5005 eum

517 5047 575 5100 in
617 5063 709 5100 me
747 5044 1034 5117 aliquibus
1073 5044 1302 5115 injuriis
1334 5043 1721 5114 excitaverim,
1751 5050 1943 5100 tamen
1982 5061 2149 5099 causa

517 5140 594 5192 illi
640 5140 847 5194 fuerim
884 5139 1074 5210 lapsus
1110 5137 1259 5207 ejus,
1301 5138 1453 5208 quod
1490 5138 1858 5193 innocentem
1892 5137 2149 5192 laedendo

518 5232 831 5302 delinquat,
863 5231 1016 5303 quod
1041 5231 1219 5285 factus
1250 5230 1357 5284 sim
1385 5231 1438 5284 ei
1467 5231 1706 5286 materia
1735 5231 1970 5302 peccati.

590 5327 679 5378 2t.
727 5326 836 5379 Hoc
884 5342 1022 5398 ergo
1067 5324 1223 5380 dolet
1271 5323 1477 5394 David,
1537 5329 1593 5378 et
1645 5324 1769 5379 ideo
1815 5324 1971 5380 dolet
2016 5323 2153 5395 quia

584 5511 682 5573 (44)
722 5510 866 5560 Edit.
903 5511 1059 5562 Rom.
1097 5525 1227 5563 cum
1271 5513 1463 5576 paucis
1504 5525 1658 5575 mss,
1695 5513 1886 5562 habere
1927 5512 2061 5562 nihil
2095 5513 2153 5562 in

522 5595 575 5629 se
607 5584 748 5644 quod
774 5589 997 5641 accuset,
1028 5590 1073 5635 et
1089 5586 1273 5647 justus
1298 5599 1409 5635 non
1445 5599 1568 5635 esse.
1597 5584 1761 5634 Forte
1789 5584 1936 5648 quod
1972 5585 2152 5635 credi-

526 5657 639 5701 tum
681 5654 751 5701 sit
792 5653 1120 5703 allusionem
1155 5668 1277 5705 esse
1317 5655 1383 5706 ad
1423 5656 1561 5705 illud
1607 5655 1758 5705 Pauli
1795 5670 1806 5702 :
1839 5655 1984 5706 Nihil
2023 5657 2154 5705 mihi

522 5722 759 5769 conscius
786 5735 922 5777 sum,
951 5726 1056 5772 etc.
1084 5725 1284 5777 Melius
1325 5730 1510 5775 tamen
1553 5731 1665 5776 ant.
1694 5727 1824 5776 edit.
1853 5741 1917 5777 ac
1957 5728 2153 5791 reliqui

525 5805 659 5842 mss.
706 5796 763 5840 ut
808 5793 860 5840 in
902 5796 1072 5842 textu.
1117 5794 1219 5844 Hic
1259 5796 1534 5860 siquidem
1579 5798 1922 5864 significatur
1957 5800 2152 5867 justos,

2244 4575 2396 4630 illius
2435 4570 2541 4627 sibi
2585 4585 2700 4624 non
2739 4569 2922 4622 solum
2970 4579 3082 4618 non
3122 4576 3353 4629 nocere,
3386 4557 3484 4613 sed
3532 4554 3693 4610 etiam
3726 4560 3833 4617 pro-

2247 4669 2405 4724 desse
2453 4661 2816 4728 memoravit,
2864 4660 3008 4714 sicut
3045 4654 3320 4726 scriptum
3364 4655 3449 4707 est
3491 4666 3505 4704 :
3557 4669 3582 4697 «
3619 4646 3679 4700 Et
3718 4635 3837 4696 dixit

2248 4760 2419 4817 David
2451 4760 2522 4814 ad
2559 4757 2785 4824 Abesse,
2833 4759 2888 4809 et
2922 4751 2992 4807 ad
3037 4765 3241 4806 omnes
3285 4761 3492 4817 pueros
3531 4741 3650 4812 ejus
3685 4753 3695 4791 :
3726 4735 3836 4824 Ecce

2247 4857 2398 4911 filius
2437 4868 2598 4908 meus
2630 4852 2730 4922 qui
2763 4846 2940 4902 exivit
2977 4845 3046 4900 de
3087 4842 3306 4898 semine
3342 4854 3493 4904 meo,
3521 4829 3713 4906 quaerit
3735 4821 3836 4922 anl-

2249 4966 2406 5006 mam
2453 4962 2671 5014 meam;
2721 4946 2936 5014 quanto
2985 4935 3171 5008 magis
3210 4935 3360 4990 ﬁlius
3402 4927 3640 4987 Jeminei
3681 4917 3836 4991 (Ibide

2252 5044 2380 5111 il)?
2424 5063 2452 5091 »
2497 5037 2795 5095 Granditer
2836 5035 3117 5104 impetum
3169 5027 3406 5099 infregit
3458 5019 3666 5080 ultoris.

2248 5136 2417 5191 modo
2451 5133 2605 5188 enim
2639 5129 3008 5185 maledictum
3049 5123 3302 5180 extranei
3343 5136 3449 5191 pro
3491 5113 3635 5185 regis
3663 5108 3837 5177 injuria

2250 5228 2587 5293 vindicaret,
2629 5240 2756 5279 cum
2810 5221 2908 5276 lilii
2963 5219 3150 5274 adhuc
3206 5211 3572 5288 parricidium
3621 5199 3835 5295 inultufll

2254 5321 2548 5378 maneret?
2573 5289 2699 5374 Non
2733 5316 2927 5388 utique
2973 5311 3226 5368 extranei
3271 5305 3634 5363 maledictum
3671 5297 3722 5351 et
3758 5289 3836 5343 ﬁlii

2253 5514 2356 5564 etsi
2398 5515 2628 5576 peccata
2674 5507 2860 5572 Smia
2900 5503 3106 5576 ειυίδῐιβ
3137 5499 3350 5564 διιείίιίδ
3392 5491 3668 5576 “Et”???
3702 5484 3752 5576 ΪΞ
3787 5488 3838 5576 ἓξ

2255 5554 2365 5633 {{6}}
2397 5554 2649 5640 $66515;
2674 5554 2969 5629 ‘éﬁdiiein
2999 5554 3188 5622 videre
3228 5581 3362 5640 quin
3385 5562 3676 5640 sufficiant,
3697 5554 3836 5640 εξ

2256 5655 2357 5718 ipsi
2388 5628 2757 5716 verewpos'sint
2797 5657 3095 5718 accusare;
3128 5628 3594 5708 quemadmodum
3639 5628 3775 5676 locns
3812 5628 3837 5663 Θ

2257 5715 2413 5776 Prov.
2441 5715 2694 5774 laudatus
2723 5720 2856 5770 satis
2886 5715 3143 5768 ostendit.
