3958 6166
177 214 267 265 ηδτ

1131 224 1138 230 ’
1196 204 1548 258 EXI’OSITIO
1587 203 1656 257 ΙΝ
1699 202 2016 260 PSALMUM
2055 206 2277 261 CXVIII.

3269 216 3403 270 i358

172 331 434 407 ρυτξείᾱίυω
459 344 606 398 requa
631 334 778 382 esset
805 329 966 383 lance
1001 329 1380 419 pensandum.
1413 331 1480 384 Et
1511 329 1669 384 addi-
1696 329 1864 413 Avio
1895 347 1927 383 a
1958 331 2129 386 domo
2171 333 2364 384 sancta
2398 346 2518 396 sua,
2557 332 2874 386 cantatores
2913 333 3017 387 sibi
3054 335 3190 390 fecit
3234 353 3401 393 verus

172 429 256 481 dit:
289 445 311 472 «
340 423 449 477 Sine
488 421 634 476 illum
675 421 1044 490 maledicere;
1091 423 1364 493 quoniam
1407 423 1552 478 dixit
1594 423 1673 477 illi

170 519 367 582 Dominus,
391 514 551 570 donec
576 513 762 569 videat
787 514 1170 571 humilitatem
1193 532 1406 583 meam,
1430 522 1487 572 et
1513 516 1673 571 retri-

167 617 249 667 buat
294 610 404 664 mihi
449 608 704 663 Dominus
757 607 910 663 bona
964 625 1069 680 pro
1121 610 1427 665 maledicto
1482 611 1670 679 (Ibid.,

167 708 229 772 t2}.
252 726 272 751 η
298 704 374 757 Est
391 708 441 757 et
463 701 607 756 aliud
630 701 769 772 justi
808 703 1165 774 propositum
1202 703 1377 774 longe
1403 703 1672 758 omnibus

162 797 377 869 perfectius
402 799 453 849 et
488 795 785 866 potentius,
815 795 1157 851 intervenire
1185 813 1290 868 pro
1317 813 1668 868 persequen-

160 892 270 957 tibus,
309 893 355 942 et
395 904 642 942 excusare
692 894 1027 960 peccantes;
1097 890 1244 960 quod
1312 890 1553 960 legimus
1613 891 1670 944 in

155 983 407 1052 Evangelia,
452 982 663 1036 dicente
713 982 954 1037 Domino
998 984 1127 1038 Jesu
1179 999 1308 1038 cum
1372 983 1670 1038 cruciﬁxus

154 1082 248 1129 esset
283 1093 308 1128 a
340 1074 546 1146 perﬁdis
579 1093 590 1129 :
625 1097 650 1124 ‹‹
680 1077 867 1144 Pater,
911 1076 1136 1130 dimitte
1181 1077 1320 1143 illis;
1364 1093 1478 1132 non
1516 1077 1669 1132 enim

149 1171 273 1222 sciunt
291 1169 401 1239 quid
424 1168 624 1222 faciunt
651 1172 820 1235 (Luc.,
855 1185 1002 1237 χχιιι,
1034 1171 1146 1240 34).
1177 1191 1206 1218 ››

192 1264 254 1315 24.
277 1262 439 1332 Liquet
460 1261 627 1332 igitur
661 1262 752 1316 his
788 1262 1131 1333 magisteriis
1167 1262 1442 1318 doctrinae
1473 1264 1666 1318 cccles-

149 1356 203 1418 tis,
234 1355 350 1424 quod
384 1355 554 1424 justus
610 1371 671 1409 se
719 1371 982 1410 accusare
1039 1355 1224 1422 malit,
1267 1371 1443 1426 quam
1495 1358 1666 1410 alium

148 1447 397 1500 deformare.
418 1447 663 1518 Denique
693 1448 765 1503 de
794 1449 1027 1520 Joseph,
1051 1448 1142 1503 cui
1170 1449 1516 1519 desponsata
1546 1454 1670 1505 erat

146 1540 254 1593 [aria
274 1545 429 1594 mater
455 1541 696 1608 Domini,
739 1542 1015 1613 scriptum
1055 1547 1141 1598 est
1179 1542 1335 1613 quod
1375 1559 1504 1597 cum
1537 1559 1665 1597 eam

146 1649 302 1710 gravem
325 1639 462 1689 utero
489 1635 737 1702 vidisset,
770 1651 901 1690 cum
929 1641 1076 1691 esset
1095 1637 1303 1706 justus,
1333 1636 1514 1692 noluit
1540 1653 1666 1690 eam

145 1708 605 1796 tmducere(lfatth.,
647 1744 688 1790 ι,
733 1729 852 1800 i9);
886 1732 944 1782 et
986 1729 1185 1799 utique
1221 1729 1444 1783 nullum
1483 1707 1743 1784 adhucB

143 1819 320 1872 audierat
339 1822 630 1886 oraculum.
663 1824 744 1875 Ita
769 1837 886 1876 non
917 1821 1106 1876 solum
1134 1821 1204 1877 ab
1247 1822 1475 1876 ultionis
1510 1827 1662 1877 atro-

141 1913 266 1979 citate,
289 1914 367 1967 sed
395 1913 551 1968 etiam
581 1914 656 1968 ab
691 1915 1065 1970 accusationis
1091 1916 1391 1970 severitate
1422 1931 1666 1986 persona

140 2006 226 2070 justi
243 2005 394 2061 aliena
414 2011 516 2074 est;
544 2008 848 2079 potiusque
888 2009 1048 2080 ducit
1079 2025 1238 2064 suam
1268 2009 1663 2064 remissionem

140 2100 326 2167 accusari,
350 2102 488 2172 quod
521 2118 638 2156 non
675 2101 1008 2157 indicaverit
1036 2102 1163 2172 (45),
1197 2119 1368 2173 quam
1407 2103 1662 2157 alienum

141 2192 283 2244 crimen
329 2209 530 2264 urgere.
579 2195 692 2251 Sed
737 2195 887 2251 dices
932 2213 946 2252 :
1000 2195 1300 2260 Quomodo
1354 2196 1494 2250 dixit
1543 2197 1663 2267 ipse

142 2284 277 2340 David:
297 2305 322 2336 ιι
344 2286 636 2342 Laetabitur
645 2289 837 2360 justus
856 2305 986 2343 cum
1006 2288 1212 2344 viderit
1232 2288 1540 2345 vindictam
1561 2288 1664 2343 im-

143 2379 289 2445 piorum
321 2382 465 2445 (Psal.
498 2398 624 2450 Lvu,
667 2383 793 2451 li)?
822 2402 850 2433 ι)
889 2383 1025 2437 Mihi
1070 2382 1293 2438 videtur
1327 2383 1462 2453 quia
1505 2383 1658 2438 laete-

143 2476 210 2536 tur,
230 2473 347 2544 quod
369 2475 477 2545 ipse
504 2475 771 2543 evaserit,
807 2493 923 2531 non
958 2477 1092 2548 quia
1132 2476 1294 2547 impii
1325 2476 1655 2547 puniantur.

141 2565 373 2623 (intramus
396 2569 537 2624 aliud
568 2569 718 2639 justi
752 2570 1104 2640 propositum
1155 2586 1223 2624 ex
1264 2570 1658 2640 sequentibus.

182 2660 238 2711 ‘25.
277 2659 423 2729 (Vers.
469 2662 578 2730 54.)
642 2663 836 2732 Itaque
905 2662 1038 2717 dicit
1095 2678 1108 2717 :
1165 2663 1476 2725 Cantuln’les
1526 2664 1662 2718 mihi

143 2752 613 2822 eruntjustiﬁcationes
654 2761 763 2811 tuae
793 2758 854 2810 in
894 2757 1002 2811 loco
1037 2759 1487 2825 peregrinationis
1511 2772 1657 2811 mea.

144 2842 267 2897 lento
295 2848 832 2920 peregrinationibus
868 2865 982 2903 non
1022 2849 1412 2921 frangebatur,
1461 2866 1656 2920 super-

143 2934 204 2986 bos
242 2937 528 3011 declinabat,
590 2959 912 3014 eorumque
970 2943 1260 3014 prosperis
1315 2943 1660 2998 successibus

147 3041 214 3081 non
242 3021 530 3090 movebatur.
586 3035 1003 3091 Consolabatur
1055 3052 1115 3090 se
1169 3037 1229 3090 in
1267 3035 1498 3106 judiciis
1543 3053 1656 3091 cee-
1680 3069 1734 3144 Ο

151 3118 292 3144 Ῑμιῖὶι..,
351 3125 375 3144 Α
399 3125 448 3144 Α
463 3127 508 3144 ν
523 3126 582 3144 Α
787 3129 801 3144 l
865 3135 875 3144 ι
1013 3129 1023 3139 ο
1157 3129 1193 3144 1⁸
1277 3129 1288 3140 ο
1554 3133 1564 3144 ι
1579 3129 1588 3139 ι

151 3118 309 3188 15mm.
342 3125 584 3200 1052
630 3129 955 3200 angebatur
1008 3129 1068 3183 in
1121 3129 1320 3183 alienis
1375 3129 1657 3199 peccatis;

157 3212 240 3279 quia
269 3221 520 3275 mutabiles
573 3221 829 3276 habebat
866 3222 1297 3292 justiticationes
1353 3222 1473 3277 Dei.
1521 3224 1658 3287 Quae

157 3306 248 3359 enin
262 3307 361 3367 bene
383 3319 667 3384 tenemus,
703 3319 931 3370 cantare
977 3316 1398 3385 consuevimus;
1441 3321 1497 3371 et
1530 3332 1659 3388 quae

149 3407 356 3473 ﬁniantur,
385 3408 583 3464 melius
633 3409 844 3464 nostris
885 3409 1181 3464 adhaerent
1218 3408 1492 3465 sensibus.
1537 3410 1657 3465 Non

143 3491 236 3546 enim
280 3501 630 3566 perfunctorie
689 3505 1043 3558 transeamus
1091 3519 1220 3574 quas
1268 3504 1544 3575 legimus;
1599 3507 1661 3557 ut

143 3585 222 3637 tunc
241 3591 414 3647 tantum
438 3611 566 3650 cum
605 3595 858 3666 legimus
885 3612 974 3664 ea,
1007 3595 1066 3650 in
1092 3596 1424 3651 memoriam
1456 3613 1654 3652 eorum

139 3676 257 3733 redire
285 3685 578 3757 videamur,
611 3688 716 3743 sed
758 3688 928 3743 etiam
967 3704 1096 3742 cum
1134 3689 1294 3743 abest
1327 3689 1500 3744 codex
1534 3706 1654 3744 ma-

136 3769 260 3840 nibus;
277 3779 514 3850 tanquam
535 3781 863 3836 animantia
883 3798 1012 3853 qua).
1035 3781 1346 3852 probantur
1365 3785 1659 3839 ctmunda
1681 3837 1692 3842 _

133 3861 326 3923 habeam
369 3872 422 3926 in
481 3876 633 3946 lege,
685 3875 860 3929 etiam
906 3874 1134 3946 quando
1187 3891 1300 3930 non
1345 3883 1658 3947 pascuntur

135 3959 330 4017 mminare
350 3971 782 4036 consueverunt,
812 3985 879 4022 ex
908 3969 1227 4040 semetipsis
1253 3968 1523 4025 alimenta
1550 3970 1655 4024 sibi

136 4055 333 4110 recondita
354 4061 728 4130 proferentia;
755 4062 836 4116 ita
865 4067 922 4116 et
951 4078 1053 4116 nos
1078 4063 1150 4117 de
1181 4069 1390 4118 nostra
1430 4080 1653 4119 memo-

138 4142 195 4194 rie
215 4147 447 4221 thesauro,
478 4155 549 4210 de
594 4154 966 4210 interioribus
1008 4156 1214 4210 nostris
1244 4156 1656 4212 ruminandum

137 4237 238 4291 nobis
257 4243 492 4311 pabulum
523 4248 786 4320 spiritale
831 4265 1181 4319 promamus.
1225 4250 1432 4321 Hymni
1468 4250 1654 4319 nobis,

135 4339 327 4390 mancum
351 4340 517 4408 nobis,
546 4342 750 4412 psalmi
775 4341 938 4397 nobis
958 4342 1401 4413 justiﬁcationes
1427 4343 1655 4399 Domini

134 4431 214 4476 suit
233 4428 496 4488 Psallamus
533 4436 759 4506 spiritu,
803 4436 1113 4506 psallamns
1154 4439 1211 4491 et
1253 4443 1480 4506 mente;
1514 4454 1584 4492 ne
1609 4435 1734 4508 siD

133 4515 232 4571 mtiliti
251 4521 508 4598 fuerimus,
537 4529 596 4583 in
630 4535 891 4600 tempore
917 4531 1264 4586 necessitatis
1289 4531 1509 4585 dicatur
1537 4531 1655 4585 uni-

130 4623 263 4678 cuique
292 4624 525 4677 nostrum
574 4646 585 4677 :
636 4643 665 4672 «
690 4622 961 4694 Abjecisti
1001 4640 1292 4679 sermones
1329 4640 1486 4680 meos
1525 4628 1657 4695 post

133 4707 160 4748 ιθ
179 4703 297 4768 (Paul.
322 4727 450 4782 xux,
486 4716 594 4788 Π).
628 4739 657 4766 ››

169 4797 226 4851 26.
259 4803 471 4879 ideoque
495 4818 559 4866 ut
599 4811 980 4883 expelleretur
1011 4814 1068 4866 et
1093 4810 1487 4866 eliminaretur
1515 4811 1654 4867 obli-

249 5027 366 5082 Rdit.
390 5043 497 5087 ant.
539 5052 670 5090 cum
709 5040 952 5091 maxima
990 5043 1142 5104 parte
1179 5053 1334 5100 mss.,
1367 5039 1506 5103 quod
1543 5053 1654 5090 non

399 5108 553 5159 Rom.
597 5125 725 5162 cum
768 5125 899 5161 mss.
931 5092 1228 5176 aliquot...,
1263 5092 1652 5162 non'uindica-

402 5178 690 5254 Remig.....
733 5169 1067 5241 indicaverit,
1110 5182 1166 5232 id
1202 5169 1307 5243 est,
1343 5195 1653 5254 accusave-

134 5250 284 5320 f'slstve
311 5250 501 5301 crimen
529 5252 802 5313 detulerit,
835 5268 946 5318 quo
983 5267 1152 5304 sensu
1186 5266 1298 5304 non
1337 5254 1507 5303 semel
1545 5252 1652 5303 hoc

137 5304 521 5396 :fifrraccipitur
557 5325 710 5396 apud
757 5304 1101 5376 Ciceronem.
1155 5322 1225 5375 Et
1279 5325 1372 5375 hic
1424 5322 1651 5389 quidem

135 5379 276 5440 ειῗλιιιιιε,
298 5379 652 5444 nti—orationis
681 5394 840 5447 docet
869 5397 1056 5446 series.

139 5448 628 5538 "sm-{infami-
664 5471 821 5518 actus
863 5468 1145 5532 religionis
1182 5468 1370 5518 habita
1411 5472 1494 5518 est
1539 5479 1650 5517 non

141 5525 394 5604 ξξι-Ψιλιρυᾶ
435 5533 713 5604 Hebreos,
754 5551 946 5587 verum
967 5525 1158 5588 Veliam
1210 5539 1355 5601 apud
1399 5537 1648 5600 gentiles.

240 5591 398 5676 301918
421 5603 553 5676 Salii
585 5591 899 5660 sacerdotes
939 5609 1129 5659 Martis
1167 5591 1337 5673 atque
1373 5591 1647 5659 Herculis.

137 5649 728 5748 Ηᾕξζεπίει,δείὶιιὶιὶοιιιιιῐι
768 5694 969 5744 genera
1013 5681 1064 5728 in
1107 5649 1375 5731 hondrem
1418 5679 1650 5731 deorum

171 5735 326 5792 “illa;
356 5741 416 5792 de
442 5747 642 5810 quibus
681 5735 960 5802 Ludianus
996 5752 1049 5800 iu
1094 5751 1187 5801 lib.
1222 5752 1334 5814 Περί
1373 5751 1648 5814 ὀρχήσεωςί

1774 423 2040 477 Salomon
2083 425 2146 492 (ΙΙ
2179 426 2386 489 Paral.,
2427 440 2480 490 ν,
2521 427 2626 495 12),
2671 425 2768 494 qui
2810 427 2927 479 toto
2969 427 3166 497 spiritu
3203 430 3395 502 inqui-

1773 517 1962 570 rendae
1999 517 2312 587 cognitioni
2356 517 2666 571 divinitatis
2710 517 3106 588 intenderent;
3136 539 3208 576 ne
3247 525 3396 594 psal-

1773 608 1948 664 lentes
2005 609 2267 664 deessent
2310 609 2568 665 Ecclesiee
2611 627 2747 678 suae,
2795 627 3039 682 quorum
3082 617 3254 670 cantu
3299 632 3398 672 ne-

1773 719 1946 773 quam
1967 703 2198 774 spiritus
2216 704 2544 773 fugaretur;
2569 704 2712 758 sicut
2729 705 2905 760 David
2929 707 3108 762 sancti
3125 708 3400 764 docemur

1771 797 2047 867 exemplo,
2079 813 2192 868 quo
2223 797 2509 868 psallente,
2544 798 2726 852 malus
2754 799 2850 853 ille
2886 800 3117 870 spiritus
3152 803 3396 872 expelle-

1771 889 1957 957 batur,
1987 890 2088 961 qui
2107 890 2240 944 Saul
2271 890 2425 961 regis
2450 891 2618 946 corda
2643 891 2878 947 vexabat
2903 893 2940 962 (l
2971 896 3121 960 Reg.,
3153 911 3262 964 xvr,
3285 897 3398 966 23).

1771 983 2068 1053 Prophetae
2097 1000 2322 1055 quoque
2365 989 2426 1038 ut
2460 985 2888 1056 prophetarent,
2929 987 3206 1056 psallendi
3243 989 3399 1059 peri-

1773 1080 1894 1130 tum
1916 1076 2202 1146 jubebant
2230 1078 2466 1148 psallere
2494 1079 2581 1146 (ill
2606 1081 2760 1145 Reg.,
2789 1094 2918 1141 xxu,
2952 1083 3057 1150 i2),
3087 1097 3202 1151 quo
3242 1083 3400 1136 suavi

1768 1170 2000 1224 invitata
2031 1170 2330 1225 dulcedine
2359 1170 2626 1240 spiritalis
2666 1171 3065 1226 infunderetur
3096 1174 3295 1243 gratia.
3335 1177 3402 1230 Et

1771 1263 1830 1317 in
1875 1263 2180 1333 Evangelia
2221 1263 2464 1334 legimus
2508 1264 2564 1317 in
2606 1265 2775 1318 domo
2818 1265 2990 1335 patris
3020 1266 3171 1321 illius
3217 1268 3400 1323 ﬁliuni

1770 1357 2155 1427 recuperantis
2202 1357 2588 1427 percrepuisse
2634 1358 3044 1428 symphoniam
3087 1360 3258 1430 (Luc.,
3306 1378 3396 1428 xv,

1769 1450 1880 1519 25),
1921 1466 2036 1520 qua
2076 1449 2373 1520 epulantes
2421 1449 2844 1504 delectabantur
2883 1450 3103 1518 ﬁdeles,
3147 1454 3398 1522 perfidus

1769 1547 1962 1597 autem
1990 1542 2350 1612 impatienter
2385 1541 2673 1596 audiebat.
2708 1543 2891 1597 Dulcis
2932 1543 3110 1614 igitur
3144 1551 3228 1600 est
3261 1562 3392 1600 can--

1769 1635 1959 1701 tilena,
2007 1653 2135 1705 quze
2185 1652 2298 1689 non
2352 1651 2558 1706 corpus
2615 1635 2927 1703 effeminat,
2985 1636 3080 1690 sed
3141 1644 3391 1694 mentem

1767 1730 2136 1799 animumque
2193 1728 2510 1783 conﬁrmat.
2567 1729 2810 1799 Ideoque
2860 1729 3143 1784 canticum
3188 1731 3394 1786 dicitur

1769 1821 1989 1876 Domini
2033 1823 2484 1889 Testamentum;
2523 1822 2659 1892 quia
2700 1821 3093 1877 remissionem
3135 1825 3392 1879 omnium

1767 1918 2152 1986 peccatorum,
2179 1915 2519 1984 Dominique
2533 1914 2784 1985 justitias
2804 1914 2861 1968 in
2891 1915 3197 1986 Scripturis
3217 1918 3396 1972 Evan-

1766 2008 1901 2080 gelii
1956 2008 2109 2062 suavi
2173 2008 2377 2062 mentis
2427 2007 2801 2062 exsultatione
2849 2008 3226 2065 coneinimus.
3275 2013 3394 2081 ipse

1765 2118 1994 2173 quoque
2024 2101 2292 2155 Dominus
2318 2117 2431 2154 non
2455 2100 2805 2172 dedignatus
2825 2107 2910 2156 est
2937 2102 3125 2158 dicere
3159 2120 3172 2158 :
3197 2125 3224 2153 ‹‹
3254 2105 3394 2160 Can-

1765 2195 2006 2250 tavimus
2055 2194 2230 2263 vobis,
2279 2199 2337 2249 et
2377 2210 2495 2249 non
2544 2195 2787 2249 saltastis
2835 2197 3012 2265 (Luc.,
3059 2212 3151 2263 v11,
3204 2197 3313 2267 32).
3365 2221 3392 2248 ››

1763 2288 2026 2344 Cantavit
2075 2287 2238 2342 nobis
2285 2288 2345 2342 in
2395 2288 2697 2358 Evangelio
2739 2288 2965 2344 veniam
3020 2289 3390 2358 delictorum;

1763 2381 2084 2437 debuerunt
2105 2380 2287 2436 Judaei
2315 2384 2570 2436 mentem
2598 2382 2883 2449 attollere,
2915 2398 3032 2437 non
3060 2382 3392 2439 histrionico

1762 2476 2016 2546 corporis
2056 2479 2238 2542 motu,
2283 2475 2381 2528 sed
2425 2477 2620 2529 sancto
2664 2475 2905 2544 Spiritu.
2948 2475 3068 2530 Non
3114 2477 3390 2544 fecerunt,

1761 2569 1892 2624 ideo
1919 2568 2438 2639 reprehenduntur.

1830 2666 1920 2716 27.
1952 2662 2060 2716 Sed
2108 2661 2278 2716 etiam
2316 2664 2372 2714 et
2407 2659 2660 2730 corporis
2701 2659 2926 2714 saltatio
2971 2661 3080 2731 (46)
3108 2661 3165 2715 in
3209 2663 3386 2717 hono-

1761 2772 1881 2810 rem
1909 2755 2004 2810 Dci
2031 2753 2328 2808 laudabilis
2359 2753 2623 2807 habetur.
2665 2753 2920 2824 Denique
2956 2754 3184 2808 saltavit
3215 2755 3388 2809 David

1759 2852 1887 2903 ante
1916 2864 2108 2902 arcam
2152 2845 2398 2913 Domini,
2429 2851 2483 2900 et
2530 2845 2669 2899 vidit
2707 2862 2839 2900 eum
2873 2845 3071 2900 Micbol
3115 2845 3232 2902 ﬁlia
3257 2847 3389 2902 Saul

1759 2943 2081 3008 saltantem,
2114 2947 2170 2994 et
2210 2940 2632 3012 percutientem
2664 2939 2722 2993 in
2753 2939 2980 3010 organis
3010 2940 3124 3010 (47)
3153 2939 3382 2995 harmo-

1761 3035 1960 3090 nizatis
1985 3034 2045 3089 in
2083 3037 2387 3104 conspectu
2418 3031 2667 3100 Domini,
2695 3037 2751 3088 et
2775 3032 2854 3088 ait
2884 3032 2956 3088 ad
2983 3049 3136 3100 eum,
3166 3037 3386 3104 postea-

1761 3145 1937 3200 quam
1979 3144 2038 3182 se
2074 3127 2312 3183 domum
2349 3126 2561 3196 recepit
2593 3143 2606 3181 :
2639 3148 2667 3174 α
2697 3125 2842 3190 Quid
2882 3125 3081 3196 utique
3113 3126 3387 3196 honorifi-

1759 3227 1920 3278 catus
1963 3225 2050 3276 est
2090 3237 2189 3276 rex
2221 3220 2425 3288 Israel;
2459 3220 2593 3292 quia
2635 3219 2954 3274 denudatus
2991 3224 3076 3275 est
3117 3219 3290 3274 hodie
3330 3220 3390 3274 in

1761 3315 1939 3370 oculis
1967 3314 2291 3387 puellarum
2319 3329 2551 3368 suarum
2576 3313 2934 3379 ancillarum,
2967 3313 3115 3367 sicut
3144 3330 3292 3368 unus
3321 3330 3388 3367 ex

1760 3409 2121 3464 saltatoribus
2163 3408 2230 3477 (Il
2266 3410 2416 3476 Reg.,
2453 3422 2528 3472 γι,
2576 3407 2709 3474 20)?
2741 3429 2770 3456 »
2811 3407 2881 3460 Et
2919 3405 3058 3460 dixit
3101 3407 3271 3460 David
3314 3407 3387 3460 ad

1757 3502 1956 3557 Michol
2011 3502 2068 3556 in
2122 3503 2430 3571 conspectu
2482 3499 2703 3554 Domini
2755 3499 2864 3566 (4-8)
2914 3515 2926 3552 :
2977 3520 3003 3547 ‹‹
3055 3499 3388 3554 Benedictus

1762 3594 2036 3650 Dominus
2060 3594 2160 3664 qui
2197 3593 2370 3664 elegit
2409 3609 2502 3647 me
2540 3608 2710 3663 super
2747 3597 2963 3662 patrem
2992 3596 3176 3659 tuum,
3201 3596 3259 3644 et
3294 3610 3385 3646 su-

1758 3705 1864 3759 per
1889 3704 2123 3743 omnem
2152 3686 2391 3742 domum
2421 3685 2570 3739 illius
2601 3685 2943 3739 constituere
2978 3684 3036 3737 in
3063 3685 3384 3754 principem

1757 3798 1930 3853 super
1974 3781 2198 3852 plebem
2247 3795 2409 3834 suam
2455 3779 2618 3833 lsrael
2667 3783 2725 3832 et
2774 3777 3012 3842 Judam;
3067 3776 3283 3831 saltabo
3329 3779 3385 3830 in

1758 3878 2061 3946 conspectu
2100 3872 2346 3939 Domini,
2387 3877 2445 3925 et
2481 3870 2814 3926 denudabor
2849 3869 3036 3922 adhuc
3067 3869 3163 3936 sic,
3199 3872 3255 3922 et
3282 3885 3384 3922 ero

1758 3984 1948 4040 nugax
1973 3967 2034 4022 in
2066 3971 2369 4036 conspectu
2398 3970 2518 4031 tuo,
2549 3968 2608 4019 et
2632 3980 2761 4019 cum
2789 3963 2992 4034 puellis
3017 3979 3147 4017 cum
3179 3962 3384 4034 quibus

1757 4062 1944 4118 dixisti
1965 4076 2084 4114 esse
2114 4060 2413 4125 nudatum,
2445 4056 2818 4128 gloriﬁcabor.
2843 4058 2908 4112 Et
2931 4057 3148 4123 Michol,
3174 4056 3381 4128 inquit,

1757 4155 1887 4210 ﬁlia:
1916 4154 2047 4210 Saul
2075 4169 2189 4208 non
2223 4156 2343 4208 erat
2369 4151 2518 4205 ﬁlius
2541 4166 2722 4220 usque
2753 4150 2812 4204 in
2847 4149 3000 4205 diem
3027 4149 3229 4204 mortis
3259 4151 3385 4220 ejus

1759 4249 1944 4316 (Ibid.,
1977 4245 2192 4314 21-23).
2226 4265 2252 4296 »
2284 4245 2526 4299 Evidens
2552 4244 2743 4314 itaque
2784 4242 3112 4313 exemplum
3151 4243 3301 4313 quod
3329 4247 3386 4298 et

1758 4339 2025 4414 1053
2069 4340 2357 4411 PrOpheta
2403 4339 2502 4409 qui
2547 4336 2901 4408 percutiebat
2936 4336 2994 4390 in
3034 4337 3288 4405 organis,
3327 4341 3385 4390 et

1757 4435 1980 4490 saltavit
2007 4439 2138 4488 ante
2168 4448 2358 4487 arcam
2401 4431 2644 4496 Domini,
2666 4429 3006 4500 justificatus
3041 4432 3154 4496 est;
3195 4432 3253 4482 et
3290 4428 3384 4483 illa

1755 4545 1883 4600 qua:
1911 4526 2279 4598 reprehendit
2307 4542 2462 4591 eum,
2495 4523 2789 4578 sterilitate
2819 4523 3089 4577 damnata
3115 4525 3221 4576 est.

1825 4625 1915 4676 28.
1947 4620 2057 4676 Sed
2086 4635 2198 4674 non
2231 4618 2364 4672 satis
2391 4620 2474 4672 est
2503 4621 2569 4670 ut
2608 4615 2811 4686 aliquis
2845 4615 3154 4670 cantabiles
3182 4613 3385 4669 habeat

1748 4715 2185 4786 justiﬁcationes
2209 4711 2326 4779 Dei,
2351 4710 2463 4765 nisi
2491 4714 2849 4764 terrenarum
2873 4715 3041 4764 exuat
3065 4725 3122 4763 se
3150 4708 3382 4762 servitio

1754 4807 2232 4864 sollicitudinum.
2265 4805 2506 4876 Ideoque
2533 4801 2756 4858 addidit
2782 4819 2796 4858 :
2833 4824 2861 4852 ‹‹
2888 4803 2947 4856 in
2974 4802 3099 4857 loco
3126 4800 3380 4872 peregri-

1754 5048 1975 5087 necnon
2006 5035 2061 5084 in
2087 5033 2230 5084 libro
2264 5034 2334 5082 De
2358 5029 2626 5082 orchestra
2652 5029 2772 5078 fuse
2801 5026 3090 5078 Meursius.

1817 5108 1911 5169 (47)
1944 5106 2068 5156 Era.
2105 5109 2159 5155 et
2191 5117 2306 5166 seq.
2344 5101 2473 5153 edit.
2505 5102 2561 5150 in
2591 5113 2784 5162 marg,
2815 5099 2871 5147 in
2914 5096 3132 5160 organis

1750 5167 1864 5234 νοις.
1895 5167 2114 5228 Αωθτι).
2143 5180 2199 5226 et
2237 5173 2364 5225 Gill.
2408 5175 2463 5222 in
2511 5185 2684 5235 corp.,
2720 5172 2777 5219 in
2813 5168 3031 5232 organis
3064 5167 3381 5215 armazalis.

1756 5251 1882 5300 Mss.
1937 5261 2139 5312 magno
2192 5257 2446 5301 numero,
2497 5242 2798 5293 armz'zatr's.
2855 5239 3072 5303 Optime
3129 5239 3383 5287 omnium

1754 5321 1990 5383 Remig,
2021 5316 2396 5368 armonizatis.

1817 5378 2108 5454 (48)'Rom.
2156 5387 2307 5448 edit,
2348 5385 2419 5435 ad
2460 5382 2676 5434 Melchol
2706 5378 2969 5454 {_Sc_zltabo
3016 5379 3384 5454 incomperta

1759 5450 1983 5514 Domini.
2031 5461 2097 5512 Et
2139 5475 2150 5507 :
2197 5457 2518 5512 Benedictus,
2559 5458 2662 5504 etc.
2707 5450 2928 5502 Habent
2966 5451 3190 5514 quidem
3234 5451 3383 5501 LXX

1753 5536 1982 5585 verbum
2029 5532 2330 5596 ὀρχήσομαι;
2377 5526 2474 5577 sed
2519 5539 2646 5576 cum
2689 5521 2837 5586 apud
2883 5522 3239 5596 Ambrosium
3281 5536 3384 5573 nec

1753 5608 1809 5656 in
1840 5619 1973 5656 mss.
2004 5594 2110 5654 nec
2149 5603 2205 5652 in
2245 5603 2354 5649 ant.
2391 5597 2525 5648 edit.
2574 5596 2905 5655 inveniatur,
2944 5594 3243 5643 verisimile
3283 5598 3383 5652 est,

1753 5677 1891 5728 illud
1942 5677 2012 5728 ab
2059 5672 2365 5736 exemplari
2406 5683 2516 5734 quo
2560 5669 2641 5717 vir
2697 5671 2922 5717 sanctus
2973 5680 3105 5717 usus
3153 5669 3253 5726 est,
3295 5666 3385 5714 ab-

1753 5749 1938 5799 fuisse.
