3958 6166
547 235 681 287 l359

2005 227 2060 281 S.
2102 223 2422 282 AMBROSII

3723 239 3736 288 1
3748 239 3830 292 360

541 357 787 414 nationis
830 372 975 412 mea:
1023 359 1192 426 (Psal.
1233 373 1455 426 xxxv-1n,
1497 359 1604 424 13).
1635 377 1662 406 ››
1710 353 1986 410 Convenit
2023 353 2164 421 sibi;
2190 365 2244 436 Α
2267 353 2405 408 dum
2431 351 2565 424 quia
2591 350 2869 407 Dominus
2897 350 3089 406 omnia
3133 350 3386 406 intuetur
3420 351 3740 413 abscondita.
3767 363 3829 417 Ne

539 451 820 523 siquidem
847 456 904 505 et
948 450 1083 504 alibi
1113 450 1192 504 ait
1221 467 1235 505 :
1269 471 1295 497 ‹‹
1327 447 1554 504 Advena
1591 465 1715 503 sum
1759 465 1866 519 ego
1915 447 1973 502 in
2013 450 2167 501 terra

539 545 670 600 hac.
705 566 733 594 »
762 543 922 598 Unde
945 549 1002 599 et
1027 544 1323 616 Apostolus
1349 560 1467 599 non
1494 543 1613 598 vult
1633 558 1736 597 nos
1762 543 1820 597 in
1849 541 2023 596 domo
2044 540 2163 606 Dei,

538 637 782 709 ﬁdeique
802 636 1097 692 vocatione
1113 637 1360 693 advenas
1372 653 1491 692 esse
1510 643 1566 691 et
1578 635 1914 708 peregrinos
1929 633 2162 705 (Ephes,

541 746 600 797 ιι,
647 731 755 799 19),
789 751 817 779 ››
865 729 964 784 sed
1007 729 1155 785 cives
1196 733 1516 784 sanctorum
1566 732 1624 782 et
1661 727 2000 782 domesticos
2041 725 2160 780 Dei.

538 824 646 888 Qui
673 823 827 878 enim
857 822 1209 879 domesticus
1234 823 1335 878 Dei
1362 827 1467 890 est,
1501 821 1659 877 exsul
1686 823 1770 876 est
1793 818 2040 888 mundo;
2068 819 2167 890 qui

539 920 907 972 conversatur
934 916 992 970 in
1020 915 1360 987 caelestibus,
1389 914 1729 987 peregrinus
1769 916 1856 968 est
1891 913 1949 967 in
1981 912 2166 969 terris.

539 1009 1061 1080 Peregriuabantur
1099 1009 1158 1064 in
1199 1009 1308 1064 hoc
1353 1007 1570 1064 mundo
1617 1005 1855 1074 Hebraai,
1898 1007 2166 1060 naturam

539 1103 791 1158 incendii
822 1119 936 1158 non
968 1104 1311 1170 sentientes;
1349 1100 1659 1158 cantabiles
1689 1098 1978 1154 habebant
2004 1098 2164 1169 justi-

539 1194 828 1252 ﬁcationes
855 1195 974 1265 Dei,
1001 1212 1130 1251 cum
1171 1196 1450 1267 hymnum
1499 1195 1609 1250 Deo
1658 1192 1729 1248 de
1773 1196 2167 1248 creaturarum

540 1289 866 1344 laudatione
892 1291 1206 1344 cantarent.

611 1384 700 1437 29.
728 1382 942 1437 Deinde
971 1382 1070 1452 qui
1105 1385 1312 1451 cantat,
1340 1396 1547 1437 vacuus
1575 1383 1682 1450 est,
1715 1384 1772 1435 et
1811 1378 2166 1434 diversarum

539 1476 950 1547 cogitationum
977 1491 1139 1530 curas
1163 1475 1398 1547 relegat,
1427 1480 1745 1547 sequestrat
1770 1473 2082 1541 avaritiam,
2112 1475 2168 1526 et

539 1584 653 1623 non
687 1569 870 1622 solum
899 1569 1150 1640 corporis
1189 1585 1342 1636 voce,
1371 1568 1470 1624 sed
1512 1567 1683 1622 etiam
1713 1565 1922 1621 mentis
1961 1564 2164 1620 vivaci-

539 1665 654 1715 tate
681 1677 739 1716 se
770 1662 999 1717 mulcet.
1028 1662 1152 1717 Non
1182 1661 1336 1716 enim
1371 1664 1648 1732 tanquam
1689 1663 1920 1714 moestus
1959 1657 2168 1730 impias

2268 445 2480 499 dixeris
2519 461 2659 516 ergo
2690 461 2704 499 :
2745 444 3128 501 Circumfusus
3167 461 3294 498 sum
3340 446 3591 514 tenebris,
3619 451 3728 520 quis
3758 471 3830 509 me

2265 537 2456 593 videt?
2484 539 2553 593 Et
2579 554 2749 609 quem
2781 536 2829 609 1
2846 536 3038 609 054
3063 553 3258 592 vereor
3287 541 3472 608 septus
3497 540 3771 610 parietibus
3790 550 3834 601 et

2267 630 2556 686 inclusus?
2582 631 2722 696 Quia
2767 632 2962 688 Vultus
2996 632 3211 686 Domini
3246 646 3406 701 super
3439 633 3678 698 facientes
3714 641 3835 692 mala

2267 725 2433 796 (Psul.
2463 741 2649 791 χχχιιι,
2688 724 2794 795 17).
2827 723 3044 779 Deinde
3071 724 3117 777 si
3163 723 3441 778 arbitrum
3475 741 3582 780 non
3607 727 3763 797 vides,
3788 738 3833 786 te

2268 817 2453 889 ipsum
2478 835 2596 873 non
2626 817 2816 873 vides?
2834 819 2966 873 Ture
2987 817 3344 872 conscientia).
3365 817 3724 876 testimonium
3742 839 3835 878 non

2266 911 2518 967 vereris?
2550 912 2734 966 Nescis
2763 910 2921 965 illam
2964 910 3264 982 caliginem
3301 911 3476 966 noctis
3513 929 3619 968 non
3644 922 3836 986 operto-

2265 1007 2440 1074 rium,
2473 1004 2570 1060 sed
2599 1005 2948 1060 incentivum
2986 1020 3106 1059 esse
3142 1004 3400 1075 peccati?
3427 1006 3564 1062 Cum
3593 1023 3767 1063 somno
3796 1016 3840 1064 et

2267 1099 2394 1153 cibo
2432 1098 2651 1153 fervent
2679 1113 2936 1170 corpora,
2969 1103 3102 1152 tunc
3141 1098 3316 1152 etiam
3358 1099 3517 1170 vigor
3548 1101 3734 1156 mentis
3764 1119 3838 1157 so-

2267 1207 2405 1264 pore
2440 1192 2681 1260 laxatur,
2710 1207 2907 1246 somno
2935 1191 3257 1258 resolvitur;
3289 1194 3425 1246 tunc
3455 1191 3644 1264 irrepit
3667 1194 3841 1266 impuri

2267 1283 2446 1339 libido
2489 1283 2849 1352 concubitus;
2902 1289 3039 1338 tunc
3090 1282 3454 1354 perturbatur
3495 1300 3604 1352 cor,
3653 1289 3840 1357 squalor

2269 1377 2645 1434 immunditiee
2672 1394 2788 1433 non
2816 1377 3040 1432 videtur
3067 1377 3204 1450 (4.9),
3233 1377 3502 1432 castitatis
3535 1379 3730 1450 paritas
3752 1397 3842 1436 non

2267 1471 2676 1540 consideratur,
2704 1470 2989 1542 pudicitiae
3019 1470 3201 1542 gloria
3240 1487 3357 1526 non
3403 1475 3723 1527 recensetur.
3749 1474 3840 1528 Nox

2267 1570 2387 1620 erat
2415 1563 2642 1635 quando
2665 1565 2690 1618 J
2699 1564 2836 1619 udas
2861 1563 3129 1635 prodidit,
3157 1564 3387 1636 quando
3418 1566 3608 1621 Petrus
3632 1568 3840 1637 negavit.

2337 1660 2424 1712 32.
2470 1657 2565 1711 lllo
2609 1656 2785 1728 igitur
2830 1657 3116 1728 praecipue
3156 1660 3416 1729 tempore
3458 1657 3842 1729 justiﬁcationes

540 1754 936 1822 sollicitudine,
966 1755 1066 1809 sed
1093 1758 1365 1826 tanquam
1397 1730 1546 1809 liber
1571 1753 1642 1807 ab
1671 1742 1939 1808 omnibus
1968 1768 2163 1823 corpo-
2189 1730 2243 1802 Β
2267 1749 2367 1806 Dei
2393 1751 2584 1805 animo
2604 1750 2929 1806 retexenda:
2959 1753 3108 1818 sunt,
3135 1750 3444 1822 relegenda
3469 1751 3725 1806 mandata
3749 1753 3843 1805 hor-

539 1847 744 1902 ralium
765 1846 1056 1902 affectibus
1077 1847 1400 1918 passionum
1424 1846 1662 1902 canebat
1680 1846 1835 1900 idem
1852 1845 2163 1917 Propheta:

543 1961 570 1989 ‹‹
613 1940 844 1994 Psallam
890 1939 1012 2010 tibi,
1067 1941 1242 2010 Deus,
1290 1940 1347 1994 in
1401 1940 1644 2007 cithara,
1698 1942 1928 1994 sanctus
1980 1940 2164 1994 Israel.

539 2033 875 2088 Gaudebant
901 2033 1043 2088 labia
1072 2050 1220 2101 mea,
1243 2050 1372 2088 cum
1403 2039 1705 2089 cantavero
1731 2032 1864 2102 tibi;
1895 2038 1953 2088 et
1972 2033 2166 2087 anima

538 2143 686 2196 mea,
733 2143 903 2197 quam
959 2126 1249 2182 redemisti
1295 2128 1463 2198 (Psal.
1506 2143 1629 2197 LXX,
1670 2129 1760 2194 22,
1799 2125 1912 2198 23).
1947 2145 1970 2176 ι
2014 2126 2164 2181 Can-

539 2220 696 2274 tabat
752 2220 874 2274 haec
922 2219 1104 2290 laetus,
1149 2223 1420 2292 tanquam
1464 2219 1552 2275 his
1605 2219 1936 2275 melioribus
1984 2219 2165 2291 epulis

538 2318 882 2384 pasceretur.
905 2313 1263 2384 Epulabatur
1288 2314 1440 2368 enim
1461 2313 1686 2368 animus
1714 2313 1824 2384 piae
1849 2311 2165 2368 devotionis

538 2407 834 2462 alimento.
878 2407 998 2461 Non
1026 2406 1213 2461 solum
1255 2406 1446 2478 itaque
1489 2405 1688 2478 hymni
1719 2409 1776 2461 et
1813 2405 2036 2477 psalmi,
2065 2404 2163 2460 sed

537 2499 707 2554 etiam
743 2499 885 2571 legis
923 2503 1210 2572 praecepta
1244 2499 1546 2555 cantabilia
1578 2501 1783 2554 sanctis
1813 2504 1961 2554 sunt.
1994 2499 2162 2554 Deni-

537 2609 648 2664 que
673 2592 940 2648 cantabat
962 2593 1181 2665 Moyses
1209 2593 1307 2665 qui
1345 2594 1534 2664 legem
1575 2593 1812 2665 accepit,
1845 2609 1976 2647 cum
2015 2607 2160 2664 pras-

536 2692 850 2758 tergressus
877 2686 1122 2758 pedibus
1149 2702 1330 2755 mare,
1364 2686 1566 2741 servati
1595 2687 1787 2758 populi
1817 2686 2018 2741 ductor
2039 2685 2160 2756 jus-

535 2778 870 2834 tificationes
904 2778 1129 2834 Domini
1161 2777 1510 2850 praedicaret.

605 2874 694 2926 30.
724 2873 901 2943 (Vers.
929 2872 1043 2944 55.)
1068 2874 1338 2943 Superest
1379 2873 1566 2927 adhuc
1605 2872 1959 2944 propositum
1999 2886 2160 2943 egre-

433 3003 436 3007 η
538 2965 695 3038 gium
721 2965 826 3019 viri
851 2965 1013 3036 justi,
1037 2964 1171 3036 quia
1200 2964 1356 3020 omni
1384 2971 1644 3036 tempore
1671 2965 1818 3020 circa
1844 2965 1941 3019 Dei
1966 2965 2163 3020 laudes

2269 1845 2493 1900 tatoria.
2524 1845 2623 1900 llla
2651 1845 2720 1899 de
2763 1844 3020 1899 castitate
3061 1849 3351 1916 praecepta
3379 1861 3493 1899 non
3538 1843 3740 1914 absint;
3779 1845 3842 1898 his

2270 1941 2542 2009 occupata
2569 1953 2731 1992 mens
2769 1937 3126 2008 ﬂagrantiam
3163 1937 3437 2008 libidinis,
3466 1938 3643 1992 carnis
3675 1938 3839 1992 restin-

2269 2037 2408 2104 guat
2434 2031 2724 2086 ardorem.
2751 2032 2901 2085 Tene
2931 2030 3072 2106 illud
3100 2031 3295 2086 animo
3320 2047 3334 2087 :
3367 2052 3394 2080 ‹‹
3423 2031 3637 2086 Lavabo
3657 2046 3745 2102 per
3759 2030 3844 2085 sin-

2267 2125 2431 2196 gulas
2455 2128 2646 2180 noctes
2672 2124 2880 2180 lectum
2908 2123 3285 2196 meum(Psal.
3319 2140 3395 2195 vr,
3419 2125 3494 2195 7).
3523 2146 3551 2175 »
3581 2124 3705 2189 Quis
3721 2124 3843 2180 enim

2267 2217 2476 2290 stupris
2501 2218 2746 2286 deditus,
2772 2217 3000 2290 ﬂagitiis
3037 2217 3348 2286 involutus,
3389 2219 3537 2274 lavat
3567 2234 3666 2291 per
3687 2218 3843 2288 singu-

2267 2313 2343 2366 las
2367 2317 2561 2366 noctes
2587 2312 2797 2367 lectum
2821 2312 3023 2366 suum?
3045 2310 3226 2367 Nescit
3249 2312 3389 2367 ﬂere
3416 2311 3515 2383 qui
3539 2311 3714 2366 ﬂenda
3729 2326 3847 2365 com-

2267 2405 2475 2474 mittit;
2501 2408 2558 2460 et
2577 2421 2705 2460 cum
2727 2405 2800 2460 sit
2818 2405 2947 2476 ipse.
2963 2404 3364 2476 lacrymabilis,
3385 2421 3499 2460 non
3522 2404 3687 2460 habet
3701 2420 3846 2476 pinna

2267 2498 2543 2569 lacrymas
2570 2513 2686 2552 sua:
2715 2497 2846 2569 (50).
2869 2502 2936 2554 At
2955 2498 3047 2552 ille
3075 2498 3172 2569 qui
3202 2498 3445 2570 castigat
3466 2514 3666 2570 corpus
3688 2512 3847 2565 suum,

2267 2595 2324 2646 et
2352 2591 2438 2645 sui
2475 2591 2752 2646 sollicitus
2793 2591 3145 2663 gubernator
3171 2596 3274 2658 est,
3313 2597 3486 2663 atque
3512 2590 3849 2662 ingemiscens

2265 2687 2324 2738 et
2350 2683 2548 2739 dolens
2574 2685 2762 2755 lapsus
2783 2683 3090 2754 superioris
3109 2684 3348 2739 oﬂ‘ensas
3377 2685 3584 2758 quierit
3605 2682 3846 2756 quomodo

2265 2777 2458 2832 abluat
2483 2792 2608 2832 eam
2637 2776 2865 2832 ﬂetibus
2887 2777 3254 2848 poenitentiae,
3282 2777 3380 2833 hic
3399 2779 3552 2834 lavat
3579 2794 3676 2849 per
3699 2777 3849 2846 singu-

2264 2871 2345 2925 las
2369 2875 2563 2926 noctes
2590 2871 2799 2926 lectum
2830 2886 3017 2925 suum.
3050 2871 3169 2926 Non
3198 2871 3558 2927 dormiamus
3597 2886 3726 2942 ergo
3750 2868 3848 2923 totis

2262 2964 2542 3034 noctibus,
2584 2964 2679 3019 sed
2719 2963 3027 3018 maximam
3067 2969 3288 3036 partem
3335 2981 3533 3021 earum
3570 2962 3773 3020 lectioni
3809 2965 3851 3014 et

535 3074 656 3112 esse
688 3057 856 3113 debet
880 3057 1150 3126 intentus,
1173 3073 1287 3112 non
1308 3058 1490 3112 solum
1519 3057 1758 3126 die,-sed
1777 3058 1946 3113 etiam
1974 3061 2158 3113 nocte.
2183 3096 2236 3171 Ο
2263 3057 2612 3112 orationibus
2639 3057 2997 3128 deputemus.

535 3150 779 3171 IJ_-_-_-
813 3149 1027 3171 -injll.
1055 3165 1068 3171 -
1117 3151 1314 3171 11-..--..
1354 3152 1438 3171 Α-3
1473 3154 1620 3171 -_‘-1-
1658 3152 1887 3171 -_-_.-.°--.'-
1919 3153 1999 3171 Δ--)
2063 3153 2128 3171 ﬁ-
2334 3153 2397 3171 nn
2466 3150 2593 3171 1--.}:
2633 3151 2882 3171 D--I__2._
2909 3166 2997 3171 ---Α

535 3150 783 3220 Ideoque
809 3149 1068 3204 addidit:
1111 3151 1314 3206 Memor
1349 3152 1438 3218 fui
1471 3154 1621 3205 nocte
1654 3152 1887 3205 nominis
1918 3153 2018 3214 tui,
2058 3153 2158 3206 Do-

2257 3196 2262 3200 .
2333 3153 2419 3206 33.
2455 3150 2597 3205 Audi
2632 3151 2889 3206 Ecclesiae
2909 3166 3106 3206 vocem
3134 3151 3451 3222 quaerentis
3477 3151 3647 3206 etiam
3671 3149 3724 3204 in
3750 3163 3851 3202 noc-

533 3245 696 3310 mine,
723 3248 773 3298 et
808 3243 1077 3298 custodiri
1117 3244 1280 3311 legem
1322 3249 1493 3298 tuam.
1534 3242 1834 3299 Videamus
1872 3243 1919 3298 si
1965 3249 2023 3298 et
2067 3243 2160 3298 ille
2261 3243 2409 3298 tibus
2448 3243 2738 3298 Christum
2771 3260 2784 3298 :
2817 3264 2844 3294 κ
2873 3245 2936 3300 In
2963 3243 3157 3312 cubili,
3187 3244 3398 3315 inquit,
3430 3261 3585 3312 meo,
3622 3243 3678 3298 in
3702 3240 3846 3297 nocti-

535 3351 757 3390 memor
781 3340 884 3404 est,
913 3335 1009 3408 qui
1035 3338 1199 3391 vocat
1224 3336 1532 3391 Dominum
1554 3335 1745 3406 verbo,
1773 3353 1890 3392 non
1919 3336 2159 3393 custodit
2259 3337 2366 3391 bus
2389 3336 2620 3408 quaesivi
2639 3352 2811 3408 quem
2839 3336 3032 3392 dilexit
3055 3337 3248 3392 anima
3269 3353 3408 3392 mea
3426 3337 3633 3410 (Cant.,
3661 3353 3728 3403 ιιι,
3748 3335 3809 3404 1).
3830 3354 3849 3380 ν

533 3433 726 3484 autem
777 3429 1044 3484 mandata
1088 3429 1296 3484 divina.
1341 3430 1417 3483 De
1457 3446 1571 3501 quo
1616 3429 1832 3485 dictum
1876 3435 1959 3487 est
2000 3430 2157 3498 satis,
2257 3430 2459 3502 Accipe
2512 3431 2825 3485 secundum
2880 3430 3151 3486 litteram.
3201 3430 3480 3496 Quaesivit
3529 3431 3586 3486 in
3634 3427 3850 3485 noctibus

532 3523 665 3595 quia
689 3539 804 3578 non
829 3523 1154 3596 quicunque
1186 3522 1358 3578 dicit:
1392 3523 1648 3592 Domine,
1681 3524 1938 3592 Domine,
1966 3539 2160 3594 accep-
2259 3523 2498 3590 orando,
2553 3523 2934 3594 deprecando,
2981 3523 3156 3580 etiam
3197 3523 3470 3596 lacrymis
3516 3519 3847 3596 deplorando.

533 3622 623 3671 tus
671 3619 758 3670 est
800 3616 1050 3686 Christo;
1111 3617 1206 3672 sed
1256 3616 1355 3688 qui
1397 3617 1666 3688 operibus
1718 3616 1884 3672 bonis
1936 3616 2158 3672 ﬁdelem
2257 3617 2524 3682 Quaesivit
2551 3616 2610 3671 in
2650 3617 2940 3684 noctibus;
2975 3617 3109 3688 quia
3146 3618 3341 3690 posuit
3379 3618 3645 3674 tenebras
3681 3613 3847 3670 latibu-

531 3725 700 3764 suum
743 3710 983 3781 probare
1022 3710 1275 3782 potuerit
1317 3709 1580 3765 affectum
1619 3711 1864 3781 (Matth,
1905 3727 2001 3777 vn,
2043 3709 2153 3781 2t).
2258 3711 2376 3765 lum
2421 3727 2607 3778 suum,
2640 3715 2704 3765 ut
2727 3726 2984 3782 quaerere
3018 3727 3150 3766 eum
3182 3711 3486 3767 sollicitius
3528 3711 3849 3767 disceremus.

529 3802 695 3858 Fides
715 3819 874 3875 ergo,
897 3803 1166 3875 probitas,
1193 3803 1520 3858 innocentia
1544 3820 1862 3860 memorem
1888 3804 2151 3875 probant.
2257 3803 2523 3869 Quaesivit
2569 3803 2748 3875 igitur
2786 3803 2844 3858 in
2888 3805 3185 3876 prophetis
3224 3805 3482 3861 Ecclesia
3525 3822 3592 3860 ex
3630 3801 3852 3874 gentibus

527 3897 688 3961 Quod
722 3902 911 3952 autem
947 3898 1025 3953 ait
1051 3913 1064 3953 :
1102 3917 1130 3950 (ι
1156 3898 1369 3952 Memor
1409 3897 1490 3952 fui
1521 3897 1768 3953 nominis
1798 3897 1901 3967 tui,
1931 3919 1957 3948 »
1987 3897 2158 3969 plena
2257 3901 2622 3969 congregata,
2651 3901 2708 3952 et
2746 3897 2872 3953 ideo
2901 3897 3164 3952 credidit.
3198 3897 3464 3970 Denique
3491 3898 3751 3953 adventus
3775 3893 3854 3947 De

529 3990 751 4044 devotio
779 3993 898 4059 est;
931 3991 1068 4061 quia
1107 4007 1276 4046 nemo
1309 3991 1447 4046 dicit
1477 3992 1776 4046 Dominum
1807 3993 2020 4062 Jesum,
2047 3990 2154 4045 nisi
2257 3991 2450 4045 minici
2475 3989 2806 4046 testimonia
2825 3991 2896 4046 de
2927 3990 3226 4062 prophetis
3253 3992 3624 4064 evangelista:
3656 3986 3849 4043 Paulus-

530 4083 588 4135 in
619 4082 832 4153 Spiritu
874 4087 1091 4138 sancto.
1123 4085 1237 4138 Hoc
1274 4100 1486 4139 nomen
1522 4085 1817 4140 invocetur
1856 4085 2057 4140 diebus
2091 4101 2154 4139 ac
2257 4100 2370 4156 que
2406 4088 2719 4156 posuerunt
2758 4083 2890 4156 (51).
2931 4084 3090 4140 Unde
3124 4084 3414 4156 scriptum
3457 4091 3564 4152 est,
3610 4082 3733 4156 quia
3769 4092 3854 4133 nos

529 4174 806 4244 noctibus,
858 4175 1078 4230 nullum
1131 4179 1353 4248 tempus
1397 4178 1671 4248 precandi
1719 4194 1959 4233 vacuum
2005 4178 2155 4233 sinat
2254 4181 2404 4234 nocti
2439 4179 2649 4234 indicat
2690 4179 2970 4240 scientiam
2999 4177 3166 4250 (Psal.
3210 4195 3366 4249 xvm,
3399 4179 3477 4251 3).
3520 4173 3768 4246 Quaesivit
3803 4171 3848 4224 in

527 4273 724 4323 sancta
753 4269 980 4323 devotio
1007 4269 1326 4341 prmterine.
2239 4272 2532 4341 noctibus,
2562 4272 2622 4327 in
2661 4271 3154 4342 persecutionibus
3190 4275 3250 4326 et
3293 4271 3571 4341 adversis,
3610 4271 3665 4326 in
3701 4265 3849 4323 tribu-

598 4365 686 4416 31.
716 4362 770 4418 Si
796 4363 1091 4418 studentes
1117 4362 1298 4434 igitur
1331 4363 1599 4418 doctrinis
1633 4363 1997 4420 saecularibus
2023 4381 2150 4436 per-
2253 4365 2556 4421 lationibus
2579 4371 2634 4420 et
2661 4364 2951 4420 laboribus
2986 4365 3160 4420 duris.
3189 4366 3312 4420 Nox
3339 4370 3429 4422 est
3469 4364 3727 4421 omnibus
3749 4357 3849 4430 qui-

527 4471 730 4526 parum
761 4472 965 4510 somno
1004 4455 1324 4528 indulgent,
1357 4460 1574 4528 quanto
1614 4457 1797 4528 magis
1840 4458 1938 4528 qui
1976 4458 2153 4513 Deum
2173 4461 2232 4534 Ι)
2254 4459 2358 4514 bus
2382 4475 2500 4514 non
2527 4464 2614 4513 est
2647 4459 2896 4530 perfecta
2935 4459 3236 4526 securitas;
3263 4460 3426 4515 unde
3464 4460 3545 4515 ait
3576 4455 3853 4514 Dominus:

527 4549 763 4619 cupiunt
792 4565 1156 4620 cognoscere,
1181 4567 1294 4605 non
1323 4549 1533 4606 debent
1558 4567 1758 4605 somno
1779 4552 2032 4622 corporis
2053 4552 2156 4606 im-
2257 4574 2286 4602 «
2326 4552 2526 4608 Veniet
2568 4569 2699 4619 nox,
2732 4552 2961 4623 quando
2992 4568 3168 4607 nemo
3210 4558 3406 4623 potest
3439 4551 3660 4624 operari
3687 4551 3853 4621 (Ιοαηη

526 4641 730 4713 pediri,
772 4641 877 4696 nisi
919 4646 1200 4712 quantum
1234 4648 1456 4699 natura
1500 4644 1635 4700 satis
1675 4645 1798 4699 est?
1834 4645 2008 4700 David
2051 4662 2156 4717 per
2256 4662 2330 4714 Ix,
2357 4647 2446 4718 4);
2477 4665 2504 4696 ι)
2532 4661 2661 4701 cum
2694 4645 2753 4700 in
2792 4647 2896 4700 hoc
2925 4644 3142 4700 mundo
3169 4661 3321 4714 sum,
3356 4648 3457 4702 lux
3492 4647 3658 4717 hujus
3687 4636 3857 4698 mundi

525 4734 782 4805 singulas
828 4740 1021 4790 noctes
1067 4736 1278 4790 lectum
1326 4753 1490 4791 suum
1555 4737 1824 4809 lacrymis
1871 4738 2151 4806 diluebat;

524 4828 793 4899 surgebat
818 4828 994 4883 etiam
1027 4830 1204 4884 noctis
1239 4831 1444 4897 medio,
1475 4837 1536 4886 ut
1570 4831 1811 4887 Domino
1848 4831 2148 4887 conﬁtere-

522 4928 644 4989 tur;
675 4927 729 4976 et
760 4928 817 4976 tu
848 4925 1026 4977 totam
1055 4929 1282 4978 noctem
1321 4925 1514 4994 sopori
1551 4924 1845 4980 existimas
1872 4927 2150 4996 deputan-

523 5016 694 5070 dam?
724 5017 877 5070 Tunc
913 5016 1096 5086 magis
1139 5016 1242 5072 tibi
1284 5018 1533 5072 orandus
1574 5023 1660 5074 est
1696 5019 1988 5088 Dominus,
2019 5023 2152 5073 tunc

522 5109 788 5180 praesidia
819 5109 1179 5181 postulanda,
1203 5111 1364 5182 culpa
1384 5112 1649 5180 cavenda,
1673 5112 1901 5183 quando
1932 5113 2155 5167 videtur

525 5203 718 5256 haberi
760 5208 1069 5268 secretum;
1104 5209 1234 5258 tunc
1267 5205 1514 5258 maxime
1553 5206 1780 5276 quando
1819 5205 2068 5260 tenebras
2095 5206 2151 5260 in

523 5295 758 5350 circuitu
787 5314 937 5367 meo,
975 5303 1029 5352 et
1056 5297 1302 5369 parietes
1338 5314 1430 5352 me
1461 5297 1748 5369 aperiunt,
1779 5297 2148 5355 consideran-

586 5488 682 5548 (49)
720 5487 863 5538 Edit.
911 5493 1017 5541 vet.
1063 5503 1126 5542 ac
1170 5504 1300 5542 mss.
1350 5491 1604 5556 aliquot:
1648 5497 1770 5544 tunc
1804 5494 2154 5559 perturbatur

522 5571 632 5616 cor,
670 5559 970 5621 squalorem
1010 5563 1358 5613 immunditise
1399 5576 1508 5613 non
1553 5569 1780 5614 vmtur.
1819 5565 1926 5614 Alii
1975 5581 1986 5614 :
2029 5571 2152 5617 tunc

522 5628 870 5692 perturbatur
916 5645 1006 5680 cor
1046 5633 1299 5697 squalore
1348 5635 1695 5685 immunditiae
1737 5651 1753 5684 :
1791 5651 1898 5687 non
1940 5637 2154 5687 videtur

523 5702 756 5749 castitas.
791 5700 946 5750 Rom.
981 5703 1216 5765 edit.....,
1249 5706 1474 5770 squalor
1496 5707 1886 5758 immunditiam
1925 5720 2033 5758 non
2064 5723 2150 5757 ve-

525 5775 711 5834 retur;
755 5773 1029 5830 factitatis,
1079 5777 1179 5824 etc.
1228 5775 1337 5826 Sed
1387 5779 1634 5828 omnium
1679 5779 1886 5843 optime
1934 5779 2146 5845 Remig.

2254 4756 2400 4794 sum.
2460 4740 2583 4795 Non
2631 4755 2769 4811 ergo
2827 4755 3137 4811 operemur
3188 4739 3247 4794 in
3308 4741 3590 4796 tenebris.
3633 4737 3686 4793 Si
3729 4732 3855 4789 enim

2253 4833 2444 4888 lucent
2473 4849 2648 4904 opera
2673 4837 2883 4902 nostra,
2915 4850 3030 4888 non
3068 4849 3383 4904 operemur
3409 4834 3470 4888 in
3501 4829 3758 4897 tenebris,
3781 4822 3855 4879 sed

2253 4927 2311 4981 in
2341 4926 2578 4982 lumine.
2610 4926 2737 4981 Dies
2766 4933 2849 4982 est
2885 4927 3090 4999 quibus
3130 4926 3296 4982 adest
3336 4927 3626 4995 Christus;
3666 4938 3766 4978 nox
3793 4921 3859 4972 est

2253 5021 2462 5092 quibus
2489 5037 2547 5074 se
2575 5021 2838 5092 denegat.

2325 5115 2411 5169 34.
2457 5115 2581 5168 Νοιι
2623 5130 2897 5184 magnum
2942 5129 3078 5185 ergo
3125 5114 3170 5168 si
3215 5119 3354 5169 tunc
3391 5112 3635 5169 Domino
3673 5104 3857 5181 gratias

2252 5222 2408 5277 agas,
2454 5208 2678 5278 quando
2728 5207 2785 5261 in
2829 5207 3111 5278 prosperis
3153 5211 3211 5261 et
3253 5208 3524 5263 secundis
3567 5221 3658 5274 es;
3704 5200 3789 5257 sed
3824 5195 3859 5250 si

2254 5303 2388 5354 tunc
2416 5300 2708 5356 adhmreas
2746 5300 2986 5368 Christo,
3017 5301 3242 5372 quando
3289 5304 3346 5356 te
3385 5304 3712 5372 persecutor
3744 5307 3858 5348 exa-

2252 5495 2372 5578 cod.
2419 5499 2475 5546 et
2518 5494 2607 5578 alii
2647 5494 2922 5558 nonnulli,
2954 5505 3096 5560 quos
3143 5494 3355 5546 idcirco
3399 5496 3494 5547 hic
3534 5493 3687 5558 sequi
3725 5485 3862 5539 nobis

2252 5571 2604 5701 “ﬁatfiat-Sa.
2631 5637 2784 5698 edit.,
2810 5650 2920 5687 non
2943 5637 3099 5688 habet
3119 5638 3284 5701 culpae
3307 5637 3578 5701 tacrymas
3600 5647 3717 5686 suae.

2316 5709 2410 5770 (51)
2466 5709 2673 5759 Omnes
2725 5708 2875 5771 edit.,
2930 5709 3262 5773 euangelista?
3315 5709 3644 5772 psalmisque
3689 5710 3860 5769 posue-

2251 5786 2393 5831 runt.
