4082 6186
213 306 302 358 1361

207 430 322 500 gitat,
358 423 572 495 quando
619 422 801 494 aliqua
847 422 1091 494 procella
1134 422 1460 493 perturbat.
1505 421 1759 478 Amisisti
1783 433 1840 507 Α

206 519 375 575 ﬁlium?
396 519 456 574 In
484 518 582 572 illo
621 517 833 583 dolore,
862 515 922 571 in
960 516 1057 570 illa
1086 519 1273 585 nocte,
1300 515 1358 570 in
1391 515 1487 570 illa
1531 515 1759 572 destitu-

203 616 313 668 tione
334 613 610 666 memento
639 608 859 664 Domini
884 608 977 665 Dei
1009 608 1112 676 tui,
1141 625 1213 664 ne
1254 607 1417 680 quasi
1448 624 1564 663 non
1592 625 1760 664 exau-

202 707 326 771 ditus,
351 703 600 774 ingratus
631 701 723 771 sis,
757 706 813 757 et
839 702 899 756 in
931 706 1026 756 tua
1066 700 1454 772 praevariceris
1479 717 1756 756 aerumna.

198 800 348 854 Pulsus
388 814 444 850 es
474 796 534 850 in
578 794 880 850 exsilium?
915 795 1200 850 Memento
1239 793 1463 850 Domini
1505 794 1601 850 Dei
1640 794 1754 863 tui;

197 909 248 947 ne
269 889 443 964 patriae
468 888 780 944 interdictas
807 888 912 944 tibi
948 887 1289 944 charitatem
1319 889 1436 944 Deo
1463 888 1756 959 presteras.

195 985 390 1055 Alicujus
410 982 595 1038 divitis
625 997 928 1054 oppressus
953 982 1214 1053 potentia
1237 981 1476 1037 amisisti
1501 981 1761 1054 proprias

194 1078 455 1147 facultates,
498 1075 722 1147 indiges
765 1077 1036 1147 sumptu?
1072 1076 1354 1132 Memento
1398 1074 1619 1132 Domini
1663 1075 1761 1130 Dei

192 1173 266 1237 tui,
308 1186 370 1226 ne
429 1185 538 1224 nox
601 1174 656 1224 te
721 1168 991 1240 egestatis
1058 1168 1304 1225 abducat
1349 1186 1383 1224 a
1448 1168 1761 1226 devotionis

191 1264 368 1320 allectu.
394 1264 501 1318 Hoc
525 1267 612 1318 est
638 1263 792 1318 enim
832 1262 1167 1318 mandatum
1203 1261 1388 1334 Legis,
1417 1265 1482 1318 ut
1511 1263 1572 1318 in
1597 1267 1762 1319 nocte

192 1357 330 1427 magis
360 1373 589 1428 quaeras,
622 1355 852 1427 quando
880 1355 1063 1428 magis
1091 1355 1138 1428 1
1156 1355 1346 1429 055
1385 1344 1698 1412 exaudiaris
1729 1375 1762 1412 a

191 1449 402 1519 Domino,
442 1455 497 1506 et
531 1449 716 1520 possis
759 1449 948 1504 dicere
989 1465 1003 1504 :
1039 1469 1067 1499 ι(
1093 1451 1157 1504 In
1196 1448 1562 1505 tribulatione
1603 1450 1758 1505 invo-

191 1544 279 1598 cavi
299 1543 608 1611 Dominum,
639 1547 699 1598 et
725 1541 1012 1598 exaudivit
1035 1559 1130 1598 me
1170 1542 1228 1597 in
1257 1542 1559 1599 latitudine
1588 1544 1758 1615 (Psat.

192 1652 314 1702 cxvu,
338 1635 405 1706 5).
433 1656 460 1684 η

243 1733 312 1784 35.
351 1729 454 1784 Sed
493 1745 604 1784 nec
654 1744 909 1801 quaerere
957 1727 1340 1800 perfunctorie
1393 1729 1649 1786 abundat
1691 1730 1762 1786 ad

196 1823 408 1894 gratiam,
433 1822 531 1878 sed
557 1828 626 1878 ut
659 1800 886 1878 insistas
922 1827 979 1878 et
1022 1823 1282 1878 intendas
1321 1823 1569 1878 muneri.
1597 1823 1760 1880 Deni-
1786 1800 1841 1872 Β

195 1932 274 1985 que
305 1916 396 1970 ista
430 1917 513 1970 vel
546 1916 800 1970 Ecclesia
842 1916 926 1970 vel
969 1916 1183 1984 anima,
1212 1932 1341 1988 quae
1383 1916 1676 1988 requisivit
1703 1917 1763 1972 in

196 2009 340 2076 cubili,
375 2008 632 2080 quaesivit
685 2009 743 2063 in
790 2009 1072 2076 noctibus,
1099 2000 1293 2081 ’primo
1345 2025 1458 2064 non
1505 2009 1760 2081 invenit;

195 2102 293 2173 quia
325 2103 540 2156 fortasse
597 2102 665 2156 in
708 2101 877 2156 cubili
921 2101 1214 2174 quaesivit;
1259 2103 1354 2158 sed
1396 2107 1764 2175 posteaquam

198 2197 396 2262 surrexit,
422 2199 474 2249 et
511 2194 659 2250 abiit.
693 2195 754 2249 in
789 2194 1077 2250 civitatem
1118 2198 1320 2259 lCant.,
1366 2213 1442 2264 ιιι,
1472 2198 1582 2267 2ο4)
1619 2196 1765 2267 (vide

201 2304 249 2340 ne
283 2288 407 2343 illam
445 2287 737 2343 civitatem
790 2288 849 2343 in
897 2305 1009 2360 qua
1056 2289 1328 2344 Dominus
1382 2289 1764 2346 celebraturus

203 2381 369 2452 pascha,
395 2381 698 2454 discipulos
740 2381 1046 2437 destinavit
1087 2381 1278 2438 dicens
1327 2383 1570 2453 (Matth.,
1617 2401 1760 2451 xxvr,

208 2477 264 2538 18)
304 2491 315 2528 :
352 2497 374 2524 ιι
397 2477 468 2530 Ite
508 2475 570 2529 in
624 2474 918 2530 civitatem
965 2475 1036 2530 ad
1080 2475 1434 2547 quemdam),
1468 2498 1496 2528 »
1543 2483 1761 2549 postea-

207 2582 326 2636 quam
356 2569 402 2622 in
445 2568 586 2638 foro,
624 2573 692 2622 ut
729 2568 868 2638 dixi,
897 2567 1154 2640 quaesivit
1202 2570 1392 2640 (Ibid,
1433 2570 1511 2640 3),
1547 2569 1767 2625 invenit

215 2674 336 2727 quem
364 2659 530 2716 dilexit
570 2661 768 2732 (Ibid,
806 2663 883 2732 4),
914 2660 1011 2716 ubi
1048 2660 1240 2717 oleum
1282 2661 1566 2731 venditur,
1610 2663 1764 2734 quod

223 2759 504 2822 exspectantes
547 2755 848 2826 Sponsum
893 2769 1087 2810 emere
1133 2761 1480 2811 consuerunt
1518 2755 1762 2827 (Matth,

223 2859 308 2912 xxv,
337 2847 388 2913 9),
413 2847 492 2901 ubi
519 2848 653 2919 jus,
690 2847 789 2901 ubi
838 2847 1014 2917 leges.
1042 2847 1094 2902 Si
1142 2847 1235 2902 lex
1275 2847 1566 2919 spiritalis,
1595 2852 1652 2906 et
1675 2849 1761 2904 fo-

212 2951 299 2990 rum
326 2944 388 2992 est
415 2940 606 3013 utique
656 2939 928 3012 spiritale,
957 2939 1057 2994 ubi
1091 2940 1386 3012 disputant
1416 2941 1583 3012 periti
1623 2942 1765 3014 legis

206 3032 386 3085 eterna.
415 3034 566 3097 Quod
609 3032 804 3088 forum
833 3049 948 3088 non
980 3032 1176 3089 litibus
1209 3035 1623 3089 tumultuosum
1659 3040 1764 3105 est,

203 3121 272 3174 sed
303 3123 470 3179 Christi
515 3125 911 3181 tribunalibus
965 3127 1294 3198 gloriosum.
1333 3127 1438 3182 Ubi
1485 3127 1762 3199 quaesivit,

201 3213 411 3286 inquam?
437 3220 495 3274 In
539 3220 679 3274 foro
714 3235 727 3274 :
761 3222 818 3275 et
858 3225 986 3289 post
1021 3219 1280 3292 quaesivit
1319 3220 1377 3274 in
1425 3221 1654 3292 plateis,
1689 3222 1760 3276 de

200 3307 351 3378 quibus
383 3311 433 3366 hi
479 3314 576 3384 qui
627 3312 700 3366 ad
740 3312 1168 3384 patrisfamilias
1219 3313 1542 3386 Evangelici
1588 3331 1763 3388 pran-

197 3400 309 3457 dium
360 3405 755 3476 convenirent,
799 3406 1215 3479 colligebantur
1271 3408 1447 3479 (Luc.,
1490 3424 1606 3476 xrv,
1649 3409 1762 3480 21),

196 3493 263 3562 qui
282 3498 436 3553 vocati
469 3497 862 3554 excusandum
891 3515 950 3553 se
975 3499 1046 3554 ab
1076 3499 1401 3572 hujusmodi
1432 3501 1613 3573 epulis
1644 3517 1763 3557 non

193 3591 420 3654 putarunt.
460 3594 842 3664 Posteaquam
880 3591 940 3647 in
988 3593 1134 3660 foro,
1172 3593 1426 3666 inquam,
1463 3598 1520 3650 et
1564 3594 1764 3666 plateis

189 3680 407 3752 quaesivit,
443 3683 654 3739 incidit
695 3684 754 3739 in
798 3701 893 3739 eos
933 3686 1030 3757 qui
1071 3684 1428 3741 circumeunt
1474 3686 1762 3742 civitatem

190 3771 340 3838 ἐρωή..
360 3793 434 3846 ιιι,
461 3779 514 3848 3)
541 3795 556 3846 ;
587 3780 651 3832 et
673 3781 810 3832 tunc
850 3777 1086 3833 demum
1113 3779 1304 3850 potuit
1330 3779 1586 3836 invenire
1610 3781 1763 3853 quod

188 3867 407 3938 quasivit,
437 3871 684 3926 fortasse
724 3887 790 3925 eo
825 3872 975 3942 quod
1015 3873 1072 3926 in
1113 3871 1482 3928 tribulatione
1514 3877 1572 3928 et
1605 3877 1763 3930 metu

188 3959 319 4024 posita
349 3964 522 4035 magis
561 3963 818 4018 inveniat
861 3963 1126 4035 gratiam.
1167 3965 1426 4036 Denique
1480 3967 1537 4020 in
1578 3971 1758 4038 poste-

187 4049 377 4109 rioribus
433 4058 514 4111 ait
563 4075 579 4112 :
635 4077 664 4105 «
707 4058 1049 4112 Invenerunt
1097 4073 1189 4112 me
1249 4058 1348 4130 qui
1409 4059 1764 4116 circumeunt

188 4141 495 4204 CiYitatem....
534 4148 798 4204 tulerunt
836 4150 977 4204 mihi
1017 4150 1254 4222 pallium
1293 4153 1501 4222 (Cant.,
1527 4169 1581 4221 ν,
1619 4153 1693 4224 7).
1731 4175 1760 4204 ››

189 4234 346 4293 Habuit
383 4258 518 4314 ergo
549 4246 888 4310 certamen;
921 4244 1020 4299 sed
1045 4259 1162 4316 qua
1195 4245 1410 4300 ratione
1448 4261 1620 4318 supra
1645 4263 1763 4302 non

188 4329 365 4386 tulerint
404 4335 668 4406 pallium,
711 4335 900 4391 haereo
949 4336 1237 4408 reperire;
1287 4337 1394 4391 nisi
1443 4337 1588 4394 forte
1629 4339 1765 4411 quia

189 4417 241 4473 ibi
268 4423 632 4500 interrogasse
668 4445 728 4483 se
760 4429 902 4484 dixit
929 4447 943 4485 :
972 4449 998 4479 «
1028 4429 1319 4502 Numquid
1352 4447 1527 4502 quem
1564 4431 1765 4487 dilexit

187 4515 329 4571 anima
351 4537 490 4588 mea,
518 4521 744 4577 vidistis
772 4523 978 4592 (Cant.,
1006 4539 1086 4591 ιιι,
1117 4524 1171 4592 3)
1192 4524 1220 4578 ?
1256 4542 1282 4574 ι)
1313 4523 1450 4588 011εὲ
1475 4525 1762 4582 Christum
1781 4527 1839 4599 D

187 4603 481 4684 loquebatur,
509 4631 623 4671 nec
651 4619 821 4670 exuta
849 4618 933 4671 est
961 4615 1157 4687 pallio,
1180 4619 1238 4671 et
1266 4633 1440 4689 quem
1469 4618 1765 4690 quaerebat

186 4705 364 4758 invenit.

236 4794 303 4848 36.
339 4798 487 4854 Disce
527 4799 1017 4872 quemadmodum
1053 4805 1341 4874 quaeratur
1377 4801 1651 4859 Christus.
1678 4805 1762 4858 Ab

191 4881 250 4938 his
276 4891 453 4963 utique
481 4895 586 4967 qui
618 4911 733 4950 non
762 4895 1149 4967 perfunctorie
1187 4899 1474 4967 quaerunt,
1501 4896 1602 4954 sed
1639 4896 1760 4953 vio-

191 4974 326 5035 lenter
362 4987 623 5058 retinent,
657 4989 805 5044 sicut
845 4988 952 5045 ista
991 5005 1120 5061 quas
1148 4988 1230 5044 ait
1271 5006 1284 5044 :
1333 5010 1362 5040 «
1389 4989 1566 5045 Tenui
1607 5006 1761 5059 eum,

192 5074 344 5131 etnon
377 5078 565 5135 dimisi
604 5097 738 5136 eum
777 5081 961 5152 (Ibid,
992 5082 1071 5152 4),
1105 5103 1134 5132 ››
1161 5081 1273 5138 ﬁde
1308 5081 1546 5151 invEnit,
1577 5083 1761 5138 medi-

194 5162 356 5224 tatione
391 5173 746 5230 constrinxit.
786 5175 845 5231 Si
891 5175 1074 5231 bonos
1122 5175 1384 5231 custodes
1428 5176 1762 5249 accipimus,

218 5325 311 5412 ﬁ?)
349 5330 486 5412 Edit.
536 5335 716 5397 Rom.,
753 5337 910 5399 quasi
946 5348 1194 5412 processu
1229 5337 1428 5412 operis,
1473 5337 1583 5412 sive
1623 5337 1760 5401 ﬁdei.

201 5391 304 5456 Vat,
341 5405 463 5466 quia
505 5391 1083 5470 ρνοσοεέιιόροτοέυω
1112 5391 1438 5468 ﬁdei.'Mss.,
1464 5408 1596 5471 quia
1623 5391 1762 5470 'pro-

201 5474 331 5531 m3";
355 5473 462 5536 alii,
500 5488 750 5540 operum;
787 5477 902 5540 alii,
938 5491 1202 5542 operosa;
1245 5478 1427 5540 multi,
1468 5491 1762 5543 oppressa;

202 5545 277 5586 non
317 5547 610 5607 pauciores,
665 5553 878 5598 ostensa
930 5547 1067 5610 ﬁdei.
1125 5548 1339 5600 Rursus
1389 5549 1585 5600 eodem
1639 5549 1765 5599 loco

206 5611 276 5684 fet
316 5613 444 5684 edit.
503 5629 631 5666 cum
691 5622 842 5682 parte
913 5633 1068 5681 mss,
1121 5620 1378 5670 Dominus
1432 5619 1552 5684 plus
1610 5633 1764 5671 ama-

208 5677 278 5790 ἱῖ-
316 5680 462 5734 Rom.
511 5700 637 5737 cum
688 5677 796 5740 alia
841 5695 1012 5754 parte,
1056 5677 1105 5742 Va
1163 5691 1387 5741 Domino
1432 5677 1560 5755 plus
1610 5705 1764 5743 ama-

245 5759 281 5795 τ.

251 5819 322 5880 (53}
370 5825 445 5877 Ex
497 5833 609 5881 toto
657 5832 821 5896 hujus
867 5833 1050 5900 operis
1097 5836 1387 5899 contextu,
1430 5837 1488 5886 et
1537 5847 1606 5886 ex
1656 5833 1766 5888 hoc

1277 296 1626 352 EXPOSITIO
1664 296 1730 352 ΙΝ
1770 295 2085 352 PSALMUM
2125 295 2351 350 CXVIII.

3355 305 3371 357 1
3387 306 3487 357 362

1862 420 2056 493 utique
2116 421 2307 493 angeli
2361 426 2511 477 sunt.
2571 397 2680 488 Qui
2734 441 2871 494 ergo
2926 427 3160 496 angelos
3215 429 3493 498 transivit,

1860 515 2110 570 Verbum
2149 515 2403 583 invenit;
2441 516 2567 572 ideo
2610 533 2723 572 non
2765 518 3012 573 multum
3048 519 3328 576 intervalli
3363 523 3492 590 fuit,

1858 624 1991 663 cum
2034 607 2298 663 transivit
2335 608 2406 663 ab
2449 609 2560 676 his,
2599 612 2658 664 et
2694 610 2912 666 invenit
2953 613 3164 666 Jesum.
3196 614 3491 677 Quomodo

1859 717 1998 774 ergo
2042 701 2193 757 infra
2231 703 2484 758 tulerunt
2529 703 2804 774 pallium;
2843 703 2953 759 nisi
2991 704 3136 760 forte
3172 705 3307 777 quia
3357 723 3488 778 pro-

1859 810 2018 849 cessu
2049 810 2336 867 oppressae
2373 795 2505 850 ﬁdei
2542 796 2654 866 (52)
2697 795 2942 851 Ecclesia
2980 796 3120 852 dum
3159 798 3432 867 nudatur,
3458 819 3491 854 a

1859 887 2094 945 Domino
2131 889 2256 959 plus
2289 892 2532 958 amatur,
2565 889 2884 961 exspolians
2915 905 2974 946 se
3008 895 3262 946 veterem
3301 891 3489 948 homi-

1863 998 2018 1052 nem,
2058 984 2120 1036 ut
2156 997 2367 1038 novum
2410 982 2627 1050 induat,
2657 998 2828 1054 quem
2867 999 2981 1038 non
3025 983 3291 1055 operiunt
3323 985 3488 1041 indu-

1859 1079 2078 1142 menta,
2125 1074 2224 1129 sed
2274 1073 2482 1130 mentis
2525 1078 2744 1131 secreta
2790 1075 3103 1133 clariﬁcant
3145 1093 3160 1132 :
3206 1081 3306 1133 aut
3356 1079 3492 1150 quia

1860 1166 2134 1222 amictum
2171 1167 2465 1239 sapientis:
2505 1167 2787 1224 saecularis
2817 1169 2888 1225 ad
2925 1169 3216 1225 Christum
3255 1177 3492 1227 ventura

1861 1259 2168 1332 deposuit?
2210 1262 2279 1316 Et
2317 1262 2436 1316 Noe
2477 1265 2680 1317 exutus
2721 1266 2804 1318 est
2845 1262 3081 1334 pallium
3121 1267 3491 1338 posteaquam

1861 1354 2033 1425 coepit
2060 1370 2178 1409 esse
2207 1353 2531 1425 perfectior.

1932 1448 2020 1502 37.
2062 1447 2238 1516 (Vers.
2285 1449 2392 1515 56.)
2451 1447 2640 1503 Simus
2687 1463 2826 1520 ergo
2878 1465 3164 1505 memores
3207 1443 3486 1522 justiﬁca-

1862 1539 2088 1596 tionum
2111 1539 2442 1607 caelestium,
2478 1546 2538 1594 ut
2580 1540 2718 1596 dum
2746 1557 2842 1597 eas
2866 1546 3084 1598 secreta
3120 1544 3326 1599 mentis
3355 1561 3493 1601 voce

1861 1637 2172 1702 cantamus,
2215 1649 2500 1688 memores
2543 1633 2719 1689 simus
2772 1634 2830 1689 in
2877 1638 3042 1691 nocte
3093 1636 3337 1692 nominis
3388 1640 3491 1693 Do-

1864 1725 2030 1794 mini,
2059 1730 2116 1781 et
2158 1725 2429 1795 dicamus,
2460 1729 2523 1781 ut
2561 1728 2836 1799 scriptum
2882 1732 2968 1784 est
3005 1745 3019 1784 :
3059 1731 3185 1785 Hac
3222 1732 3377 1797 facta
3415 1738 3491 1786 est

1863 1819 2037 1888 mihi;
2070 1822 2329 1890 quoniam
2370 1820 2782 1890 iustiﬁcationes
2833 1825 2956 1877 tuas
3000 1824 3270 1892 exquisivi
3317 1842 3334 1878 :
3382 1823 3492 1878 hoc

1865 1916 1968 1980 est,
1999 1912 2122 1968 haec
2162 1913 2437 1968 memoria
2466 1912 2612 1968 facta
2639 1918 2724 1969 est
2765 1913 2927 1983 mihi,
2957 1918 3021 1969 ut
3045 1931 3268 1970 memor
3306 1932 3490 1971 essem

1863 2009 1922 2061 et
1947 2005 2007 2060 in
2046 2009 2207 2060 nocte
2240 2005 2485 2062 nominis
2511 2007 2614 2074 tui,
2642 2023 2760 2062 non
2801 2006 3073 2062 ebrietate
3109 2009 3349 2080 sopitus,
3380 2026 3495 2065 non

1865 2097 2050 2170 epulis
2101 2098 2384 2153 resolutus
2437 2098 2496 2154 in
2552 2115 2846 2168 somnum,
2889 2117 3002 2156 non
3060 2101 3211 2156 curis
3264 2104 3494 2157 saecula-

1864 2190 2017 2246 ribus
2074 2196 2382 2263 occupatus
2431 2209 2444 2259 ;
2504 2196 2567 2246 ut
2621 2192 2823 2248 oblivia
2881 2193 3021 2249 mihi
3092 2199 3203 2249 tuae
3256 2211 3495 2251 venera-

1867 2283 2039 2339 tionis
2067 2284 2392 2357 irreperent
2419 2302 2436 2354 ;
2467 2284 2724 2358 1056
2755 2286 2852 2341 sed
2891 2286 3228 2358 quotidiana
3255 2288 3493 2344 medita-

1864 2379 2016 2433 tione
2068 2377 2333 2433 membra
2388 2378 2698 2449 castigans,
2757 2384 2816 2434 et
2862 2377 3240 2436 intentionem
3290 2382 3500 2437 mentis

1865 2487 2158 2540 exercens,
2191 2477 2251 2526 ut
2291 2470 2616 2526 assiduitate
2661 2470 2760 2526 ﬁat
2807 2471 2968 2526 nobis
3011 2489 3207 2528 cursus
3252 2475 3356 2529 iste
3405 2492 3494 2528 so-

1863 2564 2111 2633 lemnis;
2161 2569 2222 2619 ut
2282 2563 2587 2620 Dominum
2644 2565 2839 2620 Jesum
2895 2565 3065 2620 etiam
3122 2566 3183 2620 in
3233 2567 3500 2622 noctibus

1865 2663 1988 2713 toto
2014 2673 2355 2712 veneremur
2392 2657 2619 2725 affectu,
2652 2657 2744 2712 cui
2770 2661 2858 2713 est
2891 2658 3090 2730 gloria,
3119 2660 3260 2727 laus,
3292 2676 3496 2731 perpe-

1865 2749 2037 2805 tuitas
2083 2766 2117 2804 a
2165 2749 2403 2817 saeculis,
2431 2753 2490 2805 et
2529 2767 2700 2818 nunc,
2727 2754 2785 2805 et
2822 2767 3076 2822 semper,
3103 2755 3162 2808 et
3202 2752 3261 2807 in
3303 2753 3498 2808 omnia

1865 2844 2066 2900 saecula
2091 2843 2454 2898 saeculorum.
2485 2845 2690 2898 Amen.

2373 2935 2599 2992 SERMO
2649 2935 2985 2991 OCTAVUS.

2542 3033 2582 3080 Π
2641 3017 2813 3080 Heth.

1941 3125 1988 3176 l.
2019 3122 2223 3178 Octava
2250 3119 2440 3176 littera
2470 3121 2629 3184 Heth,
2657 3137 2786 3192 quae
2821 3120 3296 3194 interpretatione
3323 3122 3500 3178 latina

1865 3214 2072 3270 dicitur
2125 3231 2330 3286 pavor,
2384 3217 2711 3270 sanctorum
2771 3231 2949 3286 pavor
3005 3231 3126 3271 esse
3190 3217 3496 3272 consuevit.

1866 3307 2118 3380 Denique
2154 3323 2332 3378 pavor
2367 3307 2570 3363 cecidit
2620 3308 2678 3362 in
2718 3307 3000 3364 Abraham
3038 3308 3213 3378 (Gem,
3257 3325 3344 3376 xv,
3387 3309 3496 3379 l2),

1865 3417 1997 3456 cum
2023 3401 2362 3456 sacrificium
2391 3400 2622 3457 offerret
2654 3402 2889 3472 plenum
2919 3400 3173 3473 mysterii
3204 3400 3494 3473 spiritalis.

1867 3495 1988 3565 Ipse
2015 3510 2240 3566 quoque
2267 3493 2443 3549 David
2473 3493 2552 3549 ait
2583 3511 2596 3549 :
2633 3515 2660 3542 «
2691 3495 2808 3564 Ego
2834 3494 2950 3548 dixi
2989 3495 3047 3548 in
3077 3511 3287 3565 pavore
3319 3511 3450 3550 meo
3479 3512 3494 3550 :

1865 3587 2064 3643 Omnis
2103 3587 2281 3642 homo
2332 3586 2583 3642 mendax
2629 3587 2795 3652 (Psat.
2833 3602 2954 3654 cxv,
2995 3586 3072 3658 2).
3116 3608 3144 3636 »
3190 3586 3499 3659 Religionis

1865 3679 2021 3737 enim
2059 3679 2440 3736 reverentiam
2485 3678 2766 3751 signiﬁcat
2805 3679 2986 3750 magis
3030 3695 3201 3751 quam
3250 3679 3494 3735 infirmi-

1863 3778 2039 3829 tatem
2095 3773 2355 3843 timoris;
2401 3772 2531 3827 licet
2573 3772 2746 3826 etiam
2789 3772 2910 3844 ipse
2962 3773 3138 3828 timor
3182 3773 3493 3828 secundum

1863 3869 2044 3923 Deum
2078 3868 2304 3921 sanctus
2334 3865 2406 3921 sit
2437 3883 2450 3920 :
2486 3887 2513 3914 «
2541 3864 2769 3920 Initium
2811 3865 2965 3920 enim
3003 3864 3293 3936 sapientia:
3323 3865 3496 3919 timor

1865 3959 2094 4015 Domini
2121 3960 2287 4031 (Psat.
2317 3975 2403 4028 cx,
2440 3958 2548 4030 10).
2579 3981 2606 4008 ››
2635 3959 2784 4029 Ergo
2819 3957 2918 4030 qui
2946 3957 3156 4013 timent
3178 3958 3374 4024 Deum,
3404 3975 3492 4012 sa—

1863 4053 2084 4126 pientes
2105 4070 2122 4122 ;
2151 4053 2250 4124 qui
2275 4059 2466 4108 autem
2494 4051 2796 4124 sapientes,
2823 4051 2978 4106 beati
3010 4069 3021 4105 :
3055 4072 3082 4101 ‹‹
3110 4051 3312 4105 Beatus
3339 4049 3495 4105 enim

1865 4162 2038 4218 quem
2069 4151 2129 4202 tu
2160 4147 2458 4216 erudieris,
2485 4145 2749 4214 Domine,
2784 4150 2841 4200 et
2865 4146 2934 4200 de
2959 4145 3088 4216 lege
3117 4149 3212 4199 tua
3235 4144 3497 4199 docueris

1865 4257 1998 4296 eum
2050 4241 2228 4312 (Psat.
2279 4256 2440 4307 xcui,
2495 4239 2615 4308 12).
2665 4260 2694 4289 ››
2748 4238 2816 4293 Hi
2865 4255 3092 4310 quoque
3142 4237 3240 4308 qui
3293 4237 3499 4293 timent

1865 4336 2069 4404 Deum,
2112 4334 2265 4389 beati
2301 4336 2453 4401 sunt,
2485 4332 2631 4387 sicut
2668 4331 2911 4403 exempli
2949 4336 3133 4386 exstat
3173 4331 3496 4397 auctoritas,

1864 4429 2000 4500 quia
2045 4449 2072 4476 ‹‹
2123 4426 2276 4483 Beati
2318 4443 2516 4482 omnes
2563 4427 2661 4498 qui
2707 4425 2915 4480 timent
2961 4423 3272 4479 Dominum
3323 4424 3494 4493 (Psal.

1864 4539 2061 4590 cxxvu,
2097 4522 2168 4592 l).
2204 4542 2231 4571 ››
2271 4522 2355 4576 lta
2398 4519 2690 4591 colligitur
2729 4519 2864 4590 quia
2905 4517 3170 4572 timentes
3206 4519 3406 4584 Deum,
3439 4519 3498 4571 et

1865 4615 2147 4688 sapientes
2185 4619 2336 4681 sunt,
2374 4615 2432 4667 et
2463 4612 2650 4668 beati.-
2680 4612 2916 4667 Sanctus
2951 4610 3128 4682 igitur
3173 4610 3344 4666 timor
3381 4612 3492 4666 Do-

1863 4707 2006 4763 mini
2029 4725 2046 4777 ;
2081 4707 2214 4779 quia
2241 4721 2373 4760 vere
2400 4709 2725 4760 sanctorum
2752 4709 2836 4760 est
2861 4719 3056 4775 pavor.

1931 4804 1985 4856 2.
2016 4800 2191 4870 (Vers.
2226 4799 2336 4869 57.)
2369 4797 2622 4869 Denique
2662 4797 2958 4868 praemissa
2995 4797 3104 4852 hac
3136 4796 3342 4863 littera,
3375 4799 3491 4850 sta-

1862 4894 1968 4949 tim
2023 4892 2280 4965 sequitur
2332 4907 2580 4963 persona
2630 4890 2772 4962 justi
2824 4890 3019 4945 dicens
3060 4906 3074 4944 :
3120 4891 3304 4945 Portio
3353 4905 3494 4951 mea,

1865 4989 2085 5043 Domine
2123 5005 2149 5042 ε·
2181 4986 2304 5041 dimi
2337 4985 2605 5040 custodire
2643 4985 2809 5053 legem
2845 4989 3013 5039 tuam.
3043 4982 3274 5039 Codices
3320 4981 3493 5052 pleri-

1865 5097 1974 5152 que
2019 5079 2129 5151 (53)
2176 5079 2328 5133 hunc
2375 5078 2737 5145 versiculum,
2767 5077 2867 5149 qui
2909 5077 3125 5148 primus
3166 5077 3249 5130 est
3291 5073 3495 5128 litterae

1865 5176 2099 5243 octavae,
2132 5171 2337 5227 ultimo
2380 5172 2502 5226 loco
2543 5172 2744 5226 litterae
2786 5169 3003 5225 habent
3040 5168 3344 5239 septimae;
3397 5167 3494 5222 sed

1863 5335 2213 5400 potissimum
2246 5333 2372 5385 loco
2396 5333 2809 5385 evidentissime
2839 5331 3120 5394 colligitur
3159 5330 3326 5380 talem
3366 5333 3496 5381 Am-

1864 5408 2033 5459 brosii
2064 5411 2314 5469 tempore
2342 5405 2515 5456 fuisse
2553 5404 2720 5467 hujus
2754 5401 2954 5466 psalmi
2990 5400 3046 5450 in
3081 5401 3495 5465 exemplaribus

1865 5478 2174 5538 Hebraicis,
2218 5477 2449 5536 Graecis,
2502 5489 2568 5525 ac
2608 5474 2818 5525 Latinis
2862 5471 3224 5533 divisionem,
3270 5473 3494 5537 qualem

1864 5549 2034 5600 etiam
2079 5561 2231 5598 nunc
2277 5548 2334 5596 in
2385 5547 2466 5597 eis
2508 5545 2829 5607 reperimus.
2873 5543 3039 5593 Porro
3085 5543 3493 5594 observandum

1864 5620 2046 5672 obiter
2083 5631 2306 5670 versum
2343 5616 2638 5669 Ambrosio
2683 5614 2834 5665 idem
2871 5625 2994 5665 esse
3033 5627 3099 5666 ac
3139 5615 3493 5676 sententiam,

1864 5691 1982 5742 sive
2027 5691 2266 5741 absoluti
2311 5701 2510 5740 sensus
2557 5685 3149 5750 comprehensionem;
3199 5699 3328 5737 cum
3379 5699 3493 5736 saa—

1864 5763 2008 5826 pius,
2037 5763 2138 5813 ubi
2166 5762 2236 5813 de
2264 5762 2438 5812 sacris
2460 5758 2679 5823 paginis
2715 5758 2913 5822 agitur,
2942 5771 3136 5810 versus
3168 5757 3309 5808 nihil
3343 5757 3495 5808 aliud

1864 5833 2159 5899 signiﬁcet,
2187 5833 2295 5884 nisi
2320 5844 2522 5883 vocum
2547 5831 2747 5882 seriem
2773 5843 2941 5896 quam
2978 5843 3080 5882 nos
3114 5829 3260 5883 Galli
3286 5829 3492 5881 lineam
