3958 6166
524 272 656 325 1363
1992 271 2046 322 S.

2262 268 2404 322 LOSll
3715 271 3825 324 1364

518 395 834 451 secundum
874 398 1134 452 l-lebrzeos
1173 398 1509 452 emendatus
1554 397 1706 467 apud
1739 397 1960 450 Graecos
1993 395 2144 450 Psal-
2170 406 2226 476 Α
2248 393 2405 462 dant,
2433 398 2489 448 et
2517 396 2667 447 terra
2696 393 2883 448 delicit
2913 398 2968 446 et
3010 406 3167 445 mare
3201 389 3437 444 includit
3462 389 3669 444 insanas
3702 394 3832 462 cupi-

520 504 750 544 morum
777 490 922 545 liber
941 491 1095 546 hunc
1123 508 1347 545 versum
1371 491 1563 545 docuit
1589 506 1688 544 nos
1707 493 1918 543 octavae
1948 489 2150 544 litterae
2251 487 2471 554 ditates,
2519 490 2576 541 et
2616 487 2878 557 pendunt
2918 485 3132 539 tributa
3192 483 3407 552 majora
3445 499 3607 554 quam
3647 485 3831 539 fructus

519 583 917 653 copulandum.
964 584 1180 639 Deinde
1227 583 1366 639 ordo
1419 584 1539 654 ipse
1583 588 1640 637 et
1691 599 1963 638 numerus
2021 597 2146 636 ver-
2249 587 2400 634 sunt.
2441 583 2510 634 At
2549 597 2680 633 vero
2728 579 2834 633 iste
2875 579 3017 633 nihil
3063 577 3167 632 sibi
3223 576 3528 648 possidens,
3567 577 3694 630 nulli
3742 579 3833 633 nisi

519 690 688 730 suum
737 675 819 730 ita
867 677 1152 744 convenit,
1201 677 1381 732 ut'ab
1421 693 1489 731 co
1537 676 1775 747 incipiat
1819 680 2014 730 octava
2063 674 2150 728 lit-
2251 675 2363 727 Deo
2392 673 2618 739 militat,
2647 689 2817 744 supra
2848 675 3061 727 terram
3102 671 3224 740 ejus
3250 675 3333 725 est
3359 669 3561 741 portio,
3585 685 3690 723 non
3721 687 3832 724 eum

517 769 665 824 tera.
2250 772 2402 821 terra
2445 766 2656 835 deﬁcit,
2705 782 2819 820 non
2857 765 2998 818 mari
3042 763 3341 818 clauditur.
3368 762 3465 816 Cui
3507 762 3678 833 portio
3711 765 3834 818 Deus

592 863 646 914 3.
687 863 890 927 Portio,
934 863 1138 934 inquit,
1183 880 1302 919 mea
1347 865 1618 919 Dominus.
1662 865 1847 927 Quam
1889 878 2051 916 rarus
2091 861 2149 915 in
2250 864 2354 925 est,
2403 859 2574 914 totius
2617 874 2904 931 possessor
2953 860 3038 912 est
3074 859 3314 911 naturae.
3360 856 3466 909 Pro
3504 855 3646 924 agris
3689 856 3835 926 igitur

522 953 688 1009 terris
729 955 827 1026 qui
883 957 1066 1028 possit
1119 957 1306 1012 dicere
1357 975 1368 1010 :
1419 959 1600 1012 Portio
1651 971 1770 1010 mea
1827 958 2083 1011 Dominus
2130 974 2147 1009 :
2248 955 2369 1023 ipse
2393 953 2500 1008 sibi
2524 952 2660 1008 satis
2684 958 2785 1022 est,
2819 953 3036 1007 habens
3063 951 3281 1004 bonum
3315 949 3579 1015 fructum,
3605 948 3694 1020 qui
3715 966 3834 1004 nun-

521 1063 699 1118 quam
738 1049 958 1104 alienus
1009 1067 1042 1104 a
1082 1050 1247 1118 vitiis,
1280 1067 1452 1122 quam
1506 1052 1838 1120 segregatus
1879 1049 1949 1102 ab
1992 1049 2148 1104 omni
2248 1063 2421 1119 quam
2461 1047 2639 1118 possit
2669 1046 2898 1117 perire:
2935 1061 3041 1116 pro
3069 1043 3338 1098 domibus
3365 1042 3498 1096 satis
3531 1046 3610 1096 est
3649 1041 3761 1109 sibi,
3787 1049 3837 1097 ut

520 1140 647 1195 labe
686 1143 927 1213 peccati,
958 1143 1056 1214 qui
1100 1144 1243 1198 nihil
1282 1144 1490 1198 habeat
1537 1157 1840 1197 commune
1876 1158 2006 1196 cum
2045 1158 2146 1197 sae-
2249 1141 2321 1195 sit
2378 1140 2656 1196 habitatio
2706 1139 2952 1205 Domini,
2992 1145 3047 1193 et
3092 1137 3370 1208 templum
3413 1135 3530 1201 Dei,
3566 1151 3668 1206 quo
3717 1135 3833 1190 nihil

525 1233 673 1303 culo,
700 1234 844 1289 nihil
888 1236 1086 1290 mundi
1129 1236 1298 1306 hujus
1336 1235 1587 1290 vindicet
1623 1235 1752 1301 sibi,
1779 1251 1894 1290 non
1934 1235 2006 1290 sit
2033 1252 2150 1290 cor-
2246 1237 2434 1304 potest
2470 1249 2592 1288 esse
2632 1233 2951 1303 pretiosius.
2991 1231 3137 1295 Quid
3181 1230 3334 1285 enim
3384 1228 3676 1299 pretiosius
3702 1229 3835 1283 Deo?

523 1327 805 1397 poralium
860 1344 1152 1398 possessor
1211 1328 1584 1399 cupiditatum
1641 1329 1770 1398 (54),
1813 1344 1984 1398 quem
2036 1345 2147 1383 non
2247 1310 2356 1381 Aut
2396 1325 2532 1396 quid
2571 1326 2732 1380 deest
2772 1325 2825 1380 ei
2865 1324 2983 1378 viro
3023 1325 3121 1395 qui
3169 1327 3358 1394 potest
3401 1322 3584 1376 dicere
3629 1338 3642 1376 :
3686 1341 3710 1368 «
3733 1323 3832 1375 Non

521 1421 844 1475 inflammet
883 1421 1080 1488 libido,
1109 1437 1223 1475 non
1268 1421 1519 1475 stimulet
1560 1420 1816 1488 avaritia,
1848 1438 1964 1475 non
1992 1421 2149 1476 lasci-
2249 1419 2544 1490 contingat
2568 1419 2710 1473 mihi
2748 1418 2984 1489 gloriari
3011 1418 3116 1472 nisi
3147 1417 3204 1470 in
3231 1432 3397 1470 cruce
3441 1414 3657 1470 Domini
3687 1415 3832 1468 nostri

521 1513 611 1568 via
649 1513 957 1582 effeminet,
1000 1531 1113 1568 non
1165 1515 1384 1568 luxuria
1424 1514 1732 1580 decolorat,
1771 1531 1888 1569 non
1937 1517 2150 1569 sternat
2246 1514 2378 1567 Jcsu
2402 1512 2625 1578 Christi,
2649 1528 2748 1582 per
2783 1528 2954 1582 quem
2996 1509 3136 1565 mihi
3172 1509 3420 1565 mundus
3456 1507 3734 1562 cruciﬁxus
3751 1513 3832 1572 est,

524 1605 781 1672 ambitio,
818 1622 932 1661 non
987 1609 1238 1661 maceret
1287 1606 1522 1672 invidia,
1560 1623 1675 1661 non
1732 1606 1919 1677 aliqua
1969 1623 2145 1678 nego-
2249 1612 2305 1660 et
2329 1623 2438 1676 ego
2465 1605 2682 1659 mundo
2714 1605 2940 1672 (Galut.,
2976 1622 3047 1671 γι,
3078 1603 3164 1674 lt)
3186 1603 3213 1657 εἲ
3244 1625 3270 1652 ››
3306 1603 3424 1656 Non
3468 1605 3645 1672 potest
3671 1600 3722 1654 in
3748 1600 3834 1653 hoc

523 1697 736 1753 tiorum
777 1699 1136 1752 smcularium
1185 1715 1320 1752 cura
1365 1698 1648 1766 sollicitet,
1689 1715 1853 1754 verus
1892 1699 2150 1756 minister
2249 1699 2516 1770 princeps
2563 1697 2763 1751 mundi
2812 1697 2983 1767 hujus
3025 1697 3128 1751 sibi
3172 1695 3521 1751 consortium
3567 1693 3832 1757 vindicare,

523 1791 733 1857 altaris,
765 1792 897 1856 Deo,
925 1807 1037 1844 non
1066 1791 1176 1844 sibi
1207 1793 1392 1844 natus.
2171 1772 2225 1843 Β
2248 1792 2307 1846 in
2340 1808 2453 1862 quo
2478 1791 2622 1844 nihil
2653 1806 2820 1844 suum
2849 1789 3084 1845 invenit.

592 1884 646 1936 4.
684 1882 817 1937 Levi
857 1883 1040 1947 enim,
1085 1889 1140 1936 ut
1190 1883 1364 1937 habet
1409 1884 1827 1954 interpretatio,
1868 1885 2150 1956 signiﬁcat
2319 1888 2370 1940 6.
2408 1885 2648 1955 Ideoque
2698 1884 2990 1954 Dominus,
3020 1883 3116 1954 qui
3160 1881 3320 1936 venit
3361 1882 3579 1947 docere,
3617 1884 3672 1934 ut
3706 1879 3835 1934 ﬁeret

519 1977 641 2046 ipse
666 1975 808 2030 mihi
843 1981 1187 2047 assumptus,
1219 1976 1500 2046 signiﬁcat
1534 1981 1589 2031 et
1615 1977 1733 2047 ipse
1767 1994 1950 2045 meus,
1979 1978 2150 2048 signi-
2248 1977 2412 2032 nobis
2448 1978 2592 2032 Deus
2617 1977 2824 2048 portio,
2857 1976 2937 2030 ait
2975 1993 2988 2031 :
3033 1997 3061 2026 «
3096 1975 3259 2030 Venit
3296 1975 3454 2030 enim
3483 1975 3646 2045 hujus
3672 1973 3834 2028 mundi

520 2069 653 2123 ﬁcat
695 2072 752 2123 et
786 2072 1007 2123 tantum
1043 2074 1384 2140 assumptus,
1415 2070 1698 2140 signiﬁcat
1733 2073 1791 2126 et
1826 2077 2149 2142 assumptus
2249 2071 2532 2141 princeps,
2565 2076 2622 2124 et
2665 2070 2723 2124 in
2765 2086 2859 2124 me
2899 2069 3115 2124 invenit
3158 2069 3301 2123 nihil
3341 2071 3538 2138 (Joan.,
3569 2084 3669 2135 xrv,
3696 2068 3785 2132 30).
3813 2085 3834 2114 ιδ

520 2161 684 2216 mihi.
711 2163 834 2232 lpse
860 2161 1016 2216 idem
1043 2167 1101 2216 et
1130 2162 1271 2216 mihi
1297 2163 1446 2229 Levi,
1475 2167 1531 2217 et
1557 2163 1674 2218 Deo
1709 2169 1793 2219 est
1817 2181 1829 2230 ;
1860 2166 2148 2236 quomodo
2239 2163 2558 2234 Meritoque
2583 2180 2687 2218 nos
2711 2162 3027 2217 imitatores
3056 2162 3143 2216 sui
3171 2179 3292 2216 esse
3321 2162 3532 2229 volens,
3560 2160 3633 2214 ait
3659 2176 3671 2214 :
3701 2179 3724 2206 ι(
3759 2159 3836 2212 No-

520 2253 677 2308 idem
715 2256 774 2308 et
810 2254 953 2309 mihi
983 2255 1265 2322 sacerdos,
1297 2259 1351 2310 et
1392 2257 1503 2311 Deo
1534 2260 1620 2310 est
1649 2273 1660 2310 :
1701 2263 1756 2311 et
1795 2257 1933 2312 mihi
1974 2259 2147 2313 advo-
2250 2257 2346 2312 lite
2371 2257 2658 2327 possidere
2688 2273 2912 2322 aurum,
2935 2271 3122 2326 neque
3152 2261 3481 2325 argentum,
3504 2269 3681 2324 neque
3705 2267 3839 2322 pecu-

522 2351 710 2414 catus,
755 2352 812 2402 et
868 2347 1088 2401 Domini
1149 2347 1478 2418 deprecator
1534 2366 1547 2404 :
1603 2367 1706 2420 pro
1763 2367 1856 2404 me
1912 2351 2150 2406 offerens
2251 2350 2403 2404 niam
2456 2351 2700 2419 (Matth.,
2743 2367 2798 2416 x,
2837 2350 2910 2420 9).
2959 2370 2986 2399 ›ι
3033 2348 3191 2403 Unde
3231 2350 3435 2402 Petrus
3483 2347 3758 2402 ostendens
3794 2345 3837 2398 in

521 2439 882 2505 sacriﬁcium,
914 2447 972 2494 et
1009 2440 1159 2495 idem
1201 2458 1260 2496 se
1298 2441 1544 2496 offerens
1581 2443 1823 2497 Domino
1845 2443 1872 2496 ?
1899 2445 2152 2515 Denique
2254 2445 2365 2497 Deo
2394 2442 2718 2514 portionem
2746 2442 2853 2497 sibi
2880 2458 3164 2511 esse,_non
3196 2442 3256 2495 in
3294 2442 3524 2508 saeculo,
3554 2439 3631 2493 ait
3658 2456 3670 2493 :
3701 2459 3724 2486 ‹‹
3756 2440 3838 2491 Ar-

520 2536 579 2588 et
644 2532 781 2587 alibi
842 2533 971 2588 Levi
1037 2534 1500 2605 interpretatione
1561 2535 1795 2598 dicitur,
1859 2553 1960 2607 pro
2021 2553 2146 2592 me.
2254 2541 2491 2606 gentum
2523 2541 2579 2589 et
2604 2553 2808 2589 aurum
2838 2551 2952 2589 non
2981 2534 3202 2603 habeo;
3244 2534 3350 2588 sed
3376 2533 3526 2605 quod
3553 2533 3736 2600 habeo,
3761 2530 3842 2583 hoc

520 2625 744 2680 Etenim
789 2627 836 2680 si
881 2645 914 2682 a
961 2643 1053 2681 me
1100 2627 1429 2682 nominetur
1475 2629 1630 2695 Levi,
1660 2645 1765 2700 pro
1812 2647 1905 2684 me
1952 2634 2075 2697 est;
2106 2630 2150 2684 si
2252 2628 2355 2682 tibi
2396 2629 2488 2695 do,
2516 2629 2574 2682 in
2618 2628 2856 2683 nomine
2891 2630 3023 2683 Jesu
3051 2627 3257 2684 Christi
3304 2627 3578 2682 Nazareni
3617 2641 3767 2696 surge
3800 2625 3842 2675 et

522 2734 626 2788 pro
663 2735 752 2773 me
783 2720 1002 2784 offerat,
1033 2736 1134 2790 pro
1164 2737 1256 2775 me
1283 2724 1369 2774 est
1391 2739 1407 2789 ;
1435 2721 1481 2774 si
1516 2738 1621 2792 pro
1657 2739 1748 2776 me
1789 2723 2148 2793 interveniat,
2254 2722 2486 2776 ambula
2526 2721 2692 2790 (Act,
2721 2738 2796 2788 in,
2837 2723 2890 2790 6)
2911 2739 2928 2791 ;
2958 2744 2985 2771 ››
3029 2722 3151 2775 haec
3197 2723 3281 2775 est
3324 2719 3514 2791 portio
3558 2735 3710 2787 mea;
3745 2717 3841 2771 hac

518 2826 624 2880 pro
668 2827 762 2865 me
810 2815 924 2865 est.
967 2812 1067 2868 Sin
1118 2817 1306 2868 autem
1361 2816 1593 2869 vocetur
1641 2831 1674 2869 a
1719 2816 1991 2884 Domino,
2032 2817 2153 2887 ipse
2253 2817 2334 2869 est
2357 2831 2482 2870 sors
2520 2831 2686 2882 mea;
2717 2815 2906 2886 portio
2935 2831 3065 2869 mea
3092 2814 3352 2870 Christus
3376 2819 3480 2868 est.
3513 2835 3538 2862 α
3567 2815 3624 2866 In
3649 2809 3842 2866 nomine

518 2902 665 2959 mihi
712 2902 948 2970 dicitur,
993 2905 1099 2959 hoc
1139 2909 1252 2974 est,
1295 2923 1412 2960 non
1469 2907 1564 2961 alii
1626 2907 1989 2975 tributarius,
2035 2926 2151 2964 non
2251 2907 2472 2978 (igitur)
2507 2907 2716 2963 Christi
2739 2910 2866 2962 Jesu
2904 2923 3073 2979 surge
3102 2912 3158 2961 et
3197 2906 3510 2974 ambula,»
3549 2906 3651 2960 hoc
3685 2908 3773 2968 est,
3796 2902 3838 2954 in

522 2995 876 3064 decimarius,
908 2996 1162 3069 1057
1195 3015 1304 3052 non
1335 2999 1406 3052 de
1433 3000 1784 3069 possessione
1810 3001 2149 3068 muniﬁcus;
2254 3001 2515 3071 portione
2551 3017 2678 3055 mea
2719 3001 2876 3055 dives
2913 3017 3062 3066 sum,
3107 3000 3166 3054 in
3209 3000 3472 3071 portione
3514 3016 3639 3054 mea
3677 2999 3841 3068 potens

518 3088 641 3159 ipse
678 3088 841 3154 mihi,
869 3089 979 3143 hoc
1016 3095 1118 3158 est,
1149 3094 1426 3162 tanquam
1455 3092 1746 3146 abundans
1778 3109 1880 3163 pro
1921 3093 2006 3147 his
2034 3112 2151 3148 om-
2172 3129 2222 3166 ρ
2253 3110 2380 3148 sum
2414 3111 2430 3163 ;
2475 3094 2678 3149 merito
2731 3095 2870 3148 tales
2927 3110 3216 3166 prmsumo
3269 3095 3491 3149 fructus
3539 3092 3688 3147 istius
3732 3104 3838 3160 por-

518 3180 706 3247 nibus,
737 3198 855 3236 non
878 3181 948 3236 ab
988 3182 1092 3236 hoc
1132 3182 1400 3251 decimas,
1435 3201 1547 3238 non
1583 3185 1814 3253 fructus,
1849 3203 1964 3241 non
2003 3187 2150 3242 dona
2174 3180 2226 3204 υ
2252 3186 2440 3254 tionis,
2471 3191 2534 3240 ut
2557 3187 2704 3241 salus
2731 3191 2789 3241 et
2821 3187 2934 3242 vita
2970 3187 3240 3254 donetur,
3267 3189 3408 3258 quia
3449 3189 3554 3242 hoc
3599 3187 3681 3239 est
3711 3182 3840 3238 istius

519 3289 734 3344 quaero,
766 3290 883 3328 non
925 3290 1205 3344 munera;
1247 3277 1368 3346 ipse
1410 3276 1550 3331 mihi
1598 3294 1703 3348 pro
1748 3295 1987 3333 munere
2043 3285 2148 3348 est,
2248 3280 2660 3352 patrimonium
2690 3280 2967 3351 portionis
3009 3297 3182 3352 quam
3213 3280 3368 3352 elegi
3410 3280 3567 3335 mihi.
3598 3276 3733 3333 Dixit
3758 3275 3838 3328 hoc

521 3365 643 3437 ipse
679 3369 766 3420 est
801 3383 904 3437 pro
941 3366 1154 3422 tributo
1195 3384 1355 3422 :non
1398 3369 1454 3422 in
1497 3370 1847 3440 possessione
1885 3389 1984 3426 sua
2027 3389 2150 3427 mu-
2249 3373 2486 3443 claudo,
2535 3375 2593 3427 et
2649 3374 2891 3428 surrexit
2959 3374 3059 3445 qui
3114 3379 3240 3428 erat
3291 3374 3527 3429 claudus
3578 3372 3645 3426 ab
3707 3372 3838 3422 utero

520 3457 720 3513 niﬁcus
768 3459 941 3528 mihi,
979 3460 1073 3514 sed
1126 3459 1246 3532 ipse
1296 3461 1437 3515 mihi
1487 3463 1784 3532 possessio,
1825 3464 1943 3535 ipse
1990 3482 2148 3521 meus
2251 3467 2448 3522 matris
2497 3483 2640 3521 suae.
2698 3467 2995 3531 Quomodo
3044 3483 3182 3538 ergo
3230 3469 3435 3522 Petrus
3485 3469 3690 3538 poterat
3733 3476 3837 3532 por-

519 3552 763 3620 fructus,
803 3552 923 3622 ipse
986 3569 1151 3607 meus
1207 3570 1408 3608 census
1461 3559 1788 3627 assumptus
1847 3558 2018 3628 mihi,
2061 3561 2145 3614 vel
2249 3560 2420 3614 tionis
2448 3576 2564 3615 suae
2593 3560 2802 3616 damna
2824 3562 3056 3630 sentire,
3087 3561 3184 3632 qui
3218 3566 3445 3616 natura:
3475 3560 3672 3614 damna
3701 3569 3836 3624 repa-

519 3649 842 3715 assumptus
876 3662 910 3699 a
953 3662 1068 3700 me.
1108 3647 1231 3701 Non
1269 3650 1458 3718 potest
1498 3648 1607 3703 hoc
1646 3649 1768 3703 sine
1805 3650 1994 3705 divina
2029 3668 2147 3708 esse
2248 3653 2462 3708 rabat?

521 3737 721 3808 gratia.
765 3737 917 3794 Sicut
956 3738 1112 3793 enim
1147 3740 1427 3810 possessio
1467 3757 1581 3796 non
1617 3746 1802 3813 potest
1839 3761 1966 3798 mea
2004 3762 2144 3814 esse,
2321 3751 2371 3800 7.
2417 3746 2602 3810 Quare
2645 3763 2762 3801 non
2804 3747 3014 3802 habeas
3069 3751 3379 3817 argentum
3438 3751 3604 3817 atque
3650 3754 3836 3802 aurum,

518 3829 624 3886 nisi
673 3846 867 3886 emero
919 3848 1084 3901 eam,
1135 3833 1214 3887 sic
1265 3849 1383 3888 non
1444 3838 1632 3904 potest
1673 3852 1794 3890 esse
1850 3837 1999 3907 Levi,
2040 3839 2147 3892 nisi
2247 3842 2431 3906 Petre,
2470 3840 2559 3894 dic
2611 3839 2777 3893 nobis
2823 3862 2832 3892 :
2875 3840 2963 3894 dic
3010 3839 3187 3901 etiam.
3227 3840 3368 3911 quid
3413 3840 3488 3893 sit
3531 3835 3671 3892 istud
3716 3827 3837 3904 quod

518 3925 696 3978 fuerit
728 3929 1054 3996 assumptus
1079 3943 1113 3980 a
1152 3927 1429 3996 Domino;
1461 3944 1590 3982 cum
1630 3928 1785 3982 enim
1825 3935 2148 4002 assumptus
2246 3932 2459 3986 habere
2499 3935 2554 3986 te
2599 3932 2755 4000 dicis,
2802 3933 2901 4003 qui
2942 3933 3139 3987 omnia
3184 3948 3314 4002 qua:
3353 3932 3619 3997 habebas,
3653 3933 3703 3981 te
3740 3922 3839 3979 reli-

518 4017 709 4083 fuerit,
738 4020 888 4072 recte
929 4017 1132 4072 dicitur
1157 4019 1276 4087 ipse
1313 4036 1492 4074 meus.
1524 4021 1777 4092 Denique
1805 4039 1934 4077 cum
1973 4025 2147 4095 Moysi
2246 4026 2431 4097 quisse
2459 4025 2667 4079 dixisti.
2701 4026 2791 4080 Sic
2831 4025 2985 4079 enim
3015 4027 3235 4080 locutus
3271 4041 3334 4078 es
3367 4025 3602 4080 Domino
3633 4039 3646 4076 :
3681 4044 3704 4068 α
3729 4020 3838 4073 Ecce

518 4109 736 4164 dictum
777 4115 927 4164 esset
959 4115 1021 4165 ut
1054 4113 1267 4181 populo
1303 4113 1630 4168 Iudaeorum
1669 4131 1771 4185 per
1818 4116 2000 4171 tribus
2037 4117 2148 4172 sin-
2247 4135 2352 4173 nos
2383 4119 2579 4173 omnia
2609 4118 2962 4189 reliquimus,
2996 4123 3053 4173 et
3100 4119 3274 4174 secuti
3301 4135 3497 4172 sumus
3537 4120 3589 4170 te
3633 4110 3837 4185 (Matth.

519 4203 682 4272 gulas
729 4202 1010 4257 divideret
1055 4204 1347 4271 incolatus,
1386 4211 1441 4260 et
1491 4207 1856 4263 distribuerat
1909 4210 2074 4280 singu

2272 4228 2352 4279 :Ix,
2380 4212 2492 4282 27),
2527 4234 2554 4261 ››
2599 4211 2707 4266 hoc
2750 4215 2854 4279 est,
2883 4228 2997 4266 non
3045 4209 3302 4284 1058
3345 4209 3696 4282 qumsivimus
3735 4218 3835 4275 qua:

516 4295 775 4351 tribubus
805 4295 1150 4366 portionem,
1185 4297 1392 4352 tribum
1435 4300 1729 4354 Leviticam
1763 4303 1978 4373 excepit
2004 4305 2146 4358 Deus
2246 4305 2434 4359 saeculi
2474 4307 2626 4372 sunt,
2661 4322 2776 4358 non
2815 4305 3174 4377 quaesivimus
3203 4308 3434 4376 partem
3463 4305 3531 4358 de
3566 4298 3833 4374 possessio-

516 4387 711 4443 dicens
757 4406 770 4443 :
821 4410 849 4439 «
882 4389 1035 4444 Filiis
1084 4391 1212 4444 Levi
1255 4407 1367 4445 non
1414 4391 1522 4445 erit
1560 4393 1769 4462 portio,
1801 4409 1986 4465 neque
2025 4412 2146 4450 sors
2246 4397 2454 4464 nibus;
2482 4397 2580 4452 sed
2625 4403 2678 4452 te
2717 4399 2992 4469 elegimus
3032 4398 3377 4469 portionem.
3409 4393 3694 4469 Reliquisti
3725 4404 3835 4458 ergo

515 4481 574 4535 in
633 4481 820 4537 medio
873 4483 1118 4538 fratrum
1161 4499 1393 4538 suorum
1417 4526 1431 4551 ,
1478 4485 1614 4556 quia
1672 4487 1942 4542 Dominus
1998 4489 2144 4543 Deus
2164 4494 2223 4566 Ι)
2247 4496 2379 4546 ante
2403 4492 2620 4561 omnia,
2650 4493 2829 4558 Petre,
2863 4508 2989 4562 qua:
3021 4491 3270 4546 habebas
3295 4509 3310 4558 ;
3340 4491 3491 4546 unde
3520 4489 3683 4544 habes
3709 4479 3835 4556 quod

515 4591 646 4645 pars
684 4591 879 4630 eorum
912 4581 993 4630 est
1035 4577 1237 4647 (Deut,
1270 4593 1324 4646 x,
1355 4577 1431 4647 9).
1466 4600 1494 4628 υ
1527 4579 1592 4632 Et
1618 4578 1793 4634 alibi:
1828 4601 1856 4629 ‹‹
1881 4583 1999 4652 Ego
2040 4583 2144 4636 Do-
2244 4584 2452 4640 habere
2495 4591 2550 4640 te
2587 4584 2728 4639 dicis
2761 4585 2788 4638 ?
2829 4585 3020 4656 Surgit
3062 4585 3319 4653 claudus,
3351 4589 3410 4639 et
3449 4599 3588 4639 sono
3629 4578 3703 4634 tui
3743 4589 3834 4629 ser-

513 4667 706 4722 minus
737 4668 924 4738 portio
952 4685 1152 4725 eorum
1180 4670 1384 4740 (Num,
1415 4688 1562 4738 xvni,
1592 4672 1702 4741 '20).
1735 4694 1762 4722 ››
2244 4678 2432 4733 monis
2487 4677 2759 4749 erigitur.
2803 4678 3109 4734 Sanitatem
3150 4677 3272 4732 aliis
3322 4679 3532 4745 donas,
3575 4674 3669 4745 qui
3711 4667 3835 4724 indi-

585 4765 636 4815 5.
670 4761 921 4832 Negatur
943 4762 1033 4816 his
1060 4767 1284 4817 terrena
1314 4763 1548 4833 divisio;
1583 4769 1642 4819 ut
1666 4765 1772 4837 ipsi
1804 4767 1939 4822 dum
1974 4786 2142 4824 saecu-
2245 4771 2416 4841 gebas
2449 4771 2572 4841 ipse
2606 4775 2719 4825 tua:
2756 4771 2951 4825 salutis
2981 4770 3212 4826 auxilio.
3241 4770 3543 4842 Reliquisti
3572 4783 3698 4837 ergo
3730 4774 3835 4832 qum

508 4857 689 4910 larem
734 4854 838 4909 sibi
888 4872 1000 4909 non
1045 4855 1331 4911 vindicant
1374 4857 1716 4928 portionem,
1754 4860 1895 4916 ﬁant
1943 4863 2140 4918 coeles-
2243 4864 2516 4932 habebas,
2550 4869 2607 4918 et
2641 4863 2835 4934 cepisti
2876 4880 3004 4934 qum
3037 4880 3150 4918 non
3183 4863 3454 4919 habebas.
3485 4862 3724 4918 Christus
3753 4851 3836 4907 tibi

510 4948 580 5003 tis
627 4948 937 5019 possessio;
986 4949 1075 5003 vel
1122 4949 1230 5003 hoc
1275 4951 1460 5005 solum
1511 4953 1771 5007 noverint
1829 4954 2138 5024 possidere,
2241 4957 2452 5028 portio,
2497 4956 2752 5012 Christus
2815 4956 2917 5010 tibi
2974 4957 3250 5026 possessio
3305 4962 3409 5011 est.
3459 4956 3603 5009 lllius
3657 4961 3832 5004 nomen

510 5042 619 5096 hoc
660 5047 762 5108 est,
809 5041 940 5095 ﬁdei
983 5047 1040 5096 et
1081 5042 1396 5098 devotionis
1438 5044 1794 5116 obsequium,
1842 5049 2022 5102 multo
2060 5049 2142 5103 di-
2238 5051 2343 5105 tibi
2389 5049 2750 5118 munificum,
2792 5050 2942 5104 illius
2986 5067 3197 5105 nomen
3237 5050 3340 5105 tibi
3374 5056 3460 5104 est
3499 5049 3832 5104 fructuosum,

511 5135 684 5190 tiores
711 5151 883 5206 quam
907 5135 1004 5206 qui
1030 5136 1450 5206 possessionum
1489 5155 1722 5192 suarum
1753 5139 1928 5210 spatia
1953 5143 2140 5213 ampla
2238 5143 2392 5198 illius
2436 5159 2648 5198 nomen
2698 5143 2802 5197 tibi
2847 5143 2959 5215 (55)
3002 5143 3213 5198 tributa
3267 5142 3566 5214 dependit,
3605 5143 3657 5193 et
3704 5136 3834 5188 bona

510 5227 857 5284 diffundunt.
902 5229 1334 5293 Quantumlibet
1386 5230 1540 5284 enim
1585 5232 1725 5286 ﬁnes
1767 5249 1899 5287 suos
1951 5238 2140 5290 exten-
2239 5236 2476 5303 tributa,
2511 5253 2630 5290 non
2669 5236 2947 5308 pecuniae,
2976 5237 3074 5292 sed
3118 5235 3337 5308 gratiae.
3379 5234 3565 5290 Portio
3605 5237 3694 5286 tua
3735 5240 3829 5279 non

509 5368 831 5439 vocitamus.
863 5369 998 5420 Haec
1023 5373 1208 5420 autem
1235 5370 1461 5420 omnino
1486 5383 1584 5420 sex
1621 5369 1961 5422 dictionibus
1999 5388 2140 5424 con—
2239 5376 2345 5426 nisi
2373 5374 2520 5439 quod
2557 5388 2626 5425 ex
2656 5389 2776 5425 uno
2804 5375 2927 5425 cod.
2969 5376 3092 5425 Vat.
3127 5375 3292 5425 habet
3319 5389 3330 5422 :
3367 5374 3468 5423 Cui
3501 5372 3586 5428 sit,
3613 5373 3715 5420 etc.
3736 5360 3828 5414 Sed

510 5438 715 5510 stabat,
755 5453 934 5504 eoque
983 5442 1218 5492 consilio
1276 5443 1584 5505 excogitata
1632 5443 1830 5505 fuerat,
1881 5459 1954 5495 ne
2005 5447 2139 5510 quid
2239 5438 2714 5496 cum’relativum
2758 5459 2943 5508 neque
2987 5447 3042 5494 in
3086 5445 3214 5496 edit.
3259 5448 3368 5494 ant.
3410 5456 3587 5506 neque
3627 5441 3677 5489 in
3715 5448 3829 5486 mss.

506 5509 806 5573 Scripturze
831 5511 1102 5563 autdemi
1127 5517 1224 5563 aut
1262 5511 1430 5576 adjici
1473 5518 1677 5576 posset.
1712 5515 1852 5565 Vide
1893 5509 2135 5570 Criticen
2239 5517 2368 5566 ullis
2411 5515 2553 5566 Gall.
2601 5517 2839 5579 reperire
2888 5517 2979 5574 sit,
3026 5516 3318 5567 lectionem
3366 5515 3489 5565 cod.
3541 5512 3734 5570 Remis.
3776 5517 3829 5553 ac

503 5581 625 5632 Vet.
658 5582 926 5644 Testam.,
957 5597 1075 5647 cap.
1109 5585 1190 5635 26.
2238 5586 2402 5636 Vind.
2429 5588 2697 5651 potiorem
2728 5587 3011 5637 duximus.

565 5654 661 5715 (5t)
718 5653 844 5702 Mss.
895 5657 1022 5712 tres,
1075 5667 1185 5704 non
1230 5657 1299 5705 sit
1344 5657 1708 5718 corporalium
1755 5659 2138 5721 possessionum
2299 5658 2399 5719 (35)
2431 5659 2558 5709 Mss.
2592 5660 2770 5721 Rem.,
2798 5659 2944 5710 Fisc.
2973 5663 3027 5722 et
3060 5660 3220 5711 Sorb.
3245 5658 3381 5715 duo.
3415 5657 3504 5706 tibi
3538 5652 3827 5722 muniﬁcum.

503 5723 788 5797 cupiditas.
816 5725 1024 5797 Decem
1050 5738 1178 5774 cum
1213 5730 1323 5775 ant.
1351 5726 1503 5788 edit.,
1529 5741 1640 5778 non
1675 5729 1742 5778 sit
1778 5727 2139 5790 corporalium
2238 5731 2304 5778 Et
2323 5731 2485 5779 secuti
2512 5743 2694 5780 sumus
2737 5735 2798 5792 te,
2847 5731 2942 5782 hoc
2979 5721 3072 5790 est,
3109 5730 3447 5797 quaesiuimus
3486 5729 3670 5778 Jesum.
3707 5721 3835 5772 Illius

501 5795 761 5860 possessio
787 5793 1152 5857 cupiditatum.
1188 5798 1235 5846 A
1261 5797 1467 5862 quibus
1493 5812 1604 5850 non
1634 5799 1752 5852 abit
1785 5799 1918 5852 edit.
1951 5799 2135 5863 Rom.,
2238 5812 2429 5853 nomen
2453 5799 2569 5862 tibi,
2593 5804 2702 5853 etc.
