4082 6186
279 197 378 250 I365

1337 189 1685 245 EXPOSITIO
1725 189 1792 246 IN
1831 188 2144 246 PSALMUM
2185 189 2407 244 CXVIII.

3428 196 3441 245 I
3457 197 3556 248 366

271 319 475 375 ariditate
513 317 761 383 siccatur,
793 332 909 370 non
939 315 1122 372 imbre
1161 315 1420 384 diluitur,
1456 333 1572 371 non
1616 316 1827 388 frigore
1852 314 2162 402 Aaccessit
2191 314 2421 386 quidam
2459 316 2614 371 dives
2639 317 2712 370 ad
2745 316 3070 385 Dominum,
3097 319 3194 389 qui
3230 316 3557 389 portionem

269 415 350 478 (56)
376 410 552 476 uritur,
581 425 696 464 non
724 412 1060 481 tempestate
1081 413 1399 481 quassatur.
1434 411 1539 464 Per
1567 409 1719 465 diem
1747 411 1828 465 sol

268 523 349 561 non
374 508 484 558 uret
507 508 581 570 te,
611 519 791 574 neque
826 503 959 557 luna
986 519 1091 574 per
1117 506 1366 558 noctem.
1397 503 1570 559 Serva
1607 503 1826 574 portio-

269 614 365 654 nem
388 612 542 668 quam
567 595 782 668 elegisti
805 614 822 664 ;
851 611 918 652 ea
944 599 1031 651 est
1061 596 1215 651 enim
1257 597 1468 667 portio,
1501 613 1677 668 quam
1707 602 1825 652 ter-

265 708 379 746 renae
411 693 587 762 partes
626 705 850 762 mquare
908 706 1025 745 non
1066 693 1321 761 possunt.
1359 689 1504 754 Quid
1545 689 1700 746 enim
1741 693 1830 745 est

263 784 374 856 quod
413 783 647 838 conferri
701 783 879 854 possit
923 783 1030 853 his,
1071 783 1141 838 de
1193 783 1400 856 quibus
1445 786 1593 840 Deus
1632 783 1766 839 dicit
1808 800 1822 838 :

263 901 282 925 «ι
310 879 365 931 Et
387 876 698 931 inhabitabo
725 876 782 930 in
811 876 922 931 illis
948 876 1166 948 (Leuit,
1194 894 1340 947 xxvr,
1374 880 1439 933 t2
1463 894 1476 945 ;
1504 879 1547 933 ll
1576 880 1718 941 Cor.,
1749 894 1823 945 v1,

263 972 341 1040 16).
367 991 392 1019 ν
428 969 561 1034 Quid
601 969 1052 1041 magnificentius
1094 971 1344 1042 hospitio
1385 971 1641 1027 caelesti?
1679 971 1827 1036 Quid

259 1063 428 1118 beatius
460 1063 806 1134 possessione
853 1062 1084 1119 divina?
1122 1084 1150 1113 «
1189 1066 1257 1120 Et
1302 1064 1700 1136 deambulabo,
1735 1064 1823 1120 in-

256 1155 364 1227 quit,
399 1155 448 1210 in
487 1156 570 1210 his
613 1156 819 1227 (Ibid)
863 1177 892 1206 »
934 1156 1044 1212 Alii
1087 1161 1408 1229 queruntur
1448 1158 1518 1213 de
1554 1158 1640 1214 sui
1677 1159 1827 1214 ruris

256 1249 515 1319 angustiis;
554 1249 614 1303 in
658 1254 712 1305 te
756 1251 870 1304 Deo
913 1253 998 1305 est
1038 1250 1227 1322 ampla
1272 1251 1572 1322 possessio,
1613 1252 1673 1306 in
1714 1268 1826 1324 quo

255 1341 560 1396 deambulare
605 1359 665 1396 se
709 1342 864 1410 dicit,
907 1343 1016 1398 hoc
1055 1347 1158 1413 est,
1187 1344 1316 1398 laxa
1371 1345 1555 1416 spatia
1598 1344 1822 1400 habita-

254 1436 380 1489 tionis
427 1434 730 1501 inveniens,
772 1435 872 1506 qui
917 1439 1130 1490 terram
1183 1435 1425 1492 includit
1473 1453 1647 1491 manu
1691 1455 1704 1492 :
1747 1437 1826 1492 sic

255 1528 367 1583 enim
388 1527 641 1599 scriptum
668 1530 756 1582 est
783 1545 798 1582 :
831 1549 858 1577 ‹‹
897 1528 1034 1593 Quis
1056 1545 1286 1584 mensus
1311 1533 1397 1583 est
1427 1546 1603 1585 manu
1624 1546 1822 1602 aquas,

256 1625 297 1674 et
314 1621 481 1675 cretum
504 1621 716 1690 palmo,
747 1622 805 1675 et
831 1622 1156 1676 universam
1195 1627 1409 1678 terram
1435 1623 1621 1678 clausa
1648 1639 1826 1679 manu

1930 407 2237 463 Dominum
2272 425 2390 464 non
2421 409 2688 465 habebat.
2722 409 2973 465 Habebat
3006 410 3160 465 enim
3188 411 3396 466 multas
3420 429 3554 484 pos-

1927 502 2232 569 sessiones;
2276 501 2377 557 sed
2412 502 2684 557 Dominus
2722 519 2835 558 non
2877 503 3026 559 inter
3064 503 3246 558 multa
3284 519 3552 559 numera-

1926 597 2050 665 tur;
2073 612 2190 650 non
2215 594 2370 650 enim
2398 595 2673 667 dignatur
2699 595 2912 652 habere
2936 611 3067 651 cum
3097 597 3304 652 saeculo
3335 613 3558 652 consor-

1926 689 2092 744 tium.
2139 690 2276 754 Quae
2323 688 2479 744 enim
2530 689 2715 761 portio
2753 690 2991 761 justitiaa
3037 706 3167 753 cum
3217 688 3557 762 iniquitate?

1926 781 2069 837 Dicit
2091 797 2229 853 ergo
2253 782 2345 837 hic
2372 781 2529 838 dives
2556 800 2570 837 :
2604 804 2632 833 ‹‹
2660 784 2804 848 Quid
2837 783 3053 839 faciens
3082 783 3257 839 vitam
3286 785 3557 839 aeternam

1925 874 2226 946 possidebo
2259 876 2429 946 (Luc.,
2475 892 2626 944 xvm,
2671 878 2800 944 18)?
2843 898 2872 928 »
2918 877 3229 948 Respondit
3266 877 3318 932 ei
3361 876 3555 932 Domi-

1924 983 2032 1023 nus
2059 984 2072 1022 :
2111 989 2138 1017 «
2164 968 2420 1024 Mandata
2453 970 2641 1025 nosti?
2671 971 2794 1025 Non
2819 970 3195 1026 homicidium
3219 970 3414 1038 facies,
3442 986 3558 1026 non

1926 1061 2298 1132 adulterabis,
2338 1078 2453 1118 non
2489 1063 2698 1118 falsum
2740 1063 3132 1120 testimonium
3175 1064 3326 1120 dices
3372 1063 3558 1135 (lbid.,

1925 1154 2034 1224 20),
2071 1174 2100 1206 υ
2131 1155 2438 1211 ostendens
2473 1156 2652 1211 vitam
2691 1161 2969 1212 aeternam
3007 1157 3066 1212 in
3101 1157 3192 1213 bis
3234 1173 3355 1214 esse
3392 1175 3555 1213 man-

1925 1246 2090 1302 datis.
2139 1250 2212 1303 At
2259 1249 2355 1304 ille
2397 1249 2712 1320 justiﬁcare
2764 1266 2823 1304 se
2869 1251 3066 1306 volens
3108 1228 3245 1306 didit
3289 1269 3302 1306 :
3355 1271 3386 1298 ‹‹
3429 1251 3556 1305 Haec

1924 1340 2120 1396 omnia
2169 1341 2311 1407 feci,
2367 1341 2505 1413 quid
2556 1341 2700 1396 mihi
2752 1346 2931 1400 restat
2985 1344 3166 1413 (Ibid.,
3219 1345 3348 1415 2t)?
3392 1366 3421 1394 ν
3473 1344 3556 1399 Ad

1923 1448 2098 1505 quem
2138 1434 2414 1490 Dominus
2456 1435 2557 1503 ait,
2595 1435 2788 1491 volens
2826 1436 2879 1490 ei
2918 1436 3230 1492 Dominum
3261 1437 3384 1492 ﬁeri
3423 1453 3554 1508 por-

1925 1526 2173 1596 tionem,
2229 1544 2342 1582 non
2402 1528 2744 1599 pecuniam,
2807 1545 2924 1584 non
2981 1529 3399 1601 possessiones,
3457 1531 3553 1586 sed

1925 1635 2123 1675 verum
2152 1622 2332 1676 Deum
2363 1638 2377 1676 :
2412 1643 2439 1671 «
2468 1621 2528 1677 Si
2557 1623 2640 1676 vis
2675 1621 2961 1694 perfectus
2995 1637 3139 1691 esse,
3177 1624 3335 1692 vade,
3376 1623 3558 1679 vende

257 1714 367 1781 (1541.,
397 1730 472 1781 XL,
513 1712 643 1784 t2)?
690 1736 720 1763 ι)
761 1714 863 1768 Cui
903 1715 1153 1770 mundus
1205 1720 1480 1788 angustus
1526 1721 1629 1784 est,
1667 1722 1730 1772 tu
1774 1718 1827 1772 ei
1848 1703 1902 1775 Β
1927 1713 2118 1768 omnia
2141 1729 2269 1786 quae
2295 1714 2487 1782 habes,
2515 1719 2570 1770 et
2601 1714 2672 1769 da
2696 1716 3065 1787 pauperibus,
3096 1721 3153 1771 et
3178 1716 3410 1771 habebis
3435 1717 3556 1771 the-

257 1808 397 1877 ampla
417 1822 468 1861 es
498 1806 717 1862 domus.
747 1809 948 1871 Portio,
977 1808 1186 1880 inquit,
1217 1825 1336 1864 mea
1374 1812 1651 1866 Dominus.
1681 1809 1827 1865 Dicit

259 1899 335 1952 hoc
368 1905 582 1970 martyr.
622 1900 735 1972 [psi
770 1916 910 1971 ergo
947 1901 1221 1971 vivamus,
1263 1902 1355 1956 cui
1394 1901 1540 1956 mori
1579 1908 1666 1959 est
1699 1905 1821 1974 glo-

258 1992 436 2046 riosum.
462 1992 591 2048 Aliis
627 1993 816 2048 verbis
854 2010 1031 2066 quam
1071 1994 1219 2050 bene
1265 1995 1409 2050 dixit
1447 1995 1553 2050 hoc
1597 1996 1821 2063 Paulus,

259 2086 496 2140 ostendens
520 2087 733 2142 nullam
772 2086 984 2142 habere
1027 2103 1086 2142 se
1127 2088 1188 2142 in
1225 2089 1334 2144 hoc
1368 2090 1573 2144 suacqu
1609 2089 1820 2160 portio-

261 2180 384 2232 nem!
418 2179 493 2234 Sic
537 2180 690 2234 enim
740 2179 1013 2252 scriptum
1065 2185 1148 2235 est
1191 2199 1205 2236 :
1253 2203 1281 2230 ‹‹
1326 2184 1513 2253 Usque
1555 2182 1627 2236 ad
1672 2183 1823 2237 hanc

260 2271 406 2326 horam
446 2278 494 2328 et
528 2273 835 2341 esurimus,
865 2277 922 2330 et
965 2274 1209 2343 sitimus,
1239 2277 1300 2330 et
1339 2275 1481 2330 nudi
1527 2292 1740 2343 sumus,
1769 2282 1824 2332 et

265 2365 441 2436 colaphis
479 2366 836 2438 vapulamus,
865 2371 923 2422 et
969 2367 1259 2422 instabiles
1309 2384 1526 2436 sumus,
1559 2374 1618 2424 et
1658 2369 1818 2425 labo-

267 2474 396 2513 ramus
423 2464 714 2532 operantes
757 2460 1020 2515 manibus
1063 2461 1294 2516 nostris.
1325 2462 1732 2532 Maledicimur,
1766 2468 1823 2518 et

271 2549 600 2623 benedicimus;
639 2553 1102 2625 persecutionem
1153 2555 1430 2626 patimur,
1469 2559 1528 2610 et
1573 2557 1816 2612 sustine-

283 2658 399 2710 mus;
436 2645 918 2720 hlasphemamur,
973 2653 1030 2701 et
1087 2647 1476 2704 obsecramus.
1522 2651 1818 2720 Tanquam

281 2735 546 2795 lustramenta
598 2741 780 2811 hujus
843 2741 1044 2795 mundi
1103 2741 1236 2796 facti
1290 2757 1509 2809 sumus,
1558 2742 1816 2798 omnium

273 2837 557 2900 purgamenta
584 2849 772 2905 usque
799 2833 983 2889 adhuc
1010 2833 1054 2905 (l
1086 2837 1232 2896 Cor.,
1269 2852 1341 2902 IV,
1374 2836 1586 2906 tt-I3).
1618 2857 1646 2885 ››

312 2923 348 2974 8.
377 2925 590 2981 Fortasse
628 2930 866 2981 moveat
901 2927 1057 2999 quod
1103 2934 1548 3000 purgamentum
1590 2945 1650 2983 se
1691 2945 1814 2984 esse

263 3013 370 3070 dixit.
397 3019 496 3073 Non
536 3021 696 3075 enim
739 3025 841 3074 est.
884 3019 992 3076 Sed
1029 3020 1137 3075 hoc
1171 3021 1531 3076 saacularibus
1567 3021 1812 3091 videtur,

260 3108 326 3177 qui
351 3115 510 3180 putant
544 3129 839 3167 summam
879 3113 937 3167 in
975 3113 1180 3168 divitiis
1226 3129 1345 3170 esse
1399 3115 1677 3186 gloriam,
1725 3117 1815 3171 vel

257 3198 468 3259 decorem.
515 3206 718 3262 Nonne
767 3205 860 3261 isti
910 3207 1206 3262 universos
1255 3213 1636 3280 purgamenta
1689 3225 1813 3265 esse

256 3298 423 3363 putant,
465 3300 794 3372 quicunque
842 3299 953 3354 illis
999 3300 1396 3372 obsequuntur
1442 3306 1681 3374 propter
1723 3302 1812 3357 di-

255 3385 370 3441 vitias
393 3393 440 3444 et
468 3391 753 3448 mirantur
791 3409 884 3449 eos
922 3399 1157 3465 propter
1199 3411 1357 3465 opes,
1402 3394 1606 3450 timent
1643 3412 1810 3467 prop-

255 3480 314 3533 ter
350 3486 654 3557 potentiam,
704 3485 939 3541 laudant
981 3489 1218 3558 propter
1257 3487 1653 3543 nobilitatem?
1701 3489 1813 3544 Sed

254 3570 336 3626 hac
359 3579 522 3632 omnia
548 3579 764 3634 Paulus
799 3579 1145 3635 detrimenta
1179 3581 1364 3651 magis
1397 3581 1640 3652 putabat
1671 3597 1809 3650 esse,

251 3680 376 3734 quam
409 3673 716 3728 commoda.
756 3672 1006 3744 Ideoque
1044 3673 1125 3728 ait
1163 3690 1176 3727 :
1213 3693 1240 3722 «
1283 3673 1420 3738 Quae
1468 3673 1610 3728 mihi
1656 3675 1813 3729 lucra

250 3755 445 3827 fuerunt,
484 3764 600 3820 huic
652 3764 789 3820 duxi
840 3769 1078 3836 propter
1131 3765 1417 3820 Christum
1469 3766 1812 3822 detrimenta

250 3865 355 3919 esse,
397 3863 608 3928 propter
671 3858 1023 3913 eminentem
1077 3859 1370 3914 scientiam
1423 3859 1630 3916 Christi
1681 3861 1811 3915 .Iesu

251 3941 416 4001 Domini
447 3951 570 4022 mei,
613 3957 857 4024 propter
897 3967 1067 4023 quem
1108 3953 1365 4007 omnium
1404 3952 1813 4009 detrimentum

249 4049 389 4103 [emus
409 4057 520 4098 sum
549 4048 606 4100 et
631 4044 890 4100 mstimor
921 4049 1192 4110 stercora,
1219 4047 1286 4099 ut
1311 4045 1600 4101 Christum
1637 4045 1809 4100 lucri-

250 4126 402 4186 faciam
435 4135 709 4209 (Philipp,
740 4154 818 4205 nr,
850 4142 904 4205 7,
945 4139 1018 4208 8).
1054 4160 1082 4188 »
1121 4140 1394 4201 Estimor,
1432 4137 1616 4210 inquit
1646 4155 1660 4193 :
1695 4155 1809 4193 non

251 4224 308 4274 (st
325 4223 420 4281 haec
443 4245 577 4298 mea,
606 4230 710 4286 sed
740 4231 923 4285 aliena
948 4232 1250 4286 sententia.
1283 4232 1628 4303 Frequenter
1653 4231 1810 4286 enim

253 4315 492 4376 adimatur
538 4340 762 4396 pauper
813 4324 907 4379 ille
953 4323 1280 4379 irridendus
1326 4329 1384 4380 et
1429 4325 1810 4380 exsecrandus

1836 3067 1890 3140 C

1924 1822 2155 1862 saurum
2189 1807 2247 1862 in
2286 1808 2451 1875 coelo,
2483 1813 2541 1863 et
2577 1808 2726 1876 veni,
2766 1824 3005 1880 sequere
3031 1825 3124 1864 me
3155 1810 3343 1879 (Ibid.,
3379 1810 3490 1879 2‘2).
3523 1831 3552 1860 »

1925 1901 2130 1956 Verum
2164 1899 2256 1956 ille
2291 1900 2380 1956 cui
2416 1901 2603 1973 portio
2639 1918 2844 1956 aurum
2871 1905 3044 1974 atque
3072 1905 3376 1973 argentum
3411 1908 3552 1972 erat,

1923 1993 2046 2048 sine
2073 1993 2281 2065 quibus
2317 2009 2440 2048 esse
2471 2011 2586 2050 non
2617 1999 2853 2066 poterat,
2883 1999 2940 2051 et
2970 2012 3099 2051 cum
3127 1996 3332 2068 quibus
3364 1997 3552 2052 Domi-

1924 2103 2032 2142 nus
2077 2086 2158 2142 illi
2201 2087 2386 2159 portio
2431 2103 2552 2143 esse
2591 2104 2706 2143 non
2749 2091 3005 2160 poterat,
3044 2089 3407 2144 contristatus
3449 2093 3551 2144 est.

1925 2180 2082 2235 Unde
2139 2181 2409 2236 Dominus
2463 2181 2853 2252 pronuntiavit
2899 2182 3251 2254 impossibile
3299 2199 3443 2250 esse,
3495 2186 3556 2236 ut

1921 2272 2082 2328 dives
2116 2273 2292 2330 intret
2320 2274 2379 2328 in
2416 2290 2661 2346 regnum
2690 2275 2992 2343 caelorum;
3020 2276 3119 2331 sed
3150 2275 3298 2347 quod
3339 2275 3550 2347 impos-

1921 2365 2082 2421 sibile
2120 2382 2226 2438 per
2269 2367 2554 2422 humanas
2597 2368 2953 2439 cupiditates,
2995 2369 3106 2424 hoc
3153 2385 3258 2440 per
3303 2368 3552 2424 divinam

1921 2459 2162 2530 gratiam
2196 2461 2376 2515 solam
2403 2475 2563 2531 posse
2589 2477 2708 2517 esse
2735 2461 3018 2533 possibile.

1993 2556 2078 2607 to.
2132 2551 2277 2607 Alibi
2332 2569 2563 2625 quoque
2613 2554 2693 2608 ait
2737 2570 2751 2609 :
2799 2575 2826 2605 «
2878 2555 3213 2626 Quicunque
3259 2555 3552 2627 reliquerit

1919 2647 2141 2715 patrem
2173 2651 2272 2699 aut
2297 2649 2564 2711 matrem,
2594 2647 2834 2701 domum
2869 2651 2968 2701 aut
2999 2647 3224 2715 fratres,
3260 2653 3358 2703 aut
3390 2665 3546 2703 soro-

1917 2753 2121 2792 res.....
2152 2739 2482 2810 centuplum
2516 2739 2758 2809 accipiet
2789 2739 2848 2794 iu
2886 2740 2994 2794 hoc
3029 2741 3256 2806 saeculo,
3290 2745 3347 2795 et
3377 2741 3548 2795 vitam

1917 2832 2195 2885 aeternam
2246 2830 2559 2902 possidebit
2604 2832 2851 2902 (Matth.,
2899 2848 3010 2900 XIX,
3051 2832 3165 2901 29).
3213 2855 3242 2884 »
3291 2832 3548 2888 Forsitan

1915 2927 2106 2978 autem
2144 2923 2295 2979 dicas
2329 2940 2343 2977 :
2374 2924 2579 2996 Utique
2611 2925 2706 2996 qui
2737 2925 3118 2997 relinquendo
3151 2926 3385 2981 domum
3423 2925 3548 2998 (per

1917 3016 2154 3071 domum
2183 3021 2376 3072 autem
2415 3020 2599 3072 totum
2636 3033 2870 3072 censum
2911 3018 3212 3090 intellige),
3242 3019 3339 3090 qui
3369 3018 3544 3074 relin-

1915 3110 2142 3181 quendo
2198 3110 2572 3183 propinquos,
2626 3111 2806 3166 Deum
2851 3117 3076 3167 secutus
3113 3111 3314 3182 fuerit,
3361 3112 3549 3184 portio

1915 3203 2138 3258 Domini
2188 3208 2304 3272 est,
2350 3207 2410 3258 et
2450 3204 2636 3276 portio
2682 3205 2828 3260 Deus
2871 3205 2955 3260 illi
2999 3209 3112 3275 est;
3161 3206 3334 3261 habet
3375 3207 3546 3263 etiam

1913 3296 2087 3351 vitam
2121 3301 2433 3365 aeternam;
2461 3301 2518 3353 et
2541 3298 2675 3370 quia
2703 3303 2934 3370 accepto
2963 3301 3232 3370 centuplo
3263 3300 3326 3354 fit
3353 3300 3411 3354 in
3442 3300 3546 3354 hoc

1914 3390 2120 3445 seculo
2145 3390 2318 3457 dives,
2347 3390 2523 3459 dives,
2562 3389 2804 3462 inquies,
2835 3392 3016 3447 intrat
3053 3392 3109 3445 in
3143 3407 3391 3463 regnum
3428 3409 3540 3447 coe-

1912 3483 2121 3538 lorum.
2170 3483 2386 3539 Deinde
2429 3483 2476 3538 si
2520 3484 2851 3555 centuplum
2891 3484 2987 3540 dat
3030 3484 3305 3541 Dominus
3348 3501 3542 3540 eorum

1912 3592 2042 3649 quas
2077 3575 2254 3631 etiam
2294 3561 2496 3646 simpla
2539 3577 3021 3647 impedimentum
3066 3577 3273 3632 afferre
3312 3594 3544 3632 consue-

1912 3673 2049 3724 runt
2075 3669 2144 3724 ad
2174 3668 2602 3740 perceptionem
2632 3669 2973 3725 haereditatis
3003 3673 3264 3739 aeternae;
3309 3674 3539 3726 centum

1913 3779 2052 3834 ergo
2086 3761 2474 3834 possessiones
2511 3761 2702 3816 reddit
2727 3778 2832 3833 pro
2863 3779 2977 3817 una
3005 3763 3375 3834 possessione,
3406 3779 3534 3818 cen-

1909 3860 2036 3912 tum
2063 3855 2250 3927 pondo
2275 3855 2399 3910 auri
2429 3871 2531 3927 pro
2558 3870 2671 3909 uno
2699 3855 2971 3927 pondere.

1985 3952 2071 4004 ll.
2111 3949 2313 4003 Multos
2348 3947 2581 4019 quidem
2626 3948 2685 4002 in
2722 3948 2826 4002 hoc
2870 3949 3076 4003 saeculo
3115 3948 3209 4019 qui
3253 3964 3354 4003 sua
3396 3965 3536 4020 pau-

1912 4041 2142 4113 peribus
2191 4041 2544 4095 donaverunt
2602 4040 2862 4096 uberiore
2914 4041 3179 4097 thesauro
3229 4042 3536 4112 locupleta-

1908 4141 1995 4190 tos
2036 4134 2211 4189 fuisse
2249 4134 2644 4204 cognovimus.
2690 4136 2755 4190 Et
2791 4134 3208 4206 pulcherrimus
3248 4136 3434 4205 locus,
3480 4139 3543 4190 ut

1909 4228 2081 4283 etiam
2119 4227 2188 4281 ad
2228 4227 2680 4282 misericordiam
2720 4231 3112 4298 provocentur.
3143 4227 3254 4283 Sed
3282 4245 3398 4284 non
3437 4229 3536 4283 de-

1910 4321 2048 4376 bent
2072 4337 2104 4374 a
2133 4320 2374 4375 Domino
2403 4320 2728 4376 saecularem
2768 4320 3094 4391 hujusmodi
3123 4320 3349 4392 exigere
3382 4338 3536 4375 mer-

253 4416 426 4480 Pfopler
455 4416 697 4472 illuviem
738 4416 980 4472 vestium
1011 4423 1112 4472 aut
1149 4418 1448 4473 vulnerum
1484 4415 2128 4499 cicatrices;Dcedem,
2170 4429 2272 4469 nec
2316 4429 2546 4484 sperare
2585 4429 2711 4484 quae
2754 4413 2954 4467 mundi
2994 4416 3159 4482 sunt,
3210 4414 3309 4468 sed
3358 4413 3539 4485 magis

251 4512 296 4551 e0
337 4507 460 4573 quod
505 4509 559 4565 in
615 4514 770 4566 terra
817 4509 1033 4565 nullam
1079 4510 1295 4565 habeat
1339 4511 1698 4581 portionem;
1751 4517 1807 4565 et

251 4593 389 4652 tamen
413 4602 580 4669 portio
619 4603 743 4673 ejus
777 4603 836 4657 in
867 4603 1007 4659 ccelo
1045 4608 1147 4658 est.
1179 4603 1386 4658 Anima
1425 4603 1548 4674 ejus
1587 4603 1663 4659 ibi
1700 4602 1806 4658 sibi

253 4689 580 4750 patrimonium
609 4695 923 4762 collocavit,
966 4695 1101 4767 quia
1130 4695 1346 4750 audivit
1381 4696 1575 4751 Jesum
1614 4695 1802 4752 dicen-

255 4777 332 4832 tem
353 4798 364 4834 :
384 4803 408 4830 ‹‹
426 4785 590 4844 Nolite
614 4788 952 4844 thesaurum
978 4789 1138 4844 vobis
1167 4788 1416 4844 condere
1447 4787 1505 4842 in
1533 4793 1802 4844 terra.....

253 4869 318 4922 Sed
361 4874 694 4951 thesaurum,
754 4881 972 4954 inquit,
1040 4881 1198 4937 vobis
1263 4881 1487 4938 condite
1551 4881 1609 4936 in
1666 4883 1806 4937 caelo

253 4959 430 5030 {Hau}...
459 4987 526 5040 VI,
559 4976 642 5041 19,
674 4974 785 5044 20).
817 4995 846 5023 »

300 5056 340 5109 9.
367 5061 456 5116 Sed
486 5064 588 5121 hoc
631 5067 833 5122 divites
878 5067 1077 5124 audire
1124 5084 1237 5122 non
1278 5069 1534 5140 possunt.
1578 5066 1805 5122 Clausas

256 5159 372 5204 mres
402 5153 616 5227 habent,
647 5163 707 5215 et
734 5177 875 5216 sono
912 5160 1039 5216 aeris
1075 5161 1304 5216 obtusas
1335 5176 1350 5216 :
1384 5176 1654 5214 nummus
1679 5176 1804 5215 ma-

257 5235 313 5303 gis
327 5241 412 5299 illis
428 5258 633 5309 resonat
651 5270 823 5326 quam
844 5255 1017 5310 verba
1037 5254 1248 5311 divina.
1270 5252 1520 5326 Denique
1546 5252 1595 5326 1
1611 5251 1804 5326 059

278 5410 370 5486 ,(⁵⁸)
393 5419 548 5482 Urere,
575 5439 686 5477 non
713 5427 877 5477 modo
901 5427 1133 5477 noxiam
1155 5427 1267 5477 vim
1296 5426 1498 5478 caloris
1534 5439 1601 5476 ac
1636 5426 1805 5489 frigo-

261 5489 309 5562 ΡΞ
333 5491 501 5562 Enim
531 5497 818 5561 signiﬁcat,
849 5511 1045 5549 verum
1078 5499 1249 5550 etiam
1291 5497 1544 5562 cujusvis
1579 5497 1806 5549 alterius

262 5555 324 5598 rei
347 5555 421 5608 Sic
441 5555 633 5628 Horai,
662 5569 756 5620 lib.
784 5555 820 5630 ιζ
851 5582 938 5634 ep.
966 5570 1027 5619 10
1056 5585 1068 5618 ε

951 5663 1024 5714 Ut
1051 5663 1275 5714 calceus
1298 5663 1451 5723 olim,

351 5717 395 5768 Si
427 5727 547 5786 pede
570 5735 737 5797 major
766 5733 888 5797 erit,
917 5733 1221 5795 subvertit;
1248 5733 1296 5783 si
1324 5717 1504 5784 minor
1533 5735 1678 5794 uret,

1907 4507 2042 4578 quia
2093 4507 2161 4560 iis
2206 4506 2304 4577 qui
2353 4505 2548 4560 omnia
2593 4506 2956 4577 reliquerint,
3007 4507 3154 4561 Deus
3201 4505 3388 4579 portio
3431 4510 3536 4562 est.

1907 4601 2030 4671 Ipse
2072 4603 2158 4654 est
2195 4599 2392 4669 utique
2431 4613 2648 4653 merces
2685 4599 2935 4669 perfecta
2962 4599 3258 4669 virtutum,
3292 4600 3390 4671 qui
3425 4617 3537 4654 non

1905 4691 2156 4763 centupli
2208 4690 2655 4746 enumeratione.
2709 4691 2811 4745 sed
2857 4692 3126 4762 perfecta:
3171 4692 3535 4763 plenitudinis

1908 4783 2281 4840 restimatione
2331 4788 2610 4838 censetur.
2665 4805 2693 4833 ‹‹
2745 4786 2894 4856 Ego,
2949 4785 3162 4858 inquit,
3214 4788 3357 4841 Deus
3404 4788 3534 4838 tuus

1905 4895 2032 4933 sum
2063 4879 2237 4947 (Gem,
2265 4893 2392 4946 xvu,
2428 4877 2499 4942 l).
2532 4899 2559 4926 ››
2587 4878 2706 4932 Non
2747 4877 2908 4947 dixit,
2937 4895 3054 4947 ero,
3089 4879 3188 4932 sed
3217 4879 3339 4948 jam
3379 4893 3531 4942 sum,

1899 4973 2024 5043 jam
2069 4970 2362 5038 inhabito,
2414 4969 2535 5040 jam
2586 4970 2868 5041 possideo.
2917 4972 3116 5026 Aufert
3161 4970 3528 5036 dilationem,

1905 5065 2006 5119 ubi
2053 5064 2274 5119 invenit
2316 5063 2456 5134 justi
2510 5064 2940 5120 confessionem.
2993 5064 3144 5119 Sane
3193 5061 3327 5117 alibi
3378 5062 3460 5116 ait
3516 5080 3528 5114 :

1908 5179 1935 5207 ‹‹
1981 5157 2154 5214 [Iodie
2192 5173 2419 5212 mecum
2451 5157 2558 5210 eris
2594 5157 2652 5210 in
2682 5158 2943 5228 paradiso
2975 5157 3146 5224 (Luc.,
3177 5171 3324 5222 xxm,
3357 5155 3466 5226 43).
3500 5177 3529 5207 ››

1906 5253 2186 5307 Futurum
2247 5249 2558 5322 promittit;
2617 5250 2718 5304 sed
2768 5248 2828 5304 id
2889 5249 3043 5320 quod
3098 5249 3356 5304 futurum
3413 5251 3527 5317 est,

1905 5419 1963 5469 id
2005 5422 2107 5482 est,
2155 5418 2338 5470 lmdet.
2370 5418 2492 5468 Hoc
2533 5417 2705 5468 etiam
2746 5415 2911 5466 modo
2943 5415 3192 5468 locutum
3227 5418 3532 5482 reperimus

1863 5540 1865 5542 .
1905 5491 1966 5540 B.
1999 5491 2225 5541 Hieron.
2259 5493 2426 5554 atque
2450 5487 2605 5538 alios.
