3958 6166
485 223 615 273 1367

470 436 657 509 potuit
679 436 865 491 dicere
895 452 907 488 :
945 455 972 483 ‹‹
1005 435 1219 488 Mecum
1251 433 1360 488 eris
1396 433 1454 486 in
1487 431 1773 502 paradiso;
1805 452 1832 478 »
1867 431 1965 486 sed
1996 431 2095 484 ad-

471 530 615 586 didit
645 545 658 584 :
693 549 720 577 «
753 528 918 583 hodie
950 549 977 577 ››
999 569 1012 593 ,
1046 544 1119 581 ne
1147 526 1412 581 dilatione
1443 525 1623 595 gratia
1649 525 2018 579 minueretur.

547 626 634 679 l2.
676 621 788 676 Sed
822 637 936 675 non
966 620 1048 675 illi
1077 620 1183 675 soli
1217 617 1354 673 dicit
1392 618 1662 674 Dominus
1694 619 1852 673 Jesus
1885 635 1898 671 :
1933 640 1961 665 «
1991 618 2098 670 Ho-

473 717 564 772 die
602 731 826 770 mecum
870 712 981 784 eris
1019 713 1080 767 in
1117 711 1406 782 paradiso;
1455 734 1484 762 »
1526 711 1624 766 sed
1669 717 1724 766 et
1762 710 1865 764 tibi
1907 709 2043 764 dicit
2085 726 2096 764 :

475 830 506 857 ‹‹
530 810 746 864 Mecum
773 807 884 862 eris
909 806 970 861 in
1001 805 1284 877 paradiso,
1319 825 1346 855 η
1375 804 1418 858 si
1454 803 1768 859 conﬁtearis
1797 803 2099 858 Dominum

473 903 688 968 Jesum,
728 901 772 954 si
816 900 939 970 ejus
976 897 1358 970 patrocinium
1397 896 1498 952 tibi
1535 913 1756 968 poscas,
1801 895 1846 949 si
1889 898 1945 950 et
1981 896 2101 967 ipse

475 994 625 1050 dicas
663 1012 678 1050 :
724 1015 751 1043 ‹‹
793 994 1076 1048 Memento
1120 991 1253 1060 mei,
1298 990 1556 1057 Domine,
1601 990 1739 1044 dum
1782 989 2004 1044 veneris
2044 989 2102 1044 in

473 1103 720 1160 regnum
765 1089 929 1142 tuum
973 1084 1163 1156 (1bid.,
1208 1084 1320 1154 42).
1365 1105 1392 1132 n
1439 1083 1551 1139 Sed
1591 1082 1692 1137 tibi
1737 1099 1850 1137 non
1899 1082 2037 1139 dicit
2085 1099 2099 1137 :

479 1199 507 1233 α
547 1179 720 1235 Hodie
769 1195 994 1234 mecum
1042 1178 1180 1248 eris;
1236 1199 1264 1226 ››
1319 1176 1457 1231 dicit
1501 1175 1741 1246 martyri
1789 1191 1802 1230 :
1849 1195 1877 1224 ‹‹
1928 1175 2102 1230 Hodie

479 1289 709 1329 mecum
759 1272 872 1327 eris
916 1272 976 1326 in
1027 1269 1311 1342 paradiso.
1362 1291 1389 1318 ››
1434 1269 1555 1323 Tibi
1602 1285 1715 1322 non
1759 1267 1918 1336 dicit,
1970 1268 2106 1339 quia

475 1367 662 1422 adhuc
702 1363 959 1438 1060
999 1381 1058 1418 es
1092 1364 1151 1418 in
1194 1363 1296 1416 hoc
1335 1361 1599 1417 febrienti
1636 1377 1876 1433 corpore
1906 1360 2107 1415 consti-

475 1463 651 1526 tutus,
690 1459 748 1512 in
789 1459 898 1512 hoc
937 1455 1381 1528 concupiscenti,
1426 1455 1484 1509 in
1521 1455 1627 1508 hoc
1670 1459 1895 1509 terrena
1922 1454 2106 1508 adhuc

473 1551 854 1621 desideranti;
907 1551 1003 1606 sed
1057 1566 1188 1604 cum
1237 1549 1492 1619 potueris
1549 1547 1735 1602 dicere
1793 1564 1806 1601 :
1859 1568 1887 1595 «
1939 1546 2104 1601 Diru-

473 1644 604 1716 pisti
647 1644 871 1699 vincula
916 1659 1045 1698 mea
1086 1641 1256 1712 (Psal.
1295 1658 1414 1709 cxv,
1466 1641 1576 1712 l6),
1625 1663 1653 1690 ››
1699 1641 1806 1695 hoc
1851 1646 1956 1707 est,
2001 1641 2107 1694 sol-

1937 213 1994 264 S.
2038 212 2350 267 AMBROSII

472 345 643 401 unius
691 343 807 398 diei
851 342 1031 413 spatio
1081 357 1193 396 non
1245 340 1457 410 patitur
1504 337 1794 410 protelari.
1845 338 2099 409 Denique
2123 352 2331 424 Acaro
2384 353 2397 390 :

3675 227 3785 282 l368

2448 337 2642 392 decem
2694 337 2981 392 mensium
3035 341 3288 408 tempore
3334 343 3641 412 coagulatum
3679 367 3784 406 sum

2199 431 2260 484 in
2299 430 2600 502 sanguine,
2646 447 2714 485 ex
2755 431 2972 485 semine
3009 430 3282 498 hominis,
3323 438 3377 485 et
3418 433 3785 499 delectamento

2201 523 2387 578 somni
2418 523 2820 589 conveniente;
2855 527 2912 578 et
2946 539 3051 594 ego
3081 526 3245 578 natus
3275 524 3432 578 hausi
3460 543 3787 590 communem

2202 633 2420 682 aerem,
2463 619 2520 670 et
2562 615 2826 670 similiter
2870 615 2929 670 in
2974 621 3188 671 terram
3233 616 3434 686 decidi,
3481 624 3536 673 et
3577 624 3788 691 primam

2202 726 2401 764 vocem
2447 709 2688 764 similem
2739 708 3002 764 omnibus
3044 709 3206 764 emisi
3252 710 3476 780 plorans
3516 729 3529 766 :
3569 715 3623 769 in
3658 719 3791 775 invo-

2202 803 2472 858 lumentis
2509 803 2756 857 nutritus
2799 819 2944 871 sum,
2983 807 3040 858 et
3079 803 3229 857 curis
3268 804 3512 874 magnis.
3554 830 3578 856 »
3613 811 3673 864 Et
3704 813 3789 866 ad-

2202 896 2344 951 didit
2381 913 2393 950 :
2435 917 2462 945 «
2499 897 2674 952 Nemo
2713 896 2865 950 enim
2916 913 2986 950 ex
3023 895 3260 966 regibus
3305 895 3584 954 diversum
3625 903 3795 960 habuit

2201 989 2504 1045 nativitatis
2535 989 2786 1044 initium.
2828 991 2984 1044 Unus
3025 1005 3162 1060 ergo
3199 989 3462 1044 omnibus
3502 996 3583 1046 est
3621 993 3792 1051 introi-

2202 1087 2292 1137 tus
2323 1081 2633 1137 nativitatis
2659 1082 2729 1136 ad
2759 1082 2952 1150 vitam,
2985 1085 3043 1136 et
3067 1082 3269 1136 similis
3307 1082 3485 1138 exitus
3514 1085 3680 1156 (Sap.,
3713 1107 3794 1152 vn,

2209 1179 2258 1243 1,
2303 1176 2376 1246 6).
2427 1197 2454 1225 »
2504 1176 2571 1229 Et
2618 1175 2749 1246 quia
2801 1175 2941 1230 vidit
2993 1191 3298 1230 commune
3353 1193 3474 1231 esse
3521 1179 3796 1237 nativitatis

2204 1268 2517 1334 exordium,
2551 1267 2861 1322 elaboravit
2903 1284 3025 1323 esse
3057 1268 3246 1340 portio
3286 1269 3401 1337 Dei,
3444 1275 3500 1325 et
3533 1271 3794 1342 invocavit,

2206 1365 2262 1415 et
2305 1360 2459 1414 venit
2499 1360 2559 1414 in
2605 1377 2739 1414 eum
2782 1360 3012 1431 spiritus
3055 1361 3352 1432 sapientiae
3391 1362 3569 1432 (Ibid.,
3600 1367 3668 1432 7).
3704 1366 3794 1420 Sed

2204 1453 2473 1508 luxuriosi
2504 1452 2672 1507 aliam
2699 1455 2924 1524 partem
2960 1454 3204 1525 eligunt,
3233 1455 3331 1525 qui
3365 1455 3557 1510 dicunt
3583 1474 3594 1510 :
3629 1479 3654 1506 «
3681 1459 3798 1512 Vino

2206 1546 2452 1616 pretioso
2483 1551 2541 1600 et
2576 1547 2885 1616 unguentis
2921 1563 3026 1602 nos
3063 1548 3428 1617 impleamus,
3458 1553 3514 1603 et
3542 1566 3648 1604 non
3673 1567 3796 1621 prai-

2205 1643 2387 1694 tereat
2439 1657 2544 1694 nos
2596 1640 2698 1694 flos
2753 1641 3044 1710 temporis.
3095 1642 3450 1696 Coronemus
3504 1659 3600 1696 nos
3652 1645 3799 1708 rosis,

475 1715 601 1794 visti
628 1753 858 1793 cursum
889 1736 1048 1791 istius
1074 1734 1224 1802 vitae,
1259 1733 1513 1788 liberasti
1548 1750 1641 1787 me
1679 1750 1744 1788 ex
1772 1733 1882 1788 hoc
1906 1732 2108 1788 mortis
2129 1715 2184 1786 Β
2208 1737 2519 1804 antequam
2561 1736 2918 1788 marcescant
2951 1734 3128 1804 (δίψη
3155 1750 3227 1801 ⁴ιι,
3268 1739 3322 1800 7,
3365 1736 3441 1803 8).
3485 1756 3512 1784 ››
3549 1737 3612 1791 Et
3637 1736 3760 1790 infra
3789 1753 3798 1789 :

476 1845 739 1901 corpore,
781 1834 916 1882 tunc
960 1827 1062 1882 tibi
1107 1827 1284 1882 dicit:
1329 1847 1355 1875 α
1401 1826 1575 1880 Hodie
1625 1842 1849 1882 mecum
1895 1826 2006 1881 eris
2050 1826 2107 1880 in

476 1922 759 1994 paradiso.
796 1943 825 1971 »

554 2019 637 2071 l3.
688 2014 867 2069 Habes
914 2013 1111 2084 igitur,
1162 2013 1357 2079 homo,
1403 2014 1554 2067 inter
1600 2013 1777 2068 multa
1821 2013 2110 2083 proposita

478 2109 655 2164 etiam
693 2105 1023 2178 hujusmodi
1063 2106 1404 2177 portionem.
1439 2107 1739 2175 Proposuit
1775 2105 1878 2160 tibi
1913 2107 2107 2161 Domi-

473 2219 582 2257 nus
623 2201 685 2255 in
717 2199 984 2271 portione
1027 2199 1427 2269 possessiones,
1472 2199 1530 2252 in
1575 2199 1840 2269 portione
1879 2215 2104 2268 aurum,

472 2295 532 2350 in
614 2293 873 2364 portione
951 2294 1286 2363 argentum,
1361 2293 1418 2346 in
1492 2292 1756 2363 portione
1829 2293 2106 2360 honores,

476 2387 534 2442 in
581 2387 841 2458 portione
884 2385 1266 2452 nobilitatem;
1317 2384 1615 2455 proposuit
1656 2385 1830 2440 etiam
1875 2385 1930 2438 in
1975 2402 2106 2455 por-

477 2481 630 2536 tione
679 2495 738 2534 se
783 2480 994 2550 ipsum.
1047 2478 1230 2533 Habes
1279 2478 1556 2548 plurimas
1602 2477 1910 2549 portiones,
1959 2478 2110 2549 elige

478 2589 654 2646 quam
694 2576 880 2643 putas.
911 2573 1035 2626 Non
1065 2577 1120 2626 te
1160 2585 1432 2625 numerus
1471 2571 1792 2642 perturbet,
1824 2571 1922 2626 sed
1960 2571 2108 2626 exci-

476 2670 560 2722 tet
599 2665 806 2736 gratia;
858 2681 970 2719 non
1009 2664 1164 2718 labor
1199 2666 1450 2730 avertat,
1493 2665 1588 2719 sed
1628 2665 1846 2719 fructus
1887 2664 2107 2719 invitet.

475 2761 536 2816 In
581 2759 843 2830 portione
886 2757 1078 2812 divina
1117 2757 1366 2827 gemitus
1401 2760 1458 2810 et
1492 2757 1717 2812 labores
1758 2763 1910 2812 sunt.
1951 2757 2111 2813 Unde

478 2856 538 2907 et
577 2857 804 2907 sanctus
846 2851 1166 2922 Apostolus,
1213 2849 1302 2904 cui
1349 2850 1537 2921 portio
1583 2851 1731 2904 Deus
1781 2856 1921 2918 erat,
1964 2851 2043 2904 ait
2093 2867 2107 2905 :

481 2968 509 2994 ‹‹
551 2945 814 3002 Ηωτθάθε
857 2960 1054 2998 sumus
1095 2943 1227 3009 Dei,
1272 2943 1599 2998 cohaeredes
1640 2945 1830 2998 autem
1872 2942 2107 3010 Christi;

479 3039 525 3093 si
556 3041 753 3093 autem
779 3036 1185 3107 compatimur,
1217 3040 1280 3089 ut
1309 3035 1475 3090 simul
1503 3035 1890 3106 gloriﬁcemur
1913 3036 2108 3106 (Rom.,
2132 3076 2186 3148 Ο

560 3147 570 3148 κ
649 3130 728 3148 ...Χ
879 3128 1040 3148 1181--
1095 3127 1212 3148 ___2_
1265 3127 1356 3148 __L:
1406 3128 1705 3148 1.--.ΑΑΔΞιΑᾼ
1754 3128 1952 3148 nl,._!_13
2002 3146 2017 3148 _
2058 3132 2070 3148 ι

479 3147 594 3198 vui,
644 3130 750 3202 17).
802 3151 831 3179 ››
879 3128 1043 3182 Vides
1087 3127 1221 3199 quia
1265 3127 1361 3181 ubi
1406 3128 1708 3183 haereditas
1751 3128 1957 3186 Christi
1993 3132 2108 3198 est,

481 3224 559 3279 ibi
598 3223 802 3278 debeat
839 3238 958 3276 esse
1001 3221 1337 3290 compassio.
1376 3220 1481 3285 Qui
1508 3223 1703 3275 autem
1741 3221 2108 3292 compatitur,

480 3332 596 3371 non
633 3313 1014 3386 perfunctorie
1055 3311 1428 3384 compatitur,
1469 3314 1565 3368 sed
1613 3319 1676 3366 ut
1719 3313 2112 3368 tribulationes

481 3408 688 3468 Christi
734 3408 794 3462 in
835 3423 1073 3478 corpore
1117 3423 1216 3460 suo
1257 3406 1512 3476 impleat,
1559 3405 1703 3460 sicut
1741 3406 2017 3477 implebat
2056 3409 2114 3461 et

482 3502 686 3557 Paulus
714 3501 959 3572 (001085.,
990 3517 1027 3568 ι,
1054 3500 1168 3572 24),
1201 3499 1474 3571 implebat
1499 3502 1558 3554 et
1585 3499 1876 3566 Jercmias,
1908 3499 2007 3570 qui
2035 3500 2114 3555 ait

484 3595 589 3649 sub
639 3595 747 3648 hac
793 3593 916 3664 ipsa
968 3593 1156 3649 littera
1206 3610 1219 3647 :

484 3687 640 3760 quod
677 3703 791 3742 non
828 3686 1169 3754 defecimus;
1203 3686 1338 3757 quia
1376 3702 1491 3741 non
1535 3689 1668 3741 sunt
1705 3691 2113 3740 consummatae

485 3780 878 3836 miserationes
926 3779 1048 3849 ejus
1098 3778 1242 3850 (57);
1304 3779 1602 3834 renovabit
1651 3779 1770 3832 illas
1825 3778 1968 3833 sicut
2017 3780 2113 3833 lux

486 3873 782 3928 matutina.
826 3872 982 3926 Multi
1029 3874 1163 3926 sunt
1210 3872 1456 3942 gemitus
1501 3870 1638 3938 mei,
1679 3875 1737 3925 et
1778 3887 1874 3925 cor
1919 3888 2114 3926 meum

484 3967 693 4022 deﬁcit.
744 3966 875 4022 Sors
920 3981 1047 4018 mea
1094 3965 1402 4031 Dominus,
1450 3965 1598 4032 dixi;
1650 3963 1780 4018 ideo
1827 3965 2115 4019 sustinebo

485 4077 618 4114 eum
661 4060 903 4129 (Thren.,
951 4074 1032 4123 ιιι,
1075 4059 1291 4127 22-24).
1340 4079 1368 4107 ››
1414 4057 1518 4121 Qui
1557 4073 1696 4128 ergo
1737 4057 1976 4113 sustinet
2013 4060 2114 4113 Do-

486 4153 729 4219 minum,
771 4167 892 4205 sors
932 4149 1156 4204 Domini
1199 4154 1302 4203 est.
1348 4150 1508 4204 Unde
1549 4155 1605 4204 et
1647 4151 1819 4205 David
1861 4152 1960 4221 qui
1990 4151 2112 4206 ait:

487 4267 515 4295 α
555 4243 805 4301 Sustinui
838 4243 1161 4309 Dominum,
1204 4245 1262 4296 et
1298 4243 1546 4313 respexit
1586 4259 1681 4297 me
1725 4244 1893 4312 (Psal.
1934 4261 2113 4311 xxxix,

486 4339 561 4408 2),
608 4360 636 4388 ››
682 4337 794 4393 hoc
846 4338 967 4392 loco
1007 4335 1332 4407 portionem
1385 4335 1490 4390 sibi
1539 4337 1717 4390 Deum
1765 4352 1884 4390 esse
1937 4337 2112 4407 proﬁ-

485 4435 656 4487 tetur.

484 4617 737 4685 bilitate,
780 4633 896 4671 non
942 4615 1152 4670 divitiis
1199 4620 1520 4686 usurpatur.
1572 4615 1827 4686 Denique
1872 4632 1973 4671 rex
2020 4618 2114 4672 ille

482 4711 637 4766 dives
675 4709 755 4763 ait
798 4726 812 4762 :
860 4730 887 4756 ‹‹
925 4709 1060 4764 Sum
1101 4708 1331 4779 quidem
1373 4710 1432 4761 et
1473 4723 1582 4779 ego
1627 4708 1880 4763 mortalis
1918 4710 2110 4776 homo,

483 4803 686 4860 similis
729 4801 1024 4867 omnibus,
1067 4806 1125 4856 et
1170 4817 1236 4856 ex
1282 4817 1491 4871 genere
1536 4807 1763 4857 terreno
1816 4803 1964 4856 illius
2014 4803 2110 4873 qui

483 4897 639 4969 prior
667 4897 846 4952 factus
874 4898 978 4963 est,
1018 4897 1077 4949 et
1105 4894 1162 4948 in
1206 4899 1404 4949 ventre
1440 4895 1638 4949 matris
1677 4895 1951 4966 ﬁguratus
1986 4913 2112 4950 sum

547 5040 644 5099 (57)
674 5036 833 5087 Rom.
877 5033 1029 5094 edit.,
1075 5033 1206 5097 quia
1244 5045 1352 5082 non
1381 5037 1504 5084 sunt
1538 5037 1854 5096 consumpta:
1893 5034 2114 5084 misera-

483 5110 649 5160 tiones
680 5109 809 5172 ejus.
847 5106 988 5157 Aliae
1021 5107 1079 5156 et
1119 5116 1250 5154 mss.
1294 5108 1358 5153 ut
1402 5105 1457 5153 in
1505 5108 1678 5154 textu.
1723 5104 1831 5154 Sed
1878 5108 2114 5169 utraque

481 5178 648 5229 lectio
673 5176 871 5228 exoriri
902 5176 1084 5239 potuit
1107 5188 1172 5224 ex
1201 5173 1373 5234 LXX,
1406 5175 1504 5238 qui
1535 5176 1616 5225 sic
1650 5175 1917 5235 scribunt,
1945 5175 2017 5222 ὅτι
2054 5177 2111 5225 οὐ

481 5249 876 5305 συνετελέσθησαν
917 5249 962 5294 οἱ
1003 5247 1237 5308 οἰκτιρμοὶ
1276 5244 1444 5302 αὐτοῦ,
1481 5245 1631 5308 quod
1669 5251 1906 5309 utroque
1948 5245 2113 5296 modo

482 5319 744 5382 explicari
781 5321 976 5380 potest.
1007 5316 1282 5367 Caeterum
1322 5316 1367 5364 si
1407 5316 1533 5378 quis
1573 5315 1738 5378 hujus
1775 5315 1881 5364 loci
1925 5316 2110 5375 verba,

481 5392 646 5452 prout
669 5389 760 5439 hic
778 5391 978 5451 jacent,
1007 5402 1133 5438 cum
1163 5388 1230 5436 iis
1257 5386 1462 5449 quibus
1488 5387 1814 5449 exprimitur
1850 5387 1908 5434 in
1942 5388 2113 5437 sacris

482 5458 798 5520 codicibus,
845 5460 1093 5509 conferre
1149 5457 1420 5517 voluerit,
1463 5469 1573 5505 non
1632 5457 1920 5506 minimam
1970 5458 2113 5507 inter

481 5532 577 5581 illa
605 5531 840 5592 reperiet
863 5529 1307 5594 discrepantiam.

546 5602 642 5664 (58)
667 5602 745 5650 Ita
787 5613 916 5650 mss.
944 5613 1172 5661 omnes;
1209 5599 1337 5649 edit.
1374 5611 1523 5659 vero,
1563 5600 1716 5664 quasi
1755 5597 1986 5660 Pharao,
2025 5599 2114 5650 sed

483 5677 590 5738 ipse
620 5673 830 5723 Pharao
867 5675 1033 5734 potuit
1070 5685 1196 5724 esse.
1242 5673 1484 5736 Uterque,
1516 5677 1621 5724 etc.
1660 5671 1770 5724 Sed
1813 5671 2112 5723 lectionem

483 5749 728 5798 nostram
756 5746 1016 5809 praestare
1047 5744 1405 5796 manifestum
1435 5748 1536 5796 est.

1268 3613 1295 3641 ι(
1348 3592 1727 3648 Misericordia
1767 3592 1986 3648 Domini
2030 3598 2115 3648 est

2211 1846 2239 1875 «ι
2271 1826 2551 1890 Quoniam
2581 1827 2702 1882 haec
2727 1843 2856 1898 pars
2883 1830 3099 1895 nostra,
3128 1833 3186 1882 et
3212 1827 3335 1882 haec
3361 1844 3480 1882 sors
3499 1829 3673 1898 (lbid.,
3693 1829 3757 1897 9).
3779 1851 3798 1875 »ν

2284 1922 2368 1973 15.
2421 1920 2604 1983 Quam
2655 1935 2961 1991 magnum,
3012 1924 3381 1975 contemnere
3433 1920 3674 1989 divitias;
3722 1921 3800 1974 sed

2210 2029 2382 2084 quam
2420 2029 2612 2067 rarum
2652 2013 2758 2067 hoc
2790 2013 2977 2084 ipsum
3015 2014 3129 2068 estl
3162 2014 3367 2084 Utique
3407 2017 3464 2066 et
3496 2012 3700 2084 Moyses
3729 2031 3805 2084 po-

2209 2106 2318 2160 tuit
2370 2104 2521 2176 regis
2576 2123 2697 2161 esse
2753 2122 3069 2175 successor,
3123 2106 3372 2161 nutritus
3418 2123 3451 2160 a
3497 2107 3643 2178 regis
3689 2107 3802 2160 ﬁlia.

2209 2199 2402 2254 Potuit
2452 2215 2588 2270 ergo
2645 2216 2767 2255 esse
2822 2216 2935 2254 non
2987 2200 3168 2255 solum
3219 2199 3386 2272 quasi
3438 2201 3672 2268 Pharao,
3725 2199 3804 2254 sed

2211 2291 2383 2346 etiam
2413 2292 2656 2358 Pharao,
2691 2298 2747 2346 et
2785 2293 3002 2347 Pharao
3037 2293 3228 2364 potuit
3263 2310 3390 2348 esse
3432 2294 3570 2346 sicut
3599 2293 3805 2363 Moyses;

2210 2389 2454 2455 uterque
2493 2384 2611 2456 (58)
2643 2385 2798 2439 enim
2841 2386 3052 2453 homo;
3083 2386 3178 2440 sed
3216 2387 3406 2440 omnis
3443 2385 3686 2457 potentia
3720 2385 3804 2438 ho-

2211 2477 2382 2531 minis
2422 2477 2481 2530 in
2527 2477 2733 2532 affectu
2778 2483 2879 2533 est.
2921 2479 3138 2550 Moyses
3180 2478 3366 2534 noluit
3404 2495 3498 2534 rex
3531 2495 3666 2543 esse,
3699 2493 3807 2532 cum

2210 2575 2432 2640 posset;
2479 2569 2580 2624 sed
2630 2571 3002 2642 opprobrium
3045 2571 3248 2626 Christi
3289 2572 3570 2627 thesauris
3611 2568 3808 2641 Egypti

2209 2662 2513 2717 arbitratus
2556 2668 2641 2717 est
2679 2664 3137 2734 praeferendum;
3187 2665 3284 2720 sed
3331 2665 3597 2735 fugiendo
3634 2666 3806 2734 poten-

2211 2756 2369 2825 tiam,
2401 2757 2688 2827 potentior
2710 2757 2890 2811 factus
2918 2759 3004 2812 est
3035 2776 3047 2811 :
3079 2758 3256 2812 factus
3281 2761 3368 2813 est
3393 2757 3546 2812 enim
3579 2756 3633 2810 in
3659 2756 3805 2809 deum

2212 2849 2333 2919 regi
2366 2849 2600 2904 Pharao.
2635 2850 2752 2904 Rex
2783 2852 2909 2904 erat
2938 2851 3178 2919 Pharao,
3208 2851 3310 2906 sed
3348 2852 3489 2906 deus
3515 2866 3624 2904 non
3659 2852 3762 2903 erat
3795 2862 3807 2898 :

2211 2943 2425 3012 Moyses
2451 2942 2628 2997 factus
2655 2947 2738 2997 est
2764 2942 2845 2997 illi
2876 2944 3034 3011 deus,
3065 2944 3170 2998 hoc
3195 2951 3300 3010 est,
3335 2945 3460 3014 regi
3492 2944 3594 3014 ipsi
3621 2939 3808 2997 terribi-

2214 3033 2300 3102 lis,
2343 3035 2591 3108 1061
2645 3053 2817 3107 quem
2868 3053 2969 3091 rex
3015 3040 3304 3093 metueret
3347 3044 3403 3093 et
3448 3038 3682 3092 timeret.
3718 3031 3808 3089 Sed

2212 3129 2334 3183 haec
2363 3133 2486 3184 erat
2523 3129 2780 3200 potentia
2814 3130 3144 3186 sanctitatis.
3185 3134 3248 3185 In
3289 3133 3490 3186 talium
3527 3143 3806 3200 congrega-

2213 3221 2364 3276 tione
2391 3222 2625 3277 deorum
2653 3223 2800 3277 Deus
2829 3226 2938 3276 stat
2961 3229 3132 3295 atque
3161 3224 3460 3280 discernit.
3489 3225 3554 3278 Et
3583 3227 3638 3276 tu
3671 3221 3711 3274 si
3745 3218 3810 3271 vis

2212 3315 2352 3370 deus
2388 3315 2783 3386 peccatoribus
2823 3332 2969 3385 esse,
3007 3318 3207 3372 terrori
3247 3319 3484 3389 regibus
3519 3314 3646 3386 (59),
3677 3328 3809 3367 reve-

2212 3408 2409 3463 rentia:
2451 3408 2609 3476 aliis;
2652 3412 2715 3463 ut
2756 3412 3029 3481 tanquam
3076 3411 3188 3465 Deo
3231 3411 3338 3465 tibi
3383 3411 3671 3466 videantur
3709 3419 3810 3458 esse

2213 3501 2478 3572 subjecti,
2521 3502 2655 3572 quia
2690 3503 2946 3573 operaris
2983 3503 3042 3557 in
3081 3504 3181 3557 Dei
3230 3505 3497 3571 nomine;
3544 3505 3810 3557 contemne

2215 3610 2343 3664 qua:
2391 3595 2583 3649 saeculi
2631 3600 2790 3662 sunt,
2845 3601 2901 3650 et
2950 3597 3262 3651 Dominicae
3310 3596 3582 3668 passionis
3629 3606 3810 3664 ορριοο

2213 3686 2409 3740 brium
2452 3688 2735 3742 contende
2773 3689 3039 3743 omnibus
3068 3690 3343 3760 praeferre
3379 3689 3604 3744 divitiis.
3633 3686 3814 3756 Oppro-

2214 3779 2405 3833 brium
2429 3780 2579 3848 dico,
2609 3781 2760 3851 quod
2786 3781 2898 3836 illis
2922 3783 3178 3838 videatur
3197 3783 3587 3853 opprobrium,
3612 3779 3708 3833 hoc
3726 3779 3812 3835 est,

2213 3872 2420 3927 Judaeis
2463 3874 2811 3942 scandalum,
2857 3875 3124 3945 gentibus
3158 3875 3419 3942 stultitia,
3456 3873 3612 3928 nobis
3649 3875 3812 3926 autem

2215 3965 2394 4018 virtus
2424 3967 2518 4020 Dei
2554 3970 2723 4038 atque
2751 3967 3052 4038 sapientia.
3094 3969 3200 4022 Sed
3241 3968 3347 4022 hoc
3388 3968 3598 4022 Pharao
3633 3976 3811 4033 oppro-

2215 4058 2407 4112 brium
2461 4063 2692 4130 putans,
2750 4061 2858 4114 hoc
2908 4063 3011 4126 est,
3074 4061 3348 4132 inopiam,
3408 4058 3814 4131 ignobilitatem,

2215 4152 2603 4220 contumelias,
2635 4153 2836 4206 maluit
2863 4152 3068 4207 diaboli
3100 4170 3218 4208 esse
3255 4169 3427 4225 quam
3464 4151 3563 4206 Dei
3601 4147 3763 4222 portio
3800 4159 3811 4195 :

2217 4249 2274 4299 et
2299 4244 2429 4298 ideo
2456 4245 2553 4315 qui
2582 4246 2694 4300 Deo
2726 4246 3011 4316 subjectus
3035 4263 3156 4300 esse
3187 4247 3438 4314 nolebat,
3464 4235 3812 4300 intercessioni

2219 4336 2469 4390 hominis
2497 4353 2555 4391 se
2585 4337 2706 4408 ipse
2732 4338 2992 4408 subjecit.
3037 4341 3184 4409 Ergo
3213 4339 3349 4410 quia
3385 4338 3566 4411 portio
3600 4335 3688 4390 Dei
3712 4332 3815 4386 erat

2136 4439 2195 4509 D
2219 4435 2444 4484 sanctus
2483 4431 2767 4501 propheta
2807 4432 3009 4498 David,
3050 4438 3200 4486 recte
3244 4433 3322 4486 ait
3363 4451 3380 4486 :
3425 4433 3552 4488 Dixi
3583 4424 3816 4483 custodire

560 4527 644 4579 14.
679 4525 859 4591 Quam
892 4539 1054 4578 rarus
1091 4522 1191 4594 qui
1231 4521 1379 4576 istud
1421 4524 1657 4592 usurpet
1687 4521 1792 4576 sibi
1824 4542 1834 4577 :
1867 4539 1984 4577 non
2018 4540 2140 4592 nos

2217 4525 2382 4591 legem
2429 4529 2579 4578 tuum
2615 4542 2631 4577 :
2672 4524 2985 4595 spiritalem
3027 4525 3228 4596 utique
3270 4526 3460 4596 legem
3499 4522 3652 4586 dicit,
3695 4518 3816 4571 sicut

2217 4622 2275 4672 et
2319 4617 2521 4671 Paulus
2572 4617 2838 4672 ostendit.
2896 4618 3036 4672 Nam
3091 4619 3190 4688 qui
3239 4617 3609 4689 corporaliter
3653 4614 3813 4681 legem

2215 4709 2573 4782 interpretati
2605 4713 2758 4776 sunt,
2803 4726 2920 4765 non
2963 4711 3293 4766 custodiunt
3331 4710 3541 4782 legem,
3569 4706 3662 4763 sed
3697 4717 3816 4775 pra.-

2214 4803 2553 4858 varicantur.

2289 4900 2372 4952 16.
2406 4897 2582 4967 (Vers.
2623 4888 2736 4966 58.)
2781 4896 3083 4951 Veniamus
3123 4896 3194 4951 ad
3237 4897 3553 4952 secundum
3595 4903 3814 4949 versum,

2276 5037 2372 5099 (59)
2417 5038 2542 5087 Am.
2595 5039 2762 5099 atque
2805 5036 2932 5086 Era.
2980 5049 3110 5086 cum
3157 5039 3401 5087 maxima
3451 5049 3580 5086 mss.
3625 5033 3762 5095 parte
3804 5038 3813 5070 ε

2213 5109 2282 5158 Et
2331 5114 2405 5163 tu,
2451 5110 2499 5155 si
2540 5108 2620 5157 vis
2683 5109 2815 5156 Deus
2861 5107 3224 5169 peccatoribus
3267 5122 3376 5158 esse
3414 5107 3634 5156 terroris
3667 5105 3814 5163 (mSS-a

2215 5180 2456 5240 terrori),
2502 5177 2706 5242 regibus
2759 5179 3074 5236 reverentiae,
3125 5182 3202 5235 ut,
3251 5182 3356 5229 etc.
3405 5177 3550 5228 Edit.
3599 5172 3714 5225 Gil].
3760 5178 3815 5218 ac

2213 5249 2370 5299 Rom.
2407 5263 2417 5296 :
2462 5250 2527 5298 Et
2572 5253 2629 5298 lu
2675 5248 2722 5299 si
2759 5249 2839 5298 vis
2873 5254 3128 5312 tanquam
3172 5251 3310 5300 Deus
3354 5244 3701 5312 peccatoribus
3727 5248 3817 5287 esse

2214 5321 2424 5375 terrori,
2463 5319 2704 5383 regibus;
2736 5319 2873 5370 Rom
2901 5355 2914 5380 ,
2951 5326 2996 5368 et
3037 5318 3264 5381 regibus.
3285 5319 3598 5368 reverentiae.
3632 5313 3814 5383 Verum

2213 5403 2341 5440 cum
2392 5379 2726 5440 hmo—lectio
2769 5379 2908 5439 mss.
2945 5379 3208 5455 suffragio
3258 5389 3605 5446 destitualur,
3647 5386 3698 5434 et
3735 5379 3814 5428 illa

2213 5475 2325 5510 non
2373 5462 2508 5510 satis
2551 5461 2775 5524 plenum
2826 5460 3015 5510 offerat
3065 5474 3312 5520 sensum,
3359 5461 3534 5523 magis
3587 5456 3816 5524 placuere

2215 5531 2380 5582 verba
2415 5518 2674 5583 codicum
2717 5532 2850 5582 Lmt.
2882 5537 2938 5582 et
2981 5533 3113 5582 Nav.
3157 5518 3405 5590 alterius,
3448 5518 3814 5594 qum—pmind‘?

2212 5603 2269 5651 in
2320 5606 2638 5654 contextum
2683 5603 3151 5666 transcripsimus.
3203 5603 3314 5654 Nec
3365 5591 3548 5653 tamen
3590 5591 3815 5658 displicet

2215 5673 2339 5723 cod.
2387 5673 2520 5737 Reg.
2572 5675 2643 5724 ita
2688 5673 3073 5738 preferens.....
3117 5672 3324 5738 regibus
3363 5670 3556 5721 terrori
3593 5677 3654 5716 ac
3685 5670 3812 5710 rere-

2212 5743 2414 5793 rentia.
