4082 6186
283 268 390 320 I369

1359 260 1708 316 EXPOSITIO
1747 259 1815 317 IN
1856 260 2168 317 PSALMUM
2209 261 2437 316 CXVIII.

3440 245 3570 320 i370

277 391 353 461 qui
390 389 459 442 ita
501 391 619 442 est:
661 389 995 457 Deprecabor
1034 387 1247 444 vultum
1285 392 1460 450 tuum,
1507 390 1752 458 Domine,
1794 390 1853 442 in
1872 387 2009 473 Ain
2042 389 2184 443 rubo
2224 389 2632 444 consideraret.
2672 391 2868 461 Itaque
2898 391 2942 443 si
2974 394 3195 446 tantum
3233 394 3449 465 accepit
3477 411 3569 448 ar-

275 489 361 537 tato
398 481 544 536 corde
590 495 694 534 meo
738 499 755 534 :
797 483 1044 535 miserere
1091 483 1196 536 mei
1239 481 1532 536 secundum
1583 483 1851 551 eloquium

273 583 412 630 tuum.
436 574 688 644 Legimus
725 572 785 627 in
810 573 993 628 Veteri
1016 574 1376 628 Testamenta
1403 573 1556 646 quod
1584 574 1848 645 depreca-

270 675 340 723 tus
369 667 433 721 sit
456 667 660 737 Moyses
689 670 750 721 ut
774 666 993 721 vultum
1034 665 1131 722 Dei
1164 667 1402 737 videret,
1432 672 1491 721 et
1513 683 1850 739 responsum

270 761 326 814 sit
368 760 415 814 ei
458 775 471 814 :
520 781 549 808 ‹‹
593 760 770 814 Nemo
820 758 1031 815 videbit
1074 758 1277 815 faciem
1327 776 1540 830 meam,
1593 763 1652 815 et
1702 760 1853 816 vivet

267 853 454 922 (Emi,
481 868 660 920 χχχιιι,
685 852 800 923 20).
835 873 862 902 ››
889 852 1113 924 Mystice
1143 853 1251 908 hoc
1281 853 1530 924 primum
1558 853 1848 925 intelliga-

266 963 385 1001 mus.
411 947 612 1016 Moyses
636 945 777 1016 legis
802 945 1046 1017 ﬁguram
1082 947 1328 1018 accepit;
1367 947 1460 1002 lex
1499 963 1602 1018 per
1636 947 1852 1002 occulta

265 1038 494 1110 mysteria
539 1038 762 1094 nuntiat
809 1038 1133 1108 Christum,
1186 1055 1301 1094 non
1350 1041 1544 1095 autem
1593 1040 1737 1094 facie
1779 1039 1850 1094 ad

262 1133 434 1187 faciem
465 1131 852 1199 demonstrat,
901 1131 1048 1188 sicut
1086 1132 1457 1204 Evangelium
1501 1133 1852 1188 demonstra-

260 1226 337 1280 vit.
387 1227 444 1280 ln
489 1226 611 1297 ipsa
674 1224 830 1280 enim
891 1225 1038 1282 facie
1092 1225 1164 1281 ad
1215 1225 1418 1282 faciem
1472 1226 1848 1298 loquebatur,

261 1319 368 1374 licet
394 1319 447 1372 in
474 1318 775 1390 Evangelia
801 1318 977 1374 homo
1006 1323 1171 1375 natus
1209 1336 1276 1375 ex
1311 1319 1538 1391 Virgine
1574 1335 1848 1391 apparue-

261 1413 338 1479 rit,
367 1411 599 1466 Verbum
633 1415 828 1468 autem
853 1428 912 1466 se
937 1428 1042 1484 per
1065 1428 1239 1484 apera
1263 1413 1754 1469 demonstraverit.
1786 1414 1855 1470 Et

259 1507 460 1562 fortasse
504 1506 612 1560 hac
658 1505 1007 1562 declaratum
1051 1506 1125 1561 sit
1165 1507 1371 1577 Moysi,
1418 1507 1569 1578 quod
1610 1506 1852 1578 populus

259 1599 547 1653 inda-arum
575 1598 891 1654 moriturus
917 1605 1082 1667 esset,
1105 1603 1162 1654 et
1188 1599 1344 1670 quod
1369 1599 1509 1655 facie
1539 1599 1611 1654 ad
1646 1600 1855 1655 faciem

1950 482 2170 549 dorem,
2216 486 2431 538 tantam
2471 483 2644 538 subiit
2684 483 3078 555 cupiditatem,
3123 500 3254 539 cum
3303 487 3571 558 angelum

1949 575 2178 630 vidisset
2217 575 2276 630 in
2317 575 2556 631 ﬂamma
2598 577 2752 648 ignis
2792 577 2862 633 de
2908 577 3069 647 rubo,
3106 584 3168 632 ut
3206 577 3336 634 licet
3365 596 3571 650 pavore

1949 669 2336 740 apprehensus
2366 669 2723 726 considerare
2751 686 2869 726 nan
2907 670 3170 740 auderet,
3214 672 3571 728 considerare

1949 764 2140 817 tamen
2181 762 2382 832 vellet;
2422 767 2637 834 quanto
2681 765 2862 834 magis
2902 765 3145 819 multum
3178 765 3408 819 Domini
3450 782 3569 820 car-

1948 855 2219 927 poraliter
2244 855 2439 911 videre
2472 856 2850 926 desiderabat,
2878 857 3069 914 dicens
3093 858 3243 914 intra
3269 874 3326 913 se
3352 859 3572 914 vultum

1951 949 2110 1005 illum
2156 950 2387 1020 plenum
2417 949 2580 1017 lucis,
2612 950 2847 1020 plenum
2886 950 3102 1020 gloriae,
3133 951 3365 1022 plenum
3393 951 3573 1006 virtu-

1951 1041 2060 1112 tis,
2113 1041 2348 1113 plenum
2414 1043 2722 1098 divinitatis
2779 1043 2911 1115 (62).
2970 1046 3090 1099 Non
3159 1045 3287 1115 plus
3341 1061 3573 1115 passum

1950 1134 2137 1190 dicere
2165 1137 2251 1190 vel
2293 1137 2506 1191 sentire
2547 1136 2620 1191 de
2660 1137 2774 1191 Dea
2817 1159 2827 1190 :
2869 1138 3069 1194 «Cum
3107 1136 3260 1193 enim
3304 1155 3573 1194 consum-

1950 1228 2194 1284 maverit
2239 1229 2450 1297 homo,
2501 1233 2636 1284 tunc
2697 1229 2896 1302 incipit
2953 1249 2967 1286 :
3025 1236 3082 1286 et
3142 1247 3274 1286 cum
3323 1231 3574 1300 finierit,

1951 1326 2086 1377 tunc
2139 1322 2491 1394 apariabitur
2541 1323 2750 1392 (Eccli.,
2804 1339 2960 1392 xvm,
3003 1325 3081 1393 9),
3124 1345 3152 1374 »
3197 1328 3259 1379 ut
3300 1325 3575 1396 scriptum

1952 1417 2055 1482 est,
2101 1415 2237 1486 quia
2280 1415 2866 1487 incomprehensibilis
2913 1420 3000 1472 est
3045 1417 3143 1472 Dei
3185 1421 3396 1475 aeterna
3444 1434 3572 1472 ma-

1945 1509 2144 1580 jestas.

2027 1604 2113 1658 t8.
2169 1601 2369 1656 Irritus
2419 1602 2654 1673 quidem
2708 1607 2828 1658 erat
2879 1603 3273 1674 postulationis
3320 1602 3576 1670 effectus,

262 1693 507 1746 Christum
551 1692 804 1760 vidisset,
851 1699 909 1747 et
944 1708 1063 1748 non
1101 1692 1446 1748 credidisset.
1488 1693 1650 1758 Quod
1693 1693 1739 1748 si
1783 1693 1920 1768 ad_
1954 1695 2049 1750 sed
2095 1694 2330 1749 affectus
2374 1695 2684 1766 probabilis
2732 1695 2908 1765 servi;
2943 1697 3079 1768 quia
3127 1696 3275 1752 ultra
3314 1699 3575 1751 naturam

262 1785 421 1856 legem
452 1786 690 1856 referas,
721 1784 896 1841 etiam
925 1785 1053 1840 ﬁnis
1084 1785 1229 1856 legis
1258 1785 1514 1841 Christus
1543 1788 1629 1841 est
1662 1762 1930 1842 secun-B
1955 1803 2118 1843 suam
2173 1788 2474 1843 devotione
2539 1804 2874 1860 progressus
2939 1790 3007 1844 de
3077 1789 3299 1844 Domini
3365 1788 3580 1860 angelis

263 1879 374 1934 dum
404 1879 531 1934 illud
562 1878 950 1950 Apostalicum
988 1895 1002 1934 :
1033 1898 1062 1931 α
1091 1879 1244 1933 Finis
1284 1879 1439 1934 enim
1480 1879 1734 1935 Christus
1771 1887 1856 1936 est

261 1972 526 2026 secundum
555 1972 749 2042 legem
788 1971 944 2027 omni
985 1972 1235 2026 credenti
1261 1971 1373 2042 (60)
1400 1972 1598 2043 (Rom,
1624 1991 1681 2042 χ,
1714 1975 1792 2043 4).
1825 1996 1852 2023 ››

263 2067 312 2118 Et
349 2070 551 2119 mortua
603 2069 690 2120 est
731 2065 876 2136 legis
929 2065 1319 2136 interpretatio
1364 2065 1704 2136 corporalis,
1757 2067 1854 2122 ubi

264 2158 496 2211 Dominus
544 2159 804 2214 Christus
857 2160 1017 2213 Jesus
1062 2157 1375 2230 spiritalem
1425 2159 1549 2229 ejus
1608 2159 1855 2229 gratiam

263 2249 658 2304 demonstravit.
692 2251 784 2305 Vel
827 2253 978 2305 certe
1016 2251 1150 2322 quia
1188 2267 1391 2305 omnes
1437 2251 1531 2322 qui
1567 2251 1855 2307 Christum

265 2342 495 2412 vidimus,
546 2347 617 2398 et
661 2343 934 2414 baptizati
989 2344 1048 2398 in
1099 2343 1319 2401 Christo
1366 2360 1591 2412 sumus,
1646 2344 1856 2400 mortui

268 2452 419 2490 sumus
454 2441 723 2506 peccata,
764 2436 898 2507 quia
943 2436 1196 2491 viventes
1233 2437 1376 2508 legis
1414 2437 1656 2492 vinculis
1697 2442 1857 2493 tene-

271 2528 442 2583 bamur.
473 2529 584 2584 Ubi
614 2534 808 2584 autem
837 2529 895 2583 in
922 2530 1142 2585 Christo
1168 2529 1384 2586 mortui
1413 2547 1625 2596 sumus,
1661 2531 1859 2585 marti-

278 2620 386 2676 ἣωῆ
401 2623 593 2695 utique
624 2638 818 2677 sumus
847 2622 958 2694 legi
987 2639 1089 2694 per
1115 2640 1318 2695 corpus
1338 2622 1574 2693 Christi;
1597 2627 1662 2679 ut
1682 2624 1858 2679 simus

288 2714 455 2769 alterius
486 2716 598 2788 qui
639 2731 707 2771 ex
738 2715 975 2771 mortuis
1012 2717 1338 2772 resurrexit.
1371 2717 1482 2773 Sed
1519 2717 1626 2773 hoc
1665 2716 1859 2788 mysti-

285 2822 377 2860 cum
399 2816 480 2864 est.

328 2905 388 2956 t7.
431 2901 648 2958 Harale
700 2907 930 2971 autem,
989 2900 1244 2956 historiae
1300 2901 1500 2957 veteris
1554 2901 1692 2958 facit
1749 2919 1858 2958 nos

272 2995 542 3050 meminisse
598 2995 826 3063 debere,
873 3011 1001 3067 qua:
1045 3000 1130 3050 est
1165 2995 1234 3050 de
1274 2999 1466 3050 sancto
1509 2996 1716 3068 Moyse,
1759 2996 1859 3068 qui

269 3089 441 3158 rogavit
477 3091 672 3145 Deum
713 3093 777 3143 ut
820 3105 879 3142 se
922 3088 1341 3144 demonstraret
1380 3089 1432 3144 ei
1479 3090 1650 3160 Deus,
1695 3094 1750 3144 et
1793 3092 1934 3201 utC

269 3179 370 3201 f_-:_
453 3183 467 3201 ι
504 3183 542 3201 p,
579 3182 712 3201 _‘-___
775 3198 879 3201 ______
919 3181 1136 3201 __3_‘I__-1
1195 3181 1359 3201 λτ-,,..ι
1398 3182 1588 3201 --ιε-η-
1639 3186 1782 3201 _,_,_s
1839 3199 1852 3201 _

267 3179 378 3234 facie
408 3183 469 3237 ad
500 3182 721 3238 faciem
756 3198 888 3236 eum
918 3181 1159 3235 videret.
1194 3181 1364 3236 Norat
1398 3182 1596 3254 utique
1632 3186 1858 3238 sanctus

267 3277 388 3328 vates
417 3275 642 3330 Domini
682 3275 835 3346 quod
872 3273 1216 3329 invisibilem
1258 3276 1438 3330 Deum
1479 3275 1624 3330 facie
1661 3276 1731 3330 ad
1769 3277 1856 3330 fa-

263 3367 376 3421 ciem
413 3370 611 3425 videre
650 3385 764 3422 non
804 3371 1024 3439 posset,
1075 3367 1174 3422 sed
1210 3368 1433 3423 devotio
1474 3371 1671 3423 sancta
1705 3385 1860 3426 men-

263 3475 420 3516 suram
444 3455 902 3534 supergreditur,
932 3464 991 3515 et
1013 3461 1236 3533 putavit
1271 3463 1380 3517 Deo
1409 3461 1580 3517 etiam
1607 3463 1714 3518 hoc
1741 3478 1859 3518 esse

262 3554 505 3624 possibile,
552 3559 624 3609 ut
665 3554 958 3626 corporeis
998 3555 1172 3610 oculis
1218 3555 1426 3610 faceret
1474 3554 1532 3610 id
1577 3556 1734 3627 quod
1775 3562 1862 3612 est

259 3645 652 3719 incorporeum,
691 3648 1120 3719 comprehendi.
1167 3649 1291 3703 Non
1331 3653 1415 3704 est
1460 3647 1720 3722 1062
1767 3667 1857 3706 re-

259 3741 632 3808 prehensibilis
672 3741 766 3796 hic
803 3757 984 3809 error,
1029 3741 1127 3796 sed
1167 3741 1337 3796 etiam
1381 3748 1539 3813 grata
1583 3743 1860 3815 cupiditas

257 3836 398 3905 atque
450 3834 844 3906 inexplebilis,
891 3835 1042 3906 quod
1106 3835 1412 3890 Dominum
1476 3853 1648 3891 suum
1705 3839 1861 3891 velut

258 3942 405 3982 manu
433 3934 661 3996 tenere,
691 3934 750 3984 et
783 3929 986 3984 obtutu
1021 3929 1312 3983 oculorum
1344 3928 1536 3984 videre
1574 3929 1859 4001 cupiebat.

257 4021 446 4075 Sciebat
482 4022 563 4077 ad
595 4021 914 4092 imaginem
953 4027 1012 4076 et
1039 4021 1479 4076 similitudinem
1515 4022 1611 4077 Dei
1647 4023 1861 4079 factum

258 4128 356 4168 esse
380 4115 702 4170 hominem.
733 4114 972 4179 Quando
1000 4114 1154 4169 enim
1181 4115 1391 4170 electus
1419 4131 1453 4169 a
1479 4115 1719 4170 Domino
1746 4117 1860 4171 Deo

258 4209 326 4258 est
369 4208 436 4262 ad
485 4209 770 4280 populum
812 4207 1198 4276 liberandum,
1237 4207 1506 4280 impletus
1536 4213 1620 4264 est
1657 4209 1863 4280 spiritu

258 4299 547 4369 sapientiai,
582 4301 801 4355 viderat
823 4302 1093 4372 angelum
1135 4301 1293 4356 illum
1327 4304 1386 4355 et
1412 4300 1620 4357 faciem
1649 4301 1772 4372 ejus
1802 4301 1862 4357 in

259 4393 427 4461 gloria.
467 4395 724 4466 Denique
761 4393 1021 4464 fulgente
1066 4395 1189 4466 ejus
1232 4395 1488 4462 lumine,
1541 4395 1864 4466 pavefactus

1954 1881 2290 1951 aestimabat,
2322 1886 2602 1953 quantum
2643 1881 2701 1936 in
2744 1881 2966 1937 Domini
3000 1883 3220 1938 vultum
3259 1883 3388 1954 plus
3427 1882 3575 1938 desi-

1955 1974 2200 2043 deraret,
2255 1990 2368 2046 quo
2412 1974 2786 2045 cupiditatem
2835 1992 2995 2030 suam
3047 1975 3281 2047 gestiret
3324 1976 3578 2047 explere.

1955 2068 2196 2122 Noverat
2235 2067 2293 2121 in
2334 2067 2458 2138 ipso
2501 2067 2736 2122 homine
2777 2068 2944 2123 aliam
2981 2071 3109 2140 post
3149 2073 3388 2125 mortem
3427 2069 3579 2122 futu-

1955 2176 2078 2215 ram
2117 2159 2376 2231 gloriam,
2425 2158 2596 2214 aliam
2640 2160 2980 2216 claritatem.
3027 2161 3183 2216 Sicut
3227 2161 3380 2217 enim
3421 2161 3582 2217 stella

1958 2268 1992 2307 a
2030 2253 2192 2308 stella
2228 2253 2288 2308 in
2315 2253 2570 2308 claritate
2611 2258 2715 2322 est,
2759 2253 2835 2308 ita
2864 2259 2922 2310 et
2957 2255 3293 2310 resurrectio
3327 2257 3577 2309 mortuo-

1955 2361 2087 2400 rum
2126 2363 2140 2400 :
2188 2361 2316 2418 quae
2359 2346 2465 2400 etsi
2502 2345 2819 2401 seminatur
2860 2347 2918 2402 in
2963 2348 3346 2420 corruptione,
3387 2353 3582 2418 surget

1955 2444 2148 2494 tamen
2204 2439 2263 2493 in
2311 2438 2758 2510 incorruptione,
2794 2445 2989 2511 surget
3023 2440 3084 2495 in
3134 2440 3340 2511 gloria,
3388 2443 3584 2512 surget

1957 2532 2017 2587 in
2060 2533 2290 2600 virtute,
2340 2538 2539 2604 surget
2580 2549 2786 2604 corpus
2825 2533 3099 2605 spiritale.
3130 2534 3238 2597 Qui
3281 2549 3419 2605 ergo
3463 2533 3584 2588 haec

1957 2625 2099 2682 scire
2143 2628 2386 2697 poterat,
2435 2626 2640 2680 merita
2683 2626 3066 2697 praesumebat
3110 2631 3172 2680 ut
3221 2627 3439 2682 vultum
3482 2627 3582 2682 Dei

1957 2718 2146 2774 videre
2193 2721 2447 2789 cuperet,
2501 2734 2674 2790 quem
2727 2724 2870 2774 esset
2916 2719 3071 2774 obita
3111 2720 3368 2791 corporis
3398 2722 3583 2775 marte

1956 2811 2197 2866 visurus.
2249 2810 2443 2866 Talem
2503 2816 2656 2866 certe
2719 2811 2894 2867 etiam
2946 2811 3192 2866 formam
3246 2815 3582 2882 receperat,

1957 2904 2130 2960 talem
2166 2904 2436 2959 Dominus
2464 2904 2586 2975 jam
2627 2904 2932 2976 probabat,
2971 2909 3032 2959 ut
3070 2920 3184 2958 non
3231 2903 3468 2959 distaret
3511 2905 3584 2960 ab

1957 2997 2176 3070 angelis
2217 2997 2456 3053 caelestis
2499 2997 2762 3052 minister
2798 3001 2857 3052 et
2902 3000 3203 3054 exsecutor
3243 2997 3474 3052 oraculi.
3519 3000 3586 3054 Et

1959 3091 2087 3147 ideo
2136 3108 2268 3146 cum
2326 3091 2496 3147 sciret
2541 3091 2674 3162 quia
2726 3091 2916 3162 angeli
2957 3091 3296 3163 pusillorum
3331 3091 3584 3163 quotidie

1959 3184 2215 3240 viderent
2270 3184 2477 3239 faciem
2522 3183 2703 3238 Patris
2749 3184 2846 3256 qui
2895 3184 2955 3239 in
2999 3184 3154 3240 caelis
3202 3187 3315 3253 est,
3366 3184 3586 3256 putavit

1961 3277 2113 3348 quod
2150 3277 2272 3348 jam
2319 3293 2445 3332 eam
2493 3276 2685 3332 videre
2735 3277 3004 3348 deberet,
3056 3281 3329 3349 tanquam
3375 3277 3586 3333 oblitus

1959 3369 2232 3442 corporis,
2276 3373 2334 3424 et
2375 3385 2544 3425 carne
2583 3369 2864 3441 deposita,
2905 3370 3049 3425 sicut
3085 3370 3180 3426 ille
3223 3371 3322 3442 qui
3357 3371 3416 3425 in
3459 3387 3582 3426 cor-

1962 3479 2096 3534 pore
2130 3462 2317 3518 adhuc
2351 3462 2586 3534 positus,
2633 3480 2762 3518 cum
2803 3469 3099 3534 raperetur
3137 3464 3194 3518 in
3231 3464 3584 3536 paradisum,

1964 3560 2156 3611 utrum
2182 3556 2241 3611 in
2271 3572 2532 3627 corpore,
2559 3556 2673 3612 sive
2703 3562 2857 3612 extra
2884 3573 3088 3628 corpus
3115 3559 3312 3628 raptus
3339 3560 3486 3612 esset
3515 3556 3586 3611 ad

1961 3650 2192 3706 tertium
2243 3649 2468 3716 ccelum,
2520 3649 2736 3705 nescire
2783 3666 2842 3704 se
2893 3649 3037 3704 dixit
3079 3651 3144 3721 (II
3188 3653 3330 3712 Cor.,
3371 3667 3460 3717 xu,
3507 3649 3583 3716 3).

1960 3743 2146 3800 Sancti
2190 3742 2369 3812 enim,
2409 3741 2582 3796 etiam
2625 3759 2758 3796 cum
2796 3746 3008 3813 gerunt
3036 3759 3262 3813 corpus,
3299 3758 3417 3796 non
3453 3748 3586 3796 sunt

1962 3839 2155 3891 tamen
2195 3835 2256 3890 in
2296 3852 2488 3905 carne,
2533 3834 2632 3889 sed
2680 3834 2737 3888 in
2782 3834 3016 3906 spiritu;
3064 3834 3336 3906 quoniam
3381 3835 3478 3905 qui
3526 3833 3586 3887 in

1962 3929 2270 4002 cupiditate
2309 3932 2367 3985 et
2404 3927 2830 3984 conversatione
2874 3931 3006 3982 sunt
3043 3927 3276 3995 carnali,
3309 3927 3420 3982 Dea
3461 3927 3584 3998 pla-

1962 4039 2090 4078 cere
2138 4039 2257 4077 non
2312 4026 2566 4092 possunt.
2623 4020 2818 4076 Sancti
2871 4023 3063 4074 autem
3123 4018 3474 4075 conversatio
3528 4019 3586 4073 in

1963 4132 2132 4170 carne
2157 4132 2270 4170 non
2297 4118 2418 4169 erat
2443 4113 2575 4185 (63),
2606 4113 2702 4169 sed
2727 4112 2785 4168 in
2810 4115 2971 4184 coelo,
2999 4113 3142 4168 sicut
3171 4113 3371 4168 Paulus
3397 4115 3585 4168 osten-

1965 4209 2048 4263 dit
2073 4209 2359 4280 (Philipp,
2389 4225 2468 4278 ιιι,
2502 4207 2613 4278 20).

2039 4306 2122 4357 t9.
2147 4304 2213 4358 Et
2237 4301 2375 4372 quid
2401 4301 2655 4356 dicamus
2679 4299 2749 4356 de
2776 4299 3060 4372 probabili
3089 4299 3374 4355 desiderio
3404 4301 3591 4356 vultus

1965 4395 2182 4450 divini?
2213 4395 2485 4450 Homines
2520 4395 2691 4450 etiam
2733 4393 2780 4447 si
2817 4410 2988 4465 quem
3025 4393 3296 4462 nobilem,
3330 4393 3376 4448 si
3414 4410 3590 4464 quem

257 4494 342 4554 est,
372 4494 425 4543 et
452 4489 599 4544 vidit
625 4488 836 4543 rubum
868 4487 976 4556 uri,
1011 4493 1067 4542 et
1102 4504 1217 4543 non
1253 4488 1434 4543 exuri.
1463 4488 1654 4543 Visum
1695 4488 1940 4560 cmpitD
1967 4490 2192 4557 fortem,
2223 4490 2270 4543 si
2305 4505 2477 4560 quem
2515 4488 2834 4558 sapientem
2874 4503 2996 4542 esse
3028 4486 3289 4553 audiunt,
3331 4485 3589 4560 1063

259 4579 640 4652 fulgoremque
694 4581 934 4647 mirari;
985 4580 1215 4636 accessit
1270 4581 1382 4650 (6t)
1442 4581 1750 4652 cupiditate
1808 4583 1866 4636 et

260 4675 413 4740 gratia
460 4678 830 4747 provocatus,
878 4678 944 4728 ut
986 4673 1315 4745 diligentius
1365 4673 1654 4746 fulgorem
1698 4674 1863 4730 illum

309 4875 392 4938 (60)
435 4877 598 4928 Rom.
647 4876 802 4937 edit.,
843 4876 991 4928 Finis
1041 4878 1176 4926 enim
1219 4877 1343 4942 legis
1389 4883 1464 4929 est
1507 4877 1746 4930 Christus
1794 4879 1868 4930 ad

255 4945 502 5004 justitiam
552 4947 697 4998 omni
745 4947 996 4998 credenti.
1045 4947 1115 4998 Et
1160 4947 1252 4999 hic
1295 4947 1525 5013 quidam
1577 4949 1626 4998 ei
1680 4949 1868 4999 favent

262 5022 514 5082 quotquot
571 5031 726 5068 nunc
788 5023 1010 5068 exstant
1079 5020 1438 5070 Paulinarum
1513 5020 1866 5083 epistolamm

262 5090 591 5153 exemplaria,
632 5089 744 5139 imo
777 5094 833 5139 et
873 5089 1200 5140 Ambrosius
1245 5091 1364 5154 ipse
1401 5104 1567 5154 supra
1607 5103 1772 5141 serm.
1815 5092 1864 5151 6,

264 5168 392 5207 num.
437 5159 520 5219 22,
565 5161 733 5222 atque
773 5157 938 5219 alibi;
983 5159 1193 5223 placuit
1243 5164 1427 5210 tamen
1470 5173 1600 5210 mss.
1646 5173 1711 5210 ac
1756 5165 1864 5211 vet.

263 5227 372 5277 edit.
404 5230 655 5279 omnium
695 5229 987 5280 lectionem
1027 5244 1139 5280 non
1186 5231 1455 5282 deserere.
1495 5231 1699 5280 lterum
1742 5235 1870 5294 post

263 5297 384 5348 duas
432 5314 640 5362 versus,
689 5313 822 5350 mss.
879 5304 1110 5364 septem,
1168 5302 1262 5364 qui
1316 5301 1376 5349 in
1435 5299 1701 5351 Christum
1755 5315 1868 5351 cre-

264 5368 433 5421 dimus.
477 5371 586 5422 Sed
640 5372 822 5421 forsan
870 5372 1008 5421 alios
1047 5384 1178 5421 mss.
1224 5376 1280 5421 et
1330 5376 1561 5422 cunctas
1606 5372 1739 5422 edit.
1789 5373 1870 5423 sic

265 5442 528 5492 emendari
581 5446 832 5507 oportere
883 5443 1066 5492 visum
1113 5443 1502 5507 scriptoribus,
1553 5443 1703 5507 quod
1756 5457 1868 5494 non

266 5513 545 5574 cogitarent
596 5513 856 5578 superius
909 5513 1182 5576 positum,
1233 5514 1291 5562 in
1337 5513 1641 5579 Evangelia
1687 5514 1870 5566 Chris-

267 5583 367 5632 tum
394 5584 532 5635 facie
556 5584 622 5634 ad
655 5585 857 5636 faciem
881 5584 1263 5635 demonstrari.
1292 5584 1486 5649 Itaque
1524 5588 1646 5649 post
1682 5585 1869 5648 verba,

270 5655 346 5722 qui
399 5655 652 5706 Christum
697 5655 949 5712 vidimus,
991 5655 1384 5720 subintellige,
1436 5656 1493 5705 in
1548 5655 1868 5722 Evangelia.

272 5721 375 5772 Non
414 5726 553 5776 male
600 5731 785 5777 tamen
825 5726 957 5791 Reg.
1003 5726 1148 5788 cad.,
1189 5727 1283 5789 qui
1321 5727 1523 5776 Christo
1559 5721 1806 5777 vidimus.

324 5794 412 5858 (61)
465 5796 556 5848 Sic
624 5811 779 5861 mss.,
843 5799 1090 5864 exceptis
1152 5797 1399 5862 duabus,
1449 5797 1547 5849 ubi
1606 5798 1809 5862 legitur
1857 5813 1869 5847 :

1962 4587 2242 4655 tanquam
2272 4598 2443 4652 supra
2475 4580 2766 4635 hominem
2797 4579 3160 4649 arbitrantes,
3187 4580 3594 4651 concupiscunt

1963 4675 2172 4730 videre.
2230 4673 2488 4729 Procedit
2537 4673 2869 4744 imperator,
2917 4673 3077 4745 cujus
3115 4673 3287 4745 regiae
3331 4674 3589 4745 potestati

1975 4878 2098 4927 Visu
2149 4876 2279 4939 cepit
2324 4875 2603 4941 fulgorem,
2650 4889 2804 4940 quem
2845 4875 3038 4926 mirari
3083 4877 3314 4928 accessit.
3370 4875 3456 4925 Ab
3507 4875 3593 4926 his

1967 4948 2132 4998 etiam
2186 4960 2296 4996 non
2351 4945 2667 5009 discrepant
2717 4946 2870 5007 edit.,
2928 4947 3037 4996 nisi
3093 4945 3244 5010 quod
3290 4945 3594 5008 praeferunt

1971 5031 2122 5082 quem
2161 5019 2390 5068 miratus
2433 5017 2659 5068 accessit.

2033 5089 2129 5154 (ϐξ)
2169 5089 2315 5140 Edit.
2362 5103 2558 5141 omnes
2602 5089 2710 5140 hoc
2752 5089 2860 5140 laci
2909 5087 3190 5139 addebant
3230 5102 3241 5136 :
3290 5087 3446 5148 Quem
3487 5098 3596 5137 esse

1967 5157 2189 5212 dicam?
2239 5161 2536 5225 Eleganter
2585 5160 2833 5224 quidem,
2891 5163 2947 5209 at
2996 5158 3135 5209 nihil
3196 5157 3303 5208 tale
3347 5158 3406 5208 in
3458 5171 3591 5208 mss.

1969 5244 2239 5282 invenias.

2033 5302 2128 5366 (63)
2175 5301 2344 5362 Edit.,
2400 5301 2580 5352 Sancti
2637 5307 2812 5351 autem
2870 5299 3260 5350 conuersatione
3322 5300 3375 5348 in
3433 5313 3596 5350 carne

1968 5386 2076 5424 non
2097 5379 2236 5422 sunt.
2271 5374 2396 5423 Duo
2433 5386 2586 5434 mss.,
2627 5386 2734 5423 nou
2775 5376 2945 5421 erant.
2980 5370 3090 5420 Alii
3126 5383 3258 5420 vero
3297 5383 3492 5420 omnes
3533 5375 3596 5420 ut

1969 5457 2136 5508 supra
2193 5446 2250 5494 in
2311 5457 2556 5508 corpore.
2608 5445 2870 5494 Putemus
2923 5445 3110 5491 autem
3152 5454 3347 5493 vocem
3403 5444 3595 5502 sancti,

1970 5514 2040 5564 de
2115 5513 2306 5578 Moyse
2373 5513 2824 5579 intelligendam,
2891 5513 3054 5576 cujus
3118 5513 3596 5564 conversationem

1970 5588 2028 5638 in
2087 5587 2229 5639 caelo
2284 5586 2473 5638 fuisse.
2538 5587 2732 5640 Noster
2803 5597 2871 5634 ea
2937 5583 3162 5648 probat,
3221 5584 3371 5649 quod
3427 5584 3594 5635 talem

1970 5671 2095 5709 esse
2154 5661 2471 5708 sanctorum
2538 5655 3017 5708 conversationem
3089 5654 3289 5706 doceat
3353 5656 3598 5720 Aposto-

1971 5727 2079 5779 lus.
