3958 6166
471 247 594 300 1371

1921 246 1977 300 S.
2019 246 2107 301 AM
2118 245 2329 300 BROSll

3656 259 3673 309 l
3683 260 3767 314 372

463 368 768 424 commissa
803 371 914 440 (64)
944 383 1072 440 pars
1108 374 1193 424 est
1226 371 1378 424 orbis
1411 375 1712 437 terrarum,
1745 376 2089 426 concurrunt
2111 380 2166 454 Α
2190 369 2358 424 debet
2388 386 2511 425 esse
2552 369 2672 425 sine
2709 373 2953 440 peccato.
2996 369 3108 424 Sed
3148 371 3285 439 quia
3323 369 3485 425 homo
3518 375 3627 429 sine
3658 394 3764 448 pec-

463 478 683 528 omnes,
725 465 784 516 et
821 463 878 517 in
925 465 1083 518 tanta
1128 463 1490 519 multitudine
1527 465 1685 519 illum
1729 465 1909 519 solum
1947 463 2090 534 aspi-

465 572 593 610 cere
629 555 898 626 gestiunt,
927 559 985 610 et
1014 555 1085 610 de
1117 557 1341 627 fulgore
1372 573 1638 628 purpurae
1667 559 1792 628 plus
1819 557 2090 628 quiddam

465 663 588 702 esse
639 648 698 702 in
749 649 906 702 vultu
961 649 1327 720 imperatoris
1375 650 1720 705 existimant.
1775 650 1992 705 Miraris
2044 650 2089 703 si

463 741 563 796 Dei
613 741 1004 797 desiderabilis
1051 743 1238 797 vultus
1284 746 1388 812 est,
1437 760 1567 798 cum
1613 745 1962 799 conformem
2005 743 2089 797 sui

463 833 760 890 hominem
799 835 1089 890 humanus
1125 835 1311 891 omnis
1354 836 1596 892 miretur
1635 836 1914 892 affectus?
1950 836 2090 891 Hinc

465 927 633 982 datur
662 927 906 999 intelligi
937 928 1108 984 etiam
1149 929 1308 997 illud,
1354 930 1505 1000 quod
1547 929 1874 1001 imperatori
1915 946 2085 984 unus-

465 1021 707 1092 quisque
761 1021 969 1076 nullius
1025 1038 1155 1078 reus
1221 1023 1472 1077 criminis
1537 1024 1708 1094 gestit
1767 1039 2086 1078 occurrere.

465 1115 608 1169 Nam
650 1115 754 1170 etsi
793 1116 1012 1171 crimen
1059 1115 1264 1172 habeat
1311 1116 1670 1183 conscientia,
1708 1121 1914 1188 tegunt
1949 1116 2088 1171 illud

465 1209 660 1264 tamen
709 1209 891 1264 cordis
940 1209 1177 1276 occulta,
1229 1209 1540 1264 dummodo
1588 1209 1810 1280 publico
1854 1225 1967 1266 non
2016 1209 2090 1264 sit

463 1301 750 1356 involutus
796 1307 980 1369 reatu,
1029 1317 1136 1357 nec
1179 1302 1251 1358 sit
1289 1302 1517 1374 aliquod
1563 1303 1686 1374 ejus
1727 1303 1944 1358 crimen
1989 1319 2083 1358 ex-

464 1409 752 1464 pressum;
798 1394 1046 1466 denique
1087 1395 1185 1450 ubi
1229 1396 1312 1450 rei
1357 1395 1532 1468 aliqui
1574 1395 1790 1451 fuerint
1833 1395 2086 1451 advocati

462 1486 594 1554 (65),
625 1493 682 1540 et
715 1487 1041 1559 imperatori
1066 1503 1125 1543 se
1151 1493 1209 1543 et
1237 1488 1374 1560 ipsis
1395 1489 1684 1559 judicibus
1718 1489 1919 1544 otferre
1946 1505 2082 1560 pro-

460 1579 762 1649 bibentur;
791 1581 1281 1652 quemadmodum
1310 1587 1505 1654 turpes
1536 1583 1803 1638 lenonum
1836 1583 2086 1637 meretri-

459 1687 702 1744 cumque
734 1689 990 1744 personas
1030 1690 1064 1728 a
1094 1679 1396 1746 conspectu
1433 1676 1515 1729 vel
1538 1675 1749 1746 judicis
1777 1675 1866 1729 vel
1903 1676 2084 1747 impe-

461 1766 662 1819 ratoris
707 1770 1000 1834 arcentur,
1040 1783 1112 1822 ne
1153 1767 1610 1838 turpissimorum
1647 1769 1796 1824 visus
1832 1745 2162 1824 offendatB

462 1858 650 1912 vultus
682 1858 822 1929 regii
866 1860 1202 1915 claritatem.
1245 1862 1351 1925 Qui
1391 1866 1582 1916 autem
1624 1862 1766 1918 bene
1801 1863 1906 1916 sibi
1949 1879 2084 1917 con-

461 1951 609 2005 scius
668 1957 771 2018 est,
837 1953 1048 2008 nullius
1105 1953 1358 2008 criminis
1419 1971 1546 2010 reus
1597 1955 1759 2026 quasi
1814 1956 2086 2012 innocens

460 2044 652 2115 prodit
677 2044 736 2099 in
769 2045 1040 2101 medium.

531 2141 622 2192 20.
665 2139 738 2192 Ex
778 2138 867 2192 his
903 2155 1040 2210 ergo
1077 2140 1255 2196 sancti
1294 2141 1492 2213 Moysis
1533 2142 2085 2213 comprehendamus

461 2230 754 2285 affectum.
785 2231 986 2287 Videre
1022 2232 1120 2288 Dei
1158 2235 1381 2289 vultum
1419 2235 1580 2306 quasi
1622 2235 1895 2292 innocens
1931 2239 2088 2292 velut

460 2324 706 2393 quodam
745 2325 900 2378 vultu
943 2326 1302 2382 conscientias
1333 2327 1697 2384 desiderabat
1728 2346 1741 2384 :
1775 2330 1997 2401 aperire
2033 2330 2086 2384 ei

457 2415 660 2471 faciem
703 2417 910 2472 mentis
944 2419 1210 2489 internas,
1251 2421 1512 2491 cognosci
1553 2422 1663 2492 (66)
1701 2423 1920 2493 plenius
1959 2439 2083 2495 ges-

457 2509 638 2564 tiebat
680 2512 740 2565 et
776 2511 1007 2581 Moyses,
1047 2517 1103 2567 et
1144 2513 1262 2584 ipse
1307 2520 1532 2569 sanctus
1574 2516 1772 2582 David,
1813 2517 1912 2586 qui
1932 2517 2086 2571 qalibi

455 2602 574 2657 ait:
609 2625 637 2652 ‹‹
674 2603 855 2659 Proba
891 2621 1003 2674 me,
1047 2606 1306 2676 Domine,
1341 2609 1400 2661 et
1436 2611 1596 2663 tenta
1635 2626 1729 2665 me
1759 2611 1925 2678 (Psal.
1957 2627 2082 2679 xxv,

454 2696 536 2764 2).
601 2718 628 2746 »
685 2698 808 2752 Non
863 2698 1017 2752 enim
1068 2699 1235 2754 vellet
1282 2699 1511 2770 probari
1561 2702 1606 2756 si
1649 2702 1709 2757 in
1761 2719 1820 2758 se
1866 2703 2084 2760 crimen

455 2794 827 2860 agnosceret;
879 2807 984 2846 nec
1031 2791 1276 2860 tentari,
1325 2793 1370 2847 si
1415 2794 1767 2865 passionibus
1819 2796 2085 2867 gravibus

460 2897 518 2936 se
547 2882 720 2936 sciret
754 2883 1084 2939 obnoxium.
1120 2885 1284 2940 Liber
1321 2886 1499 2957 igitur
1527 2905 1561 2942 a
1586 2891 1841 2959 peccato,
1881 2890 1994 2944 Deo
2024 2905 2085 2944 se

455 2975 696 3044 cupidus
743 2977 1038 3032 offerebat.
1091 2979 1197 3032 Sed
1253 2979 1490 3034 fortasse
1543 2981 1681 3051 quia
1736 2982 1921 3036 adhuc
1969 2982 2084 3037 fre-

454 3068 850 3137 quentioribus
905 3070 1002 3124 Dei
1063 3070 1478 3126 visitationibus
1545 3074 1791 3129 mundus
1852 3091 1886 3128 a
1944 3075 2082 3130 vitio

454 3175 570 3214 non
604 3161 770 3228 foret,
800 3177 914 3217 non
942 3162 1115 3218 fuerit
1143 3163 1203 3218 in
1233 3164 1509 3236 principio
1550 3167 1855 3237 perfectus,
1888 3173 2083 3240 utpote

453 3253 546 3306 cui
596 3259 728 3308 ante
771 3256 1064 3325 paululum
1108 3256 1321 3312 dictum
1365 3263 1488 3314 erat
1528 3276 1542 3314 :
1592 3281 1620 3309 ‹‹
1660 3261 1825 3316 Solve
1865 3261 2081 3318 calcea-

456 3349 716 3401 mentum
764 3349 972 3418 pedum
1025 3355 1255 3404 tuorum
1302 3352 1520 3421 (Εῑιοάη
1569 3369 1663 3421 ιιι,
1717 3356 1800 3424 5);
1855 3375 1884 3404 ››
1942 3355 2082 3410 illud

456 3439 656 3510 utique
693 3440 1143 3498 calceamentum
1183 3443 1335 3516 quod
1377 3444 1448 3499 de
1492 3447 1734 3517 Aigypto
1779 3447 2078 3518 detulerat,

455 3531 567 3586 hoc
599 3537 704 3601 est,
738 3549 1026 3605 corporeae
1053 3537 1492 3592 conversationis
1529 3539 1916 3607 involucrum;
1946 3541 2080 3596 ideo

453 3625 596 3679 dicit
622 3626 675 3682 ei
704 3627 972 3682 Dominus
999 3645 1012 3683 :
1044 3649 1073 3678 ‹‹
1100 3629 1281 3686 Nemo
1311 3631 1611 3687 hominum
1642 3632 1853 3689 videbit
1880 3634 2081 3690 faciem

455 3734 665 3786 meam,
694 3725 750 3774 et
777 3720 924 3776 vivet
950 3721 1170 3791 (Emod.,
1201 3739 1382 3789 xxxm,
1408 3725 1521 3793 20).
1552 3746 1579 3774 ››

524 3815 613 3867 2t.
665 3813 906 3877 Quando
963 3817 1157 3870 autem
1224 3815 1280 3870 id
1331 3816 1550 3871 dictum
1605 3817 1696 3884 sit,
1756 3819 2076 3874 considera.

452 3905 714 3960 Nondum
766 3907 819 3961 ei
867 3907 1080 3962 dictum
1127 3912 1249 3962 erat
1295 3924 1307 3962 :
1360 3930 1387 3957 ‹‹
1438 3909 1659 3964 Faciam
1703 3915 1758 3965 te
1801 3912 1859 3966 in
1905 3913 2080 3968 deum

452 4000 575 4068 regi
621 3999 838 4053 Pharao
883 4001 1105 4068 (Exod,
1150 4018 1247 4068 vu,
1303 4003 1373 4070 l).
1420 4025 1447 4052 »
1491 4003 1691 4058 Adhuc
1725 4005 1899 4062 homo
1937 4012 2076 4077 erat,

453 4093 511 4145 et
548 4091 676 4145 ideo
719 4091 856 4146 illud
901 4093 954 4147 ei
998 4093 1134 4148 dicit
1173 4111 1185 4148 :
1226 4112 1515 4166 processus
1557 4097 1605 4152 ei
1653 4097 1982 4169 debebatur,
2020 4105 2080 4156 ut

452 4184 513 4238 in
543 4183 716 4238 deum
754 4185 944 4252 fieret;
987 4189 1043 4240 et
1077 4186 1202 4242 ideo
1239 4188 1454 4244 dictum
1493 4195 1578 4245 est
1612 4191 1664 4245 ci
1695 4208 1708 4246 :
1741 4192 1817 4247 De
1845 4193 2078 4249 homine

452 4275 564 4330 dixi
611 4276 744 4348 (67),
795 4277 1001 4334 desiste
1046 4279 1298 4335 hominis
1344 4282 1555 4338 habere
1599 4291 1849 4355 peccata,
1897 4291 1954 4341 et
1997 4288 2075 4342 vi-

450 4368 612 4425 dehis
633 4370 840 4426 faciem
882 4387 1094 4428 meam.
1126 4373 1234 4438 Qui
1263 4374 1420 4428 enim
1452 4376 1657 4432 faciem
1687 4393 1875 4432 meam
1902 4378 2076 4448 videt,

514 4563 611 4636 (64)
636 4564 793 4615 Rom.
827 4565 978 4628 edit.,
1005 4569 1090 4618 cui
1123 4569 1220 4632 jus
1247 4569 1439 4620 datum
1480 4576 1551 4622 est
1598 4572 1750 4636 regia
1785 4573 2076 4636 potestatis,

448 4634 535 4684 cui
561 4635 854 4695 commissa,
877 4641 982 4686 etc.

512 4706 608 4767 (65)
647 4705 856 4756 Eadem
900 4707 1054 4758 Rom.
1096 4708 1252 4771 edit.,
1294 4710 1551 4760 adnotati.
1594 4710 1844 4763 Sumitur
1889 4719 2076 4765 autem

450 4789 513 4826 ea
560 4789 668 4849 vox
707 4777 764 4826 in
802 4779 947 4840 jure,
996 4779 1341 4842 potissimum
1382 4781 1593 4845 duplici
1644 4783 1853 4835 modo:
1898 4787 2076 4849 primo

447 4860 548 4910 pro
595 4847 682 4919 his
727 4861 868 4912 quos
917 4862 1015 4912 per
1063 4851 1369 4902 absentiam
1412 4856 1703 4904 accusatos
1738 4847 1943 4919 praises
1983 4871 2077 4908 re-

448 4918 748 4991 quirendos
791 4919 848 4969 in
901 4924 1021 4970 acta
1069 4922 1288 4983 retulit;
1333 4923 1581 4975 secundo
1623 4918 1888 4988 prorillis
1935 4940 2077 4991 quos

447 4989 818 5052 deportandos
867 5003 1073 5054 pmses
1122 4991 1421 5054 adnotavit,
1469 4997 1558 5046 vel
1611 4996 1679 5046 de
1728 4996 1924 5049 iisdem
1952 4989 2077 5049 _de-

447 5061 730 5123 portandis
790 5060 860 5110 ad
920 5062 1224 5126 principem
1282 5067 1535 5129 scripsit;
1581 5071 1643 5116 ut
1695 5067 1860 5118 docet
1907 5069 2072 5118 Briss.

445 5130 516 5179 ad
543 5131 688 5182 hanc
723 5145 936 5183 vocem.
964 5132 1074 5184 Sed
1114 5147 1244 5184 cum
1285 5140 1539 5187 neutram
1574 5150 1644 5187 ex
1682 5137 1768 5188 his
1805 5140 2076 5203 interpre-

449 5203 751 5252 tationibus
787 5205 920 5254 satis
961 5205 1252 5255 commode
1291 5207 1543 5258 admittat
1583 5209 1756 5259 series
1792 5211 2074 5273 orationis,

448 5282 690 5334 cumque
733 5287 928 5325 omnes
972 5289 1103 5326 mss.
1141 5290 1207 5327 ac
1246 5280 1353 5327 vet.
1398 5277 1529 5328 edit.
1573 5278 1705 5328 huic
1749 5281 1871 5330 voci
1905 5281 2076 5331 refra-

446 5344 661 5415 gentur,
695 5343 996 5396 dicendum
1028 5360 1125 5398 eos
1161 5348 1269 5398 hoc
1311 5349 1434 5399 loco
1472 5349 1583 5400 dici
1623 5349 1938 5411 advocatos,
1979 5353 2074 5415 qui

448 5410 660 5482 crimen
701 5427 866 5465 suum
901 5418 1085 5482 palam
1123 5419 1386 5470 fatentur.
1428 5421 1565 5470 Nam
1605 5419 1876 5472 advocare
1913 5410 2076 5471 inter-

447 5481 582 5531 dum
633 5481 1032 5552 usurpari’pro
1078 5502 1194 5540 rem
1240 5491 1440 5542 factam
1488 5504 1804 5556 agnoscere,
1853 5496 1907 5542 et
1947 5493 2077 5543 hinc

446 5558 630 5628 ortum
683 5557 916 5628 traxisse
967 5559 1240 5611 Gallicum
1295 5561 1525 5614 verbum
1569 5576 1769 5612 avouer
1809 5564 2076 5628 scriptum

447 5625 690 5698 reperies
745 5627 800 5698 in
855 5627 1138 5681 Glossario
1199 5631 1505 5684 doctissimi
1558 5632 1752 5698 Cangii
1809 5634 1880 5684 ad
1921 5625 2075 5685 idem

448 5694 700 5765 verbum.
749 5696 1026 5748 Caeterum
1075 5701 1169 5750 lib.
1217 5716 1299 5753 xv
1348 5703 1486 5754 Cod.
1532 5694 1762 5765 Theod,
1815 5706 1893 5754 tit.
1939 5708 1968 5754 7
2013 5706 2077 5756 de

446 5764 696 5828 Scenicis,
734 5766 838 5828 leg.
882 5767 961 5829 12,
1007 5772 1235 5821 cautum
1280 5776 1383 5835 est,
1430 5787 1500 5824 ne
1539 5775 1785 5840 turpium
1818 5789 2076 5842 persona-

2101 4467 2160 4540 D

2189 467 2316 517 cato
2352 479 2476 516 esse
2513 478 2629 517 non
2666 467 2870 533 potest,
2911 462 3036 516 ideo
3071 466 3131 515 ut
3159 462 3217 516 in
3251 462 3341 516 dei
3371 467 3765 534 appellationem

2190 555 2366 625 possit
2417 571 2777 621 excrescere,
2825 559 3243 609 commonetur.
3296 557 3362 609 Et
3410 558 3540 628 quid
3588 561 3650 614 de
3695 565 3770 618 dei

2189 647 2568 719 appellatione
2613 647 2795 702 dicam
2817 648 2845 702 ?
2877 649 3004 702 Esto
3050 648 3305 718 angelus,
3343 648 3449 703 hoc
3483 656 3582 720 est,
3620 655 3769 711 divini

2189 739 2453 795 minister
2509 741 2775 812 imperii,
2839 741 3152 812 obsequere
3221 742 3495 796 mandatis
3555 746 3770 803 Domini.

2188 835 2329 888 Cum
2372 834 2546 888 fueris
2586 833 2846 905 angelus,
2875 833 3094 888 videbis
3136 834 3343 889 faciem
3384 836 3613 892 Domini.
3643 841 3770 911 Mag-

2189 943 2328 982 num
2383 931 2470 981 cst
2522 927 2714 982 videre
2779 927 2873 982 Dei
2932 929 3172 983 vultum.
3239 929 3347 982 Lex
3398 928 3496 983 tibi
3547 931 3671 985 dicit
3723 941 3776 987 ut

2188 1021 2354 1075 tertio
2395 1024 2448 1075 te
2490 1020 2696 1075 offeras
2729 1021 2787 1075 in
2819 1022 3162 1075 lerusalem.—
3184 1022 3306 1091 Ipse
3351 1022 3612 1077 Dominus
3635 1027 3775 1079 lesus

2189 1115 2316 1168 ait:
2349 1134 2377 1162 ‹‹
2416 1114 2567 1168 Beati
2609 1113 2826 1168 mundo
2867 1114 3066 1182 corde;
3113 1113 3218 1184 ipsi
3259 1113 3410 1168 enim
3454 1116 3626 1170 Deum
3652 1118 3778 1172 vide-

2187 1205 2333 1261 bunt
2371 1207 2612 1276 (Matth.,
2643 1223 2695 1273 v,
2735 1207 2809 1277 8).
2845 1229 2872 1256 ››
2909 1206 3169 1262 Advertis
3209 1207 3347 1278 quid
3381 1224 3412 1261 a
3443 1210 3497 1263 te
3530 1210 3776 1280 exigatur,

2188 1303 2253 1354 ut
2289 1299 2482 1355 videas
2529 1301 2729 1367 Deum,
2776 1301 2864 1354 cui
2905 1301 3036 1355 vitae
3074 1300 3368 1372 proposita
3405 1300 3478 1356 sit
3520 1318 3775 1374 praeroga-

2186 1392 2304 1448 tiva
2355 1392 2584 1448 videndi
2636 1392 2892 1466 1064
2945 1395 3160 1449 Deum?
3209 1394 3466 1450 Emunda
3504 1395 3670 1466 igitur
3701 1413 3782 1451 cor

2189 1491 2385 1554 tuum,
2439 1489 2502 1540 ut
2565 1487 2727 1558 quasi
2780 1502 2958 1541 novus
3011 1487 3218 1542 creeris
3277 1493 3540 1543 renovato
3582 1489 3776 1560 spiritu.

2187 1580 2400 1636 Omnes
2441 1580 2688 1651 pollutas
2731 1579 3105 1652 cogitationes
3143 1582 3211 1636 de
3255 1581 3425 1636 corde
3468 1587 3563 1636 tuo
3604 1581 3779 1653 abjice,

2185 1673 2326 1728 nihil
2378 1673 2449 1727 sit
2501 1689 2614 1744 quo
2667 1677 2797 1728 tuus
2847 1673 3183 1745 inquinetur
3237 1674 3476 1729 affectus
3515 1691 3528 1728 :
3569 1675 3779 1746 simplex

2186 1783 2365 1835 mens,
2397 1782 2544 1838 pura
2581 1766 2870 1822 sinceritas
2899 1767 2988 1821 sit.
3019 1767 3247 1822 Talibus
3283 1783 3343 1822 se
3382 1768 3644 1822 Dominus
3669 1785 3778 1822 cum

2187 1860 2544 1915 involucrum
2575 1859 2830 1932 corporis
2857 1859 3244 1932 deposuerint,
3272 1861 3654 1916 demonstrare
3681 1861 3780 1932 dig-

2186 1956 2376 2008 natur.

2258 2050 2346 2102 22.
2396 2045 2557 2100 Nunc
2601 2046 2670 2101 de
2725 2045 2943 2119 reliqua
2986 2047 3162 2118 ipsius
3209 2063 3404 2102 versus
3450 2050 3605 2119 parte
3650 2047 3777 2101 dica-

2185 2155 2334 2196 mus.
2377 2141 2646 2202 Miserere,
2694 2139 2898 2212 inquit,
2937 2143 3044 2195 mei
3077 2141 3370 2196 secundum
3393 2142 3607 2196 verbum
3635 2147 3778 2194 tuum.

2185 2232 2566 2290 Misericordia
2605 2232 2840 2304 quidem
2874 2233 3113 2304 justitiaa
3151 2233 3337 2305 portio
3373 2237 3489 2303 est;
3517 2233 3642 2288 utsi
3669 2232 3781 2287 velis

2185 2327 2400 2382 donare
2444 2325 2808 2398 pauperibus,
2849 2327 2968 2382 haec
3013 2327 3404 2383 misericordia
3445 2327 3654 2399 justitia
3692 2329 3781 2389 est,

2185 2421 2500 2476 secundum
2558 2420 2696 2476 illud
2747 2442 2759 2474 :
2811 2441 2840 2470 «
2887 2419 3183 2492 Dispersit,
3231 2421 3396 2476 dedit
3450 2419 3780 2492 pauperibus,

2179 2514 2397 2584 justitia
2440 2514 2564 2586 ejus
2606 2517 2801 2569 manet
2846 2513 2906 2568 in
2945 2518 3225 2568 aeternum
3271 2515 3444 2584 (Psut.
3501 2530 3602 2580 cn,
3649 2513 3715 2579 9).
3758 2533 3780 2559 »

2186 2607 2398 2662 Deinde
2444 2607 2580 2678 quia
2621 2606 2930 2662 conformis
2968 2610 3098 2662 tuus
3141 2607 3421 2677 iniustum
3467 2612 3548 2662 est
3595 2611 3652 2660 ut
3685 2621 3782 2658 non

2187 2701 2487 2771 adjuvetur
2529 2717 2560 2754 a
2605 2699 2790 2768 socio;
2835 2716 2964 2755 cum
3011 2701 3329 2773 praesertim
3370 2700 3635 2757 Dominus
3664 2700 3783 2753 Deus

2187 2798 2382 2848 noster
2421 2799 2634 2849 terram
2681 2793 2830 2848 hanc
2874 2794 3288 2864 possessionem
3325 2794 3578 2850 omnium
3618 2792 3778 2847 homi-

2183 2902 2323 2941 num
2355 2885 2596 2942 voluerit
2629 2902 2752 2942 esse
2790 2903 3174 2956 communem,
3208 2891 3265 2943 et
3292 2888 3511 2943 fructus
3546 2885 3783 2942 omnibus

2184 2979 2540 3049 ministrare;
2594 2980 2688 3035 sed
2746 2980 2978 3036 avaritia
3034 2981 3454 3052 possessionum
3508 2981 3632 3051 jura
3685 2977 3778 3030 dis-

2185 3073 2399 3129 tribuit.
2441 3075 2662 3128 Justum
2705 3079 2788 3129 est
2824 3073 3002 3145 igitur
3039 3080 3103 3130 ut
3140 3074 3184 3128 si
3215 3075 3435 3148 aliquid
3479 3075 3578 3129 tibi
3617 3070 3778 3143 priva-

2181 3170 2306 3221 tum
2335 3165 2604 3236 vindicas,
2647 3166 2800 3238 quod
2833 3168 3034 3238 generi
3071 3169 3354 3235 humano,
3394 3169 3510 3223 imo
3545 3165 3782 3222 omnibus

2182 3258 2598 3326 animantibus,
2650 3258 2709 3312 in
2757 3276 3066 3314 commune
3120 3261 3391 3316 collatum
3442 3265 3554 3328 est,
3605 3257 3779 3312 saltem

2181 3351 2398 3424 aliquid
2461 3352 2592 3407 inde
2665 3353 3010 3424 pauperibus
3070 3369 3340 3426 aspergas
3405 3371 3418 3409 :
3485 3356 3544 3408 ut
3602 3350 3781 3423 quibus

2177 3445 2322 3516 juris
2362 3445 2443 3500 tui
2479 3445 2831 3501 consortium
2873 3445 3067 3515 debes,
3107 3447 3198 3502 his
3235 3447 3508 3504 alimenta
3547 3461 3655 3500 non
3697 3443 3780 3496 de-

2181 3554 2376 3610 neges.

2249 3635 2336 3688 23.
2379 3633 2475 3688 Est
2525 3632 2697 3687 etiam
2750 3632 3155 3688 misericordia:
3203 3633 3424 3690 donare
3471 3634 3779 3704 peccatum;

2182 3730 2241 3780 et
2301 3724 2702 3780 misericordiae
2763 3731 2886 3791 est,
2953 3730 3010 3780 et
3076 3726 3314 3797 justitia:
3377 3731 3481 3781 est.
3551 3723 3782 3792 Denique

2173 3818 2408 3889 justitiaa
2453 3817 2685 3872 ascribit
2712 3818 3022 3890 Scriptura
3065 3819 3252 3874 divina
3282 3819 3508 3875 veniam
3548 3819 3779 3890 peccato-

2181 3926 2350 3977 rum,
2407 3911 2719 3966 secundum
2771 3910 2907 3966 illud
2959 3913 3111 3983 quod
3164 3913 3340 3968 hodie
3389 3913 3595 3968 lectum
3647 3911 3720 3963 est
3761 3922 3773 3958 :

2181 4025 2208 4052 ‹‹
2254 4003 2614 4059 Benedictum
2661 4003 2884 4075 lignum
2925 3991 3074 4076 quod
3114 4006 3176 4061 fit
3211 4023 3315 4077 per
3344 4005 3619 4077 justitiam
3655 3999 3778 4068 (68);

2181 4096 2544 4152 maledictum
2599 4103 2792 4154 autem
2851 4097 3075 4169 lignum
3125 4099 3279 4170 quod
3339 4101 3404 4153 lit
3459 4114 3558 4169 per
3609 4107 3781 4149 manus

2180 4190 2479 4246 hominum
2525 4192 2698 4262 (Sap.,
2745 4207 2856 4259 xw,
2903 4197 2956 4260 7,
2988 4191 3062 4264 8).
3096 4211 3122 4243 ι)
3147 4192 3425 4263 Superius
3466 4191 3536 4246 ad
3577 4199 3776 4244 crucem

2180 4283 2405 4339 Domini
2449 4284 2672 4352 retulit,
2720 4285 3004 4356 posterius
3057 4285 3130 4340 ad
3178 4301 3440 4342 errorem
3469 4281 3776 4356 gentilium,

2178 4378 2274 4448 qui
2315 4377 2474 4448 ligna
2504 4381 2863 4433 venerantur.
2907 4379 3128 4434 iustitia
3167 4383 3363 4435 autem
3405 4394 3532 4450 quae
3562 4378 3641 4431 est
3668 4388 3774 4428 cru-

2177 4585 2300 4621 rum
2347 4572 2592 4646 picturas
2643 4571 2886 4646 in__locis
2927 4571 3024 4646 ubi
3068 4576 3480 4646 consecrantur_
3508 4568 3778 4646 imperato:

2177 4655 2299 4692 rum
2348 4633 2655 4706 imagines,
2713 4642 2880 4693 liceat
2947 4643 3208 4693 adnotare
3264 4657 3280 4692 :
3333 4641 3485 4706 quod
3554 4633 3781 4689 nonnihil

2179 4713 2368 4764 Ambr.
2401 4713 2588 4762 locum
2619 4712 2874 4762 illustrat.

2236 4782 2332 4844 (66)
2366 4782 2446 4831 Ita
2489 4795 2618 4832 mss.
2661 4782 2808 4832 Edit.
2850 4796 3062 4842 vero...,
3101 4784 3262 4845 quasi
3299 4782 3548 4830 innocens
3583 4774 3778 4828 volebat.

2176 4851 2315 4902 velut
2365 4851 2654 4916 quodam...
2715 4854 2906 4904 mentis
2969 4855 3192 4904 intentae.
3250 4852 3536 4916 Cognosci,
3577 4853 3674 4900 etc.
3723 4846 3780 4894 At

2177 4925 2446 4988 potiorem
2515 4935 2638 4974 esse
2699 4927 2945 4996 nostram
3009 4937 3075 4996 ac
3141 4937 3270 4974 mss.
3339 4924 3629 4996 lectionem
3675 4927 3779 4996 'non

2178 4993 2528 5056 difﬁtebitur,
2573 4993 2670 5058 qui
2716 4993 2903 5046 locum
2945 4995 3112 5058 paulo
3157 4995 3474 5046 accuratius
3517 4993 3779 5042 examina-

2175 5066 2336 5115 verit.

2239 5135 2336 5196 (67)
2389 5134 2536 5184 Edit.
2583 5135 2738 5186 Rom.
2790 5136 2926 5196 sola,
2974 5135 3158 5187 Adhuc
3199 5136 3351 5187 homo
3396 5139 3530 5189 erat,
3565 5139 3778 5196 processu

2176 5206 2224 5255 ei
2268 5205 2570 5262 debebatur,
2614 5211 2670 5255 ut
2718 5207 2776 5256 in
2830 5207 2983 5257 deum
3033 5207 3194 5270 fieret,
3238 5213 3285 5257 et
3327 5207 3446 5257 ideo
3491 5205 3676 5270 dictum
3717 5200 3780 5248 est

2177 5278 2225 5326 ei
2249 5291 2266 5324 :
2297 5277 2447 5327 Solve
2484 5277 2914 5327 calceamentum.
2963 5269 3040 5328 De
3066 5279 3278 5328 homine
3318 5278 3474 5335 dixit,
3514 5280 3614 5325 etc.
3654 5269 3778 5345 Ruf-

2176 5362 2274 5398 sus
2321 5350 2514 5424 paucis
2557 5349 3106 5424 interjectis,qeadern
3135 5351 3322 5424 getiam
3375 5349 3510 5407 δοιε,
3545 5350 3606 5424 ἀι
3634 5344 3779 5424 terna

2175 5425 2224 5470 te
2273 5420 2464 5484 offeras
2511 5433 2689 5470 coram
2748 5421 2992 5472 Domino.
3043 5422 3154 5473 Sed
3201 5423 3493 5484 utriusque
3545 5417 3778 5467 lectionis

2178 5505 2327 5542 unus
2351 5496 2434 5542 est
2461 5504 2679 5542 sensus.

2241 5564 2340 5622 (66)
2392 5562 2548 5612 Rom.
2594 5563 2747 5624 edit.,
2798 5575 2895 5626 per
2943 5563 3090 5628 quod
3132 5565 3186 5628 ﬁt
3223 5561 3460 5626 justitia.
3510 5558 3592 5610 Ex
3643 5549 3775 5628 LXX

2177 5633 2461 5694 nimirum,
2499 5633 2645 5698 apud
2685 5647 2829 5698 quos
2871 5627 3042 5698 legas,
3082 5627 3153 5684 δι’
3188 5634 3242 5685 οὗ
3286 5633 3461 5695 γίνεται
3502 5627 3773 5679 ornandam.

2177 5703 2287 5758 Sed
2312 5719 2343 5756 a
2367 5719 2498 5756 mss.
2530 5707 2794 5758 omnibus
2822 5709 2877 5758 et
2903 5710 3015 5757 ant.
3057 5709 3186 5760 edit.
3215 5719 3344 5759 cum
3389 5706 3528 5756 inter
3563 5714 3619 5752 se
3651 5707 3774 5748 oon-

2173 5777 2440 5841 sentlunt,
2470 5790 2614 5842 aegre
2642 5776 2977 5830 divellimur.
