4082 6186
336 265 464 316 I373

1465 267 1816 322 EXPOSITIO
1859 267 1927 322 IN
1967 268 2276 324 PSALMUM
2315 269 2539 325 CXVIII.

3543 274 3674 328 1374

325 390 420 454 eis,
451 389 560 443 nisi
594 391 744 460 quod
785 391 1097 447 ascendens
1133 391 1273 448 illud
1315 394 1633 464 patibulum
1675 396 1951 450 Dominus
1973 396 2198 480 Afavet
2245 395 2343 467 qui
2391 395 2630 466 probare
2681 411 2794 449 non
2839 395 3036 465 possit,
3081 396 3302 450 addicat
3349 398 3671 454 innoxium.

318 483 478 536 Iesus
529 483 804 551 Christus,
862 491 1214 556 peccatorum
1269 491 1594 542 nostrorum
1649 489 1947 560 chirogra-

318 574 502 644 phum
532 578 823 645 crucilixit,
848 585 906 634 et
929 579 1099 634 totius
1125 580 1278 634 orbis
1303 584 1599 651 peccatum
1626 599 1729 636 suo
1751 598 1950 638 cruore

316 669 662 724 mundavit‘?
712 671 770 725 In
825 687 941 742 quo
989 688 1128 743 ergo
1162 673 1351 742 justus
1398 676 1565 742 Deus,
1618 675 1725 730 nisi
1776 675 1835 729 in
1881 691 1950 730 eo

313 763 452 831 quia
503 764 661 817 scivit
707 765 861 835 quod
914 764 985 819 de
1038 765 1176 820 limo
1229 771 1398 822 terrae
1445 767 1746 823 hominem
1797 768 1946 840 ﬁgu-

308 855 488 921 ravit,
537 872 667 926 quas
715 864 867 912 terra
916 857 1111 930 utique
1157 861 1495 931 corruptelae
1549 861 1793 916 obnoxia
1841 867 1945 931 est,

306 965 378 1002 ac
429 949 568 1004 vitio
622 951 856 1006 lubricae
905 953 1229 1024 passionis?
1291 955 1595 1025 Propterea
1647 971 1784 1026 ergo
1839 957 1945 1010 Do-

305 1042 530 1109 minus,
589 1045 685 1114 qui
739 1046 1053 1101 secundum
1104 1047 1358 1102 animam
1407 1052 1463 1102 te
1511 1049 1580 1103 ad
1635 1048 1947 1121 imaginem

305 1141 373 1189 et
416 1137 856 1194 similitudinem
900 1139 985 1194 sui
1031 1140 1182 1207 fecit,
1228 1140 1335 1196 hoc
1378 1146 1480 1208 est,
1527 1141 1944 1210 rationabilem,

292 1229 554 1298 justum,
583 1231 851 1302 pudicum
891 1232 975 1303 (in
1004 1249 1071 1288 eo
1101 1233 1256 1289 enim
1287 1235 1358 1289 ad
1394 1234 1709 1305 imaginem
1736 1236 1834 1291 Dei
1865 1253 1943 1306 es,

303 1322 358 1376 si
403 1323 484 1376 sis
513 1323 724 1394 justus,
769 1330 836 1380 ut
877 1325 951 1382 sis
997 1325 1188 1398 imago
1225 1327 1505 1398 justitiac:
1543 1329 1590 1382 si
1631 1328 1705 1383 sis
1741 1335 1944 1398 castus,

306 1422 375 1470 ut
407 1415 761 1472 immaculati
793 1418 852 1474 in
887 1423 943 1476 te
971 1420 1157 1491 ﬁgura
1195 1421 1550 1492 prmfulgeat)
1592 1423 1775 1477 sciens
1806 1439 1945 1494 ergo

305 1509 633 1564 secundum
671 1513 928 1584 corporis
977 1513 1337 1585 fragilitatem
1376 1515 1713 1588 corruptelae
1751 1520 1944 1587 patere

305 1602 631 1671 hominem,
674 1605 833 1675 quasi
875 1607 1064 1678 justus
1113 1607 1297 1679 fragili
1342 1608 1688 1680 lubricaequc
1725 1613 1946 1665 naturae

307 1695 523 1750 delicta
548 1698 849 1753 concessit.

379 1791 474 1844 24.
517 1795 593 1846 Ac
635 1808 707 1846 ne
748 1792 896 1847 forte
939 1793 1086 1848 dicat
1126 1793 1328 1866 aliquis
1371 1811 1385 1848 :
1423 1798 1534 1852 Cur
1577 1811 1716 1866 ergo
1763 1775 2022 1851 AdamB

312 1883 618 1938 maledicto
654 1886 1060 1958 sententiaeque
1099 1887 1416 1958 subjacuit?
1446 1889 1732 1960 Numquid
1762 1890 1943 1960 injus-

310 1981 398 2029 tus
429 1978 614 2031 Deus?
639 1979 758 2032 Non
795 1980 1011 2050 utique.
1040 1980 1153 2034 Sed
1188 1981 1321 2051 quia
1350 1981 1509 2050 quasi
1551 1982 1734 2052 fragili
1771 1988 1944 2053 atque

310 2069 544 2123 inﬁrmo
604 2071 738 2141 quid
807 2076 1035 2127 caveret
1084 2078 1216 2128 ante
1269 2074 1610 2146 praescripsit
1664 2075 1945 2145 (inﬁrmus

307 2163 462 2216 enim
527 2180 648 2218 non
714 2180 993 2236 usurpare
1056 2166 1256 2234 debet,
1315 2167 1411 2222 sed
1479 2167 1712 2222 obedire
1776 2185 1941 2224 man-

304 2255 501 2326 datis),
567 2257 694 2311 ideo
759 2259 1230 2328 praevaricationis
1280 2259 1464 2331 magis
1511 2276 1675 2315 reum
1727 2262 1939 2330 tenuit,

301 2365 474 2420 quam
540 2349 654 2422 (69)
716 2351 1062 2423 prolapsioni
1126 2352 1358 2408 addixit.
1422 2355 1483 2410 ln
1549 2353 1710 2408 illum
1767 2353 1944 2425 igitur

292 2444 445 2510 justa
492 2444 818 2498 severitatis
870 2445 1141 2516 processit
1194 2446 1471 2501 sententia
1517 2463 1531 2500 :
1582 2447 1744 2518 quasi
1796 2448 1940 2502 scire

301 2537 495 2603 voluit,
549 2536 706 2607 quod
752 2538 896 2592 scire
941 2555 1059 2594 non
1109 2539 1346 2610 profuit.
1389 2540 1560 2594 Nobis
1604 2545 1798 2595 autem
1844 2541 1942 2612 qui

308 2629 670 2684 hereditario
718 2630 945 2686 vinculo
997 2635 1260 2688 tenemur
1301 2633 1535 2702 astricti,
1583 2633 1679 2705 qui
1726 2634 1786 2688 in
1836 2635 1943 2689 hac

315 2739 468 2776 carne
531 2739 774 2791 sumus,
833 2741 962 2796 quae
1025 2725 1276 2796 priorum
1338 2725 1672 2797 prtejudicio
1735 2727 1943 2782 detrita

313 2814 566 2888 1065
611 2817 738 2887 jam
790 2822 958 2889 atque
1009 2818 1320 2874 assuefacta
1374 2820 1619 2890 peccatis
1668 2835 1786 2875 non
1835 2837 1938 2892 po-

304 2916 443 2964 terat
489 2926 822 2980 emergere,
865 2911 1024 2983 quasi
1059 2912 1247 2983 justus
1290 2912 1548 2980 indulsit;
1584 2913 1738 2984 juste
1785 2913 1940 2968 enim

297 3003 528 3073 ignovit
585 3003 824 3073 heredi,
875 3005 973 3076 qui
1027 3005 1358 3076 praajudicio
1410 3006 1694 3062 laborabat
1743 3012 1938 3062 aucto-

301 3113 393 3150 l'lS.

368 3193 461 3244 25.
508 3191 608 3244 Est
651 3205 787 3261 ergo
825 3191 982 3261 justa
1028 3191 1442 3260 misericordia,
1487 3193 1584 3248 sed
1635 3199 1717 3248 est
1766 3195 1937 3250 etiam

300 3283 522 3352 injusta.
551 3283 939 3338 misericordia
966 3285 1073 3353 (23,
1102 3290 1300 3356 quaest.
1329 3286 1383 3347 4.
1411 3301 1537 3356 cap.
1566 3289 1662 3342 Est
1685 3289 1936 3359 injuste).

300 3377 567 3446 Denique
615 3376 674 3430 in
721 3377 846 3447 lege
895 3377 1168 3448 scriptum
1216 3381 1303 3432 est
1349 3378 1420 3433 de
1467 3379 1712 3450 quodam
1760 3381 1875 3451 (70)
1920 3397 1934 3436 :

304 3490 332 3514 η
375 3470 502 3522 Non
545 3468 903 3524 misereberis
945 3470 1097 3525 illius
1135 3471 1339 3543 (Deut.,
1383 3488 1495 3538 χιχ,
1544 3471 1654 3544 l3).
1694 3492 1722 3525 »
1769 3475 1836 3528 Et
1878 3473 1937 3528 in

303 3561 466 3616 libris
513 3563 736 3633 Regum
781 3563 927 3634 legis
971 3563 1103 3634 quia
1147 3564 1278 3619 Saul
1318 3567 1623 3636 propterea
1661 3566 1940 3621 contraxit

303 3656 614 3723 offensam,
653 3656 791 3727 quia
819 3657 1120 3711 miseratus
1155 3662 1241 3712 est
1271 3661 1433 3728 Agag
1460 3657 1713 3713 hostium
1741 3675 1936 3730 regem

300 3749 344 3814 (Ι
375 3751 538 3816 Περ..
570 3764 662 3816 xv,
696 3748 769 3819 9),
801 3765 971 3820 quem
1009 3750 1378 3820 prohibuerat
1423 3752 1707 3806 sententia
1751 3752 1938 3808 divina

302 3843 523 3896 servari
561 3841 746 3911 (lbid.,
795 3844 870 3912 3).
914 3844 984 3898 Ut
1019 3843 1065 3897 si
1107 3843 1234 3914 quis
1279 3843 1516 3898 latronis
1558 3844 1688 3899 ﬁliis
1731 3845 1934 3916 depre-

301 3933 568 3989 cantibus
604 3939 810 4003 motus,
842 3942 900 3991 et
933 3935 1193 4007 lacrymis
1221 3936 1483 4009 conjugis
1520 3937 1640 4008 ejus
1673 3937 1935 4006 inflexus,

299 4027 714 4083 absolvendum
764 4031 944 4099 putet,
992 4030 1085 4084 cui
1131 4029 1314 4084 adhuc
1360 4031 1732 4086 latrocinandi
1783 4031 1934 4102 aspi-

300 4125 394 4175 ret
440 4121 706 4189 affectus,
748 4138 940 4177 nonne
984 4122 1318 4178 innocentes
1360 4124 1550 4179 tradet
1595 4123 1791 4192 exitio,
1839 4125 1936 4197 qui

301 4214 627 4269 multorum
666 4215 873 4271 liberat
909 4215 1084 4271 exitia
1117 4215 1501 4287 cogitantem?
1529 4220 1694 4274 Certe
1725 4217 1771 4272 si
1812 4219 1932 4289 gla-

300 4308 471 4362 dium
525 4307 800 4378 reprimit,
851 4307 1071 4363 vincula
1120 4309 1395 4377 dissolvit,
1438 4326 1540 4365 cur
1588 4309 1742 4365 laxat
1787 4312 1932 4366 exsi-

299 4401 383 4455 lio
424 4399 581 4470 (7|)?
610 4403 723 4456 Cur
760 4401 1141 4457 latrocinandi
1180 4419 1296 4474 qua
1336 4405 1529 4474 potest
1567 4403 1934 4460 clementiore

1961 3131 2016 3206 C

2050 489 2170 544 Non
2199 492 2383 560 potest
2408 488 2584 560 igitur
2614 489 2737 543 haec
2769 489 2878 543 dici
2905 488 3060 558 juste
3086 488 3491 545 misericordia.

2120 585 2208 637 26.
2237 585 2299 638 In
2328 582 2449 654 ipsa
2481 581 2747 650 Ecclesia,
2781 581 2874 636 ubi
2911 582 3162 636 maxime
3198 582 3450 637 misereri
3487 584 3668 653 decet,

2049 675 2228 730 teneri
2258 691 2431 747 quam
2457 675 2703 730 maxime
2733 675 2905 729 debet
2940 675 3130 730 forma
3158 675 3420 746 justitiae,
3445 692 3518 730 ne
3546 677 3672 748 quis

2049 785 2084 824 a
2129 769 2551 824 communionis
2595 768 2883 824 consortio
2927 769 3234 837 abstentus,
3283 767 3439 823 brevi
3491 770 3670 840 lacry-

2051 863 2220 932 mula,
2254 867 2427 933 atque
2467 862 2538 916 ad
2577 867 2802 934 tempus
2843 866 3056 933 parata,
3097 863 3182 917 vel
3226 862 3400 916 etiam
3443 862 3670 917 uberio-

2049 956 2202 1012 ribus
2226 955 2452 1010 ﬂetibus
2485 954 2954 1010 communionem
2993 971 3164 1026 quam
3204 955 3466 1026 plurimis
3503 955 3673 1010 debet

2047 1049 2330 1120 postulem
2386 1048 2754 1119 temporibus,
2806 1047 3076 1103 facilitate
3129 1047 3435 1102 sacerdotis
3484 1051 3667 1102 extor-

2047 1145 2238 1213 queat.
2268 1143 2468 1196 Nonne
2503 1157 2633 1194 cum
2671 1141 2771 1194 uni
2808 1140 3070 1212 indulget
3101 1140 3362 1213 indigno,
3395 1140 3671 1212 plurimos

2046 1234 2186 1290 facit
2231 1235 2302 1289 ad
2346 1234 2720 1306 prolapsionis
2762 1234 3095 1306 contagium
3135 1233 3472 1306 provocari?
3510 1234 3667 1290 Faci-

2046 1328 2176 1383 litas
2217 1328 2370 1383 enim
2412 1327 2593 1383 veniae
2637 1327 2988 1384 incentivum
3031 1327 3230 1382 tribuit
3276 1327 3666 1398 delinquendi.

2044 1423 2158 1477 Hoc
2194 1438 2261 1476 eo
2302 1421 2518 1476 dictum
2557 1426 2660 1490 est,
2701 1427 2762 1475 ut
2800 1421 3044 1475 sciamus
3081 1421 3394 1476 secundum
3431 1420 3669 1477 verbum

2045 1515 2167 1584 Dei,
2198 1515 2512 1570 secundum
2541 1514 2847 1580 rationem,
2880 1513 3320 1585 dispensandam
3347 1530 3467 1570 esse
3495 1514 3664 1569 mise-

2045 1607 2347 1664 ricordiam
2404 1607 2772 1663 debitoribus.
2823 1606 3064 1662 Medicus
3126 1607 3245 1678 ipse
3298 1607 3346 1660 si
3393 1606 3669 1678 serpentis

2045 1701 2285 1756 interius
2331 1700 2585 1756 inveniat
2622 1699 2871 1755 vulneris
2913 1699 3252 1769 cicatricem,
3289 1717 3421 1754 cum
3461 1699 3668 1754 debeat

2045 1809 2297 1849 resecare
2347 1793 2551 1848 ulceris
2600 1793 2823 1861 vitium,
2871 1809 2942 1847 ne
2994 1793 3160 1847 latius
3207 1798 3428 1864 serpat,
3475 1796 3666 1846 tamen

2045 1904 2080 1941 a
2131 1887 2356 1942 secandi
2412 1887 2727 1958 urendique
2776 1885 3062 1957 proposito
3113 1885 3375 1956 lacrymis
3427 1885 3670 1940 inﬂexus

2046 1980 2262 2050 aegroti,
2312 1979 2742 2034 medicamentis
2790 1983 2948 2050 tegat
2997 1979 3151 2050 quod
3204 1979 3356 2034 ferro
3405 1978 3665 2050 aperien-

2045 2073 2182 2128 dum
2222 2073 2332 2128 fuit
2369 2089 2383 2127 :
2426 2088 2617 2127 nonne
2657 2073 2762 2126 ista
2803 2072 3021 2126 inutilis
3057 2072 3444 2127 misericordia
3484 2076 3588 2140 est,
3621 2072 3667 2125 si

2042 2171 2278 2238 propter
2320 2165 2550 2222 brevem
2596 2166 2886 2220 incisionis
2925 2166 3014 2220 vel
3058 2165 3367 2222 exustionis
3412 2166 3666 2220 dolorem

2043 2275 2249 2331 corpus
2285 2275 2456 2314 omne
2505 2259 2772 2326 tabescat,
2813 2259 2944 2313 vita:
2985 2275 3120 2314 usus
3167 2258 3454 2313 intereat?
3493 2260 3668 2314 Recte

2045 2354 2221 2425 igitur
2259 2357 2315 2409 et
2354 2353 2617 2408 sacerdos
2659 2353 2863 2406 vulnus
2904 2368 3093 2423 grave,
3133 2369 3205 2406 ne
3245 2353 3412 2406 latius
3456 2355 3666 2423 serpat,

2044 2465 2078 2502 a
2101 2453 2222 2503 toto
2247 2463 2484 2519 corpore
2519 2446 2782 2500 Ecclesiae
2812 2445 2972 2517 quasi
3001 2445 3183 2500 bonus
3215 2445 3467 2501 medicus
3497 2445 3669 2499 debet

2043 2540 2395 2610 abscindere,
2426 2542 2484 2595 et
2512 2540 2748 2610 prodere
2776 2539 2931 2592 virus
2967 2537 3220 2592 criminis
3251 2538 3401 2608 quod
3435 2537 3666 2605 latebat,

2043 2651 2158 2689 non
2216 2633 2441 2700 fovere;
2499 2649 2569 2687 ne
2630 2633 2767 2686 dum
2828 2648 3009 2685 unum
3073 2630 3486 2686 excludendum
3549 2645 3667 2684 non

2042 2729 2221 2798 putat,
2251 2727 2439 2797 plures
2462 2725 2629 2780 faciat
2664 2724 2870 2795 dignos
2896 2740 3034 2795 quos
3073 2723 3330 2778 excludat
3367 2723 3438 2777 ab
3477 2723 3664 2778 Eccle-

2043 2819 2146 2875 sia.

2111 2917 2198 2969 27.
2254 2914 2387 2968 Jure
2452 2927 2590 2983 ergo
2649 2911 2946 2983 Apostolus
3001 2909 3193 2965 divino
3249 2925 3353 2964 nos
3406 2909 3667 2964 hortatur

2042 3007 2301 3078 exemplo
2339 3005 2531 3060 dicens
2562 3023 2573 3059 :
2608 3027 2635 3055 «
2668 3003 2804 3058 Vide
2842 3019 2980 3074 ergo
3016 3002 3330 3057 bonitatem
3371 3005 3428 3057 et
3456 3002 3663 3057 severi-

2043 3104 2219 3155 tatem
2257 3099 2354 3154 Dei
2399 3115 2414 3153 :
2453 3099 2511 3153 in
2551 3114 2646 3154 eos
2682 3097 2912 3169 quidem
2953 3097 3051 3168 qui
3085 3095 3434 3162 ceciderunt,
3467 3095 3666 3150 severi-

2040 3197 2248 3259 tatem;
2293 3193 2350 3246 iu
2394 3195 2450 3246 te
2496 3194 2691 3246 autem
2729 3190 3062 3258 bonitatem,
3107 3189 3150 3244 si
3190 3187 3568 3261 permanseris
3606 3188 3665 3241 in

2038 3286 2294 3342 bonitate
2349 3287 2544 3357 (Rom,
2593 3301 2668 3352 ιι,
2724 3284 2844 3355 22);
2897 3305 2924 3332 n
2978 3281 3286 3338 ostendens
3338 3281 3666 3337 Judaaorum

2038 3380 2314 3452 populum
2347 3379 2477 3449 jure
2518 3395 2640 3432 esse
2677 3394 2711 3432 a
2739 3393 2980 3448 corpore
3024 3375 3278 3431 Ecclesiae
3319 3381 3663 3447 separatum,

2039 3490 2112 3528 ne
2154 3472 2407 3545 perﬁdia:
2446 3471 2601 3526 virus
2639 3470 3053 3525 contaminaret
3091 3468 3393 3525 Ecclesiam
3429 3485 3442 3523 :
3483 3485 3662 3539 popu-

2037 3567 2157 3622 lum
2205 3572 2398 3621 autem
2452 3564 2708 3636 gentium
2761 3563 3016 3618 bonitate
3069 3561 3292 3617 Domini
3346 3565 3664 3633 receptum,

2039 3664 2096 3716 et
2143 3658 2482 3715 obedientiae
2535 3672 2778 3711 munere
2827 3654 3078 3727 gloriari.
3126 3657 3258 3711 Jure
3308 3656 3482 3728 igitur
3530 3657 3664 3710 huic

2040 3753 2234 3808 divina
2299 3751 2525 3807 bonitas
2587 3750 2964 3821 suffragatur,
3024 3749 3283 3820 quandiu
3343 3749 3404 3802 in
3469 3749 3664 3803 divina

2038 3847 2287 3902 bonitate
2327 3846 2682 3916 permaneat.
2715 3843 2770 3899 Si
2809 3858 2940 3896 vero
2983 3845 3040 3896 et
3075 3842 3192 3912 ipse
3234 3841 3524 3907 desciscat,
3558 3857 3663 3911 pro

2037 3938 2296 3995 criminis
2345 3937 2427 3992 sui
2479 3936 2752 4008 qualitate
2798 3933 3176 3990 damnabitur.
3227 3931 3484 4005 1066
3539 3932 3664 3996 Qua

2039 4031 2224 4105 gratia
2268 4031 2538 4086 Dominus
2587 4035 2641 4084 et
2690 4031 2785 4083 lux
2827 4034 2884 4083 et
2931 4028 3082 4099 ignis
3133 4043 3254 4082 esse
3300 4025 3660 4092 describitur,

2039 4128 2100 4180 ut
2137 4125 2194 4179 in
2236 4123 2486 4179 tenebris
2529 4121 2844 4177 ambulanti
2890 4121 3075 4175 luceat
3115 4119 3273 4192 quasi
3313 4119 3544 4189 lumen;
3588 4136 3662 4174 ne

2037 4218 2248 4274 diutius
2293 4217 2468 4289 possit
2514 4233 2725 4284 errare,
2770 4215 2868 4287 qui
2910 4214 3115 4286 quaerit
3160 4214 3396 4268 luminis
3439 4213 3658 4268 clarita-

2038 4317 2155 4366 tem
2202 4328 2215 4366 :
2263 4310 2315 4366 ei
2361 4315 2554 4366 autem
2607 4309 2705 4380 qni
2753 4309 2936 4362 multa
2981 4307 3152 4362 fuerit
3205 4311 3487 4378 operatus,
3536 4321 3664 4376 quae

2037 4421 2273 4459 manere
2331 4421 2446 4458 non
2495 4403 2758 4469 debeant,
2812 4401 2909 4455 sed
2953 4400 3175 4467 ardere,
3221 4399 3373 4470 ignis
3417 4402 3503 4452 est
3557 4400 3658 4452 Do-

301 4494 395 4548 via
438 4509 557 4548 non
603 4493 774 4565 eripit
814 4494 1158 4564 facultatem,
1203 4495 1302 4566 qui
1349 4496 1696 4551 voluntatem
1745 4491 2261 4564 extor-Dminus;
2301 4504 2365 4551 ut
2405 4497 2593 4567 operis
2635 4493 2811 4549 nostri
2853 4493 3053 4549 fenum
3094 4493 3479 4563 stipulamque
3522 4509 3660 4547 con-

300 4603 484 4658 quere
540 4603 654 4640 non
706 4587 932 4657 potuit?
985 4587 1197 4642 Deinde
1247 4588 1398 4643 inter
1456 4589 1633 4656 duos,
1684 4589 1790 4645 hoc
1854 4596 1938 4645 est

299 4684 691 4735 accusatorem
727 4684 785 4735 et
821 4695 1006 4748 reum,
1036 4681 1158 4751 pari
1199 4681 1451 4752 periculo
1491 4683 1562 4736 de
1609 4683 1788 4754 capite
1820 4683 1934 4754 (72)

300 4775 695 4842 decernentes,
749 4774 997 4827 alterum
1046 4773 1092 4826 si
1146 4789 1265 4828 non
1319 4774 1633 4845 probasset,
1685 4777 1933 4830 alterum

299 4868 346 4920 si
405 4869 558 4922 esset
607 4866 676 4921 ab
731 4868 1057 4921 accusatore
1111 4867 1430 4937 convictus,
1485 4884 1599 4922 non
1662 4868 1719 4923 id
1782 4868 1935 4940 quod

291 4960 531 5028 justitiae
580 4964 683 5027 est,
722 4959 901 5030 judex
950 4965 1249 5030 sequatur;
1303 4960 1399 5016 sed
1449 4961 1585 5015 dum
1633 4960 1937 5017 miseretur

302 5054 419 5120 rei,
485 5053 723 5108 damnet
786 5051 1126 5123 probantem
1187 5068 1200 5107 :
1258 5057 1358 5108 aut
1420 5053 1557 5108 dum
1623 5056 1934 5111 accusatori

359 5239 458 5299 (69)
508 5235 651 5287 Edit.
697 5249 910 5298 omnes,
958 5239 1014 5287 et
1059 5249 1190 5287 mss.
1235 5237 1464 5301 aliquot,
1515 5238 1629 5288 ideo
1674 5241 1934 5303 praevari-

299 5311 524 5361 cationis
569 5323 718 5359 reum
762 5309 948 5368 tenuit,
985 5322 1157 5374 quem,
1198 5312 1304 5359 etc.
1348 5310 1547 5360 Melius
1586 5310 1697 5372 alii,
1743 5313 1841 5376 qui
1881 5315 1934 5362 et

300 5382 498 5445 majori
519 5393 774 5441 numero,
801 5383 865 5430 ut
888 5393 991 5430 nos
1020 5381 1076 5430 in
1107 5384 1267 5430 textu

360 5453 459 5514 (70)
485 5451 586 5502 Illo
611 5452 877 5502 nimirum
903 5451 1000 5516 qui
1025 5451 1340 5515 proximum
1369 5465 1536 5502 suum
1566 5465 1663 5516 per
1704 5451 1932 5502 insidias

299 5523 660 5574 interfecerit.

355 5597 457 5655 (71)
487 5593 632 5645 Edit.
660 5593 819 5644 Rom.
856 5606 925 5644 ex
967 5595 1080 5642 ant.
1121 5591 1251 5644 edit.
1293 5594 1561 5656 Gratiani,
1594 5594 1744 5646 laxat
1789 5594 1932 5646 exsi-

297 5667 444 5716 lium.
501 5667 645 5716 Alias
701 5677 898 5716 omnes
949 5678 1080 5714 cum
1130 5679 1262 5714 mss.
1321 5665 1464 5726 cod.,
1520 5665 1665 5716 laxat
1719 5665 1928 5716 exsilio.

295 5737 462 5787 Solus
513 5737 682 5797 Fisc.,
731 5735 880 5785 taxat
927 5737 1107 5786 exitio.
1159 5735 1258 5785 Est
1307 5739 1494 5786 autem
1548 5735 1697 5786 laxat
1742 5734 1932 5786 exsilio

294 5806 441 5858 idem
463 5821 530 5858 ac
557 5807 755 5857 liberat
781 5806 996 5870 exsilio,
1026 5819 1127 5858 seu
1150 5819 1264 5858 non
1286 5805 1512 5858 damnat
1539 5806 1754 5858 exsilio.

2038 4592 2247 4658 sumat,
2291 4595 2458 4660 atque
2506 4587 2629 4642 utili
2681 4602 2786 4640 nos
2834 4586 3000 4640 faciat
3053 4585 3234 4639 salvos
3291 4585 3660 4652 detrimento,

2038 4684 2179 4739 sicut
2229 4698 2433 4738 aurum
2483 4679 2631 4752 quod
2684 4679 2822 4734 dum
2877 4678 3230 4749 excoquitur,
3278 4680 3404 4749 plus
3457 4677 3659 4749 proba-

2037 4782 2148 4832 tur.

2105 4871 2193 4924 28.
2235 4870 2487 4923 Fortasse
2528 4867 2680 4922 dicat
2717 4866 2921 4936 aliquis
2957 4881 3068 4936 qua
3113 4865 3331 4918 ratione
3375 4862 3664 4934 scripserit

2034 4963 2314 5034 Propheta
2361 4977 2373 5015 :
2420 4961 2669 5016 Miserere
2715 4962 2819 5015 mei
2863 4959 3161 5015 secundum
3206 4958 3422 5012 verbum
3473 4957 3665 5009 tuum?

2036 5055 2283 5111 Verbum
2310 5053 2466 5109 enim
2501 5053 2594 5109 Dei
2617 5053 2837 5125 justitia
2867 5055 2969 5108 est.
3001 5051 3060 5108 Si
3088 5051 3268 5122 igitur
3291 5047 3514 5120 justitia
3544 5049 3660 5102 fre-

2097 5236 2195 5300 (72)
2237 5240 2315 5289 De
2363 5239 2551 5302 capite,
2593 5238 2702 5288 hoc
2750 5241 2855 5296 est,
2901 5235 2970 5286 de
3027 5235 3158 5295 vita,
3208 5232 3326 5282 sive
3374 5231 3444 5282 de
3495 5245 3661 5296 pmna

2035 5310 2250 5373 capitis.
2315 5309 2534 5373 Quippe
2603 5307 2877 5359 interdum
2951 5305 3028 5357 rei
3093 5308 3261 5368 atque
3324 5305 3663 5354 accusatoris

2033 5381 2346 5446 periculum
2399 5382 2473 5432 ita
2525 5380 2870 5445 mquabatur,
2921 5382 2984 5427 ut
3036 5390 3148 5450 non
3181 5377 3375 5450 solum
3426 5379 3664 5450 uterque

2033 5455 2344 5502 servaretur
2385 5453 2441 5500 in
2483 5450 2768 5508 custodia;
2812 5461 3005 5498 verum
3055 5446 3220 5497 etiam
3268 5447 3414 5497 idem
3455 5446 3666 5509 suppli-

2032 5525 2185 5574 cium
2232 5523 2382 5588 quod
2438 5523 2592 5572 alteri
2637 5520 2962 5579 debebatur,
3006 5519 3052 5568 si
3103 5519 3302 5569 fuisset
3352 5518 3661 5588 convictus,

2032 5595 2190 5645 alteri
2233 5587 2346 5645 non
2389 5593 2643 5657 probanti
2691 5593 2812 5654 lege
2860 5589 3082 5640 talionis
3126 5590 3474 5654 irrogaretur.
3521 5587 3657 5638 Cod.

2033 5664 2267 5729 Theod.,
2294 5665 2331 5715 1.
2358 5677 2440 5728 1x,
2471 5663 2548 5715 tit.
2577 5663 2641 5713 de
2676 5664 2877 5722 Aecus,
2917 5661 3024 5726 leg.
3065 5661 3141 5712 19.
3182 5661 3319 5710 Item
3359 5659 3530 5720 Grat.,
3567 5657 3662 5707 cit.

2032 5738 2172 5788 loco.
