3958 6166
434 270 567 322 1375

1893 269 1949 322 S.
1991 269 2305 325 AMBROSII

3627 283 3740 337 l376

429 397 518 446 tus
554 395 692 455 erat.
730 408 832 447 cur
868 391 1316 447 misericordiam
1359 395 1491 447 ante
1526 392 1797 464 praemisit
1834 410 1848 448 :
1881 397 1978 448 aut
2007 393 2054 447 si
2077 398 2366 480 Atractus
2401 394 2608 451 itinere
2647 395 3000 464 recedentes,
3033 396 3243 451 erroris
3282 397 3613 469 labyrinthos
3644 405 3742 459 fre-

428 485 881 540 miserieordiam
922 484 1270 557 requirebat,
1307 502 1408 540 cur
1446 503 1576 540 eam
1614 486 1685 541 ad
1729 503 2055 542 mensuram

420 579 660 650 justitiae
704 578 925 649 putavit
969 595 1090 634 esse
1135 580 1518 649 poscendam?
1559 580 1663 644 Qui
1709 580 1864 634 enim
1909 581 2057 635 bene

428 672 549 742 agit
589 675 647 726 et
688 671 835 726 bene
878 670 1031 740 vivit,
1073 688 1214 743 opus
1261 689 1376 727 non
1424 673 1597 727 habet
1638 673 2054 741 misericordia;

427 764 561 836 quia
610 763 999 820 misericordia
1039 781 1073 820 a
1111 770 1338 836 peccato
1381 765 1604 821 liberat.
1648 766 1898 837 Denique
1941 781 2056 820 non

429 856 720 927 divitibus,
749 873 866 912 non
897 857 1136 912 fortibus
1165 860 1223 912 et
1245 858 1514 914 felicitate
1544 858 1795 913 subnixis
1829 858 2054 914 miseri-

430 951 618 1006 cordia
657 951 903 1007 conferri
941 952 1229 1006 consuevit
1264 969 1297 1005 a
1335 952 1499 1007 nobis
1537 968 1550 1006 :
1590 952 1686 1006 sed
1735 950 2054 1022 egentibus,

429 1043 521 1098 vel
547 1043 848 1113 debilibus,
875 1044 963 1100 vel
989 1044 1057 1099 iis
1084 1044 1182 1116 qui
1209 1060 1278 1099 ex
1308 1043 1515 1099 divitiis
1539 1044 1600 1098 in
1634 1046 2054 1114 paupertatem,

428 1142 529 1191 aut
555 1137 959 1208 captivitatem,
997 1141 1097 1192 aut
1123 1137 1521 1193 necessitatem
1551 1136 1796 1208 aliquam
1830 1136 2053 1192 decide-

429 1235 580 1285 runt.
613 1231 764 1302 Ergo
792 1231 892 1303 qui
916 1234 1048 1302 eget
1071 1230 1483 1297 misericordia,
1507 1235 1765 1302 peccator
1797 1234 1884 1286 est
1911 1247 1925 1286 :
1957 1230 2054 1302 qui

428 1327 622 1378 autem
657 1329 922 1395 peccator
960 1340 1074 1380 non
1113 1327 1217 1393 est,
1252 1317 1452 1396 utique
1484 1323 1675 1394 justus
1705 1329 1811 1394 est,
1842 1327 1902 1380 et
1939 1340 2057 1380 non

431 1421 564 1488 eget
589 1416 980 1472 misericordia
1002 1417 1122 1472 Dei.

499 1512 590 1565 29.
623 1510 946 1566 Secundum
975 1509 1114 1582 quid
1152 1510 1330 1582 igitur
1359 1510 1771 1582 unusquisque,
1799 1511 1908 1566 hoc
1948 1515 2053 1579 est,

429 1601 746 1657 secundum
792 1619 967 1675 quem
1024 1605 1233 1658 statum
1288 1606 1456 1675 egeat
1504 1603 1912 1673 misericordia,
1961 1609 2059 1658 aut

2156 490 2399 558 quenter
2447 488 2778 553 incurrunt;
2832 490 3041 561 ut_eos
3091 487 3161 543 de
3224 489 3423 544 itinere
3482 492 3742 551 deﬂexisse

2157 581 2426 651 paeniteat
2475 600 2488 635 :
2545 586 2603 636 et
2653 582 2784 636 ideo
2833 585 2962 652 post
3013 581 3191 635 multa
3241 582 3489 638 laborum
3541 586 3742 658 dispen-

2157 674 2248 729 dia
2306 674 2380 728 ad
2439 674 2550 730 iter
2609 675 2764 746 quod
2817 674 3248 746 relinquerent,
3303 675 3488 732 redire
3533 685 3744 736 conten-

2159 765 2326 821 dunt.

2227 864 2314 917 32.
2355 861 2451 916 Hic
2490 877 2629 934 ergo
2669 878 2866 917 sensus
2905 877 3055 918 unus
3098 865 3204 929 est,
3234 861 3378 917 alius
3417 867 3596 919 autem
3629 867 3699 922 ita
3735 887 3746 924 :

2158 957 2402 1024 Cogitavi
2449 956 2567 1010 vias
2608 970 2773 1018 meas,
2823 971 2939 1010 non
2991 955 3332 1026 superiores,
3380 957 3475 1011 sed
3526 959 3751 1030 futuras;

2156 1053 2220 1103 ut
2255 1053 2388 1102 ante
2426 1063 2587 1102 meos
2615 1052 2773 1103 actus
2808 1047 3246 1119 cogitationibus
3275 1051 3661 1120 praevenirem,
3690 1072 3752 1108 ne

2155 1141 2471 1196 inconsulta
2514 1141 2845 1213 operatione
2891 1157 3245 1212 progressus,
3288 1141 3503 1214 aliquid
3545 1144 3602 1199 in
3637 1145 3754 1216 ipsis

2155 1233 2592 1305 cogitationibus
2645 1234 2760 1306 (73)
2809 1233 3131 1289 offensionis
3188 1233 3499 1290 inciderem
3550 1252 3563 1292 :
3608 1241 3669 1292 ut
3714 1240 3752 1292 si

2155 1342 2328 1398 agere
2357 1327 2572 1400 aliquid
2607 1328 2797 1396 velim,
2830 1330 2961 1383 ante
2991 1326 3237 1399 cogitem
3274 1330 3464 1384 utrum
3492 1330 3755 1401 agendum

2157 1420 2230 1475 sit
2263 1419 2405 1474 illud
2434 1420 2590 1492 quod
2630 1419 2912 1488 desidero,
2953 1425 3052 1476 aut
3089 1437 3202 1492 quo
3246 1421 3530 1493 agendum
3572 1423 3752 1493 modo;

2156 1511 2416 1569 similiter
2457 1512 2503 1568 si
2546 1514 2976 1586 alloquendum,
3021 1516 3215 1569 utrum
3256 1513 3466 1586 alloqui
3508 1515 3755 1585 debeam;

2159 1605 2365 1662 deinde
2405 1607 2651 1678 publice,
2683 1623 2758 1662 an
2797 1612 3010 1662 secreto
3048 1607 3226 1679 loqui,
3261 1607 3630 1678 praesentibus
3667 1609 3756 1663 ali-

422 1695 709 1765 justitiam
751 1695 982 1764 habeat,
1023 1696 1496 1752 considerandum
1538 1699 1642 1752 est.
1683 1697 1854 1753 Aliter
1899 1696 2120 1771 enim_
2159 1699 2396 1771 quibus,
2446 1705 2545 1756 aut
2595 1700 2801 1768 nullis;
2853 1700 3001 1755 sicut
3050 1700 3194 1755 illud
3257 1706 3376 1769 est,
3429 1706 3508 1763 ut-
3543 1702 3584 1754 si
3636 1702 3760 1756 velis

429 1795 560 1858 eget
595 1787 812 1858 justitia
852 1788 952 1844 Dei
991 1789 1246 1860 angelus,
1289 1789 1453 1844 aliter
1495 1789 1688 1845 homo.
1720 1789 1896 1846 Aliter
1923 1765 2393 1862 egethratrem
2437 1792 2745 1865 corripere,
2783 1765 2970 1865 primo
3012 1793 3163 1849 solus
3203 1765 3498 1866 corripias,
3536 1795 3760 1850 secundo

429 1881 828 1937 misericordia
895 1882 1305 1954 archangelus,
1369 1882 1533 1938 aliter
1593 1883 1789 1938 homo.
1851 1883 2056 1955 Angeli

430 1974 586 2029 enim
627 1979 837 2030 natura
885 1991 1005 2030 non
1052 1975 1247 2046 utique
1298 1974 1376 2029 ita
1425 1977 1762 2047 corruptelae
1812 1976 2058 2032 obnoxia

430 2072 534 2136 est,
579 2072 642 2122 ut
682 2072 884 2123 natura
925 2068 1150 2140 generis
1193 2069 1470 2138 humani;
1511 2074 1568 2124 et
1608 2069 1740 2124 ideo
1791 2068 1884 2126 ille
1926 2073 2059 2140 eget

429 2160 826 2216 misericordia
865 2161 985 2229 Dei,
1026 2177 1096 2217 ne
1137 2161 1312 2232 possit
1349 2177 1558 2231 errare,
1604 2167 1660 2216 et
1700 2178 1900 2218 aversa
1933 2178 1967 2217 a
1995 2178 2056 2217 se

431 2254 528 2308 Dei
581 2254 782 2325 gratia,
829 2254 1056 2310 labatur
1105 2255 1166 2311 in
1210 2254 1445 2325 vitium;
1492 2255 1663 2310 homo
1711 2260 1901 2311 autem
1953 2256 2057 2311 etsi

421 2347 549 2417 jam
598 2347 854 2402 ﬁrmiore
903 2347 1191 2419 proposito
1247 2351 1350 2417 est,
1399 2352 1592 2403 tamen
1641 2353 1876 2420 propter
1917 2365 2054 2404 con-

430 2443 735 2496 tractorum
783 2440 988 2496 seriem
1037 2444 1424 2513 peccatorum,
1467 2441 1912 2497 misericordiam
1959 2442 2058 2497 Dei

429 2533 652 2604 quaerit.
699 2536 896 2605 Itaque
939 2535 1043 2589 etsi
1091 2540 1330 2606 uterque
1378 2534 1773 2590 misericordia
1820 2535 1922 2590 Dei
1964 2535 2054 2590 in-

431 2626 623 2698 diget,
676 2627 843 2683 aliter
893 2631 1088 2683 tamen
1142 2629 1350 2700 angelo
1411 2627 1834 2696 misericordia,
1890 2629 2057 2684 aliter

430 2720 650 2774 homini
704 2721 943 2777 debetur
997 2736 1010 2776 :
1063 2721 1185 2776 leve
1245 2720 1402 2776 enim
1465 2721 1662 2777 vitium
1726 2722 1786 2776 in
1847 2721 2055 2794 angelo

421 2812 638 2884 judicio
681 2814 936 2884 graviore
980 2817 1260 2870 censetur.
1311 2817 1608 2870 Peccatum
1649 2830 1875 2887 quoque
1917 2815 2054 2871 ado-

427 2905 714 2962 lescentia:
777 2907 836 2962 in
897 2907 1170 2977 homine,
1225 2907 1451 2963 mitiore
1513 2908 1828 2977 sententia,
1882 2924 2057 2980 quam

428 3004 726 3071 peccatum
770 3000 1077 3055 senectutis
1121 3001 1479 3072 astringitur,
1522 3006 1578 3056 et
1623 3000 1787 3056 citius
1830 3001 2054 3056 relaxa-

431 3096 544 3148 tur.

499 3188 586 3240 30.
644 3185 923 3256 Propheta
985 3184 1163 3256 igitur
1223 3185 1284 3240 in
1348 3185 1456 3240 isto
1520 3185 1794 3241 versiculo
1855 3186 2055 3242 dividit

428 3295 650 3346 causas,
687 3283 750 3333 ut
787 3283 845 3333 et
883 3278 1335 3334 misericordiam
1379 3279 1543 3350 quasi
1579 3280 1752 3335 homo
1786 3280 2054 3351 postulet,

427 3371 562 3442 quia
607 3387 776 3427 nemo
819 3371 940 3426 sine
982 3372 1146 3427 sorde
1192 3371 1433 3444 peccati,
1473 3377 1530 3427 et
1568 3371 1846 3443 justitiam
1892 3375 2055 3444 quasi

425 3465 712 3536 Propheta
741 3465 1036 3536 deposcat;
1063 3466 1148 3520 vel
1185 3469 1358 3532 certe,
1385 3465 1660 3537 quoniam
1693 3465 1825 3521 licet
1853 3483 2053 3538 pecca-

427 3557 569 3614 verit
615 3558 756 3612 sicut
801 3558 998 3626 homo,
1044 3561 1101 3612 et
1146 3558 1307 3629 quasi
1357 3564 1619 3630 peccator
1666 3558 2058 3615 misericordia

428 3654 614 3723 egeat,
643 3656 834 3706 tamen
862 3651 1111 3708 correxit
1139 3667 1412 3720 errorem,
1438 3651 1831 3723 pmnitentiam
1860 3653 2054 3724 gessit,

427 3743 702 3799 abstinuit
731 3761 764 3799 a
802 3743 1142 3800 temulentia
1182 3744 1574 3816 delinquendi,
1606 3745 1911 3800 sobrietate
1939 3745 2053 3800 vir-

429 3837 585 3893 tutis.
617 3837 762 3894 Petit
799 3854 937 3910 ergo
976 3837 1258 3909 justitiam
1296 3838 1609 3894 secundum
1651 3838 1888 3893 verbum
1932 3838 2051 3906 Dei,

427 3929 560 4001 quia
607 3930 765 3986 verbi
815 3931 915 3985 Dei
965 3930 1248 3986 sententia
1296 3933 1397 3997 est,
1445 3935 1510 3986 ut
1558 3931 1847 3986 conversis
1896 3931 2054 3986 venia

425 4023 692 4090 donetur;
746 4023 792 4077 si
846 4029 1038 4078 tamen
1090 4023 1348 4094 legitime
1405 4027 1488 4078 est
1552 4022 1704 4078 facta
1765 4023 2052 4079 conversio

425 4114 662 4184 (Ezech.,
697 4131 848 4182 xvm,
881 4119 979 4182 2t;
1014 4131 1196 4183 xxxm,
1232 4116 1339 4186 l2).

497 4210 585 4263 31.
644 4208 817 4278 (Vers.
879 4207 992 4279 59.)
1050 4207 1295 4276 Cogitavi
1357 4211 1474 4263 vias
1535 4223 1708 4271 meas,
1769 4217 1819 4264 et
1881 4213 2058 4265 averti

423 4301 582 4371 pedes
636 4316 775 4356 meos
821 4302 880 4356 in
941 4302 1246 4356 testimonia
1296 4304 1413 4355 tua.
1465 4300 1731 4355 Dividuus
1784 4318 1982 4358 sensus
2036 4320 2049 4358 :

422 4397 521 4448 aut
581 4393 716 4465 quia
777 4394 896 4449 vias
961 4394 1278 4465 superiores
1342 4409 1501 4448 meas
1559 4393 1802 4465 cogitavi
1859 4396 2054 4466 plenas

2156 1886 2531 1958 prmsentibus
2583 1886 2806 1942 duobus
2852 1890 2951 1941 aut
2993 1887 3172 1942 tribus
3219 1887 3478 1957 testibus,
3523 1888 3677 1944 tertio
3721 1890 3759 1944 si

2156 1996 2273 2036 non
2327 1980 2592 2048 audierit,
2647 1995 2836 2035 coram
2889 1979 3150 2036 Ecclesia.
3201 1981 3396 2056 Itaque
3447 1981 3488 2036 si
3542 1987 3757 2051 praeter-

2155 2072 2328 2129 misso
2370 2072 2592 2144 ordine,
2623 2072 2762 2128 velis
2797 2089 2990 2128 coram
3040 2074 3286 2129 Ecclesia
3321 2074 3553 2129 fratrem
3593 2074 3756 2130 incre-

2157 2183 2314 2239 pare,
2357 2182 2533 2238 quam
2575 2171 2704 2222 ante
2747 2181 2981 2222 monere
3020 2167 3318 2236 debueras,
3365 2170 3613 2222 erratum
3652 2168 3760 2239 ipse

2155 2260 2470 2332 cognoscis.
2509 2259 2716 2316 Omnia
2754 2259 2932 2332 igitur
2966 2276 3096 2316 cum
3130 2260 3478 2332 cogitatione
3506 2260 3682 2329 facito,
3706 2264 3760 2314 ut

2154 2368 2270 2408 non
2324 2357 2382 2409 te
2444 2352 2717 2424 paeniteat
2775 2353 2962 2425 operis
3024 2353 3128 2408 tui.
3182 2355 3269 2408 An
3335 2369 3471 2410 vero
3531 2353 3578 2408 si
3630 2354 3761 2408 viam

2155 2446 2467 2518 ingressus,
2509 2462 2641 2501 cum
2681 2446 2908 2502 veneris
2946 2446 3017 2502 ad
3057 2447 3373 2519 compitum
3412 2447 3638 2520 aliquod
3673 2447 3761 2518 (ita

2156 2541 2311 2595 enim
2335 2539 2657 2611 appellatur
2678 2539 3055 2612 plurimarum
3083 2542 3240 2596 velut
3273 2540 3510 2612 quidam
3544 2556 3760 2596 concur-

2156 2649 2250 2688 sus
2293 2632 2535 2705 viarum)
2573 2633 2618 2688 si
2664 2633 2878 2689 nescias
2920 2634 3074 2706 quod
3122 2634 3230 2690 iter
3273 2633 3504 2706 ingredi
3549 2634 3760 2699 debeas;

2155 2731 2266 2782 stas
2304 2730 2499 2782 tamen
2540 2729 2598 2781 et
2641 2727 2860 2797 cogitas
2891 2727 3014 2798 ipse
3053 2732 3265 2794 tecum,
3306 2731 3501 2782 utrum
3541 2727 3762 2798 primam

2156 2835 2231 2874 an
2269 2819 2602 2887 secundam,
2643 2836 2717 2874 an
2766 2819 3014 2888 tertiam,
3057 2837 3130 2874 an
3174 2825 3459 2893 quartam,
3503 2821 3585 2876 vel
3631 2825 3764 2874 certe

2154 2911 2434 2984 quintam,
2481 2913 2527 2968 si
2573 2912 2654 2968 ita
2693 2917 2798 2981 est,
2843 2911 2989 2968 viam
3029 2913 3236 2986 eligas,
3284 2931 3460 2986 quam
3504 2912 3766 2985 sequaris;

2155 3021 2260 3061 nec
2317 3007 2482 3077 putas
2543 3005 2700 3077 prius
2753 3005 3124 3061 adoriendum
3176 3006 3308 3075 iter,
3364 3023 3533 3080 quam
3593 3006 3762 3061 animo

2155 3098 2462 3168 definieris,
2493 3101 2551 3154 et
2585 3098 2842 3170 pleniore
2878 3098 3087 3154 mentis
3126 3099 3447 3156 intentione
3486 3099 3762 3155 decideris.

2156 3192 2281 3248 Stas
2320 3191 2497 3264 igitur
2534 3191 2789 3263 cogitans
2818 3209 2944 3265 quae
2981 3193 3050 3248 sit
3090 3192 3208 3267 via,
3233 3209 3368 3265 quas
3402 3193 3461 3248 in
3504 3193 3762 3247 civitatem

2155 3285 2344 3355 ducat,
2373 3286 2444 3341 ad
2475 3301 2647 3356 quam
2676 3285 2778 3340 tibi
2807 3291 2976 3357 putas
3006 3302 3126 3341 esse
3152 3287 3539 3358 pergendum.
3563 3287 3765 3351 Quanto

2154 3377 2334 3450 igitur
2380 3377 2564 3449 magis
2615 3378 2812 3433 animo
2869 3378 3041 3434 debes
3087 3395 3150 3433 ac
3199 3385 3400 3435 mente
3454 3379 3762 3444 consistere,

2154 3471 2251 3543 qui
2307 3471 2376 3527 ad
2443 3487 2684 3542 regnum
2741 3471 2964 3527 caeleste
3023 3472 3360 3540 contendis,
3420 3477 3478 3527 et
3533 3471 3765 3542 cogitare

2154 3566 2365 3632 tecum,
2401 3564 2534 3636 quia
2573 3581 2690 3620 non
2728 3564 2911 3619 omnis
2946 3565 3036 3620 via
3077 3564 3174 3620 illo
3213 3565 3393 3634 ducit,
3437 3581 3554 3620 non
3595 3563 3764 3618 omnis

2153 3657 2245 3712 via
2290 3656 2384 3712 illo
2430 3656 2625 3728 dirigit
2671 3657 2741 3712 ad
2785 3658 3103 3713 Jerusalem
3149 3656 3309 3713 illam
3361 3675 3492 3730 qua:
3538 3659 3594 3713 in
3639 3655 3764 3712 ccelu

2158 3750 2272 3805 est!

2227 3845 2314 3899 33.
2365 3843 2512 3898 Sunt
2562 3843 2667 3898 vise
2722 3859 2849 3914 quae
2897 3843 3074 3898 malos
3131 3844 3318 3900 exitus
3367 3843 3599 3912 habent,
3643 3856 3766 3914 quas

2156 3935 2368 3991 diaboli
2395 3939 2755 3992 teutamenta
2779 3935 3090 4006 triverunt;
3113 3940 3170 3993 et
3196 3937 3328 3993 ideo
3357 3937 3545 3992 exitus
3569 3950 3763 4000 earum,

2154 4029 2338 4085 exitus
2373 4030 2576 4085 mortis
2601 4035 2754 4085 sunt.
2783 4031 2878 4085 Hae
2907 4046 3116 4102 nempe
3156 4035 3292 4086 sunt
3316 4031 3446 4099 viai,
3478 4030 3550 4085 de
3581 4027 3765 4100 quibus

2154 4122 2340 4195 legisti
2365 4123 2423 4178 in
2455 4121 2772 4177 Proverbiis
2801 4139 2814 4176 :
2853 4144 2880 4172 «
2907 4123 3048 4188 Quia
3074 4128 3204 4178 sunt
3231 4123 3339 4178 viae
3367 4140 3499 4195 quae
3526 4123 3767 4176 vident-ur

2154 4216 2272 4271 viro
2316 4220 2483 4272 recte:
2522 4231 2664 4283 esse,
2695 4216 2896 4270 ultima
2931 4221 3122 4272 autem
3165 4233 3365 4271 earum
3404 4215 3679 4288 aspiciunt
3716 4211 3762 4265 in

2153 4308 2504 4381 profundum
2541 4308 2751 4365 inferni
2777 4309 2977 4379 (Prov..
3006 4326 3118 4378 x1v,
3150 4310 3258 4380 l2).
3290 4332 3318 4360 ››
3349 4311 3450 4365 Est
3479 4312 3665 4365 autem
3690 4304 3766 4359 via

2154 4402 2450 4473 angustior
2486 4401 2599 4470 illa,
2640 4419 2768 4474 quae
2811 4401 2964 4457 ducit
3005 4403 3076 4458 ad
3117 4402 3212 4458 Dei
3255 4419 3506 4474 regnum
3543 4400 3763 4472 (Matth.

423 4488 614 4557 lapsus
643 4490 816 4559 atque
855 4487 1090 4558 peccati,
1120 4490 1177 4542 et
1219 4487 1348 4542 ideo
1386 4490 1452 4542 ut
1487 4486 1879 4543 remissionem
1921 4490 2208 4563 pec-Dv,
2254 4496 2362 4565 28).
2411 4494 2619 4550 Volens
2665 4494 2841 4566 igitur
2883 4509 3012 4549 eam
3059 4495 3289 4566 ingredi
3337 4496 3494 4551 viam
3541 4509 3662 4566 quae
3703 4489 3766 4544 ad

425 4582 684 4634 calorum
727 4579 939 4651 possim
980 4580 1209 4650 mereri,
1245 4597 1471 4635 morum
1510 4581 1900 4648 conversione,
1931 4585 2053 4636 stu-

425 4673 638 4744 dioque
673 4673 950 4728 virtutum
994 4689 1008 4728 :
1046 4674 1237 4730 Averti
1265 4673 1430 4744 pedes
1465 4690 1603 4730 meos
1645 4676 1704 4728 in
1749 4677 2056 4730 testimonia

425 4771 543 4829 tua,
579 4769 640 4821 ut
679 4783 796 4821 non
829 4766 954 4837 jam
999 4766 1143 4821 meis
1185 4767 1470 4837 gressibus
1514 4767 1716 4838 quibus
1756 4774 1887 4822 ante
1927 4783 2054 4823 sum

425 4860 630 4931 lapsus,
669 4859 766 4915 sed
806 4858 1261 4915 testimoniorum
1303 4865 1532 4915 tuorum
1590 4861 1888 4915 itineribus
1933 4877 2052 4916 am-

421 4951 708 5021 bularem,
763 4968 878 5024 quo
930 4957 1162 5007 tuorum
1217 4952 1432 5008 semitae
1495 4953 1904 5009 mandatorum
1959 4971 2054 5010 me

423 5059 612 5099 errare
664 5061 776 5099 non
835 5043 1086 5116 1067
1145 5045 1426 5112 sinerent,
1479 5061 1581 5100 nec
1633 5046 1938 5116 vestigium
1995 5047 2053 5101 in

425 5136 584 5190 devia
641 5145 693 5192 et
752 5143 1006 5193 tortuosa
1059 5138 1440 5193 deﬂecterem.
1499 5139 1849 5210 Frequenter
1901 5139 2054 5194 enim

422 5229 753 5298 ignorantes
783 5231 912 5299 iter,
941 5230 987 5285 si
1019 5233 1196 5285 strata
1230 5230 1452 5286 viarum
1489 5234 1824 5303 sequantur,
1857 5248 2051 5303 perve-

424 5321 590 5376 niunt
627 5338 741 5392 quo
779 5323 1110 5379 desiderant
1150 5324 1470 5394 pervenire,
1512 5327 1570 5378 et
1609 5330 1805 5380 carent
1847 5324 2055 5380 erroris

424 5413 706 5468 anfractu.
737 5415 832 5470 Sin
859 5421 1050 5471 autem
1089 5420 1368 5488 usurpent
1402 5417 1544 5472 scire
1583 5417 1738 5488 quod
1772 5417 2051 5488 nesciunt,

426 5511 485 5562 et
531 5510 733 5578 putent
778 5508 968 5580 aliqua
1017 5509 1308 5582 sequenda
1360 5510 1713 5582 compendia,
1762 5527 1796 5566 a
1842 5511 2052 5583 publici

488 5724 586 5788 (73)
613 5725 736 5776 Vet.
770 5724 902 5775 edit.
932 5739 998 5794 ac
1033 5738 1164 5776 mss.
1205 5729 1479 5791 nonnulli,
1512 5731 1569 5778 in
1603 5730 1732 5794 ipsis
1767 5730 2053 5781 coactioni-

424 5795 538 5847 bus.
569 5794 728 5846 Rom.
760 5805 791 5844 e
825 5793 1070 5858 margine
1106 5795 1275 5847 unius
1309 5798 1457 5862 Vat.,
1486 5800 1543 5850 in
1573 5793 1704 5866 ipsis
1738 5799 2052 5854 actionibus.

2157 4589 2336 4643 Deum
2391 4587 2549 4642 ducit
2599 4603 2716 4643 non
2765 4588 3209 4658 circumspicies,
3255 4605 3374 4643 non
3422 4592 3614 4642 tecum
3657 4585 3766 4654 ipse

2158 4681 2456 4750 tractabis,
2511 4697 2628 4736 non
2694 4680 3117 4747 considerabis;
3175 4697 3246 4736 ne
3312 4681 3485 4736 facile
3549 4675 3768 4749 capiaris

2157 4774 2394 4843 affectu,
2448 4773 2493 4828 si
2548 4773 2650 4828 vise
2702 4773 3003 4828 latitudine
3053 4777 3392 4844 provocatus
3446 4765 3768 4843 ingrediaris

2158 4866 2268 4923 iter
2318 4867 2472 4937 quod
2524 4866 2592 4921 ad
2640 4865 2864 4921 inferna
2906 4865 3165 4922 deducat.
3209 4867 3414 4938 Cogita
3455 4881 3590 4936 ergo
3629 4868 3764 4924 ante,

2157 4963 2328 5031 atque
2353 4958 2647 5031 perpende
2674 4957 2811 5029 quid
2841 4959 3034 5014 facias.

2228 5054 2319 5107 34.
2369 5073 2396 5101 υ
2446 5052 2554 5116 Qui
2598 5051 2823 5122 viderit,
2867 5051 3068 5123 inquit,
3115 5052 3421 5107 mulierem
3469 5051 3541 5106 ad
3582 5062 3764 5104 concu-

2154 5145 2489 5216 piscendum
2528 5162 2676 5214 eam,
2698 5145 2819 5216 jam
2856 5144 3192 5200 adulteravit
3222 5160 3350 5198 eam
3395 5145 3454 5198 in
3485 5142 3651 5198 corde
3680 5153 3765 5191 suo

2158 5239 2402 5305 (Matth.,
2436 5254 2490 5304 v,
2528 5239 2637 5309 28).
2677 5259 2705 5288 ››
2741 5237 2840 5292 Hic
2875 5237 3072 5309 utique
3102 5236 3436 5309 cogitaverit
3474 5238 3536 5290 ut
3572 5230 3766 5288 videret

2155 5331 2496 5398 mulierem,
2551 5334 2615 5384 ut
2673 5330 2893 5385 videret
2947 5331 3019 5384 ad
3076 5329 3629 5400 concupiscendum,
3678 5320 3764 5376 sed

2156 5423 2312 5478 mala
2350 5424 2473 5478 haec
2513 5423 2779 5495 cogitatio
2818 5423 3102 5495 relinquat
3137 5423 3255 5478 vias
3285 5439 3440 5477 suas.
3473 5421 3625 5475 Alius
3664 5430 3763 5470 non

2154 5515 2418 5586 cogitavit
2477 5515 2734 5588 quidem,
2785 5517 2884 5572 sed
2939 5516 3124 5572 subito
3179 5514 3421 5587 aspexit,
3478 5519 3535 5569 et
3585 5513 3761 5582 captus

2155 5729 2396 5794 Quidam
2449 5745 2606 5792 mea,
2651 5732 2708 5780 in
2751 5731 2880 5796 ipsis
2921 5731 3270 5786 concionibus.
3315 5730 3536 5796 Reliqui
3578 5733 3759 5789 magno.

2154 5814 2392 5856 numero
2414 5803 2707 5856 nobiscum
2737 5803 2965 5857 faciunt.
