4082 6186
325 204 437 256 1377

1416 195 1763 253 EXPOSITIO
1797 191 1863 250 IN
1903 193 2216 250 PSALMUM
2258 193 2475 249 CXVIII.

3501 199 3634 252 1378

315 333 401 396 est,
449 328 502 379 et
552 323 705 391 vidit,
755 324 814 377 et
869 291 1210 396 concupivit,
1262 325 1319 377 et
1367 323 1494 379 ideo
1547 324 1739 395 lapsus
1792 327 1894 377 est.
1922 317 2222 405 Atoribus
2285 319 2616 391 frequenter
2681 319 3003 388 obroditur,
3060 321 3270 392 cogitet
3321 321 3454 393 quia
3517 339 3630 377 non

313 419 444 484 Quod
483 418 525 471 si
566 417 825 489 fragilem
867 433 1029 472 suum
1071 416 1486 471 considerasset
1525 415 1812 484 affectum,
1845 419 1902 470 et

310 517 420 567 ante
461 511 749 578 timuisset,
787 525 861 566 ne
903 526 1032 565 cum
1073 510 1304 565 vidisset
1350 509 1669 577 mulierem,
1707 513 1899 564 mente

310 607 580 677 caperetur
604 608 663 659 et
686 603 900 672 animo,
932 603 1127 675 utique
1158 600 1415 676 1068
1442 619 1559 658 non
1586 601 1903 674 prospexis-

307 703 376 752 set
415 698 478 752 ad
529 698 855 768 mulierem,
906 713 980 752 ne
1029 697 1456 768 concupisceret
1501 712 1646 751 eam.
1697 695 1900 762 Videns

305 807 424 862 ergo
451 790 766 858 mulierem,
798 806 913 846 non
949 791 1156 846 direxit
1190 789 1398 862 pedem
1433 805 1601 844 suum
1641 789 1698 844 in
1739 787 1897 844 testi-

305 883 470 939 monia
503 882 750 952 Domini,
783 884 878 955 qui
920 883 966 938 si
1009 889 1139 940 ante
1177 884 1398 956 lapsum
1437 899 1602 938 suum
1645 881 1900 954 cogitare

303 979 584 1048 potuisset,
643 977 877 1033 forsitan
939 976 1256 1033 direxisset.
1306 976 1700 1049 Unusquisque
1764 990 1900 1047 ergo

303 1071 436 1143 prius
474 1071 590 1142 (74)
637 1071 849 1142 cogitet
893 1071 1176 1142 quomodo
1225 1069 1417 1127 videat
1466 1068 1791 1138 mulierem,
1838 1074 1900 1123 ut

303 1181 402 1218 non
459 1164 648 1219 videat
705 1165 776 1220 ad
832 1164 1348 1236 concupiscendum
1409 1180 1570 1229 eam,
1627 1168 1727 1220 aut
1783 1179 1899 1219 non

303 1257 531 1312 attendat
580 1259 641 1313 in
694 1274 840 1313 eam.
894 1258 955 1314 Si
1003 1264 1196 1314 autem
1245 1257 1444 1314 videns
1491 1260 1756 1329 repente,
1809 1258 1900 1313 vel

298 1351 431 1406 bona
462 1351 805 1422 cogitatione
833 1351 1125 1420 fundatus,
1157 1351 1371 1423 dirigat
1399 1351 1606 1423 pedem
1637 1366 1804 1407 suum
1826 1350 1900 1406 ad

299 1444 600 1499 testimonia
639 1445 889 1513 Domini,
927 1461 1001 1500 ne
1043 1446 1104 1500 in
1146 1445 1473 1518 captivitate
1515 1448 1894 1517 permaneat:

297 1539 472 1609 utique
513 1539 565 1592 ei
611 1537 829 1609 profuit
868 1538 1163 1610 cogitatio.
1201 1541 1493 1595 Postremo
1534 1555 1730 1594 amans
1770 1553 1895 1593 mu-

298 1631 493 1700 lierem,
543 1630 788 1704 diligens
833 1632 970 1703 (75),
1022 1635 1082 1687 et
1139 1632 1566 1704 concupiscens,
1614 1632 1900 1688 Christum

297 1725 603 1791 consideret,
635 1700 938 1796 judicium
959 1700 1104 1796 ejus,
1133 1700 1463 1782 testimonia
1499 1725 1623 1797 ejus
1659 1725 1728 1782 de
1757 1742 1900 1798 prae-
1919 1700 1976 1773 B

298 1818 404 1872 miis
436 1818 725 1886 castitatis,
757 1822 814 1874 et
847 1819 1132 1890 relinquat
1165 1819 1283 1874 vias
1321 1819 1813 1890 concupiscentiae,
1844 1821 1902 1875 et

299 1917 540 1982 sequatur
579 1912 702 1966 vias
750 1911 989 1981 Christi;
1036 1911 1272 1968 habebit
1319 1913 1554 1968 laudem
1603 1913 1662 1968 in
1708 1913 1810 1980 eis,
1855 1912 1898 1967 si

298 2005 687 2076 contemplatus
731 2006 1035 2061 Dominum
1079 2007 1295 2076 Jesum,
1340 2011 1670 2062 contemnat
1716 2007 1901 2061 carnis

298 2097 548 2167 ardorem,
569 2099 983 2170 ﬂammamque
1003 2099 1252 2154 libidinis
1277 2099 1438 2171 quasi
1461 2100 1716 2171 quodam
1741 2099 1899 2155 fonte

299 2191 602 2262 restinguat,
645 2192 849 2248 allidat
892 2195 1113 2249 teneras
1160 2195 1219 2248 et
1261 2192 1521 2249 infirmas
1563 2193 1900 2265 cupiditates

301 2284 354 2337 ad
381 2290 588 2355 petram
616 2285 848 2343 Christi.

356 2380 426 2432 35.
471 2379 700 2450 Cogitet
745 2395 884 2451 ergo
935 2379 1208 2451 primum,
1256 2383 1320 2435 ut
1365 2379 1567 2437 eadem
1617 2386 1899 2452 repetam,

306 2472 759 2540 quemadmodum
809 2472 1029 2543 videat,
1082 2473 1568 2545 quemadmodum
1616 2474 1896 2546 loquatur.

311 2565 420 2618 Bene
445 2565 723 2638 cogitavit
756 2565 858 2638 qui
892 2566 1036 2620 dixit
1071 2582 1084 2620 :
1126 2587 1153 2616 ‹‹
1188 2567 1364 2634 Pone,
1411 2566 1668 2636 Domine,
1710 2573 1898 2622 custo-

320 2655 427 2711 diam
455 2660 535 2713 ori
572 2675 720 2714 meo
759 2660 923 2727 (Paul.
963 2675 1081 2727 ch,
1109 2662 1197 2730 3);
1227 2681 1256 2710 ››
1284 2676 1355 2716 ne
1383 2659 1532 2716 forte
1569 2661 1707 2716 dum
1733 2656 1901 2716 mens

323 2749 579 2808 inﬂammat
617 2751 919 2822 ardorem,
961 2753 1160 2824 lingua
1197 2769 1461 2810 sermone
1508 2753 1758 2822 labatur,
1803 2759 1903 2810 aut

314 2843 616 2917 multiloquio
656 2846 888 2901 incauto
930 2846 1105 2902 etiam
1143 2847 1297 2920 quod
1341 2862 1504 2903 mens
1535 2864 1650 2903 non
1684 2848 1900 2920 cogita-

308 2936 376 3004 vit,
409 2935 665 2995 incurrat
707 2939 975 3011 loquendi
1021 2939 1289 2996 facilitate
1318 2957 1331 2996 :
1371 2941 1584 3013 cogitet
1619 2942 1898 3014 quemad-

1999 418 2085 468 est
2146 412 2454 484 discipulus
2517 429 2692 485 super
2752 413 3124 485 magistrum,
3183 430 3367 486 neque
3433 431 3628 470 servus

2000 521 2171 577 supra
2220 505 2541 561 dominum.
2594 506 2652 563 Si
2705 522 2876 578 supra
2922 507 3021 562 Dei
3073 506 3279 562 Filium
3326 509 3630 579 opprobria

2001 599 2466 670 exprobrantium
2495 600 2740 656 nefanda
2767 600 3113 669 ceciderunt,
3141 601 3626 672 quemadmodum

2001 708 2195 748 servus
2234 697 2520 750 exsortem
2559 710 2762 750 eorum
2801 710 3035 768 sperare
3074 709 3134 749 se
3178 693 3430 766 poterit?
3473 694 3627 752 Ideo-

2001 800 2112 856 que
2149 790 2409 842 mentem
2445 803 2607 842 suam
2649 803 2970 859 praeparare
3011 787 3209 855 debet,
3245 790 3310 842 ut
3350 803 3481 842 cum
3524 788 3633 843 ista

1998 879 2330 948 acciderint,
2371 879 2603 936 turbare
2632 897 2692 936 se
2733 897 2850 936 non
2892 886 3126 953 queant.
3171 882 3458 952 Prseparet
3505 880 3628 936 ani-

1999 988 2159 1028 mum
2202 976 2260 1028 et
2303 972 2675 1029 meditatione
2720 980 3044 1045 componat,
3089 979 3153 1029 ut
3200 973 3376 1044 possit
3418 973 3631 1043 dicere,

2000 1066 2047 1120 si
2089 1069 2282 1121 tamen
2331 1066 2546 1138 possit:
2579 1088 2606 1118 «
2639 1065 2772 1132 Quis
2808 1083 2914 1123 nos
2959 1066 3239 1140 separabit
3275 1084 3309 1122 a
3348 1067 3629 1122 charitate

2000 1159 2251 1217 Christi?
2293 1159 2626 1229 Tribulatio,
2679 1177 2752 1215 an
2798 1162 3083 1232 angustia,
3134 1177 3205 1216 an
3254 1161 3480 1216 fames?
3523 1166 3630 1216 etc.

2001 1253 2198 1325 (Rom,
2254 1270 2368 1321 vm,
2422 1256 2535 1322 35).
2585 1277 2614 1305 ››
2664 1255 2848 1319 Quare
2899 1261 3094 1310 autem
3150 1271 3264 1310 non
3315 1258 3631 1327 separetur,

1999 1347 2203 1420 adiecit
2233 1369 2245 1401 ε
2282 1368 2309 1397 ‹‹
2336 1347 2452 1403 Sed
2487 1347 2549 1403 in
2587 1347 2678 1402 his
2708 1347 2978 1403 omnibus
3017 1364 3376 1421 superamus,
3419 1349 3628 1421 inquit,

1999 1446 2056 1496 et
2101 1440 2379 1496 vincimus
2428 1444 2666 1512 prepter
2715 1457 2847 1497 eum
2898 1441 2995 1514 qui
3044 1441 3241 1497 dilexit
3287 1459 3393 1497 nos
3441 1443 3629 1512 (1bid.,

1998 1537 2112 1602 3'7).
2154 1556 2181 1584 ››
2219 1534 2534 1605 Meritoque
2575 1534 2942 1590 conﬁrmatus
2980 1535 3103 1590 ait:
3137 1556 3164 1586 ‹‹
3203 1534 3440 1591 Conﬁdo
3470 1535 3628 1590 enim

1998 1628 2132 1699 quia
2168 1625 2431 1700 1069
2464 1643 2654 1700 neque
2688 1644 2869 1697 mors,
2908 1645 3094 1700 neque
3132 1628 3268 1697 vita,
3302 1644 3488 1701 neque
3523 1645 3626 1683 an-

2001 1722 2178 1792 geli...
2238 1737 2428 1793 neque
2483 1725 2822 1793 potestates,
2883 1738 3069 1794 neque
3125 1722 3466 1793 praesentia,
3528 1738 3626 1777 ne-

2000 1831 2111 1887 que
2176 1815 2461 1883 futura...,
2529 1831 2792 1887 separare
2859 1832 2961 1870 nos
3033 1820 3303 1887 poterunt
3357 1833 3387 1870 a
3443 1816 3628 1870 chari-

1999 1912 2112 1964 tate
2169 1909 2290 1976 Dei,
2341 1925 2470 1980 quae
2521 1916 2604 1966 est
2655 1909 2714 1964 in
2767 1908 2988 1965 Christo
3035 1911 3166 1966 Jesu
3217 1910 3401 1979 (1bid.,
3456 1911 3522 1966 38
3577 1916 3633 1966 et

2001 2004 2111 2072 39).
2144 2023 2170 2052 »ι

2072 2098 2159 2151 37.
2190 2095 2361 2151 Multa
2386 2096 2686 2168 Apostolus
2711 2094 2874 2164 dixit,
2905 2100 3103 2152 contra
3130 2112 3259 2168 quae
3285 2097 3440 2153 lucta
3470 2097 3633 2152 nobis

1999 2194 2112 2256 est;
2168 2189 2268 2245 sed
2321 2189 2435 2244 alia
2489 2189 2677 2244 facilia
2726 2193 2884 2258 sunt,
2935 2191 3024 2245 vel
3083 2193 3238 2246 certe
3291 2207 3408 2246 non
3462 2191 3635 2262 hujus

1999 2283 2272 2354 temporis
2315 2285 2414 2338 aut
2457 2282 2599 2350 loci,
2641 2285 2705 2337 ut
2749 2283 3032 2339 discutere
3063 2283 3259 2339 omnia
3301 2284 3635 2354 debeamus,

2002 2391 2129 2447 quae
2158 2375 2272 2430 sint
2301 2391 2430 2447 quas
2453 2392 2556 2431 nos
2587 2391 2854 2447 separare
2883 2375 3107 2448 possint
3141 2393 3174 2432 a
3203 2377 3482 2434 charitate
3511 2380 3630 2447 Dei,

2000 2469 2110 2524 nisi
2138 2469 2468 2541 diligentius
2496 2469 2840 2525 resistamus.
2874 2470 3018 2526 Illud
3045 2487 3196 2526 nunc
3225 2472 3381 2544 quod
3409 2471 3632 2527 videtur

2001 2567 2312 2635 obscurius,
2345 2583 2459 2622 non
2485 2568 2998 2639 prmtermittimus,
3031 2568 3165 2640 quia
3196 2567 3276 2624 ait
3316 2585 3330 2624 :
3371 2589 3399 2617 ‹‹
3438 2570 3632 2642 Neque

2003 2660 2259 2729 altitudo,
2289 2676 2477 2732 neque
2515 2661 2865 2732 profundum
2897 2662 3084 2732 (1bid.,
3111 2664 3226 2732 39),
3267 2682 3295 2712 »
3334 2677 3461 2734 quas
3502 2668 3635 2718 sunt

2003 2753 2192 2826 gravia
2234 2757 2610 2809 tentamenta.
2651 2753 2906 2826 Denique
2947 2754 3124 2809 habes
3166 2755 3221 2810 in
3267 2755 3408 2810 Isaia
3450 2756 3629 2827 scrip-

2001 2851 2124 2904 tum
2149 2847 2218 2903 ad
2248 2863 2449 2918 regem
2475 2847 2657 2902 Achaz
2683 2865 2697 2904 :
2724 2867 2753 2900 α
2781 2849 2915 2902 Pete
2941 2847 3043 2903 tibi
3069 2847 3299 2919 signum
3325 2865 3358 2902 a
3384 2849 3630 2904 Domino

2002 2941 2063 2996 in
2093 2940 2464 3013 profundum,
2498 2947 2598 2996 aut
2632 2940 2694 2996 in
2731 2941 2910 2996 altum
2949 2942 3108 3010 (Isa.,
3149 2957 3239 3010 vn,
3282 2944 3391 3010 Η).
3430 2964 3458 2993 ››
3491 2943 3629 2998 Res-

303 3031 492 3129 tnodum
533 3033 760 3105 pedem
804 3049 971 3088 suum
1011 3033 1240 3106 dirigat,
1278 3050 1517 3090 manum
1557 3034 1785 3105 afferat;
1827 3050 1900 3091 ne
1921 3068 1976 3143 Ο
2000 3035 2199 3107 pondit
2235 3035 2328 3091 ille
2375 3053 2387 3088 :
2437 3055 2464 3085 «
2503 3034 2623 3090 Non
2661 3039 2885 3106 petam,
2929 3051 3115 3108 neque
3159 3035 3392 3091 tentabo
3439 3037 3630 3092 Domi-

299 3120 476 3193 impetu
549 3125 973 3196 indignationis
1037 3127 1350 3199 impulsus,
1418 3144 1548 3184 cum
1622 3129 1898 3200 repellere

297 3214 463 3274 debeat
530 3218 842 3291 injuriam,
917 3220 1037 3291 ipse
1109 3221 1272 3277 alteri
1339 3221 1558 3293 jactum
1631 3222 1900 3277 notabilis

296 3310 432 3364 caedis
489 3314 596 3382 (76)
671 3312 877 3368 illidat.
937 3314 1323 3385 Cogitandum
1380 3318 1466 3371 est
1523 3314 1703 3387 igitur
1760 3315 1900 3387 quid

297 3417 553 3475 geramus;
607 3405 711 3461 ubi
761 3407 916 3462 enim
974 3409 1242 3479 praecedit
1293 3409 1599 3480 cogitatio,
1657 3409 1899 3464 maturi-

294 3499 359 3549 tas
405 3500 753 3570 operationis
806 3499 1130 3557 adhibetur.
1187 3503 1385 3574 Itaque
1443 3520 1546 3574 pes
1601 3502 1706 3559 iste
1767 3503 1900 3559 fidei

292 3592 560 3662 vestigium
633 3598 755 3660 est,
820 3610 991 3665 quem
1058 3595 1431 3651 meditatione
1492 3613 1801 3669 perpensa,
1867 3614 1901 3652 a

292 3687 656 3755 corporalibus
716 3688 964 3744 motibus
1025 3689 1095 3744 ad
1164 3689 1483 3745 testimonia
1544 3690 1734 3746 divina
1795 3690 1897 3748 de-

293 3777 442 3833 flexit.

347 3873 423 3926 36.
493 3875 678 3943 (Vers.
748 3876 864 3946 60.)
931 3875 1078 3940 Quid
1147 3876 1324 3948 igitur
1396 3877 1576 3949 prosit
1649 3878 1897 3950 cogitare

290 3968 429 4032 ante,
481 3969 637 4039 quod
693 3973 888 4039 pestea
937 3969 1185 4025 facturus
1228 3970 1331 4040 sis,
1382 3971 1546 4026 docet
1590 3972 1900 4026 versiculus

291 4059 372 4127 qui
409 4062 666 4132 sequitur
703 4075 717 4117 :
760 4064 996 4119 Paratus
1045 4079 1187 4128 sum,
1224 4070 1276 4120 et
1323 4079 1430 4119 non
1474 4081 1594 4120 sum
1627 4066 1896 4129 turbatus,

289 4155 340 4203 ut
377 4155 674 4210 custodiam
716 4156 981 4212 mandata
1031 4163 1146 4212 tua.
1206 4157 1308 4212 Ubi
1366 4159 1714 4230 cogitatione
1773 4158 1900 4230 quis

290 4249 539 4313 prevenit
561 4249 720 4321 quod
745 4252 972 4305 acturus
998 4255 1104 4321 est,
1129 4266 1354 4322 semper
1382 4257 1612 4323 paratus
1633 4252 1707 4307 ad
1725 4269 1900 4324 agen-

291 4336 406 4394 dum
446 4346 549 4410 est,
599 4357 831 4414 semper
868 4343 1016 4398 ﬁxus
1058 4350 1113 4400 et
1157 4344 1375 4399 validus
1412 4366 1424 4400 :
1467 4349 1531 4400 ut
1569 4363 1684 4401 non
1725 4350 1903 4418 queat

1999 3144 2139 3184 num
2184 3129 2369 3197 (lbid.,
2421 3129 2527 3199 l2).
2574 3151 2601 3178 »
2648 3128 2938 3200 Mysticum
2976 3127 3059 3183 illi
3102 3129 3464 3201 propositum
3511 3136 3630 3200 est,

2000 3222 2096 3278 sed
2135 3239 2250 3278 non
2284 3222 2591 3294 intellexit;
2622 3228 2677 3279 et
2703 3222 2915 3278 veritus
2952 3225 3039 3277 est
3070 3238 3144 3278 ne
3180 3226 3403 3280 tentare
3435 3225 3629 3280 Domi—

2001 3331 2139 3370 num
2172 3315 2478 3384 videretur,
2511 3316 2558 3370 si
2591 3315 2824 3386 signum
2861 3319 3082 3386 peteret
3110 3315 3170 3371 in
3205 3317 3408 3388 altum,
3439 3321 3537 3373 aut
3573 3318 3632 3372 in

1999 3409 2374 3480 profundum.
2421 3408 2697 3464 Dominus
2737 3413 2931 3464 autem
2975 3409 3170 3464 volens
3219 3411 3410 3482 gravia
3455 3414 3638 3468 tenta-

1999 3506 2196 3557 menta
2249 3501 2505 3558 remedio
2559 3501 2925 3574 supplantare
2982 3501 3174 3558 divino
3220 3503 3300 3560 ait
3346 3521 3358 3559 :
3413 3523 3442 3553 «
3493 3506 3635 3561 Ecce

1999 3597 2159 3667 virgo
2185 3595 2466 3667 concipiet
2503 3596 2561 3650 in
2592 3599 2750 3652 utero
2783 3596 2966 3666 (lbid.,
3007 3597 3114 3667 14).
3143 3617 3174 3648 ››
3203 3597 3318 3652 Hoc
3357 3602 3442 3652 est
3467 3613 3630 3668 mag-

2000 3705 2141 3744 num
2185 3688 2450 3760 signum,
2488 3690 2636 3761 quod
2677 3689 2996 3745 altitudinis
3036 3697 3094 3746 et
3131 3690 3401 3762 profundi
3442 3693 3630 3746 tenta-

1999 3786 2196 3838 menta
2243 3782 2545 3838 destruxit.
2595 3783 2866 3838 Dominus
2909 3783 3068 3838 enim
3107 3786 3265 3840 Jesus
3315 3800 3431 3839 non
3478 3784 3633 3854 rapi-

2001 3893 2136 3932 nam
2177 3876 2484 3932 arbitratus
2528 3879 2615 3930 est
2659 3890 2778 3931 esse
2822 3892 2880 3930 se
2931 3877 3210 3948 aequalem
3254 3877 3394 3944 Deo,
3446 3893 3632 3948 neque

2000 3987 2127 4042 quae
2155 3987 2260 4026 sua
2288 3973 2441 4038 sunt,
2472 3969 2790 4042 requisivit,
2817 3969 2916 4025 sed
2943 3970 3189 4025 formam
3220 3970 3365 4025 servi
3389 3970 3629 4041 accepit,

2000 4064 2320 4120 humiliavit
2357 4081 2416 4119 se
2455 4079 2633 4136 usque
2659 4063 2729 4119 ad
2760 4068 3027 4120 mortem.
3058 4065 3257 4136 Itaque
3295 4079 3483 4136 neque
3518 4065 3632 4119 ela-

2000 4161 2092 4212 tus
2119 4161 2206 4214 est
2243 4162 2546 4230 potestate,
2585 4173 2771 4229 neque
2800 4158 2998 4213 mortis
3027 4157 3278 4230 quadam
3315 4157 3636 4228 dejectione

1999 4251 2279 4306 turbatus.
2330 4252 2445 4306 Hoc
2488 4250 2666 4322 igitur
2711 4252 2941 4323 signum
2994 4251 3332 4323 proponitur
3375 4252 3521 4323 regi,
3573 4257 3638 4307 ut

2001 4348 2156 4416 petat
2183 4343 2287 4399 sibi
2312 4345 2657 4415 remedium,
2686 4361 2792 4416 per
2819 4345 2970 4416 quod
2998 4361 3102 4399 nec
3135 4345 3308 4416 regiae
3337 4345 3636 4415 potestatis

290 4431 452 4489 subita
486 4435 682 4508 aliqua
719 4437 1096 4492 accidentium
1133 4437 1443 4494 offensione
1474 4439 1710 4495 turbari.
1739 4438 1977 4510 NullaD
2000 4439 2367 4493 extolleretur
2403 4437 2721 4510 supercilio,
2758 4455 2863 4492 nec
2902 4443 3052 4493 certe
3085 4453 3360 4492 aerumnae
3396 4437 3635 4509 alicujus

290 4540 400 4580 eum
435 4529 618 4585 ﬂabra
659 4531 974 4604 scopulosae
1013 4531 1187 4586 nimis
1226 4532 1550 4588 ambitionis
1586 4533 1896 4604 excutiunt,

291 4622 427 4676 nulla
467 4624 719 4694 procella
758 4629 931 4696 atque
969 4629 1275 4698 tempestas
1324 4626 1551 4697 injustte
1593 4627 1900 4682 invasionis

289 4716 550 4785 exagitat,
605 4733 723 4772 non
786 4718 1094 4788 petulantis
1157 4720 1353 4774 oculus
1405 4719 1719 4775 meretricis
1778 4720 1898 4775 illa-

294 4813 489 4874 queat:
530 4810 729 4865 oculus
773 4811 928 4866 enim
978 4812 1312 4880 meretricis,
1360 4813 1594 4884 laqueus
1633 4815 1901 4870 amatoris

293 4905 380 4954 est.
419 4903 476 4955 ln
521 4903 709 4959 aliena
746 4905 920 4959 miser
959 4905 1180 4976 capitur
1220 4907 1604 4978 possessione,
1646 4908 1744 4978 qui
1791 4907 1897 4961 im-

295 4997 500 5062 proviso
537 4998 672 5068 igne
715 5004 1038 5069 praeventus
1077 4999 1496 5070 possessionem
1537 5017 1652 5055 sum
1693 5001 1900 5057 mentis

296 5087 478 5143 amisit.
507 5090 563 5146 Si
590 5092 910 5162 persecutio
945 5093 1181 5164 ingruit,
1214 5093 1434 5149 invenit
1453 5095 1577 5164 jam
1611 5100 1897 5166 paratum,

297 5182 473 5237 utubi
516 5186 688 5255 possit
726 5202 848 5240 esse
887 5186 1241 5258 perturbatio
1287 5187 1486 5243 salutis
1529 5187 1778 5257 incertae,
1821 5189 1898 5242 ibi

298 5284 500 5341 sperata
558 5279 696 5334 sacri
763 5296 975 5336 corona
1032 5281 1365 5337 certaminis
1421 5281 1658 5352 provida
1723 5282 1903 5336 futuri

299 5369 648 5427 meditatione
700 5374 1043 5431 demulceat.
1094 5375 1149 5430 Si
1197 5392 1231 5430 a
1279 5375 1570 5431 maledicis
1615 5375 1899 5431 obtrecta-

353 5534 440 5601 (Ἠ)
500 5538 703 5604 Regius
758 5542 880 5593 cod.
937 5543 1123 5604 solus,
1174 5543 1402 5606 forsitan
1462 5543 1681 5594 dixisset
1735 5555 1903 5593 unus-

303 5608 501 5678 quisque
535 5627 552 5657 :
590 5612 823 5676 Cagitavi
874 5616 992 5665 vias
1043 5630 1208 5675 meas,
1256 5621 1302 5665 et
1356 5618 1530 5666 averti
1569 5615 1718 5679 pedes
1765 5628 1904 5664 meos

304 5685 348 5718 ιη
375 5679 657 5748 testimonia
681 5691 792 5732 tua.
825 5686 964 5748 Ergo
984 5687 1155 5748 prius,
1184 5690 1291 5735 810-

359 5746 444 5809 (75)
478 5750 554 5799 Ita
603 5765 729 5803 mss.
777 5746 1178 5816 omnes—Gal];
1221 5757 1350 5808 edit.
1395 5771 1523 5807 vero
1563 5772 1574 5805 :
1611 5757 1901 5815 mulierem,

1999 4532 2332 4604 exceptione
2373 4531 2827 4603 perturbaretur,
2873 4535 2935 4586 ut
2973 4533 3094 4586 erat
3136 4531 3302 4586 corde
3348 4531 3631 4600 turbatus,

2000 4641 2131 4680 cum
2160 4625 2376 4680 bellum
2416 4625 2522 4679 sibi
2560 4624 2775 4680 videret
2812 4624 2882 4679 ab
2921 4624 3161 4696 Assyriis
3192 4624 3412 4680 inferri.
3456 4625 3635 4680 Divini

2000 4718 2175 4789 igitur
2215 4717 2478 4789 exemplo
2533 4717 2750 4773 oraculi
2800 4718 3062 4773 volumus
3112 4719 3411 4775 ostendere
3457 4732 3632 4788 quam

2000 4817 2187 4867 essent
2231 4813 2352 4866 haec
2397 4811 2594 4882 gravia
2636 4814 3010 4882 tentamenta,
3060 4811 3268 4884 quibus
3312 4811 3632 4866 remedium

2002 4906 2156 4960 solus
2183 4905 2370 4977 potuit
2397 4905 2654 4962 Christus
2683 4905 2909 4962 afferre.

2072 5002 2160 5055 38.
2217 5001 2618 5055 Verumtamen
2665 5005 2721 5056 et
2764 4997 3096 5071 prophetico
3151 5013 3416 5052 sermone
3471 4997 3631 5052 facile

2001 5099 2086 5148 est
2111 5093 2313 5149 docere
2342 5094 2624 5149 sarcinam
2656 5094 2960 5165 quamdam
2997 5093 3207 5147 horum
3241 5094 3632 5147 tentamenta-

2002 5204 2154 5243 rum.
2200 5189 2324 5242 Haec
2369 5188 2523 5242 enim
2568 5190 2921 5242 tentamenta
2964 5185 3074 5239 duo
3121 5184 3364 5238 maxima
3409 5189 3636 5239 sanctus

2003 5281 2270 5337 Salomon
2327 5282 2586 5336 oratione
2635 5280 2863 5352 propria
2913 5276 3249 5344 declaravit,
3307 5281 3366 5332 et
3413 5279 3636 5349 rogavit

2005 5381 2070 5430 ut
2132 5378 2324 5446 posset
2385 5375 2678 5430 excludere
2740 5373 2932 5427 dicens
2993 5387 3006 5425 :
3069 5393 3096 5421 α
3155 5371 3384 5426 Divitias
3439 5375 3633 5426 autem

2002 5541 2050 5592 si
2079 5542 2330 5592 averterit
2354 5553 2463 5590 non
2503 5543 2702 5589 tantum
2733 5537 2936 5602 pedem,
2965 5538 3055 5588 sed
3089 5542 3135 5588 et
3163 5543 3402 5597 mentem,
3430 5544 3486 5588 ut
3510 5538 3636 5590 dili-

2006 5626 2152 5677 gens,
2177 5617 2280 5663 etc.
2312 5611 2422 5661 Sed
2451 5624 2578 5674 quaa
2604 5611 2659 5660 in
2687 5621 2814 5658 mss.
2857 5609 3077 5670 desunt,
3112 5607 3250 5660 nihil
3286 5610 3434 5660 aliud
3469 5624 3634 5674 quam

2006 5698 2233 5735 sensum
2267 5684 2607 5747 pervertunt.

2068 5757 2166 5818 (76)
2198 5755 2353 5805 Rom.
2382 5753 2537 5814 edit.,
2573 5753 2731 5802 ictum
2761 5751 3012 5805 notabit-is
3041 5753 3192 5803 caedis
