4082 6186
431 177 564 230 I379

1875 175 1931 228 S.
1971 172 2283 229 AMBROSII

3640 177 3774 232 I380

423 307 480 357 et
519 302 914 371 paupertatem
954 315 1027 353 ne
1056 299 1153 354 des
1182 299 1346 365 mihi,
1375 299 1474 354 sed
1514 300 1714 354 ordina
1753 300 1896 354 mihi
1922 316 2049 372 quae
2071 299 2449 385 Aspiritales.
2489 300 2770 356 Adversus
2809 318 2938 356 cum
2975 301 3204 374 quantis
3238 302 3340 357 tibi
3378 301 3452 358 sit
3487 301 3776 374 praliuml

422 411 562 466 opus
602 396 752 460 sunt,
785 397 842 446 et
880 409 1008 464 quae
1047 392 1367 455 abundent;
1403 409 1476 446 ne
1512 393 1760 463 repletus
1800 393 2048 448 mendax

425 487 578 554 ﬁam,
608 491 666 541 et
693 486 878 540 dicam
902 504 916 540 :
947 485 1080 550 Quis
1106 501 1198 541 me
1222 485 1412 541 videt?
1433 491 1531 540 aut
1556 502 1777 556 pauper
1802 486 2045 557 rapiam,

421 586 478 634 et
513 579 805 652 perjurem
844 595 1058 633 nomen
1096 579 1200 633 Dei
1235 581 1435 648 (Prov.,
1473 595 1604 646 xxx,
1635 581 1688 647 8,
1716 583 1794 649 9).
1827 600 1856 629 »
1885 581 2047 634 Potes

420 673 598 744 igitur
623 675 685 727 tu
713 671 820 726 ista
845 677 1197 728 tentamenta
1220 673 1604 741 contemnere,
1633 688 1762 743 quae
1781 671 2048 726 formida-

420 767 504 822 vit
533 767 832 834 Salomon,
863 765 962 837 qui
992 765 1336 837 sapientiam
1368 765 1674 836 postulavit
1715 771 1771 820 et
1799 763 2048 820 meruit?

423 859 586 914 Dives
622 863 763 926 erat,
805 859 1001 913 timuit
1035 858 1226 914 extolli
1257 875 1270 913 :
1304 874 1523 930 pauper
1560 859 1684 913 fieri
1726 857 2049 913 formidavit

423 969 494 1007 ne
523 951 873 1023 paupertatis
903 951 1236 1007 necessitate
1263 951 1620 1007 abstinentiae
1648 952 1893 1022 gratiam
1936 951 2046 1022 (77)

424 1062 540 1100 non
593 1049 831 1100 teneret.
882 1046 1060 1109 Quam
1111 1045 1276 1099 multi
1330 1045 1428 1116 qui
1485 1044 1821 1100 videbantur
1868 1043 2048 1099 sancti

423 1155 562 1208 esse,
617 1139 944 1194 ceciderunt
990 1139 1060 1192 ab
1109 1138 1407 1193 altitudine
1458 1137 1644 1192 cordis
1693 1137 1808 1191 sui!
1864 1137 2046 1201 Quam

421 1233 586 1288 multi
636 1233 828 1302 aliqua
879 1231 1214 1286 necessitate
1269 1231 1509 1301 dejecti,
1567 1247 1684 1285 non
1738 1235 2049 1301 potuerunt

421 1325 669 1381 contenti
710 1341 831 1380 esse
871 1325 1100 1395 injuria,
1147 1325 1244 1396 qui
1292 1325 1520 1378 fuerant
1564 1324 1836 1380 virtutum
1887 1339 2045 1380 exer-

419 1420 554 1475 citio
600 1418 891 1474 roborati?
933 1420 1109 1473 Rarus
1150 1418 1254 1472 Job
1295 1417 1582 1472 invenitur
1626 1417 1682 1472 in
1733 1417 1900 1472 terris
1948 1419 2049 1490 qui

423 1516 480 1567 et
508 1511 732 1566 divitias
759 1510 950 1565 amisit
977 1514 1036 1565 et
1058 1511 1226 1579 ﬁlios,
1252 1516 1316 1567 ut
1339 1511 1613 1566 vibicibus
1639 1513 1897 1584 corporis
1925 1528 2049 1567 exa-

419 1610 574 1660 ratus
618 1607 751 1674 (78),
804 1621 934 1659 cum
977 1620 1205 1659 vermes
1249 1609 1365 1660 toto
1413 1621 1648 1676 corpore
1694 1605 1970 1673 ﬂuerent,
2016 1623 2049 1660 a

2148 394 2217 447 Et
2240 393 2368 448 ideo
2398 393 2690 461 meditare,
2719 399 2777 448 et
2803 399 2984 452 statue
3008 396 3234 465 animo;
3265 398 3328 450 ut
3361 396 3672 468 procedens
3705 397 3777 450 ad

2149 485 2346 556 praelia
2377 486 2531 542 dicas
2564 510 2574 540 :
2603 489 2841 544 Paratus
2865 503 3005 552 sum,
3035 495 3086 544 et
3111 505 3218 544 non
3250 504 3366 544 sum
3406 489 3683 556 turbatus;
3718 495 3780 545 ut

2148 581 2449 636 custodiam
2473 582 2742 636 mandata
2767 587 2880 638 tua.

2217 675 2306 729 40.
2355 675 2528 746 (Vers.
2578 677 2692 744 61.)
2732 675 3004 747 Sequitur
3039 691 3234 732 versus
3275 675 3508 747 quintus
3547 693 3560 730 :
3607 677 3779 732 Funes

2142 773 2484 837 peccatorum
2521 769 2873 839 σίν-σηπιρὶεωὶ
2905 773 3032 824 sunt
3062 785 3160 835 me,
3196 776 3247 824 et
3285 771 3452 838 legem
3482 776 3632 825 tuam
3668 785 3777 824 non

2144 876 2262 916 sum
2301 863 2528 929 oblitus;
2571 862 2676 916 hoc
2718 865 2820 929 est,
2862 862 3092 916 funibus
3137 879 3230 916 me
3276 863 3778 918 circumdederunt

2146 960 2501 1025 peccatores,
2546 960 2609 1011 ut
2656 971 2782 1010 mea
2830 955 3189 1026 implicarent
3233 957 3487 1026 vestigia,
3531 972 3602 1010 ne
3647 973 3773 1027 pos-

2147 1063 2268 1102 sem
2297 1048 2554 1103 incursus
2590 1064 2791 1104 eorum
2825 1049 3177 1119 praevidendi
3215 1049 3500 1105 celeritate
3540 1049 3774 1103 evitare.

2146 1141 2269 1196 Non
2297 1157 2436 1212 ergo
2478 1142 2558 1196 illi
2593 1143 2756 1197 funes
2795 1147 2945 1208 sunt,
2977 1143 3046 1198 de
3086 1141 3291 1214 quibus
3334 1143 3610 1214 scriptum
3641 1147 3726 1196 est
3759 1160 3772 1196 :

2150 1254 2178 1284 «
2202 1234 2385 1290 Funes
2412 1234 2740 1290 ceciderunt
2765 1235 2905 1290 mihi
2931 1235 2989 1290 in
3016 1235 3302 1306 praeclaris
3325 1237 3493 1303 (Psat.
3522 1251 3611 1301 xv,
3644 1237 3720 1301 6),
3747 1257 3773 1284 »

2115 1329 2280 1382 'sunt
2314 1327 2470 1382 enim
2508 1328 2674 1382 funes
2714 1327 2790 1382 illi
2827 1328 3031 1399 quibus
3077 1334 3332 1396 utuntur,
3365 1330 3465 1400 qui
3501 1329 3776 1384 terminos

2147 1422 2465 1477 metiuntur
2491 1438 2762 1492 agrorum
2790 1421 3120 1494 limitesque
3151 1423 3530 1493 distinguunt,
3563 1427 3621 1478 et
3650 1438 3776 1492 pos-

2149 1515 2464 1570 sessionum
2493 1515 2673 1585 spatia
2711 1514 3125 1570 disterminant.
3155 1515 3492 1570 Tenduntur
3524 1531 3661 1586 ergo
3698 1515 3775 1569 illi

2147 1608 2314 1663 funes
2359 1607 2546 1679 quoad
2596 1608 2870 1679 possessio
2917 1608 3363 1680 uniuscujusque
3415 1608 3770 1663 diffunditur.

415 1699 621 1756 Christi
647 1702 840 1753 tamen
874 1698 1148 1753 charitate
1187 1715 1304 1754 non
1346 1699 1534 1769 potuit
1568 1701 1839 1771 separari.
1879 1677 2124 1756 Pare-B
2148 1701 2236 1756 Sic
2290 1677 2470 1756 factus
2527 1677 2613 1756 est
2668 1701 2953 1757 funiculus
3006 1677 3362 1757 hereditatis
3414 1719 3527 1756 suae
3579 1702 3772 1757 Israel.

420 1810 544 1847 mus
591 1793 766 1862 igitur
815 1791 1078 1847 affectum
1122 1797 1404 1860 nostrum,
1450 1810 1521 1848 ne
1570 1793 1916 1864 imparatum
1965 1793 2046 1848 vis
2149 1795 2288 1849 Boni
2329 1811 2468 1866 ergo
2507 1795 2586 1850 illi
2625 1795 2810 1852 funes.
2856 1795 2955 1850 Isti
2992 1799 3184 1850 autem
3220 1797 3388 1851 funes
3424 1795 3630 1866 quibus
3660 1800 3770 1848 tra-

419 1887 714 1957 repentina
755 1885 1066 1956 perturbet.
1112 1885 1362 1957 Denique
1403 1886 1584 1940 sciens
1626 1887 1898 1942 Dominus
1933 1886 2044 1942 cito
2145 1888 2364 1942 buntur
2409 1892 2670 1959 peccata,
2721 1894 2787 1944 ut
2829 1888 2964 1944 fune
3014 1889 3216 1959 longo,
3263 1893 3320 1944 et
3368 1892 3430 1942 ut
3476 1890 3597 1943 loro
3645 1888 3773 1958 jugi

418 1996 521 2034 nos
557 1979 748 2048 frangi
786 1979 990 2046 solere,
1027 1979 1106 2034 ait
1149 1979 1318 2034 etiam
1362 1980 1629 2051 apostolis
1658 1999 1672 2035 :
1706 2000 1733 2029 ι(
1763 1981 1887 2036 Non
1923 1983 2043 2034 tur-

415 2073 584 2126 betur
609 2074 1006 2139 corovestrum,
1032 2087 1219 2143 neque
1243 2072 1512 2128 formidet
1540 2074 1740 2141 (Joan.,
1768 2089 1882 2141 xiv,
1915 2077 1988 2142 l).
2014 2095 2042 2124 »

417 2166 473 2222 Si
500 2172 556 2220 te
581 2164 854 2236 cupiditas
878 2166 1322 2237 appetentiaque
1349 2166 1675 2234 tentaverit,
1717 2167 1844 2237 lege
1871 2168 2046 2221 Evan-

418 2258 658 2329 gelium,
699 2257 848 2312 dicat
884 2257 986 2312 tibi
1027 2259 1187 2314 Jesus
1220 2258 1472 2316 Christus
1508 2281 1518 2314 :
1551 2280 1580 2310 α
1610 2260 1731 2314 Non
1785 2259 2045 2315 turbetur

418 2369 520 2408 cor
567 2354 750 2405 tuum.
798 2371 827 2402 ››
877 2351 930 2406 Si
979 2352 1104 2423 quis
1152 2358 1343 2407 terror
1384 2353 1694 2424 ingruerit,
1743 2352 1890 2408 dicat
1937 2353 2042 2408 tibi

415 2445 668 2500 Christus
704 2461 717 2498 :
753 2465 782 2494 ι(
807 2445 928 2499 Non
966 2445 1228 2500 turbetur
1255 2461 1350 2500 cor
1387 2450 1570 2514 tuum,
1614 2462 1798 2518 neque
1837 2446 2041 2501 formi-

414 2538 528 2594 det.
572 2559 600 2588 »
643 2538 701 2594 Si
744 2554 856 2609 qua
893 2537 1169 2609 supplicia
1212 2544 1544 2610 persecutor
1583 2538 1874 2605 inﬂixerit,
1911 2539 2041 2610 lege

413 2631 815 2700 Evangelium,
875 2630 1026 2685 dicat
1077 2631 1178 2686 tibi
1227 2633 1386 2686 Jesus
1443 2649 1457 2687 :
1514 2651 1543 2684 ε(
1601 2633 1721 2687 Non
1777 2632 2041 2687 turbetur

412 2723 459 2797 1
476 2723 668 2797 070
693 2739 790 2779 cor
816 2729 1000 2793 tuum,
1028 2740 1215 2796 neque
1240 2725 1534 2780 formidet.
1565 2747 1591 2776 »
1623 2727 1772 2796 Lege
1799 2729 2034 2797 Aposto-

413 2816 535 2874 lum
584 2817 869 2872 dicentem
915 2834 930 2872 :
983 2837 1008 2869 α
1055 2818 1311 2891 Indignas
1361 2819 1514 2874 enim
1565 2819 1857 2890 passiones
1909 2823 2040 2874 sunt

413 2912 584 2982 hujus
617 2910 890 2982 temporis
937 2911 1009 2966 ad
1049 2915 1522 2982 superventuram
1569 2912 1808 2983 gloriam
1837 2916 2036 2980 (Rom,

413 3021 525 3072 vm,
557 3006 641 3060 l8.
674 3023 702 3055 »
730 3002 787 3058 Si
813 3003 874 3057 in
910 3003 1052 3057 mari
1083 3003 1372 3074 naviganti
1403 3003 1589 3075 gravis
1617 3004 1821 3060 ﬂuctus
1847 3005 2036 3060 insur-

411 3103 527 3169 gat,
559 3100 863 3166 tempestas
889 3101 1010 3150 atra
1035 3096 1317 3160 desaeviat.
1344 3097 1448 3151 tibi
1475 3097 1622 3153 dicat
1639 3099 1836 3153 Jesus:
1863 3119 1890 3149 ‹‹
1921 3099 2040 3170 Ego

412 3207 561 3258 sum,
613 3189 729 3243 noli
767 3187 987 3243 turbari
1025 3191 1242 3257 (Mam,
1273 3206 1342 3258 v1,
1381 3189 1496 3261 50).
1529 3210 1552 3243 ι
1585 3191 1830 3246 Veniens
1870 3192 2046 3263 igitur

413 3283 472 3339 in
501 3287 791 3338 certamen
828 3282 1064 3353 aliquod
1096 3298 1376 3354 magnum
1401 3289 1458 3339 et
1484 3300 1672 3355 grave,
1713 3284 1804 3340 dic
1839 3286 1996 3357 prius
2027 3308 2039 3340 :

410 3378 645 3432 Paratus
690 3391 832 3439 sum,
882 3380 932 3432 et
975 3391 1084 3431 non
1131 3392 1252 3432 sum
1304 3377 1588 3443 turbatus;
1637 3383 1697 3434 ut
1742 3379 2043 3435 custodiam

411 3469 682 3527 mandata
711 3475 828 3524 tua.

481 3567 569 3620 39.
603 3564 670 3619 Et
705 3563 843 3635 quid
881 3563 952 3619 de
989 3563 1354 3619 szecularibus
1382 3563 1610 3620 dicam?
1641 3565 1772 3620 Esto
1809 3569 2043 3636 paratus

411 3672 522 3714 non
565 3658 751 3712 solum
796 3656 1067 3712 adversus
1103 3674 1168 3712 ea
1203 3674 1330 3728 quae
1373 3657 1548 3726 vides,
1589 3660 1685 3714 sed
1722 3659 1897 3714 etiam
1937 3659 2040 3715 ad-

411 3767 604 3808 versus
640 3768 704 3807 ea
741 3767 868 3822 quas
908 3767 1023 3806 non
1055 3751 1232 3806 vides.
1277 3772 1305 3801 «
1349 3751 1524 3821 Foris,
1562 3752 1770 3824 inquit,
1812 3769 2039 3824 pugnas,

407 3845 561 3901 intus
605 3845 836 3900 timores
887 3846 957 3912 (ll
1003 3847 1146 3908 Cor.,
1202 3861 1294 3912 vn,
1343 3848 1415 3918 5).
1469 3867 1496 3896 »
1549 3847 1610 3901 In
1659 3851 1716 3902 te
1768 3847 1890 3918 ipso
1942 3847 2042 3902 tibi

409 3941 621 3996 bellum
671 3945 757 3994 est
810 3957 824 3993 :
883 3938 1098 3993 bonum
1147 3944 1231 3993 est
1287 3944 1348 3994 ut
1400 3939 1458 3994 in
1511 3939 1915 4012 tranquillitate
1971 3941 2044 3996 sit

410 4033 634 4088 animus
667 4036 815 4098 tuus,
853 4037 910 4086 et
944 4031 1003 4085 in
1039 4032 1286 4103 quadam
1325 4033 1658 4103 serenitate,
1700 4033 1796 4089 sed
1831 4033 2038 4106 guber-

411 4130 577 4181 nator
609 4125 707 4180 ille
737 4124 939 4179 melior
973 4130 1078 4194 est,
1109 4124 1209 4196 qui
1247 4125 1304 4178 in
1344 4128 1680 4196 tempestate
1717 4127 1904 4181 navim
1945 4144 2043 4199 gu-

409 4219 631 4276 bernat.
689 4219 842 4289 Rege
893 4217 1069 4290 igitur
1121 4223 1176 4272 te
1228 4217 1446 4289 ipsum,
1501 4220 1727 4290 quando
1783 4220 2044 4276 turbatur

409 4313 652 4379 animus,
697 4327 861 4367 mens
894 4311 1154 4366 ﬂuctuat.
1198 4311 1570 4366 Laudaverim
1616 4313 1882 4368 virtutem
1931 4331 2040 4385 gu-

2144 1981 2334 2036 vitulaa
2385 1981 2728 2053 iniquitatis.
2789 1982 2970 2037 Vitula
3013 1983 3168 2038 enim
3215 1981 3494 2037 indomita
3537 1982 3665 2052 plus
3715 1996 3772 2034 se

2138 2075 2315 2146 jactat
2353 2080 2409 2131 et
2445 2075 2672 2142 excutit,
2715 2091 2846 2130 cum
2891 2077 3140 2143 tenetur,
3185 2091 3289 2131 nec
3329 2074 3633 2147 acquiescit
3671 2073 3774 2128 im-

2144 2168 2327 2239 perio,
2357 2185 2464 2223 nec
2490 2169 2824 2240 astringitur
2847 2168 3106 2237 vinculo;
3134 2169 3235 2223 sed
3263 2168 3450 2239 magis
3485 2185 3615 2223 cum
3652 2169 3775 2223 loro

2144 2262 2471 2330 retrahitur,
2500 2266 2890 2332 exasperatur.
2929 2263 3120 2333 Itaque
3152 2278 3255 2316 nec
3284 2267 3476 2317 coacta
3512 2279 3571 2316 se
3607 2261 3774 2331 subji-

2143 2354 2239 2424 cit,
2278 2371 2384 2410 nec
2420 2360 2620 2410 tamen
2661 2355 2839 2410 libera
2881 2355 3237 2412 vinculorum
3280 2359 3385 2410 est.
3433 2355 3589 2410 Sicut
3633 2370 3770 2425 ergo

2143 2449 2319 2504 trahit
2363 2448 2537 2503 vitula
2579 2449 2765 2504 lorum
2797 2448 2956 2520 jugi,
3003 2465 3130 2520 quae
3171 2449 3275 2505 etsi
3317 2465 3430 2502 non
3474 2451 3700 2504 tenetur
3742 2465 3772 2503 e

2141 2542 2424 2615 proximo,
2451 2545 2681 2597 tenetur
2715 2548 2932 2610 tamen,
2973 2558 3080 2597 nec
3114 2558 3173 2597 se
3210 2542 3451 2614 explicat
3493 2548 3550 2597 et
3591 2542 3772 2596 absol-

2138 2636 2239 2703 vit,
2284 2636 2362 2690 ita
2396 2635 2570 2691 trahit
2610 2635 2998 2707 unusquisque
3036 2638 3302 2707 peccator
3329 2634 3620 2690 indomitis
3657 2651 3772 2689 mo-

2139 2729 2291 2784 ribus
2331 2729 2685 2801 iniquitates,
2729 2729 2828 2800 qui
2863 2732 3028 2799 putat
3066 2745 3125 2784 se
3163 2729 3438 2796 liberum;
3479 2729 3612 2800 quia
3654 2745 3771 2782 non

2138 2827 2223 2878 est
2259 2823 2404 2895 jugo
2443 2822 2732 2890 subditus,
2775 2822 3176 2894 subjectusque
3208 2822 3458 2894 judicio,
3498 2828 3556 2878 et
3593 2822 3774 2877 nescit

2137 2915 2293 2988 quod
2321 2933 2439 2971 non
2481 2916 2554 2972 sit
2592 2919 2818 2986 exutus,
2861 2916 2960 2970 sed
3004 2916 3190 2987 magis
3232 2921 3294 2971 ut
3339 2916 3436 2970 illa
3477 2915 3669 2984 vitula,
3716 2918 3774 2969 et

2141 3009 2261 3080 ipse
2306 3025 2365 3065 se
2407 3010 2662 3080 implicat
2703 3025 2939 3064 suorum
2986 3008 3226 3065 nexibus
3271 3016 3656 3081 peccatorum.
3706 3009 3772 3063 Hi

2142 3107 2276 3158 sunt
2331 3101 2510 3174 igitur
2558 3103 2725 3158 funes
2775 3102 3109 3158 delictorum
3156 3107 3512 3171 nostrorum,
3566 3102 3773 3174 quibus

2144 3195 2487 3251 involvimur
2518 3202 2575 3250 et
2601 3196 2870 3268 ligamur,
2903 3195 3387 3267 quemadmodum
3414 3200 3547 3250 sunt
3571 3201 3626 3250 et
3657 3196 3773 3250 vin-

2143 3290 2270 3344 cula
2317 3289 2673 3345 delictorum.
2728 3290 2798 3344 Et
2839 3289 2971 3344 ideo
3014 3289 3302 3359 Salvator,
3351 3289 3450 3362 qui
3497 3289 3668 3344 habet
3712 3290 3770 3344 in

2142 3385 2423 3453 potestate
2460 3386 2757 3454 peccatum
2798 3382 3102 3456 dimittere,
3133 3382 3274 3438 dixit
3305 3381 3386 3437 eis
3421 3382 3518 3453 qui
3556 3388 3686 3437 sunt
3713 3382 3770 3436 in

2143 3475 2376 3530 vinculis
2422 3492 2436 3531 :
2483 3479 2660 3532 Exite.
2721 3476 2952 3532 Utinam
2994 3481 3054 3532 et
3097 3475 3240 3532 mihi
3287 3475 3437 3531 dicat
3481 3492 3496 3531 :
3550 3477 3650 3531 Exi
3699 3475 3771 3530 de

2140 3568 2373 3625 vinculis
2414 3569 2556 3637 tuis;
2597 3569 2690 3624 exi
2730 3569 2801 3624 de
2839 3568 3081 3624 nexibus
3115 3575 3480 3641 peccatorum
3515 3574 3768 3624 tuorum.

2143 3662 2306 3718 Solve
2335 3663 2502 3717 funes
2527 3662 2732 3718 erroris
2758 3663 2862 3730 tui,
2886 3661 3090 3734 quibus
3111 3661 3490 3718 circumdatus
3512 3661 3560 3734 1
3577 3659 3760 3734 071

2143 3761 2198 3810 et
2239 3755 2444 3827 ligatus
2469 3772 2547 3810 es.
2579 3756 2691 3810 Etsi
2731 3755 2886 3810 enim
2921 3755 3302 3826 nequissimus
3341 3755 3448 3810 sim
3489 3756 3770 3822 omnium,

2143 3852 2200 3904 et
2254 3848 2352 3904 det
2397 3848 2783 3904 stabilissimus
2833 3853 3196 3920 peccatorum
3246 3850 3393 3918 (79),
3438 3848 3537 3903 illo
3580 3853 3772 3904 tamen

2137 3941 2396 4014 jubente,
2429 3941 2577 3997 liber
2603 3959 2725 4010 ero,
2757 3943 2854 4014 qui
2881 3941 2985 3997 sub
3010 3958 3126 3997 uno
3155 3947 3450 3998 momento
3485 3942 3771 3997 latrocinii

2145 4035 2483 4091 damnatum
2519 4051 2683 4090 reum
2713 4034 2991 4108 supplicio
3019 4036 3246 4107 eripuit,
3279 4035 3684 4107 constituitque
3709 4036 3770 4090 in

2143 4145 2321 4201 regno
2350 4146 2473 4185 suo.

2211 4225 2302 4280 41.
2335 4223 2482 4280 Sunt
2509 4239 2647 4294 ergo
2671 4223 2895 4278 vincula
2923 4223 3129 4295 quibus
3157 4221 3624 4296 constringimur,
3664 4225 3770 4280 etsi

2142 4315 2439 4372 videamur
2482 4316 2642 4372 nobis
2686 4316 2870 4372 liberi.
2915 4318 3122 4372 Beatus
3158 4318 3256 4390 qui
3302 4318 3428 4374 haec
3467 4319 3631 4375 solvit
3664 4319 3771 4374 sibi

410 4407 750 4473 bernatoris,
788 4405 884 4477 qui
921 4405 1105 4462 nullas
1131 4406 1405 4477 procellas
1435 4406 1696 4476 senserit,
1729 4412 1787 4462 et
1810 4425 2040 4463 cursum
2060 4408 2120 4482 D
2142 4409 2382 4466 vincula.
2418 4411 2486 4466 Et
2520 4411 2647 4466 ideo
2682 4409 2856 4465 David
2885 4410 2963 4466 ait
2992 4428 3004 4466 :
3041 4433 3070 4461 «
3101 4413 3506 4483 Dirumpamus
3547 4411 3772 4468 vincula

407 4500 621 4572 navigii
671 4499 962 4569 direxerit,
1020 4501 1176 4554 nulla
1225 4503 1563 4571 tempestate
1606 4500 1886 4570 jactatus?
1934 4502 2042 4558 Sed

408 4595 570 4650 illum
607 4593 792 4665 magis
832 4593 1210 4664 laudaverim,
1235 4593 1333 4664 qui
1373 4593 1640 4648 adversus
1666 4599 1860 4650 ventos
1888 4596 2041 4650 reni-

411 4688 570 4756 titur,
624 4686 871 4758 insurgit
924 4686 1228 4742 adversum
1283 4686 1515 4756 ﬂuctus,
1567 4704 1686 4743 non
1736 4687 1902 4743 timet
1955 4690 2042 4744 vel

407 4799 540 4838 cum
571 4782 825 4838 elevatur
855 4780 1021 4835 undis
1049 4779 1361 4852 navigium,
1393 4781 1481 4836 vel
1510 4797 1640 4836 cum
1669 4781 1739 4836 ad
1769 4781 2042 4854 profundi

410 4877 526 4932 ima
552 4876 878 4948 deponitur.
913 4877 994 4930 Ita
1022 4879 1078 4930 et
1103 4874 1197 4928 ille
1229 4873 1549 4929 laudandus
1573 4881 1658 4930 est
1695 4875 2043 4946 gubernator

409 4969 518 5038 sui,
559 4970 658 5042 qui
693 4986 760 5024 ea
789 4985 916 5040 qua:
951 4968 1186 5024 adversa
1223 4973 1357 5022 sunt
1390 4967 1559 5024 vincit
1601 4970 1898 5040 patientia,
1929 4970 2040 5025 vir-

411 5067 533 5120 tute
568 5068 823 5136 superat,
850 5061 1110 5118 secundis
1151 5078 1268 5116 non
1307 5061 1612 5129 extollitur,
1643 5063 1889 5118 adversis
1926 5080 2040 5118 non

407 5157 708 5228 frangitur.
741 5157 958 5211 Bellum
990 5155 1091 5212 tibi
1129 5160 1213 5210 est
1243 5155 1420 5210 etiam
1456 5156 1723 5212 adversus
1761 5157 2042 5228 nequitias

475 5289 569 5351 (77)
597 5287 962 5348 Abstinentiae,
993 5301 1025 5338 a
1049 5287 1259 5350 rapinis
1301 5287 1532 5350 scilicet,
1561 5292 1623 5337 ut
1665 5288 1934 5339 referatur
1971 5288 2040 5339 ad

407 5360 666 5423 superius
693 5359 851 5420 illud,
878 5364 972 5408 aut
997 5371 1205 5422 pauper
1240 5359 1470 5421 rapiam.

471 5432 568 5493 (78)
615 5432 692 5479 Ita
743 5443 872 5478 mss.
920 5429 1150 5494 aliquot,
1199 5433 1251 5477 et
1295 5433 1516 5479 cunctas
1564 5429 1697 5479 edit.
1742 5431 1850 5480 nisi
1888 5431 2038 5494 quod

408 5503 555 5561 Era,
584 5500 714 5552 Gill.
743 5514 808 5551 ac
838 5500 1017 5561 Rom.,
1050 5499 1352 5564 pmferunt
1379 5499 1724 5550 exorabatur.
1751 5500 1878 5551 Mss.
1909 5515 2039 5552 vero

408 5573 519 5634 alii,
572 5577 618 5622 et
665 5570 956 5631 ulceribus;
1001 5569 1278 5630 nonnulli,
1323 5574 1370 5619 et
1413 5570 1714 5620 verberibus
1761 5578 2034 5622 exoratus.

408 5643 516 5695 Sed
572 5641 828 5691 vibicibus
895 5642 1067 5703 magis
1128 5640 1493 5691 Ambrosiana
1555 5641 1762 5692 locutio
1814 5647 1920 5702 est,
1977 5647 2037 5692 ut

401 5719 514 5781 jam
538 5713 815 5765 observari
849 5712 1027 5776 potuit
1058 5724 1168 5762 non
1211 5725 1323 5761 uno
1363 5713 1502 5762 loco.

2148 4519 2374 4574 eorum,
2405 4507 2462 4558 et
2481 4502 2811 4574 abjiciamus
2838 4521 2872 4558 a
2894 4504 3058 4560 nobis
3081 4506 3290 4576 jugum
3315 4505 3567 4578 ipsorum
3602 4507 3772 4576 (Psat.

2148 4613 2208 4666 ιι,
2255 4601 2330 4664 3).
2374 4619 2402 4647 ››
2445 4598 2565 4652 Non
2614 4613 2788 4652 manu
2835 4598 3031 4670 utique
3077 4599 3314 4655 visibilia
3363 4598 3588 4654 vincula
3637 4599 3774 4656 dicit

2147 4707 2267 4746 esse
2323 4691 2673 4761 rumpenda,
2731 4691 2828 4747 sed
2884 4691 3194 4747 invisibiles
3237 4691 3545 4747 criminum
3592 4709 3773 4748 nexus

2145 4800 2369 4840 morum
2398 4786 2786 4853 conversione,
2819 4789 2877 4840 et
2902 4785 3033 4841 fidei
3071 4786 3424 4857 professione
3453 4787 3770 4854 solvendas,

2145 4883 2243 4934 aut
2281 4895 2475 4947 manu,
2515 4879 2620 4934 hoc
2665 4884 2769 4948 est,
2813 4895 2985 4950 opere
3025 4895 3230 4935 manus
3266 4885 3401 4936 tuae.
3443 4882 3625 4950 Eroga
3660 4881 3770 4950 (80)

2142 4972 2518 5044 pauperibus,
2562 4972 2779 5029 debiles
2832 4973 3080 5042 elevato,
3130 4973 3346 5029 redime
3389 4975 3665 5046 captivos,
3714 4979 3772 5029 et

2142 5065 2357 5120 solvisti
2399 5066 2625 5121 vincula
2674 5071 2790 5122 tua.
2846 5067 3216 5139 Eleemosyna
3260 5066 3418 5123 enim
3465 5084 3499 5122 a
3540 5072 3770 5138 peccato

2142 5159 2365 5214 liberat.
2414 5159 2581 5230 Eripe
2627 5177 2757 5216 eum
2808 5161 2908 5233 qui
2957 5161 3181 5218 ducitur
3223 5162 3294 5217 ad
3339 5165 3614 5230 mortem,
3661 5161 3770 5218 hoc

2206 5291 2302 5355 (79)
2343 5290 2552 5342 Omnes
2589 5291 2716 5342 edit.
2763 5305 2894 5343 cum
2936 5293 3128 5356 paucis
3167 5305 3319 5355 mss,
3365 5298 3413 5343 et
3454 5292 3771 5345 detestabilis

2140 5374 2241 5412 usu
2266 5367 2621 5424 peccatorum.
2652 5362 2872 5427 Reliqui
2896 5375 3026 5413 mss.
3057 5363 3352 5415 nobiscum
3381 5364 3611 5415 faciunt.

2203 5432 2302 5496 (80)
2351 5431 2507 5483 Rom.
2553 5433 2684 5484 edit.
2727 5447 2758 5483 e
2804 5447 2977 5498 marg.
3023 5436 3191 5485 unius
3241 5435 3362 5485 cod.
3409 5435 3530 5486 Vat.
3580 5436 3682 5484 Aut
3723 5436 3769 5484 si

2137 5518 2325 5564 manu,
2352 5509 2398 5554 et
2426 5511 2549 5555 tunc
2588 5518 2748 5569 opera
2779 5519 2972 5557 manus
3006 5510 3106 5555 tuae
3132 5519 3309 5570 eroga,
3339 5509 3442 5557 etc.
3475 5506 3597 5558 Vet.
3633 5507 3764 5557 edit.

2139 5589 2204 5626 ac
2262 5579 2372 5625 tres
2420 5589 2576 5638 mss.,
2614 5579 2716 5626 Aut
2761 5590 2945 5637 manu,
2989 5575 3084 5627 hoc
3130 5582 3223 5635 est,
3265 5590 3446 5641 opera,
3499 5582 3603 5629 etc.
3659 5577 3766 5628 Alii

2139 5660 2331 5697 omnes
2359 5647 2609 5709 legunt...
2642 5661 2815 5712 opere,
2845 5651 2948 5698 etc.
