4082 6186
288 159 416 212 1381

1434 159 1778 219 EXPOSITIO
1816 162 1884 217 IN
1923 161 2236 217 PSALMUM
2277 162 2503 217 CXVIII.

3508 169 3524 220 t
3539 169 3642 222 382

285 289 388 350 est,
414 283 573 356 eripe
599 301 732 340 eum
757 284 1184 354 intercessione,
1214 287 1371 358 eripe
1401 289 1600 359 gratia,
1631 293 1713 356 tu,
1742 305 1920 344 sacer-
1943 302 2000 375 Α
2021 288 2386 360 supplantent
2413 288 2680 357 viantem,
2709 289 2794 341 vel
2831 288 2972 342 collo
2996 287 3250 345 astrictos
3288 292 3647 362 strangulent

283 378 382 432 dos
433 380 585 448 (81);
635 382 735 434 aut
778 386 874 448 tu,
920 381 1259 452 imperator,
1305 381 1460 452 eripe
1506 381 1916 453 subscriptione

282 470 686 543 indulgentia,
713 477 769 528 et
793 473 1009 530 solvisti
1048 477 1282 546 peccata
1315 478 1433 546 tua,
1462 475 1661 532 exuisti
1698 478 1754 530 te
1791 476 1914 530 vin-

281 565 442 620 culis.

342 661 437 713 42.
472 659 726 716 Vinculis
755 661 911 718 enim
939 664 1304 734 peccatorum
1335 679 1571 718 suorum
1605 663 1912 736 unusquis-

277 769 386 824 que
425 755 858 826 constringitur,
903 755 1046 811 sicut
1081 757 1198 827 ipse
1238 756 1424 828 legisti
1458 757 1662 827 (Prov.,
1700 773 1752 824 v,
1783 756 1911 826 22);

274 846 420 917 ligat
461 865 568 903 nos
615 849 851 904 vinculis
882 850 1064 905 carnis
1110 849 1400 906 illecebra.
1439 851 1738 907 Vinculum
1780 866 1912 906 nos-

275 945 434 995 trum
474 941 714 998 avaritia
755 948 858 1012 est,
899 942 1191 999 vinculum
1235 947 1497 1000 nostrum
1531 944 1778 1000 ebrietas
1804 945 1914 1013 est,

273 1034 576 1090 vinculum
629 1040 888 1092 nostrum
956 1037 1412 1109 concupiscentia
1466 1040 1571 1107 est,
1620 1037 1913 1094 vinculum

271 1132 546 1183 nostrum
575 1128 842 1200 superbia
870 1133 975 1186 est.
1004 1130 1148 1186 Sunt
1173 1133 1232 1185 et
1251 1129 1460 1186 diaboli
1485 1130 1725 1186 vincula.
1753 1131 1914 1186 Deni—

268 1237 385 1292 que
428 1221 709 1293 scriptum
761 1226 846 1278 est
886 1241 900 1278 :
945 1243 974 1274 «
1005 1225 1156 1278 Hanc
1201 1226 1392 1280 autem
1434 1224 1607 1280 ﬁliam
1645 1223 1911 1293 Abrahaa,

267 1331 452 1386 quam
491 1315 693 1386 ligavit
732 1316 968 1372 Satanas
1012 1317 1207 1374 decem
1251 1321 1309 1373 et
1355 1321 1482 1374 octo
1528 1318 1696 1373 annis
1729 1318 1909 1389 (Luc.,

269 1424 388 1476 xm,
451 1409 566 1479 t6).
615 1433 645 1458 ›»
702 1410 861 1481 Ligat
913 1426 1018 1465 nos
1063 1410 1234 1466 etiam
1291 1411 1554 1467 diabolus
1605 1411 1910 1466 criminum

271 1519 458 1569 nexu,
528 1503 671 1573 ligat
735 1521 841 1558 nos
905 1504 1128 1560 vinculo
1194 1503 1620 1572 fornicationis,
1687 1505 1912 1560 vinculo

270 1596 566 1662 adulterii,
611 1597 835 1652 vinculo
874 1596 1124 1668 perﬁdia
1175 1614 1290 1670 qua
1343 1597 1595 1656 Christus
1646 1603 1909 1669 negatur,

2019 384 2431 437 commeantes.

2088 477 2177 530 44.
2221 474 2343 530 Noli
2388 491 2526 547 ergo
2566 474 2678 531 alta
2723 475 3016 531 ambulare
3055 475 3290 545 cervice,
3332 477 3474 532 sicut
3511 478 3642 534 ﬁlias

2014 567 2205 637 Iudae;
2237 568 2363 623 altis
2382 569 2540 623 enim
2567 568 2883 625 cervicibus
2909 567 3020 624 cito
3051 569 3286 640 laqueus
3312 569 3646 634 innodatur.‘

2015 661 2136 717 Noli
2189 661 2259 716 ad
2311 661 2599 717 saecularia
2647 666 2901 719 mentem
2956 661 3327 735 animumque
3370 663 3641 735 deﬁgere,

2015 755 2114 811 sed
2142 755 2516 826 circumspice
2539 755 2716 812 oculis
2739 756 2951 811 animae
2977 755 3304 828 diligenter,
3339 757 3473 828 quia
3503 757 3647 828 pluit

2016 848 2287 904 Dominus
2339 849 2575 921 laqueos
2631 865 2806 922 super
2856 853 3210 921 peccatores,
3261 867 3333 905 ne
3382 851 3645 907 cadentes

2016 941 2237 1013 illigare
2279 948 2333 998 te
2367 943 2585 1014 possint
2619 959 2632 998 :
2675 959 2816 1015 quos
2856 943 3072 1014 poteris
3113 944 3340 1012 evitare,
3370 945 3418 998 si
3456 945 3643 1014 legem

2013 1035 2240 1092 Domini
2269 1052 2385 1092 non
2417 1035 2785 1092 obliviscaris.
2824 1037 3044 1093 Etenim
3081 1037 3257 1092 etiam
3299 1037 3396 1108 qui
3434 1037 3644 1109 ligatus

2014 1134 2116 1197 est,
2153 1129 2198 1184 si
2239 1129 2343 1184 sibi
2385 1129 2456 1185 sit
2495 1131 2752 1186 conscius
2793 1130 3090 1198 libertatis,
3124 1130 3370 1185 oblivisci
3409 1129 3640 1186 liberta-

2014 1227 2129 1279 tem
2179 1239 2340 1278 suam
2393 1240 2510 1279 non
2563 1223 2792 1292 desinit,
2839 1229 2896 1280 et
2947 1240 3173 1280 causam
3226 1240 3640 1296 nonnunquam

2013 1316 2150 1372 dicit
2175 1333 2206 1372 e
2232 1316 2472 1372 vinculis
2501 1317 2637 1389 (83),
2666 1333 2905 1389 eamque
2945 1317 3051 1372 sibi
3084 1317 3280 1388 legum
3307 1318 3639 1389 praescripto

2014 1409 2291 1478 defendit,
2338 1427 2403 1466 ac
2441 1409 2658 1481 judicio
2706 1410 3041 1482 frequenter
3084 1410 3344 1466 absolvit.
3391 1414 3538 1481 Ergo
3585 1414 3642 1466 et

2012 1509 2075 1560 tu
2105 1505 2150 1558 si
2191 1504 2530 1575 peccaveris,
2570 1519 2794 1559 memor
2833 1509 2952 1560 esto
2993 1503 3156 1574 legis.
3191 1504 3246 1559 Si
3296 1505 3638 1575 peccaveris,

2012 1613 2237 1652 memor
2278 1601 2396 1652 esto
2445 1596 2672 1666 Christi,
2709 1596 2810 1669 qui
2848 1599 2905 1652 te
2946 1597 3149 1652 liberat
3187 1597 3420 1652 dicens:
3464 1618 3492 1649 ‹‹
3518 1599 3638 1669 Ego

271 1690 504 1745 vinculo
541 1689 769 1745 invidia
794 1707 909 1762 qua
941 1691 1275 1763 frequenter
1315 1691 1491 1747 etiam
1527 1692 1703 1746 frater
1735 1708 1908 1763 appe-
1932 1673 1988 1745 Β
2013 1707 2158 1758 sum,
2197 1707 2306 1762 ego
2347 1707 2474 1746 sum
2515 1690 2614 1762 qui
2655 1690 2822 1746 deleo
2866 1689 3282 1761 iniquitates...,
3321 1696 3378 1746 et
3420 1707 3642 1747 memor

273 1785 430 1850 titur,
465 1783 697 1840 vinculo
737 1783 1083 1840 crudelitatis
1119 1801 1234 1856 qua
1274 1801 1690 1857 nonnunquam
1726 1785 1912 1840 socius

274 1884 330 1931 et
374 1877 696 1933 conformis
747 1877 1038 1934 occiditur.
1083 1880 1208 1934 Haec
1256 1885 1390 1935 sunt
1439 1879 1664 1936 vincula
1703 1878 1910 1952 quibus

273 1972 476 2041 ligatus
525 1973 919 2044 unusquisque
965 1972 1288 2040 inclinatur,
1335 1977 1398 2028 ut
1445 1974 1694 2028 animam
1746 1989 1908 2028 suam

274 2066 450 2120 levare
501 2081 624 2120 non
667 2066 860 2137 possit,
903 2082 1014 2123 nec
1060 2066 1290 2121 obtutus
1335 2066 1409 2121 ad
1451 2067 1654 2122 coelum
1704 2067 1909 2122 mentis

270 2158 517 2229 erigere,
571 2159 685 2213 nisi
735 2159 888 2214 dicat
933 2159 985 2214 ei
1026 2159 1305 2215 Dominus
1342 2177 1357 2214 :
1409 2160 1683 2215 Dimissus
1732 2178 1792 2214 es
1837 2160 1908 2215 ab

267 2252 606 2306 inﬁrmitate
635 2258 730 2307 tua
749 2253 932 2322 (Ibid.,
955 2254 1064 2323 t2),
1093 2257 1150 2308 et
1177 2269 1418 2310 munere
1439 2270 1570 2308 eum
1595 2270 1712 2309 sure
1740 2253 1908 2309 bene-

264 2345 535 2400 dictionis
574 2346 844 2401 erexerit.
890 2347 1019 2400 Htec
1055 2350 1190 2401 sunt
1229 2347 1633 2403 sceleratorum
1683 2347 1907 2402 vincula

262 2456 384 2510 quae
424 2439 581 2493 dure
635 2444 958 2509 peccatores
989 2439 1169 2511 ligant
1199 2440 1328 2510 (82),
1357 2440 1464 2495 hoc
1507 2443 1612 2506 est,
1650 2439 1906 2495 diabolus

267 2539 320 2586 et
339 2532 604 2586 ministri
650 2531 794 2602 ejus,
831 2532 920 2586 vel
960 2537 1111 2588 certe
1149 2533 1416 2601 Nemrod,
1457 2533 1566 2588 hoc
1602 2537 1708 2601 est,
1749 2550 1902 2588 ama-

279 2626 484 2695 ritudo,
521 2625 612 2680 vel
658 2630 811 2680 certe
852 2627 1017 2693 Esau,
1052 2625 1157 2681 hoc
1194 2631 1298 2694 est,
1344 2632 1607 2682 terrenus
1648 2631 1706 2682 et
1745 2627 1902 2684 calli-

283 2721 404 2772 dus.
447 2719 536 2773 lsti
590 2719 750 2773 enim
796 2722 1090 2775 venatores
1132 2726 1318 2787 erant,
1359 2720 1457 2791 qui
1497 2721 1646 2776 feras
1684 2721 1905 2793 laqueis

273 2818 500 2883 captare
537 2821 982 2882 consueverant,
1015 2819 1074 2869 et
1106 2817 1264 2869 muta
1305 2814 1624 2870 animantia
1668 2815 1905 2870 vinculis

265 2907 509 2977 illigare.
581 2906 816 2961 Inutiles
864 2910 1185 2976 venatores,
1244 2907 1343 2978 qui
1398 2906 1624 2978 capiant
1671 2907 1900 2978 bestias,

263 3016 388 3072 qua:
437 3015 726 3071 pompam
770 2999 1092 3070 spectaculo
1135 2999 1397 3072 populari
1440 3001 1756 3072 praebeant,
1793 3003 1900 3057 mi-

264 3093 576 3149 nisterium
621 3092 962 3148 crudelitati.
1014 3093 1267 3165 Denique
1316 3094 1538 3150 nullum
1581 3095 1905 3151 invenimus

268 3191 320 3244 in
359 3190 696 3244 divinarum
739 3189 887 3245 serie
928 3188 1353 3261 Scripturarum
1382 3189 1454 3246 de
1482 3192 1904 3248 veneratoribus

262 3284 483 3352 justum
493 3323 506 3336 .

328 3377 422 3432 43.
469 3379 545 3431 At
597 3391 731 3431 vero
777 3375 874 3430 illa
920 3375 1145 3432 vincula
1191 3379 1346 3444 sunt,
1387 3381 1448 3432 ut
1497 3376 1634 3448 dixi,
1676 3377 1904 3433 Domini

263 3471 416 3538 Jesn,
464 3485 642 3540 quem
695 3475 1028 3541 sequuntur,
1074 3469 1263 3541 inquit
1305 3469 1479 3541 (Osee,
1526 3487 1602 3541 χι,
1647 3472 1725 3540 4),
1779 3471 1898 3526 alli-

266 3566 376 3634 gati
421 3563 694 3631 vinculis,
724 3563 830 3618 hoc
873 3568 977 3629 est,
1005 3562 1240 3618 vinculis
1281 3564 1495 3620 astricti
1535 3564 1819 3620 charitatis
1845 3567 1903 3620 et

265 3657 506 3722 amoris,
537 3656 675 3712 ﬁdei
703 3656 938 3711 vinculis
961 3655 1192 3727 alligati.
1226 3655 1374 3712 Licet
1413 3657 1492 3712 sic
1529 3657 1704 3729 possit
1730 3657 1898 3713 intel-

263 3751 360 3821 ligi
391 3768 406 3804 :
437 3750 670 3820 Alligati
701 3749 940 3805 vinculis
967 3749 1254 3805 Christum
1282 3757 1622 3822 sequuntur,
1651 3752 1761 3806 hoc
1791 3757 1897 3819 est,

264 3849 636 3914 peccatorum
684 3846 743 3898 et
781 3843 1085 3898 criminum
1127 3843 1514 3911 remissorem,
1551 3845 1770 3901 fontem
1811 3845 1898 3900 in-

260 3938 716 4008 dulgentiamm,
764 3935 1182 4008 redemptionis
1225 3944 1536 3993 auctorem.
1581 3939 1901 4011 Sequemur

259 4048 399 4102 ergo
431 4031 664 4086 vincula
702 4030 930 4098 Christi,
963 4030 1251 4103 fugiamus
1274 4031 1502 4086 vincula
1532 4035 1895 4103 venatorum;

258 4142 330 4180 ne
365 4125 509 4180 dum
557 4123 892 4192 incedimus,
936 4124 1076 4180 dum
1121 4125 1474 4197 ignoramus,
1517 4125 1752 4197 laqueos
1797 4143 1895 4182 eo-

259 4235 392 4273 rum
419 4235 528 4289 pes
556 4221 765 4273 nostrze
792 4218 999 4274 mentis
1025 4218 1299 4286 incurrat,
1323 4235 1426 4275 nec
1456 4219 1665 4274 animte
1691 4223 1899 4274 nostrai

257 4312 545 4366 cervicem
567 4310 808 4366 nexibus
832 4310 1168 4366 inseramus.
1192 4311 1537 4367 lnsidiantur
1561 4312 1714 4368 enim
1735 4313 1898 4384 quasi

2011 1801 2124 1839 non
2153 1800 2250 1840 ero
2273 1784 2430 1855 (Isa.,
2459 1801 2606 1852 mn,
2634 1784 2746 1855 25).
2783 1805 2810 1834 ››
2842 1785 3032 1854 ipsum
3058 1783 3260 1840 diebus
3289 1801 3354 1840 ac
3379 1785 3640 1840 noctibus

2011 1882 2163 1946 tene,
2187 1877 2294 1949 ipsi
2322 1880 2421 1934 tua
2445 1878 2720 1933 conﬁtere
2746 1881 2992 1949 peccata.

2081 1973 2168 2026 45.
2213 1972 2391 2041 (Vers.
2437 1972 2550 2042 62.)
2599 1972 2772 2026 Docet
2813 1976 2868 2027 te
2908 1971 3192 2043 Propheta
3231 1971 3517 2043 quomodo
3555 1975 3638 2027 te-

2011 2081 2144 2120 neas
2176 2064 2483 2122 Dominum
2523 2066 2713 2120 Iesum
2744 2081 2758 2120 :
2791 2065 2973 2120 Media
3005 2069 3174 2128 nocte,
3212 2064 3416 2138 inquit,
3449 2081 3638 2136 surge-

2009 2159 2133 2214 bam
2161 2159 2238 2214 ad
2259 2159 2616 2230 conﬁtendum
2653 2159 2768 2223 tibi,
2809 2174 2972 2228 super
2989 2159 3212 2228 judicia
3243 2160 3478 2228 justitia:
3511 2165 3635 2214 tuae.

2007 2253 2131 2308 Non
2162 2252 2300 2308 satis
2323 2257 2408 2308 est
2433 2251 2553 2308 dies
2580 2251 2655 2306 ad
2683 2251 3132 2324 deprecandum,
3163 2253 3515 2324 surgendum
3553 2257 3639 2308 est

2007 2352 2064 2402 et
2093 2351 2278 2415 nocte,
2305 2349 2362 2402 et
2385 2345 2574 2401 media
2600 2350 2790 2402 nocte.
2823 2347 2946 2417 Ipse
2977 2347 3255 2402 Dominus
3285 2347 3636 2418 pernoctavit

2007 2440 2064 2495 in
2092 2440 2457 2512 oratione,_ut
2482 2442 2537 2495 te
2563 2438 2796 2511 proprio
2821 2439 2890 2495 ad
2919 2439 3349 2512 deprecandum
3369 2440 3637 2496 invitaret

2006 2534 2290 2605 exemplo,
2335 2538 2393 2589 et
2425 2533 2624 2604 utique
2661 2533 2904 2604 peccatis
2943 2533 3054 2588 tuis
3089 2533 3182 2588 ille
3216 2533 3634 2605 indulgentiam

2005 2626 2354 2697 postulabat;
2398 2626 2723 2697 postulabat
2749 2643 2782 2680 a
2809 2628 2995 2693 Patre,
3025 2626 3370 2698 operabatur
3401 2628 3635 2699 propria

2004 2721 2293 2776 voluntate
2319 2720 2454 2790 (84).
2492 2721 2616 2774 Non
2654 2719 2758 2774 tibi
2789 2719 2927 2774 dicit
2959 2720 3259 2790 Propheta,
3290 2727 3352 2775 ut
3379 2726 3632 2776 tantum-

2003 2813 2177 2869 modo
2206 2811 2394 2869 media
2431 2815 2595 2868 nocte
2637 2827 2866 2883 surgas;
2897 2813 2996 2867 sed
3033 2817 3098 2868 ut
3134 2829 3332 2884 surgas
3367 2819 3549 2882 nocte,
3579 2818 3635 2870 et

2002 2907 2246 2962 maxime
2274 2911 2438 2962 nocte
2464 2905 2680 2961 media.
2709 2907 2878 2961 Nocte
2919 2905 3078 2962 enim
3121 2906 3469 2977 surgendum
3499 2910 3632 2962 ante

2002 2999 2278 3072 prtemisit
2315 2999 2510 3055 dicens
2545 3016 2558 3054 :
2607 3002 2810 3057 Memor
2843 3000 2934 3067 fui
2975 3001 3036 3054 in
3069 3007 3222 3056 nocte
3257 3002 3490 3056 nominis
3527 3003 3631 3065 tui,

2002 3096 2224 3150 Domine
2259 3093 2492 3165 (Supra,
2524 3109 2665 3150 vers.
2695 3093 2804 3164 55).
2841 3094 3035 3149 Potest
3076 3093 3467 3165 unusquisque
3505 3110 3630 3149 me-

2002 3204 2132 3242 mor
2159 3204 2302 3257 esse,
2342 3192 2399 3244 et
2442 3204 2557 3242 non
2596 3203 2866 3258 surgere;
2908 3190 3098 3258 potest
3141 3187 3531 3259 unusquisque
3574 3191 3631 3242 et

2001 3297 2260 3352 surgere,
2289 3284 2346 3337 et
2374 3297 2504 3336 cum
2532 3281 2860 3351 surrexerit,
2885 3297 2952 3336 ea
2977 3296 3108 3354 quin
3134 3281 3366 3353 proprio
3394 3281 3631 3336 arbitrio

2002 3374 2275 3442 sederint,
2323 3374 2625 3446 postulare.
2677 3374 2905 3431 Addidit
2950 3393 2962 3428 :
3011 3374 3196 3430 Media
3246 3379 3400 3430 nocte
3443 3390 3632 3444 surge-

2001 3468 2145 3532 bam,
2199 3468 2406 3523 docens
2455 3466 2810 3539 surgendum
2861 3483 2984 3522 esse
3034 3467 3226 3523 media
3279 3469 3462 3522 nocte.
3519 3467 3633 3523 Nec

2002 3561 2249 3617 otiosum
2295 3567 2379 3616 est
2419 3561 2569 3632 quod
2615 3560 2927 3631 adjunxit:
2972 3561 3064 3616 Ad
3109 3562 3465 3630 conﬁtendum
3509 3562 3631 3625 tibi,

2000 3654 2108 3710 hoc
2137 3658 2242 3724 est,
2274 3657 2339 3710 ut
2367 3654 2460 3709 illo
2500 3654 2745 3708 maxime
2793 3659 3050 3725 tempore
3096 3653 3388 3725 deprecari
3428 3655 3629 3723 Deum,

2001 3753 2060 3803 et
2101 3747 2330 3819 propria
2371 3747 2685 3802 debeamus
2727 3747 2938 3802 deﬂere
2994 3750 3249 3818 peccata;
3293 3763 3397 3802 nec
3441 3748 3627 3801 solum

2000 3841 2302 3912 praeteritis
2345 3839 2572 3895 veniam
2616 3841 2926 3910 postulare,
2970 3839 3067 3894 sed
3107 3839 3279 3894 etiam
3325 3841 3629 3909 praesentia

2001 3934 2304 4002 declinare,
2337 3933 2540 3989 futuris
2579 3949 2813 4002 cavere;
2845 3932 3030 3990 multa
3065 3932 3223 3988 enim
3263 3932 3356 3988 illo
3386 3932 3444 3987 in
3477 3938 3624 3988 tem-

1999 4044 2134 4100 pore
2159 4033 2516 4083 tentamenta
2549 4030 2916 4099 proserpunt.

2069 4123 2159 4177 46.
2211 4122 2364 4176 Tunc
2402 4122 2584 4176 fervet
2637 4121 2822 4176 carnis
2858 4120 3154 4192 illecebra;
3199 4124 3334 4177 tunc
3381 4123 3632 4177 tentator

2000 4215 2218 4285 illudit;
2270 4215 2535 4286 coquitur
2581 4214 2761 4285 cibus,
2809 4221 3088 4287 potusque
3143 4214 3449 4287 digeritur;
3510 4221 3626 4272 sto—

1999 4309 2235 4364 machus
2261 4324 2436 4380 aeger,
2470 4325 2639 4363 mens
2664 4308 3044 4376 somnolenta,
3075 4308 3299 4363 animus
3323 4313 3633 4380 occupatus

260 4404 501 4476 pessimi
519 4407 853 4474 venatores;
881 4411 937 4460 et
961 4405 1190 4477 quando
1209 4421 1616 4478 prosperorum
1641 4404 1690 4478 1
1706 4404 1899 4478 072
1920 4409 1978 4481 D
2003 4406 2106 4457 est.
2165 4403 2360 4473 itaque
2404 4406 2505 4456 aut
2543 4401 2859 4474 quiescenti
2903 4402 3053 4456 calor
3095 4401 3310 4473 soporis
3363 4405 3628 4472 augetur,

261 4504 476 4554 eventu
539 4498 798 4554 animum
865 4500 1215 4568 relaxamus,
1273 4516 1337 4554 ac
1401 4500 1666 4555 secundis
1733 4500 1901 4554 rebus

261 4593 637 4658 remittimus,
666 4609 774 4647 nec
803 4592 1068 4648 excubias
1093 4593 1376 4648 cautionis
1399 4593 1681 4650 habemus
1707 4593 1896 4648 inten-

263 4693 366 4754 las,
397 4690 542 4740 tunc
578 4686 706 4756 plus
738 4685 954 4756 jactant
994 4687 1226 4758 laqueos
1264 4703 1417 4756 suos,
1443 4689 1543 4740 aut
1581 4687 1640 4740 in
1677 4687 1762 4740 via
1789 4704 1901 4758 qua

261 4779 655 4846 ambulamus,
705 4779 1091 4848 abscondunt;
1144 4783 1208 4834 ut
1255 4796 1386 4835 cum
1435 4779 1648 4835 fuerint
1700 4797 1897 4836 eorum

262 4875 485 4946 laqueis
553 4873 760 4928 innexa
820 4872 1096 4945 vestigia,
1162 4873 1391 4929 trahant
1457 4891 1571 4947 quo
1634 4891 1897 4929 securum

324 5068 426 5128 (8t)
471 5067 625 5116 Inter
664 5065 1051 5130 episcoporum
1104 5066 1389 5131 privilegia
1436 5067 1574 5118 illud
1613 5071 1732 5118 erat
1765 5067 1898 5118 olim

259 5152 378 5189 non
414 5138 733 5198 minimum,
762 5142 828 5188 ut
859 5142 1083 5202 possent
1118 5139 1282 5190 certis
1318 5138 1514 5189 diebus
1547 5141 1602 5188 in
1646 5139 1898 5191 custodia

261 5215 518 5260 servatos
550 5208 722 5272 adire,
759 5213 929 5273 atque
958 5210 1146 5260 audita
1189 5211 1433 5273 ipsorum
1473 5223 1658 5270 causa,
1694 5222 1792 5272 pro
1832 5209 1900 5258 iis

262 5281 416 5344 apud
471 5279 685 5343 judices
737 5281 1096 5332 intervenire.
1157 5281 1280 5331 Hoc
1342 5281 1517 5345 liquet
1575 5294 1643 5331 ex
1691 5280 1786 5330 lib.
1837 5291 1898 5330 1x

262 5348 405 5400 Cod.
450 5350 687 5412 Theod.,
728 5353 807 5401 tit.
851 5352 900 5412 3,
948 5353 1051 5416 leg.
1092 5355 1169 5414 tt,
1215 5357 1270 5403 et
1312 5351 1526 5402 Comm.
1576 5349 1800 5402 Godetr.
1841 5351 1897 5398 in

261 5422 526 5474 eamdem
571 5423 766 5486 legem.
811 5423 920 5474 Sed
960 5423 1096 5474 illud
1140 5425 1306 5474 etiam
1354 5424 1556 5473 clarius
1598 5434 1900 5485 cognoscas

261 5508 326 5542 ex
363 5495 398 5543 ι.
440 5505 550 5544 χιιι
574 5493 824 5557 Append.
866 5493 1002 5544 Cod.
1043 5494 1252 5545 Theod.
1292 5508 1402 5558 qua
1443 5495 1610 5556 impp.
1656 5494 1800 5542 Hon.
1845 5496 1899 5543 et

263 5565 480 5614 Theod.
537 5564 772 5614 liberum
816 5567 1054 5616 carceris
1092 5565 1305 5615 aditum
1352 5565 1613 5628 episc0po
1655 5563 1898 5614 visitanti

261 5643 456 5700 patere
510 5637 711 5700 jubent
759 5644 815 5687 ut
867 5637 1152 5687 medicatur
1200 5650 1385 5700 egros,
1444 5637 1723 5700 inquiunt,
1784 5634 1898 5684 atat

260 5722 550 5774 pauperes,
611 5708 901 5760 consuletur
952 5709 1181 5758 insontes
1229 5723 1245 5756 :
1295 5714 1341 5758 et
1395 5721 1511 5757 cum
1571 5707 1895 5770 singulorum

2001 4502 2100 4550 aut
2149 4495 2406 4566 vigilanti
2458 4495 2718 4550 nondum
2771 4495 2989 4566 plenior
3042 4495 3263 4550 refusus
3307 4498 3393 4550 est
3443 4495 3626 4568 vigor,

1999 4589 2096 4660 qui
2149 4604 2408 4644 errorum
2458 4603 2654 4642 cavere
2711 4587 2885 4658 possit
2933 4587 3209 4642 incursus.
3257 4588 3410 4643 Tunc
3452 4589 3631 4659 igitur

2002 4685 2252 4736 tentator
2297 4680 2525 4748 assistit,
2575 4684 2710 4735 tunc
2757 4681 2901 4735 retia
2941 4681 3100 4751 jacit,
3147 4681 3355 4752 quibus
3398 4681 3626 4736 turbare

2000 4775 2180 4847 possit
2205 4779 2460 4829 mentem
2489 4773 2885 4845 improvidam.
2926 4775 3078 4829 Tunc
3117 4774 3398 4846 spiritales
3422 4774 3622 4844 nequi-

1999 4870 2093 4924 tiae.
2123 4868 2392 4924 tenebras
2425 4867 2766 4931 offundunt;
2808 4872 2946 4923 tunc
2985 4884 3156 4924 omne
3198 4868 3352 4924 nefas
3387 4867 3625 4922 suadere

1999 5077 2192 5115 causas
2239 5065 2574 5129 cognoverit;
2612 5064 3012 5115 interventiones
3055 5077 3182 5116 suas
3220 5063 3366 5127 apud
3397 5063 3626 5126 iudicem

1999 5140 2361 5198 competentcm
2388 5149 2483 5184 suo
2499 5137 2626 5198 jure
2645 5136 2965 5196 moderetur,
2994 5139 3098 5186 etc.

2063 5207 2160 5268 (82)
2195 5206 2342 5256 Edit.
2380 5205 2536 5257 Rom.
2572 5206 2710 5267 sola,
2746 5207 2934 5270 quibus
2965 5206 3100 5255 dure
3132 5211 3432 5270 peccatores
3460 5205 3627 5268 ligant

1998 5276 2265 5333 diabolus,
2291 5281 2396 5331 etc.

2062 5349 2160 5410 (83)
2191 5348 2320 5398 Mss.
2352 5360 2450 5397 sex
2477 5384 2490 5408 ,
2518 5348 2582 5397 Et
2608 5360 2672 5396 ca
2699 5359 2816 5410 quae
2841 5345 2942 5395 sibi
2968 5345 3072 5408 lege
3094 5351 3215 5396 sunt
3249 5346 3625 5410 praescripta...

1998 5418 2306 5471 absolvitur.
2354 5419 2460 5469 Alii
2505 5423 2788 5482 quatuor:
2837 5418 2902 5466 Et
2944 5430 3089 5481 aqua
3124 5417 3226 5468 sibi
3275 5416 3444 5481 legum
3487 5431 3625 5482 pra—

1997 5492 2254 5553 scripta...
2277 5488 2585 5540 absolvitur.
2606 5487 2827 5548 Crateri,
2845 5500 2910 5537 ac
2931 5487 3059 5538 edit.
3083 5487 3375 5538 nobiscum
3397 5490 3623 5539 factum.

1999 5562 2106 5612 Hic
2136 5565 2320 5612 autem
2356 5560 2523 5623 legum
2550 5558 2935 5622 praescriptum,
2958 5557 3105 5609 idem
3132 5563 3218 5610 est
3246 5564 3413 5623 atque
3439 5560 3624 5622 legum

1998 5633 2276 5692 deﬁnitio,
2308 5644 2406 5681 seu
2439 5629 2777 5678 constitutio.

2063 5706 2155 5767 (81)
2190 5703 2346 5754 Rom.
2380 5703 2509 5751 edit.
2555 5700 2698 5761 sola,
2729 5699 3053 5764 operabatur
3086 5703 3310 5767 propria
3355 5706 3622 5767 potestate.
