3958 6166
437 197 570 250 1383

1873 194 1928 247 8.
1970 191 2283 249 AMBROSII

3622 205 3738 262 1384

433 315 807 384 contendunt,
857 315 1086 388 quando
1130 316 1317 370 nullus
1366 315 1580 371 arbiter
1623 317 1825 388 culpae,
1869 317 2059 373 nullus
2080 317 2418 403 Aplerique
2453 321 2586 372 sunt
2626 316 2909 388 ejusmodi
2956 315 3096 387 dies,
3129 319 3193 372 ut
3222 316 3409 372 statim
3445 323 3742 385 meridianis

435 411 690 466 criminis
729 410 1008 478 conscius,
1037 409 1225 464 nullus
1269 412 1457 480 potest
1483 425 1604 464 esse
1644 411 1849 464 erroris
1879 411 2056 466 testis.

434 504 587 558 Tunc
612 503 793 558 varias
829 501 1266 573 disceptationes
1292 502 1574 573 peccatori
1611 503 1939 558 dormitanti
1969 503 2056 558 in-

434 597 712 666 fundunt;
748 601 808 650 ut
841 595 1030 667 primo
1071 595 1142 650 de
1184 598 1328 650 statu
1371 594 1628 668 1073
1667 597 1876 652 mentis
1916 596 2056 666 deji-

437 691 586 745 ciant
612 689 1006 759 reluctantem,
1049 694 1105 744 et
1140 688 1465 760 aliquorum
1504 689 1817 766 quisancti
1845 688 2058 744 haben-

439 787 551 851 tur,
609 785 964 855 proponatur
1013 782 1364 855 exemplum,
1416 782 1572 854 quod
1621 782 1699 837 illi
1754 782 2060 853 aliquando

439 876 806 948 deliquerint,
839 875 938 931 sed
965 882 1160 948 postea
1188 875 1414 930 veniam
1439 876 1553 931 sint
1581 876 1799 947 adepti,
1831 879 1889 930 et
1913 880 2063 931 texe-

441 971 553 1026 rint
605 969 898 1041 superiora
957 969 1184 1025 delicta.
1238 970 1378 1024 Nam
1428 970 1530 1024 etsi
1583 984 1813 1024 omnem
1863 985 2060 1024 emen-

441 1063 736 1119 dationem
786 1062 962 1119 nostri
1013 1063 1274 1118 inimicus
1327 1079 1531 1117 exosus
1583 1062 1687 1130 sit;
1741 1067 1941 1117 tamen
1992 1062 2064 1118 ad

443 1163 698 1229 tempus,
749 1160 811 1210 ut
859 1156 1063 1212 sobriae
1107 1155 1316 1210 mentis
1358 1156 1542 1211 virum
1595 1155 1772 1226 possit
1823 1155 2062 1225 elidere,

443 1250 746 1322 praetendit
806 1250 1056 1305 futuram
1121 1248 1574 1320 indulgentiam,
1639 1253 1702 1304 ut
1762 1249 2066 1320 praesentia

440 1348 671 1415 peccata
700 1343 1069 1416 persuadeat;
1108 1346 1166 1396 et
1205 1358 1335 1397 cum
1371 1341 1663 1414 impulerit
1699 1342 1952 1414 aliquem
1993 1343 2066 1398 ad

445 1437 652 1492 erroris
690 1451 1006 1503 assensum,
1045 1435 1092 1489 si
1135 1434 1342 1490 viderit
1383 1451 1517 1490 eum
1553 1435 1676 1506 jam
1716 1451 1830 1490 non
1871 1451 2066 1492 amore

443 1530 662 1585 virtutis
691 1546 724 1584 a
749 1529 936 1600 culpa,
968 1528 1066 1584 sed
1085 1544 1271 1600 pcenae
1296 1529 1776 1601 contemplatione
1797 1529 2064 1597 revocari,

443 1623 640 1678 inserit
680 1622 858 1677 varias
903 1622 1357 1694 disceptationes,
1396 1627 1460 1677 ut
1497 1621 1643 1678 dicat
1686 1621 1790 1677 sibi
1821 1639 1834 1677 :
1878 1643 1905 1671 ‹‹
1934 1621 2068 1687 Quis

443 1732 536 1771 me
563 1716 749 1772 videt?
779 1717 844 1771 Et
872 1693 1123 1770 tenebrae
1150 1715 1503 1771 circumdant
1531 1732 1644 1783 me,
1676 1721 1734 1772 et
1756 1716 2064 1788 parietes...
2086 1693 2144 1766 B

445 1827 618 1882 quem
661 1825 861 1865 vereor
897 1808 1110 1878 (Eccli.,
1158 1825 1312 1876 xxm,
1361 1812 1452 1877 25,
1499 1810 1636 1882 26)?
1675 1832 1701 1860 ››
1751 1811 1874 1866 Non
1913 1810 2069 1865 videt

445 1903 784 1971 Altissimus,
817 1919 929 1958 non
957 1902 1030 1957 ad
1058 1919 1189 1959 eum
1220 1908 1449 1974 peccata
1473 1909 1671 1959 nostra
1701 1904 2065 1974 perveniunt,

443 2013 558 2052 non
585 1995 853 2068 dignatur
877 2001 1132 2068 spectare
1161 2012 1289 2068 qua:
1322 1995 1512 2067 turpia
1539 2002 1690 2052 sunt.
1719 1998 1846 2052 Πεεο
1871 1997 2068 2069 utique

447 2107 554 2145 usu
597 2090 976 2161 exemploque
1015 2089 1438 2160 cognoscimus;
1476 2106 1651 2146 nemo
1693 2090 1846 2146 enim
1885 2094 2072 2162 potest

447 2199 568 2238 esse
595 2199 796 2256 expers
818 2183 1168 2238 tentationis.

519 2278 607 2331 t7.
637 2278 851 2349 Itaque,
883 2281 950 2332 ut
974 2280 1199 2348 tempus
1225 2277 1332 2332 hoc
1359 2275 1544 2332 habile
1573 2280 1658 2332 est
1682 2274 2068 2345 tentamentis,

448 2371 526 2426 ita
556 2371 728 2425 etiam
777 2374 1000 2441 tempus
1037 2376 1120 2426 est
1156 2386 1360 2442 paenae,
1403 2370 1556 2441 quod
1594 2386 1660 2424 ex
1705 2369 1946 2424 lectione
1986 2368 2069 2423 di-

448 2465 582 2519 vina
612 2479 915 2535 possumus
950 2463 1194 2519 edoceri.
1224 2465 1345 2518 Non
1378 2463 1535 2518 enim
1578 2463 1756 2518 otiose
1801 2461 2073 2518 Dominus

450 2559 594 2612 Deus
623 2563 818 2612 noster
857 2573 987 2612 cum
1026 2560 1220 2628 posset
1258 2572 1595 2629 quocunque
1623 2559 1922 2612 momento
1954 2555 2070 2626 pri-

449 2651 642 2706 mitiva
684 2649 1073 2722 {Egyptiorum
1114 2650 1497 2722 exstinguere,
1543 2650 1652 2705 hoc
1685 2654 1880 2704 tamen
1924 2653 2072 2703 tem-

450 2761 555 2816 pus
598 2743 783 2799 dolori
814 2747 871 2798 et
910 2744 1085 2799 luctui
1113 2743 1423 2815 peccatoris
1452 2742 1830 2815 opportunius
1850 2741 2072 2813 judica-

447 2838 547 2893 vit.
583 2837 673 2893 Sic
705 2837 859 2892 enim
905 2837 1177 2909 scriptum
1218 2840 1322 2905 est,
1363 2837 1495 2909 quia
1524 2837 1712 2892 media
1751 2841 1917 2892 nocte
1959 2835 2074 2906 pri-

448 2931 726 3003 mogeniti
750 2931 1148 3002 Egyptiorum
1185 2930 1348 2986 liberi
1391 2930 1462 2986 ab
1497 2930 1938 2985 exterminatore
1963 2929 2079 2983 sint

450 3025 783 3096 interempti
810 3023 1034 3095 (Emod.,
1061 3040 1160 3091 xu,
1187 3024 1300 3095 29).
1332 3023 1578 3095 Ideoque
1613 3027 1838 3078 sanctus
1861 3023 2076 3095 Moyses
2096 3059 2152 3134 Ο

452 3119 758 3189 propheta,
823 3123 884 3170 ut
949 3117 1060 3171 hoc
1123 3115 1464 3188 praeveniret
1527 3121 1771 3187 tempus,
1836 3132 1900 3170 ac
1953 3115 2076 3170 sine

452 3211 817 3266 Hebraeorum
847 3209 1044 3264 fraude
1075 3209 1366 3277 transiret,
1397 3225 1612 3281 agnum
1643 3215 1775 3265 ante
1807 3209 2074 3264 immola-

452 3303 550 3371 vit,
580 3303 686 3358 hoc
717 3308 822 3370 est,
853 3303 1106 3373 vesperi;
1137 3305 1201 3356 ut
1230 3302 1646 3358 manducantes
1672 3319 1827 3372 eum,
1859 3306 1917 3356 et
1946 3303 2074 3356 Pas-

453 3398 560 3453 cha
595 3396 820 3452 Domini
864 3395 1234 3464 celebrantes,
1281 3412 1393 3451 non
1439 3399 1854 3468 occuparentur
1891 3397 2076 3451 exter-

456 3491 756 3546 minatoris
799 3489 1044 3556 insidiis;
1083 3505 1153 3544 ne
1191 3489 1438 3545 inermes
1477 3493 1536 3545 et
1568 3505 1771 3544 vacuos
1811 3489 2079 3561 spiritalis

452 3584 709 3639 alimenti
756 3587 1031 3638 nocturna
1075 3583 1293 3655 spicula
1333 3582 1619 3638 tenebrosi
1657 3582 1829 3638 hostis
1880 3582 2076 3654 oppri-

453 3681 697 3733 merent.

523 3775 611 3827 48.
653 3773 778 3826 Haec
817 3771 1124 3842 diligenter
1167 3770 1416 3838 intende,
1458 3769 1767 3841 prudenter
1805 3768 2077 3840 intellige,

453 3865 690 3922 sollicite
734 3865 984 3936 require.
1029 3866 1148 3919 Non
1201 3863 1586 3936 perfunctorie
1634 3863 1741 3918 ista
1789 3861 2077 3931 dicuntur,

453 3961 550 4015 sed
597 3960 783 4014 divina
826 3958 932 4013 tibi
973 3958 1241 4030 mysteria
1293 3959 1673 4012 declarantur.
1721 3955 1968 4011 Praeveni
2025 3959 2082 4011 et

455 4059 514 4108 tu
563 4053 793 4108 insidias
838 4051 1154 4121 tentatoris,
1193 4051 1441 4106 instaura
1481 4050 1637 4121 prius
1679 4050 1903 4104 cceleste
1943 4065 2078 4104 con-

452 4146 688 4201 vivium.
713 4145 991 4199 lndictum
1007 4149 1090 4199 est
1099 4143 1550 4215 jejunium,cave
1574 4160 1645 4198 ne
1668 4143 2079 4215 negligas(85).

456 4242 523 4294 Et
551 4233 600 4293 si
625 4245 678 4294 te
703 4240 884 4293 fames
912 4237 1312 4310 quotidianum
1346 4237 1502 4308 cogit
1533 4237 1600 4291 ad
1628 4236 1952 4308 prandium,
1984 4241 2084 4291 aut

455 4332 900 4404 intemperantia
949 4331 1193 4385 declinat
1238 4329 1557 4402 jejunium,
1615 4333 1806 4384 tamen
1869 4330 2081 4385 caelesti

2159 410 2312 466 horis
2337 410 2650 466 adveniend
2660 427 2756 464 um
2773 410 2846 466 sit
2867 410 2927 464 in
2949 410 3266 478 ecclesiam,
3289 415 3521 469 canendi
3545 417 3740 490 hymni,

2159 503 2496 558 celebranda
2530 503 2756 558 oblatio.
2788 505 2942 558 Tunc
2986 503 3184 576 utique
3220 507 3446 575 paratus
3469 509 3666 579 assiste,
3691 522 3746 570 ut

2160 597 2402 668 accipias
2428 596 2530 652 tibi
2555 597 3016 667 munimentum;
3049 603 3107 651 ut
3137 613 3341 668 corpus
3371 599 3504 654 edas
3541 602 3746 662 Domini

2159 692 2318 760 Jesu,
2367 690 2425 746 in
2481 706 2596 762 quo
2639 690 2895 746 remissio
2960 695 3321 761 peccatorum
3370 695 3482 760 est,
3524 699 3746 764 postula-

2161 784 2242 839 tio
2279 783 2487 838 divinac
2527 784 2999 839 reconciliationis
3039 788 3096 838 et
3134 784 3499 855 protectionis
3524 791 3747 847 aeternas.

2163 876 2395 948 Suscipe
2431 880 2562 932 ante
2603 877 2905 932 Dominum
2951 878 3145 932 Jesum
3187 881 3300 932 tuae
3343 879 3540 933 mentis
3583 881 3749 953 hospi-

2162 969 2278 1039 tio;
2308 969 2403 1024 ubi
2448 986 2652 1042 corpus
2686 971 2827 1042 ejus,
2857 970 2934 1024 ibi
2978 969 3233 1025 Christus
3269 973 3372 1026 est.
3411 971 3547 1027 Cum
3581 973 3750 1045 hospi-

2163 1063 2309 1119 tium
2337 1066 2499 1119 tuum
2541 1063 2906 1119 adversarius
2946 1063 3149 1118 viderit
3183 1068 3516 1134 occupatum
3543 1069 3753 1122 caelestis

2165 1157 2389 1228 fulgore
2435 1157 2777 1228 prmsentiae,
2825 1156 3146 1228 intelligens
3192 1158 3380 1212 locum
3421 1162 3755 1215 tentamentis

2165 1251 2280 1305 suis
2308 1250 2681 1305 interclusum
2720 1266 2989 1326 esse'per
3025 1249 3336 1319 Christum,
3375 1250 3553 1322 fugiet
3586 1268 3646 1306 ac
3678 1271 3751 1307 re-

2166 1343 2357 1411 cedet;
2387 1347 2444 1398 et
2483 1347 2543 1398 tu
2589 1329 3109 1398 mediam‘noctem
3157 1343 3280 1398 sine
3326 1343 3439 1398 ulla
3477 1343 3755 1400 offensione

2166 1436 2457 1492 transibis.
2489 1437 2776 1492 Admonet
2807 1437 2981 1491 etiam
3018 1436 3353 1491 sacriﬁcium
3383 1438 3755 1507 vespertinum,

2168 1533 2232 1584 ut
2258 1545 2552 1601 nunquam
2579 1529 2867 1586 Christum
2905 1529 3264 1585 obliviscaris.
3300 1529 3420 1584 Non
3455 1536 3608 1601 potes
3639 1531 3756 1585 obli-

2167 1623 2327 1693 visci,
2361 1621 2618 1694 1074
2656 1638 2787 1678 cum
2824 1624 3034 1678 lectum
3074 1622 3350 1692 ascendis,
3386 1622 3506 1694 ejus
3541 1624 3758 1689 Domini,

2169 1717 2259 1772 cui
2289 1715 2347 1770 in
2387 1732 2587 1772 occasu
2633 1715 2746 1772 diei
2781 1732 3007 1787 precem
3047 1716 3280 1785 fuderis,
3313 1717 3412 1787 qui
3445 1717 3759 1770 esurientem

2170 1814 2224 1866 te
2275 1810 2363 1865 sui
2419 1808 2670 1881 corporis
2731 1809 2914 1880 epulis
2974 1809 3306 1881 expleverit.
3374 1810 3590 1866 Etenim
3635 1810 3761 1881 quod

2168 1903 2387 1975 vesperi
2441 1903 2795 1974 cogitaveris,
2841 1903 2952 1958 cito
3001 1920 3130 1958 cum
3179 1902 3553 1974 evigilaveris,
3597 1919 3758 1957 recen-

2169 1997 2335 2053 sebis.
2382 1996 2658 2053 Excitabit
2701 1999 2756 2052 te
2799 1996 2922 2068 ipse
2973 1996 3246 2052 Dominus
3287 1998 3479 2063 Iesus;
3521 1995 3760 2051 admone-

2169 2090 2253 2146 bit
2275 2095 2340 2146 ut
2365 2105 2584 2162 surgas,
2623 2096 2680 2144 et
2719 2106 2788 2145 eo
2826 2096 3082 2162 tempore
3124 2106 3288 2145 arma
3326 2089 3592 2145 orationis
3628 2105 3760 2143 assu-

2170 2201 2314 2254 mas,
2345 2201 2458 2256 quo
2479 2184 2621 2239 solet
2647 2183 2938 2239 incursare
2962 2186 3225 2239 tentator.

2243 2279 2331 2333 49.
2379 2277 2539 2333 Unde
2581 2293 2697 2332 non
2751 2277 2926 2332 otiose
2973 2278 3179 2332 Paulus
3221 2276 3511 2349 apostolus
3550 2281 3602 2330 et
3650 2274 3765 2330 Silas

2172 2371 2315 2426 trusi
2348 2371 2408 2426 in
2447 2386 2756 2439 carcerem,
2794 2387 2922 2425 cum
2968 2371 3027 2425 in
3068 2386 3241 2426 nervo
3280 2369 3462 2442 pedes
3504 2367 3764 2432 haberent,

2174 2465 2365 2520 media
2389 2467 2580 2520 tamen
2610 2469 2774 2519 nocte
2799 2463 3112 2535 surgebant
3140 2463 3352 2519 mentis
3371 2461 3623 2533 vestigio,
3651 2476 3764 2514 exo-

2175 2558 2375 2613 rabant
2415 2557 2746 2628 Dominum,
2785 2562 2843 2613 et
2879 2557 3060 2613 laudis
3099 2555 3446 2612 sacrificium
3473 2553 3768 2610 deferebant

2174 2652 2344 2724 (Act,
2371 2667 2480 2721 xvi,
2506 2653 2620 2721 25).
2662 2651 2915 2723 Ideoque
2962 2650 3057 2705 ubi
3100 2666 3218 2706 non
3262 2649 3448 2706 defuit
3489 2645 3768 2703 devotionis

2177 2744 2463 2812 officium,
2526 2744 2708 2800 adfuit
2779 2745 2949 2800 etiam
3025 2743 3402 2798 absolutionis
3460 2739 3766 2797 remedium.

2177 2838 2370 2894 Subito
2417 2838 2573 2892 enim
2615 2837 2805 2894 media
2849 2839 3016 2892 nocte
3060 2842 3226 2893 terra:
3270 2841 3460 2892 motus
3500 2835 3670 2889 factus
3703 2835 3770 2885 est

2177 2931 2432 3002 grandis,
2469 2931 2549 2986 ita
2587 2934 2650 2986 ut
2684 2935 2842 2986 mota
2885 2935 3073 2986 essent
3117 2930 3498 2985 fundamenta
3542 2925 3769 2988 carceris,

2176 3025 2350 3080 valvae
2388 3028 2624 3096 apertae,
2667 3024 2927 3080 omnium
2970 3024 3194 3080 vincula
3238 3025 3432 3079 soluta
3469 3021 3579 3076 sint
3613 3017 3768 3090 (ιὸίἀυ

2175 3119 2288 3190 26).
2316 3117 2494 3173 Audis
2533 3117 3019 3190 quemadmodum
3061 3117 3109 3172 si
3136 3117 3350 3189 ligatus
3378 3115 3567 3181 fueris,
3596 3110 3772 3183 quibus

2176 3212 2461 3280 manibus,
2491 3211 2695 3283 quibus
2739 3211 3004 3282 operibus
3043 3209 3163 3282 ipse
3200 3215 3256 3266 te
3297 3210 3496 3278 solvas,
3531 3202 3768 3278 quemad-

2177 3305 2411 3360 modum
2449 3305 2708 3360 custodes
2751 3304 2955 3360 timere
2993 3319 3108 3359 non
3147 3303 3376 3374 possis?
3418 3303 3595 3371 Surge
3623 3297 3773 3368 igitur

2177 3398 2249 3452 ad
2287 3398 2658 3470 precandum.
2696 3398 2777 3452 Ea
2818 3398 2960 3452 hora
3003 3402 3108 3465 est,
3147 3412 3260 3468 qua
3311 3398 3560 3451 tentator
3595 3402 3772 3445 nocere

2179 3491 2491 3559 consuevit,
2537 3494 2594 3546 et
2636 3490 2892 3562 nequitia
2937 3490 3229 3546 consuevit
3270 3490 3512 3544 irruere.
3550 3487 3620 3540 Ea
3657 3483 3774 3537 hora

2180 3591 2284 3655 est,
2331 3601 2446 3656 qua
2488 3584 2636 3639 solet
2676 3584 2944 3639 adversus
2986 3583 3334 3639 tentationes
3383 3596 3576 3654 graves
3617 3589 3772 3631 reme-

2179 3677 2335 3734 dium
2364 3678 2555 3733 venire
2585 3677 2832 3732 caeleste.
2862 3677 3272 3732 Excubandum
3323 3675 3424 3731 tibi
3455 3677 3556 3741 est,
3593 3687 3656 3726 ne
3681 3683 3775 3739 qua

2179 3771 2380 3827 fraude
2427 3771 2695 3841 vincaris;
2738 3770 3151 3842 providendum
3193 3777 3254 3824 ut
3298 3787 3368 3826 eo
3408 3772 3650 3838 tempore
3682 3775 3774 3832 quo

2179 3869 2338 3937 potes
2371 3865 2616 3933 vincere,
2647 3879 3012 3936 nequaquam
3049 3864 3319 3920 vincendi
3367 3868 3592 3932 tempus
3629 3854 3772 3912 amit-

2181 3964 2284 4014 tas.

2252 4055 2340 4108 50.
2395 4053 2464 4106 Et
2507 4051 2642 4123 quia
2685 4051 3003 4108 orationem
3046 4066 3167 4107 esse
3216 4049 3574 4107 subeundam
3615 4039 3773 4100 media

2182 4152 2347 4202 nocte
2378 4144 2646 4215 diximus,
2675 4161 2792 4200 non
2819 4144 3008 4199 minus
3029 4144 3202 4200 etiam
3221 4145 3294 4201 de
3317 4139 3636 4215 hujusmodi
3654 4130 3799 4192 hora'

2181 4239 2297 4294 diei
2317 4238 2616 4294 dicendum
2647 4237 2906 4308 videtur;
2936 4229 3220 4293 contraria
3247 4237 3405 4293 enim
3432 4234 3544 4292 diei
3567 4247 3668 4288 nox
3687 4229 3770 4283 est.

2180 4331 2322 4396 Quid
2365 4332 2518 4387 enim
2564 4332 2674 4386 luci
2719 4346 3020 4387 commune
3058 4347 3190 4386 cum
3237 4327 3529 4387 tenebris?
3566 4327 3629 4382 Et
3667 4321 3773 4375 ideo

453 4427 639 4498 magis
677 4433 732 4480 te
775 4428 997 4480 servato
1035 4423 1312 4480 convivio.
1351 4425 1472 4478 Non
1517 4423 1698 4494 epulae
1740 4427 1949 4495 paratae
1981 4440 2076 4478 ex-
2099 4427 2410 4502 Dadversa
2447 4426 2554 4480 sibi
2590 4425 2795 4481 eadem
2839 4430 3114 4480 nocturna
3154 4430 3240 4480 est
3283 4424 3372 4480 vel
3402 4423 3618 4479 diurna.
3648 4415 3774 4472 Sicut

455 4524 780 4592 torqueant,
812 4523 873 4574 ut
916 4519 1157 4574 caelestis
1200 4518 1277 4572 sis
1315 4533 1521 4572 vacuus
1563 4517 1922 4572 sacramenti.
1963 4518 2076 4573 Dif-

452 4615 538 4669 fer
586 4612 1019 4684 aliquantulum,
1067 4628 1184 4666 non
1229 4613 1397 4682 longe
1448 4611 1580 4666 finis
1625 4614 1710 4666 est
1767 4611 1911 4678 diei;
1962 4611 2081 4665 imo

518 4809 615 4871 (85)
647 4807 818 4858 Multa
849 4820 918 4858 ex
953 4806 1059 4856 hoc
1094 4805 1219 4857 loco
1261 4807 1378 4856 erui
1423 4809 1684 4870 possunt,
1715 4805 1920 4870 quibus
1959 4806 2081 4855 illu-

453 4884 659 4931 stratur
686 4878 1079 4929 ecclesiastica:
1106 4878 1416 4941 priscorum
1438 4882 1746 4942 temporum
1769 4876 2080 4940 disciplinae

452 4952 714 5016 cognitio.
764 4951 910 5000 Hinc
953 4950 1103 4999 enim
1144 4949 1320 5011 primo
1363 4950 1580 5012 jejunii,
1627 4961 1757 4998 cum
1809 4947 2081 4998 indictum

454 5025 682 5083 fuisset,
737 5021 806 5072 ad
863 5033 1040 5085 usque
1092 5019 1202 5069 diei
1263 5019 1433 5070 ﬁnem
1503 5019 1759 5070 servandi
1821 5019 2082 5082 obligatio

453 5093 778 5145 declaratur.
829 5090 1044 5142 Deinde
1090 5089 1438 5141 consuetudo
1478 5089 1809 5141 sacramenti
1857 5089 2077 5139 Eucha-

454 5166 625 5215 ristiaa
672 5179 783 5215 non
829 5163 938 5213 nisi
982 5175 1075 5212 ore
1117 5163 1308 5225 jejuno
1363 5161 1663 5222 recipiendi
1715 5159 2024 5210 ostenditur
2067 5174 2079 5209 :

457 5242 574 5286 tum
623 5235 1051 5286 Mediolanensis
1089 5234 1357 5285 Ecclesiae
1403 5246 1538 5282 usus
1589 5234 1838 5282 innuitur
1885 5231 2082 5282 diebus

455 5307 682 5358 Sabbati
732 5321 798 5358 ac
844 5307 1150 5358 Dominicis
1218 5319 1330 5356 non
1383 5304 1702 5368 jejunandi;
1764 5305 1869 5355 hoc
1931 5305 2080 5354 enim

455 5379 640 5441 colligi
684 5391 844 5442 posse
899 5378 1118 5430 videtur
1164 5390 1233 5428 ex
1287 5376 1394 5426 illis
1441 5375 1642 5438 verbis,
1693 5377 1799 5426 imo
1844 5375 2084 5439 plerique

456 5455 577 5498 sunt
601 5449 856 5511 ejusmodi
891 5450 1022 5508 dies,
1055 5454 1185 5510 etc.,
1224 5461 1351 5512 quae
1394 5447 1623 5511 quidem
1665 5460 1732 5498 eo
1765 5459 1934 5497 sensu
1969 5460 2082 5496 me-

457 5522 566 5570 lius
607 5521 969 5584 explicantur,
1013 5536 1181 5586 quam
1225 5522 1270 5570 si
1310 5521 1378 5571 de
1411 5521 1640 5583 jejuniis
1675 5521 1977 5569 stationum
2019 5533 2083 5569 ea

456 5592 757 5656 intelligas;
806 5605 934 5641 cum
988 5593 1228 5642 maxime
1275 5591 1574 5641 verisimile
1639 5591 1707 5639 sit
1773 5588 2082 5653 quadrage-

457 5663 650 5712 simale
693 5662 966 5726 jejunium
1017 5663 1111 5712 hic
1160 5661 1415 5712 describi.
1474 5661 1667 5711 Postea
1733 5658 2081 5710 celebrandae

457 5734 749 5786 oblationis
793 5734 851 5783 ﬁt
897 5734 1126 5795 mentio,
1173 5747 1341 5799 quam
1375 5733 1712 5784 oblationem
1750 5731 1887 5781 nihil
1933 5731 2083 5782 aliud

2181 4519 2332 4575 enim
2377 4518 2566 4574 media
2606 4523 2766 4574 nocte
2807 4518 3092 4590 primitiva
3127 4518 3530 4590 Egyptiorum
3564 4512 3775 4566 tentator

2182 4612 2385 4668 occidit
2426 4611 2542 4684 (86)
2581 4612 2800 4683 (Emod..
2842 4628 2939 4682 xu,
2982 4610 3094 4683 29),
3139 4615 3195 4666 et
3237 4628 3304 4668 ex
3345 4626 3416 4667 eo
3451 4601 3777 4679 cognoscitur

2181 4819 2321 4869 esse,
2365 4807 2472 4856 nisi
2525 4806 2771 4871 corporis
2819 4804 3021 4858 Christi
3077 4805 3418 4856 sacriﬁcium
3471 4800 3538 4852 ad
3588 4794 3774 4849 Prasiat.

2181 4879 2347 4942 hujus
2375 4879 2556 4942 aperis
2585 4878 3018 4928 observavimus.
3045 4876 3130 4926 Ad
3156 4876 3281 4928 hac
3312 4874 3556 4947 indidem
3581 4874 3776 4947 quoque

2183 4950 2491 5013 intelligere
2516 4953 2600 4999 est
2624 4950 2793 4999 moris
2819 4949 2988 4999 fuisse
3030 4949 3085 4998 in
3130 4949 3383 5000 Ecclesia
3417 4945 3603 5018 Latina
3621 4943 3774 5018 etiam

2178 5012 2380 5085 jejunii
2420 5019 2618 5071 diebus
2661 5020 2997 5072 sacrificium
3041 5019 3256 5081 offerre,
3299 5022 3357 5070 et
3404 5012 3775 5085 Eucharistiatn

2182 5081 2453 5156 accipere,
2479 5095 2667 5142 contra
2708 5105 2878 5156 quam
2919 5093 2976 5141 in
3011 5090 3278 5143 Orientali
3318 5087 3618 5162 obtinebat;
3642 5081 3775 5162 Ιζρξξ·

2181 5152 2409 5213 modum
2435 5152 2772 5213 memoratur
2813 5163 2977 5213 etiam
3025 5163 3405 5226 vespertinum
3449 5152 3773 5226 sacriﬁcium»

2182 5233 2238 5283 id
2277 5239 2376 5296 est,
2417 5235 2586 5284 missa
2627 5234 2952 5298 vespertinis
2993 5219 3146 5284 horis
3183 5231 3383 5283 diebus
3415 5226 3611 5298 jejunii
3647 5219 3774 5298 cele-

2181 5305 2325 5354 brari
2355 5288 2534 5366 solita,
2566 5304 2634 5355 de
2673 5288 2785 5368 qua
2819 5305 2874 5353 in
2916 5316 3074 5354 conc.
3115 5303 3371 5363 Vasensi,
3410 5288 3548 5358 6:3,
3587 5288 3774 5368 laurel.»

2182 5390 2258 5436 Ill,
2283 5390 2334 5428 c.
2373 5377 2452 5438 29,
2496 5365 2805 5436 Matisccn.,
2835 5389 2884 5426 c.
2922 5376 2971 5437 9,
3012 5378 3196 5426 actum
3238 5372 3558 5438 reperimus.
3592 5365 3776 5438 Bacen-

2182 5435 2374 5499 sentur
2397 5435 2640 5512 denique
2676 5435 2966 5497 mirabiles
2990 5445 3157 5510 hujus
3191 5435 3517 5496 sacramenti
3549 5435 3774 5512 eﬂ'ectuﬂi

2182 5507 2596 5570 munimentum
2633 5519 2849 5570 scilicet
2891 5507 3156 5570 adversus
3198 5516 3404 5568 diaboli
3448 5507 3771 5564 tentamenta,

2183 5592 2436 5641 remissio
2464 5596 2840 5655 peccatorum,
2872 5593 2974 5641 etc.

2249 5663 2344 5725 (86)
2374 5649 2686 5713 Sic—omnes
2712 5649 2840 5711 mss.
2865 5666 3034 5726 atque
3058 5661 3210 5722 edit,
3231 5662 3461 5723 excepta
3481 5666 3586 5705 una
3613 5649 3768 5704 Roma

2185 5730 2278 5780 ubi
2306 5732 2544 5796 positum
2583 5737 2684 5794 est,
2715 5734 3099 5783 cxterminalor
3121 5729 3318 5784 occidit.
