  <div class='ocr_page' id='page_1' title='image "/cluster/home/n/w/nwhite01/storage/ocr_20150623/15/hvd.32044048207278/074.png"; bbox 0 0 4082 6186; ppageno 0'>
   <div class='ocr_carea' id='block_1_1' title="bbox 255 197 355 250">
    <p class='ocr_par' dir='ltr' id='par_1_1' title="bbox 255 197 355 250">
     <span class='ocr_line' id='line_1_1' title="bbox 255 197 355 250; baseline -0.02 -1"><span class='ocrx_word' id='word_1_1' title='bbox 255 197 355 250; x_wconf 77' lang='grc'><strong>1383</strong></span> 
     </span>
    </p>
   </div>
   <div class='ocr_carea' id='block_1_2' title="bbox 1301 191 2380 252">
    <p class='ocr_par' dir='ltr' id='par_1_2' title="bbox 1301 191 2380 252">
     <span class='ocr_line' id='line_1_2' title="bbox 1301 191 2380 252; baseline 0.005 -6"><span class='ocrx_word' id='word_1_2' title='bbox 1301 191 1658 249; x_wconf 83' lang='lat' dir='ltr'><strong>EXPOSITIO</strong></span> <span class='ocrx_word' id='word_1_3' title='bbox 1696 193 1760 248; x_wconf 84' lang='lat' dir='ltr'><strong>IN</strong></span> <span class='ocrx_word' id='word_1_4' title='bbox 1802 193 2114 250; x_wconf 80' lang='lat' dir='ltr'><strong>PSALMUM</strong></span> <span class='ocrx_word' id='word_1_5' title='bbox 2153 196 2380 252; x_wconf 85' lang='lat' dir='ltr'><strong>CXVIII.</strong></span> 
     </span>
    </p>
   </div>
   <div class='ocr_carea' id='block_1_3' title="bbox 3384 207 3519 260">
    <p class='ocr_par' dir='ltr' id='par_1_3' title="bbox 3384 207 3519 260">
     <span class='ocr_line' id='line_1_3' title="bbox 3384 207 3519 260; baseline -0.007 0"><span class='ocrx_word' id='word_1_6' title='bbox 3384 207 3519 260; x_wconf 83' lang='grc'><strong>1386</strong></span> 
     </span>
    </p>
   </div>
   <div class='ocr_carea' id='block_1_4' title="bbox 249 315 3518 402">
    <p class='ocr_par' dir='ltr' id='par_1_4' title="bbox 249 315 3518 402">
     <span class='ocr_line' id='line_1_4' title="bbox 249 315 3518 402; baseline 0.003 -30"><span class='ocrx_word' id='word_1_7' title='bbox 249 317 362 390; x_wconf 85' lang='lat' dir='ltr'><strong>quod</strong></span> <span class='ocrx_word' id='word_1_8' title='bbox 390 333 450 371; x_wconf 86' lang='lat' dir='ltr'><strong>ea</strong></span> <span class='ocrx_word' id='word_1_9' title='bbox 482 315 709 370; x_wconf 82' lang='lat' dir='ltr'><strong>maxime</strong></span> <span class='ocrx_word' id='word_1_10' title='bbox 747 315 892 370; x_wconf 90' lang='lat' dir='ltr'><strong>hora</strong></span> <span class='ocrx_word' id='word_1_11' title='bbox 931 317 1201 385; x_wconf 81' lang='lat' dir='ltr'><strong>operetur</strong></span> <span class='ocrx_word' id='word_1_12' title='bbox 1233 316 1625 382; x_wconf 89' lang='lat' dir='ltr'><strong>adversarius;</strong></span> <span class='ocrx_word' id='word_1_13' title='bbox 1660 317 1737 372; x_wconf 85' lang='lat' dir='ltr'><strong>ita</strong></span> <span class='ocrx_word' id='word_1_14' title='bbox 1766 333 1795 372; x_wconf 89' lang='lat' dir='ltr'><strong>e</strong></span> <span class='ocrx_word' id='word_1_15' title='bbox 1818 330 1875 402; x_wconf 78' lang='grc' dir='ltr'><strong>Α</strong></span> <span class='ocrx_word' id='word_1_16' title='bbox 1896 319 2011 373; x_wconf 84' lang='lat' dir='ltr'><strong>sive</strong></span> <span class='ocrx_word' id='word_1_17' title='bbox 2042 319 2345 374; x_wconf 81' lang='lat' dir='ltr'><strong>salubriter</strong></span> <span class='ocrx_word' id='word_1_18' title='bbox 2377 320 2650 387; x_wconf 90' lang='lat' dir='ltr'><strong>valemus,</strong></span> <span class='ocrx_word' id='word_1_19' title='bbox 2681 320 2736 374; x_wconf 92' lang='lat' dir='ltr'><strong>id</strong></span> <span class='ocrx_word' id='word_1_20' title='bbox 2763 321 2997 392; x_wconf 86' lang='lat' dir='ltr'><strong>justitiae</strong></span> <span class='ocrx_word' id='word_1_21' title='bbox 3039 324 3262 379; x_wconf 88' lang='lat' dir='ltr'><strong>Domini</strong></span> <span class='ocrx_word' id='word_1_22' title='bbox 3298 328 3518 383; x_wconf 86' lang='lat' dir='ltr'><strong>defera-</strong></span> 
     </span>
    </p>
   </div>
   <div class='ocr_carea' id='block_1_5' title="bbox 247 408 1794 480">
    <p class='ocr_par' dir='ltr' id='par_1_5' title="bbox 247 408 1794 480">
     <span class='ocr_line' id='line_1_5' title="bbox 247 408 1794 480; baseline -0.001 -15"><span class='ocrx_word' id='word_1_23' title='bbox 247 409 464 465; x_wconf 78' lang='lat' dir='ltr'><strong>contrario</strong></span> <span class='ocrx_word' id='word_1_24' title='bbox 496 408 635 480; x_wconf 90' lang='lat' dir='ltr'><strong>quod</strong></span> <span class='ocrx_word' id='word_1_25' title='bbox 681 408 1006 463; x_wconf 87' lang='lat' dir='ltr'><strong>meridiano</strong></span> <span class='ocrx_word' id='word_1_26' title='bbox 1050 410 1533 480; x_wconf 87' lang='lat' dir='ltr'><strong>tempore.virtus</strong></span> <span class='ocrx_word' id='word_1_27' title='bbox 1587 410 1794 465; x_wconf 66' lang='lat' dir='ltr'><strong>divina:</strong></span> 
     </span>
    </p>
   </div>
   <div class='ocr_carea' id='block_1_6' title="bbox 242 501 1795 573">
    <p class='ocr_par' dir='ltr' id='par_1_6' title="bbox 242 501 1795 573">
     <span class='ocr_line' id='line_1_6' title="bbox 242 501 1795 573; baseline -0.001 -13"><span class='ocrx_word' id='word_1_28' title='bbox 242 504 342 560; x_wconf 85' lang='lat' dir='ltr'><strong>lucis</strong></span> <span class='ocrx_word' id='word_1_29' title='bbox 375 505 636 573; x_wconf 78' lang='lat' dir='ltr'><strong>operetur.</strong></span> <span class='ocrx_word' id='word_1_30' title='bbox 683 501 841 557; x_wconf 88' lang='lat' dir='ltr'><strong>Unde</strong></span> <span class='ocrx_word' id='word_1_31' title='bbox 876 505 934 556; x_wconf 90' lang='lat' dir='ltr'><strong>et</strong></span> <span class='ocrx_word' id='word_1_32' title='bbox 973 502 1263 558; x_wconf 80' lang='lat' dir='ltr'><strong>Abraham</strong></span> <span class='ocrx_word' id='word_1_33' title='bbox 1305 503 1449 558; x_wconf 90' lang='lat' dir='ltr'><strong>circa</strong></span> <span class='ocrx_word' id='word_1_34' title='bbox 1495 503 1795 559; x_wconf 88' lang='lat' dir='ltr'><strong>meridiem</strong></span> 
     </span>
    </p>
   </div>
   <div class='ocr_carea' id='block_1_7' title="bbox 241 594 1795 668">
    <p class='ocr_par' dir='ltr' id='par_1_7' title="bbox 241 594 1795 668">
     <span class='ocr_line' id='line_1_7' title="bbox 241 594 1795 668; baseline -0.001 -16"><span class='ocrx_word' id='word_1_35' title='bbox 241 595 403 652; x_wconf 81' lang='lat' dir='ltr'><strong>sobrias</strong></span> <span class='ocrx_word' id='word_1_36' title='bbox 436 594 690 650; x_wconf 80' lang='lat' dir='ltr'><strong>tendebat</strong></span> <span class='ocrx_word' id='word_1_37' title='bbox 731 594 1012 666; x_wconf 83' lang='lat' dir='ltr'><strong>excubias,</strong></span> <span class='ocrx_word' id='word_1_38' title='bbox 1043 599 1100 650; x_wconf 90' lang='lat' dir='ltr'><strong>et</strong></span> <span class='ocrx_word' id='word_1_39' title='bbox 1141 595 1274 650; x_wconf 92' lang='lat' dir='ltr'><strong>boni</strong></span> <span class='ocrx_word' id='word_1_40' title='bbox 1312 596 1533 668; x_wconf 92' lang='lat' dir='ltr'><strong>aliquos</strong></span> <span class='ocrx_word' id='word_1_41' title='bbox 1571 613 1795 668; x_wconf 89' lang='lat' dir='ltr'><strong>exspec-</strong></span> 
     </span>
    </p>
   </div>
   <div class='ocr_carea' id='block_1_8' title="bbox 238 688 1791 761">
    <p class='ocr_par' dir='ltr' id='par_1_8' title="bbox 238 688 1791 761">
     <span class='ocr_line' id='line_1_8' title="bbox 238 688 1791 761; baseline 0 -17"><span class='ocrx_word' id='word_1_42' title='bbox 238 690 348 744; x_wconf 83' lang='lat' dir='ltr'><strong>tabat</strong></span> <span class='ocrx_word' id='word_1_43' title='bbox 371 691 607 756; x_wconf 78' lang='lat' dir='ltr'><strong>eventus,</strong></span> <span class='ocrx_word' id='word_1_44' title='bbox 638 688 830 742; x_wconf 88' lang='lat' dir='ltr'><strong>levans</strong></span> <span class='ocrx_word' id='word_1_45' title='bbox 859 688 1052 744; x_wconf 91' lang='lat' dir='ltr'><strong>oculos</strong></span> <span class='ocrx_word' id='word_1_46' title='bbox 1077 705 1208 744; x_wconf 88' lang='lat' dir='ltr'><strong>suos</strong></span> <span class='ocrx_word' id='word_1_47' title='bbox 1238 691 1418 761; x_wconf 68' lang='lat' dir='ltr'><strong>(Gem,</strong></span> <span class='ocrx_word' id='word_1_48' title='bbox 1449 706 1598 756; x_wconf 81' lang='lat' dir='ltr'><strong>XVIII,</strong></span> <span class='ocrx_word' id='word_1_49' title='bbox 1642 694 1686 757; x_wconf 91' lang='lat' dir='ltr'><strong>l,</strong></span> <span class='ocrx_word' id='word_1_50' title='bbox 1715 689 1791 760; x_wconf 81' lang='lat'><strong>2),</strong></span> 
     </span>
    </p>
   </div>
   <div class='ocr_carea' id='block_1_9' title="bbox 235 781 1795 855">
    <p class='ocr_par' dir='ltr' id='par_1_9' title="bbox 235 781 1795 855">
     <span class='ocr_line' id='line_1_9' title="bbox 235 781 1795 855; baseline 0.002 -20"><span class='ocrx_word' id='word_1_51' title='bbox 235 799 278 835; x_wconf 81' lang='lat' dir='ltr'><strong>ac</strong></span> <span class='ocrx_word' id='word_1_52' title='bbox 297 782 509 836; x_wconf 86' lang='lat' dir='ltr'><strong>ﬁnitima</strong></span> <span class='ocrx_word' id='word_1_53' title='bbox 530 781 897 852; x_wconf 79' lang='lat' dir='ltr'><strong>perlustrans,</strong></span> <span class='ocrx_word' id='word_1_54' title='bbox 928 782 1080 854; x_wconf 91' lang='lat' dir='ltr'><strong>quod</strong></span> <span class='ocrx_word' id='word_1_55' title='bbox 1117 798 1184 838; x_wconf 91' lang='lat' dir='ltr'><strong>eo</strong></span> <span class='ocrx_word' id='word_1_56' title='bbox 1211 788 1467 855; x_wconf 92' lang='lat' dir='ltr'><strong>tempore</strong></span> <span class='ocrx_word' id='word_1_57' title='bbox 1495 783 1795 840; x_wconf 89' lang='lat' dir='ltr'><strong>advenien-</strong></span> 
     </span>
    </p>
   </div>
   <div class='ocr_carea' id='block_1_10' title="bbox 233 875 1794 949">
    <p class='ocr_par' dir='ltr' id='par_1_10' title="bbox 233 875 1794 949">
     <span class='ocr_line' id='line_1_10' title="bbox 233 875 1794 949; baseline 0.002 -20"><span class='ocrx_word' id='word_1_58' title='bbox 233 882 317 929; x_wconf 83' lang='lat' dir='ltr'><strong>tem</strong></span> <span class='ocrx_word' id='word_1_59' title='bbox 340 875 559 947; x_wconf 86' lang='lat' dir='ltr'><strong>gratiam</strong></span> <span class='ocrx_word' id='word_1_60' title='bbox 584 875 687 930; x_wconf 90' lang='lat' dir='ltr'><strong>sibi</strong></span> <span class='ocrx_word' id='word_1_61' title='bbox 709 881 1012 946; x_wconf 68' lang='lat' dir='ltr'><strong>quaereret.</strong></span> <span class='ocrx_word' id='word_1_62' title='bbox 1048 877 1147 931; x_wconf 93' lang='lat' dir='ltr'><strong>lllo</strong></span> <span class='ocrx_word' id='word_1_63' title='bbox 1178 877 1352 948; x_wconf 83' lang='lat' dir='ltr'><strong>igitur</strong></span> <span class='ocrx_word' id='word_1_64' title='bbox 1377 881 1634 949; x_wconf 89' lang='lat' dir='ltr'><strong>tempore</strong></span> <span class='ocrx_word' id='word_1_65' title='bbox 1663 894 1794 932; x_wconf 93' lang='lat' dir='ltr'><strong>cum</strong></span> 
     </span>
    </p>
   </div>
   <div class='ocr_carea' id='block_1_11' title="bbox 232 969 1791 1043">
    <p class='ocr_par' dir='ltr' id='par_1_11' title="bbox 232 969 1791 1043">
     <span class='ocr_line' id='line_1_11' title="bbox 232 969 1791 1043; baseline 0.003 -21"><span class='ocrx_word' id='word_1_66' title='bbox 232 969 401 1023; x_wconf 87' lang='lat' dir='ltr'><strong>duobus</strong></span> <span class='ocrx_word' id='word_1_67' title='bbox 426 969 633 1040; x_wconf 86' lang='lat' dir='ltr'><strong>angelis</strong></span> <span class='ocrx_word' id='word_1_68' title='bbox 675 971 886 1024; x_wconf 85' lang='lat' dir='ltr'><strong>sanctis</strong></span> <span class='ocrx_word' id='word_1_69' title='bbox 925 971 1145 1025; x_wconf 88' lang='lat' dir='ltr'><strong>divinus</strong></span> <span class='ocrx_word' id='word_1_70' title='bbox 1187 971 1238 1026; x_wconf 93' lang='lat' dir='ltr'><strong>ei</strong></span> <span class='ocrx_word' id='word_1_71' title='bbox 1281 971 1487 1043; x_wconf 89' lang='lat' dir='ltr'><strong>hospes</strong></span> <span class='ocrx_word' id='word_1_72' title='bbox 1528 973 1791 1042; x_wconf 88' lang='lat' dir='ltr'><strong>advenit;</strong></span> 
     </span>
    </p>
   </div>
   <div class='ocr_carea' id='block_1_12' title="bbox 227 1063 1793 1136">
    <p class='ocr_par' dir='ltr' id='par_1_12' title="bbox 227 1063 1793 1136">
     <span class='ocr_line' id='line_1_12' title="bbox 227 1063 1793 1136; baseline 0.004 -21"><span class='ocrx_word' id='word_1_73' title='bbox 227 1063 296 1115; x_wconf 90' lang='lat' dir='ltr'><strong>illo</strong></span> <span class='ocrx_word' id='word_1_74' title='bbox 323 1069 551 1132; x_wconf 88' lang='lat' dir='ltr'><strong>tempore</strong></span> <span class='ocrx_word' id='word_1_75' title='bbox 589 1063 874 1119; x_wconf 84' lang='lat' dir='ltr'><strong>Christum</strong></span> <span class='ocrx_word' id='word_1_76' title='bbox 918 1065 1167 1135; x_wconf 85' lang='lat' dir='ltr'><strong>suscepit</strong></span> <span class='ocrx_word' id='word_1_77' title='bbox 1205 1065 1476 1136; x_wconf 91' lang='lat' dir='ltr'><strong>hospitio;</strong></span> <span class='ocrx_word' id='word_1_78' title='bbox 1522 1067 1614 1122; x_wconf 91' lang='lat' dir='ltr'><strong>illo</strong></span> <span class='ocrx_word' id='word_1_79' title='bbox 1655 1070 1793 1122; x_wconf 86' lang='lat' dir='ltr'><strong>tem-</strong></span> 
     </span>
    </p>
   </div>
   <div class='ocr_carea' id='block_1_13' title="bbox 227 1155 1794 1231">
    <p class='ocr_par' dir='ltr' id='par_1_13' title="bbox 227 1155 1794 1231">
     <span class='ocr_line' id='line_1_13' title="bbox 227 1155 1794 1231; baseline 0.004 -23"><span class='ocrx_word' id='word_1_80' title='bbox 227 1171 327 1224; x_wconf 86' lang='lat' dir='ltr'><strong>pore</strong></span> <span class='ocrx_word' id='word_1_81' title='bbox 349 1155 430 1208; x_wconf 92' lang='lat' dir='ltr'><strong>illa</strong></span> <span class='ocrx_word' id='word_1_82' title='bbox 455 1171 578 1225; x_wconf 70' lang='lat' dir='ltr'><strong>qum</strong></span> <span class='ocrx_word' id='word_1_83' title='bbox 616 1157 762 1226; x_wconf 82' lang='lat' dir='ltr'><strong>legis</strong></span> <span class='ocrx_word' id='word_1_84' title='bbox 806 1161 864 1211; x_wconf 90' lang='lat' dir='ltr'><strong>et</strong></span> <span class='ocrx_word' id='word_1_85' title='bbox 887 1156 1184 1228; x_wconf 89' lang='lat' dir='ltr'><strong>intelligis,</strong></span> <span class='ocrx_word' id='word_1_86' title='bbox 1217 1159 1500 1214; x_wconf 88' lang='lat' dir='ltr'><strong>celebrata</strong></span> <span class='ocrx_word' id='word_1_87' title='bbox 1529 1160 1794 1231; x_wconf 87' lang='lat' dir='ltr'><strong>mysteria</strong></span> 
     </span>
    </p>
   </div>
   <div class='ocr_carea' id='block_1_14' title="bbox 225 1248 1792 1321">
    <p class='ocr_par' dir='ltr' id='par_1_14' title="bbox 225 1248 1792 1321">
     <span class='ocr_line' id='line_1_14' title="bbox 225 1248 1792 1321; baseline 0.004 -20"><span class='ocrx_word' id='word_1_88' title='bbox 225 1253 338 1302; x_wconf 90' lang='lat' dir='ltr'><strong>sunt.</strong></span> <span class='ocrx_word' id='word_1_89' title='bbox 360 1248 583 1312; x_wconf 81' lang='lat' dir='ltr'><strong>Quando</strong></span> <span class='ocrx_word' id='word_1_90' title='bbox 610 1250 762 1304; x_wconf 90' lang='lat' dir='ltr'><strong>enim</strong></span> <span class='ocrx_word' id='word_1_91' title='bbox 793 1250 973 1321; x_wconf 87' lang='lat' dir='ltr'><strong>magis</strong></span> <span class='ocrx_word' id='word_1_92' title='bbox 1011 1249 1209 1306; x_wconf 89' lang='lat' dir='ltr'><strong>debuit</strong></span> <span class='ocrx_word' id='word_1_93' title='bbox 1243 1251 1468 1308; x_wconf 85' lang='lat' dir='ltr'><strong>fidelem</strong></span> <span class='ocrx_word' id='word_1_94' title='bbox 1504 1253 1688 1308; x_wconf 91' lang='lat' dir='ltr'><strong>virum</strong></span> <span class='ocrx_word' id='word_1_95' title='bbox 1714 1254 1792 1308; x_wconf 85' lang='lat' dir='ltr'><strong>di-</strong></span> 
     </span>
    </p>
   </div>
   <div class='ocr_carea' id='block_1_15' title="bbox 224 1341 1789 1418">
    <p class='ocr_par' dir='ltr' id='par_1_15' title="bbox 224 1341 1789 1418">
     <span class='ocr_line' id='line_1_15' title="bbox 224 1341 1789 1418; baseline 0.005 -24"><span class='ocrx_word' id='word_1_96' title='bbox 224 1341 318 1394; x_wconf 78' lang='lat' dir='ltr'><strong>vina</strong></span> <span class='ocrx_word' id='word_1_97' title='bbox 342 1341 644 1396; x_wconf 87' lang='lat' dir='ltr'><strong>illuminare</strong></span> <span class='ocrx_word' id='word_1_98' title='bbox 672 1344 993 1412; x_wconf 63' lang='lat' dir='ltr'><strong>praesentia,</strong></span> <span class='ocrx_word' id='word_1_99' title='bbox 1023 1361 1194 1416; x_wconf 90' lang='lat' dir='ltr'><strong>quam</strong></span> <span class='ocrx_word' id='word_1_100' title='bbox 1225 1361 1353 1399; x_wconf 91' lang='lat' dir='ltr'><strong>cum</strong></span> <span class='ocrx_word' id='word_1_101' title='bbox 1395 1346 1491 1400; x_wconf 87' lang='lat' dir='ltr'><strong>lux</strong></span> <span class='ocrx_word' id='word_1_102' title='bbox 1521 1346 1640 1401; x_wconf 91' lang='lat' dir='ltr'><strong>diei</strong></span> <span class='ocrx_word' id='word_1_103' title='bbox 1669 1348 1789 1418; x_wconf 90' lang='lat' dir='ltr'><strong>ple-</strong></span> 
     </span>
    </p>
   </div>
   <div class='ocr_carea' id='block_1_16' title="bbox 224 1435 1792 1511">
    <p class='ocr_par' dir='ltr' id='par_1_16' title="bbox 224 1435 1792 1511">
     <span class='ocr_line' id='line_1_16' title="bbox 224 1435 1792 1511; baseline 0.005 -24"><span class='ocrx_word' id='word_1_104' title='bbox 224 1435 319 1488; x_wconf 86' lang='lat' dir='ltr'><strong>nior</strong></span> <span class='ocrx_word' id='word_1_105' title='bbox 355 1436 687 1505; x_wconf 79' lang='lat' dir='ltr'><strong>refulgeret?</strong></span> <span class='ocrx_word' id='word_1_106' title='bbox 731 1437 1041 1508; x_wconf 79' lang='lat' dir='ltr'><strong>Meritoque</strong></span> <span class='ocrx_word' id='word_1_107' title='bbox 1087 1439 1262 1494; x_wconf 90' lang='lat' dir='ltr'><strong>etiam</strong></span> <span class='ocrx_word' id='word_1_108' title='bbox 1309 1442 1536 1495; x_wconf 90' lang='lat' dir='ltr'><strong>sanctus</strong></span> <span class='ocrx_word' id='word_1_109' title='bbox 1582 1442 1792 1511; x_wconf 85' lang='lat' dir='ltr'><strong>Joseph</strong></span> 
     </span>
    </p>
   </div>
   <div class='ocr_carea' id='block_1_17' title="bbox 224 1528 1790 1604">
    <p class='ocr_par' dir='ltr' id='par_1_17' title="bbox 224 1528 1790 1604">
     <span class='ocr_line' id='line_1_17' title="bbox 224 1528 1790 1604; baseline 0.006 -24"><span class='ocrx_word' id='word_1_110' title='bbox 224 1529 416 1598; x_wconf 83' lang='lat' dir='ltr'><strong>receptis</strong></span> <span class='ocrx_word' id='word_1_111' title='bbox 462 1528 758 1597; x_wconf 85' lang='lat' dir='ltr'><strong>fratribus,</strong></span> <span class='ocrx_word' id='word_1_112' title='bbox 811 1534 870 1584; x_wconf 90' lang='lat' dir='ltr'><strong>et</strong></span> <span class='ocrx_word' id='word_1_113' title='bbox 923 1532 1194 1587; x_wconf 86' lang='lat' dir='ltr'><strong>accersito</strong></span> <span class='ocrx_word' id='word_1_114' title='bbox 1253 1533 1449 1603; x_wconf 90' lang='lat' dir='ltr'><strong>junior</strong></span> <span class='ocrx_word' id='word_1_115' title='bbox 1515 1550 1790 1604; x_wconf 89' lang='lat' dir='ltr'><strong>germano</strong></span> 
     </span>
    </p>
   </div>
   <div class='ocr_carea' id='block_1_18' title="bbox 224 1621 1789 1703">
    <p class='ocr_par' dir='ltr' id='par_1_18' title="bbox 224 1621 1789 1703">
     <span class='ocr_line' id='line_1_18' title="bbox 224 1621 1789 1703; baseline 0.005 -30"><span class='ocrx_word' id='word_1_116' title='bbox 224 1637 354 1690; x_wconf 84' lang='lat' dir='ltr'><strong>quem</strong></span> <span class='ocrx_word' id='word_1_117' title='bbox 389 1621 626 1676; x_wconf 83' lang='lat' dir='ltr'><strong>maxime</strong></span> <span class='ocrx_word' id='word_1_118' title='bbox 671 1622 958 1703; x_wconf 84' lang='lat' dir='ltr'><strong>diligebat,</strong></span> <span class='ocrx_word' id='word_1_119' title='bbox 998 1625 1234 1680; x_wconf 89' lang='lat' dir='ltr'><strong>meridie</strong></span> <span class='ocrx_word' id='word_1_120' title='bbox 1278 1626 1553 1682; x_wconf 84' lang='lat' dir='ltr'><strong>instaurat</strong></span> <span class='ocrx_word' id='word_1_121' title='bbox 1595 1627 1789 1682; x_wconf 89' lang='lat' dir='ltr'><strong>convi-</strong></span> 
     </span>
    </p>
   </div>
   <div class='ocr_carea' id='block_1_19' title="bbox 1897 413 3520 485">
    <p class='ocr_par' dir='ltr' id='par_1_19' title="bbox 1897 413 3520 485">
     <span class='ocr_line' id='line_1_19' title="bbox 1897 413 3520 485; baseline 0.007 -19"><span class='ocrx_word' id='word_1_122' title='bbox 1897 429 2050 479; x_wconf 90' lang='lat' dir='ltr'><strong>mus;</strong></span> <span class='ocrx_word' id='word_1_123' title='bbox 2099 413 2231 483; x_wconf 88' lang='lat' dir='ltr'><strong>quia</strong></span> <span class='ocrx_word' id='word_1_124' title='bbox 2269 413 2456 483; x_wconf 89' lang='lat' dir='ltr'><strong>justus</strong></span> <span class='ocrx_word' id='word_1_125' title='bbox 2499 417 2603 482; x_wconf 90' lang='lat' dir='ltr'><strong>est,</strong></span> <span class='ocrx_word' id='word_1_126' title='bbox 2656 420 2716 467; x_wconf 90' lang='lat' dir='ltr'><strong>ut</strong></span> <span class='ocrx_word' id='word_1_127' title='bbox 2767 431 2909 485; x_wconf 87' lang='lat' dir='ltr'><strong>opus</strong></span> <span class='ocrx_word' id='word_1_128' title='bbox 2958 432 3123 470; x_wconf 90' lang='lat' dir='ltr'><strong>suum</strong></span> <span class='ocrx_word' id='word_1_129' title='bbox 3174 421 3403 475; x_wconf 89' lang='lat' dir='ltr'><strong>tueatur</strong></span> <span class='ocrx_word' id='word_1_130' title='bbox 3453 437 3520 476; x_wconf 88' lang='lat' dir='ltr'><strong>ac</strong></span> 
     </span>
    </p>
   </div>
   <div class='ocr_carea' id='block_1_20' title="bbox 1896 507 3518 580">
    <p class='ocr_par' dir='ltr' id='par_1_20' title="bbox 1896 507 3518 580">
     <span class='ocr_line' id='line_1_20' title="bbox 1896 507 3518 580; baseline 0.006 -22"><span class='ocrx_word' id='word_1_131' title='bbox 1896 510 2098 573; x_wconf 88' lang='lat' dir='ltr'><strong>servet,</strong></span> <span class='ocrx_word' id='word_1_132' title='bbox 2156 511 2217 560; x_wconf 89' lang='lat' dir='ltr'><strong>ut</strong></span> <span class='ocrx_word' id='word_1_133' title='bbox 2267 521 2408 578; x_wconf 92' lang='lat' dir='ltr'><strong>quos</strong></span> <span class='ocrx_word' id='word_1_134' title='bbox 2459 507 2645 561; x_wconf 87' lang='lat' dir='ltr'><strong>nudos</strong></span> <span class='ocrx_word' id='word_1_135' title='bbox 2694 507 2946 563; x_wconf 76' lang='lat' dir='ltr'><strong>indotata</strong></span> <span class='ocrx_word' id='word_1_136' title='bbox 3007 510 3248 580; x_wconf 90' lang='lat' dir='ltr'><strong>quadam</strong></span> <span class='ocrx_word' id='word_1_137' title='bbox 3303 519 3518 569; x_wconf 83' lang='lat' dir='ltr'><strong>naturae</strong></span> 
     </span>
    </p>
   </div>
   <div class='ocr_carea' id='block_1_21' title="bbox 1895 599 3516 676">
    <p class='ocr_par' dir='ltr' id='par_1_21' title="bbox 1895 599 3516 676">
     <span class='ocr_line' id='line_1_21' title="bbox 1895 599 3516 676; baseline 0.005 -24"><span class='ocrx_word' id='word_1_138' title='bbox 1895 603 2043 654; x_wconf 86' lang='lat' dir='ltr'><strong>sorte</strong></span> <span class='ocrx_word' id='word_1_139' title='bbox 2069 599 2128 652; x_wconf 91' lang='lat' dir='ltr'><strong>in</strong></span> <span class='ocrx_word' id='word_1_140' title='bbox 2157 599 2304 654; x_wconf 90' lang='lat' dir='ltr'><strong>hanc</strong></span> <span class='ocrx_word' id='word_1_141' title='bbox 2331 600 2573 671; x_wconf 89' lang='lat' dir='ltr'><strong>projecit</strong></span> <span class='ocrx_word' id='word_1_142' title='bbox 2599 601 2847 672; x_wconf 89' lang='lat' dir='ltr'><strong>corporis</strong></span> <span class='ocrx_word' id='word_1_143' title='bbox 2887 602 3296 671; x_wconf 81' lang='lat' dir='ltr'><strong>infirmitatem,</strong></span> <span class='ocrx_word' id='word_1_144' title='bbox 3323 606 3516 676; x_wconf 87' lang='lat' dir='ltr'><strong>vigore</strong></span> 
     </span>
    </p>
   </div>
   <div class='ocr_carea' id='block_1_22' title="bbox 1893 691 3518 768">
    <p class='ocr_par' dir='ltr' id='par_1_22' title="bbox 1893 691 3518 768">
     <span class='ocr_line' id='line_1_22' title="bbox 1893 691 3518 768; baseline 0.007 -23"><span class='ocrx_word' id='word_1_145' title='bbox 1893 691 2086 758; x_wconf 89' lang='lat' dir='ltr'><strong>animi,</strong></span> <span class='ocrx_word' id='word_1_146' title='bbox 2121 697 2178 748; x_wconf 88' lang='lat' dir='ltr'><strong>et</strong></span> <span class='ocrx_word' id='word_1_147' title='bbox 2219 693 2618 749; x_wconf 81' lang='lat' dir='ltr'><strong>misericordiae.</strong></span> <span class='ocrx_word' id='word_1_148' title='bbox 2666 711 2780 749; x_wconf 63' lang='lat' dir='ltr'><strong>suae</strong></span> <span class='ocrx_word' id='word_1_149' title='bbox 2823 696 2951 750; x_wconf 90' lang='lat' dir='ltr'><strong>dote</strong></span> <span class='ocrx_word' id='word_1_150' title='bbox 2997 713 3274 768; x_wconf 86' lang='lat' dir='ltr'><strong>pauperes</strong></span> <span class='ocrx_word' id='word_1_151' title='bbox 3317 699 3518 756; x_wconf 89' lang='lat' dir='ltr'><strong>vestire</strong></span> 
     </span>
    </p>
   </div>
   <div class='ocr_carea' id='block_1_23' title="bbox 1895 784 3520 863">
    <p class='ocr_par' dir='ltr' id='par_1_23' title="bbox 1895 784 3520 863">
     <span class='ocr_line' id='line_1_23' title="bbox 1895 784 3520 863; baseline 0.005 -25"><span class='ocrx_word' id='word_1_152' title='bbox 1895 784 2182 854; x_wconf 83' lang='lat' dir='ltr'><strong>dignetur.</strong></span> <span class='ocrx_word' id='word_1_153' title='bbox 2235 787 2392 850; x_wconf 88' lang='lat' dir='ltr'><strong>Quod</strong></span> <span class='ocrx_word' id='word_1_154' title='bbox 2449 787 2647 858; x_wconf 86' lang='lat' dir='ltr'><strong>utique</strong></span> <span class='ocrx_word' id='word_1_155' title='bbox 2702 789 2857 843; x_wconf 91' lang='lat' dir='ltr'><strong>omni</strong></span> <span class='ocrx_word' id='word_1_156' title='bbox 2915 791 3204 860; x_wconf 89' lang='lat' dir='ltr'><strong>agendum</strong></span> <span class='ocrx_word' id='word_1_157' title='bbox 3264 794 3520 863; x_wconf 88' lang='lat' dir='ltr'><strong>tempore</strong></span> 
     </span>
    </p>
   </div>
   <div class='ocr_carea' id='block_1_24' title="bbox 1894 878 3520 950">
    <p class='ocr_par' dir='ltr' id='par_1_24' title="bbox 1894 878 3520 950">
     <span class='ocr_line' id='line_1_24' title="bbox 1894 878 3520 950; baseline 0.006 -19"><span class='ocrx_word' id='word_1_158' title='bbox 1894 878 2259 933; x_wconf 85' lang='lat' dir='ltr'><strong>manifestum</strong></span> <span class='ocrx_word' id='word_1_159' title='bbox 2307 883 2411 947; x_wconf 89' lang='lat' dir='ltr'><strong>est,</strong></span> <span class='ocrx_word' id='word_1_160' title='bbox 2457 883 2522 934; x_wconf 90' lang='lat' dir='ltr'><strong>ut</strong></span> <span class='ocrx_word' id='word_1_161' title='bbox 2571 897 2675 935; x_wconf 92' lang='lat' dir='ltr'><strong>nec</strong></span> <span class='ocrx_word' id='word_1_162' title='bbox 2719 882 2831 949; x_wconf 91' lang='lat' dir='ltr'><strong>die,</strong></span> <span class='ocrx_word' id='word_1_163' title='bbox 2879 899 2982 936; x_wconf 91' lang='lat' dir='ltr'><strong>nec</strong></span> <span class='ocrx_word' id='word_1_164' title='bbox 3027 889 3211 950; x_wconf 90' lang='lat' dir='ltr'><strong>nocte,</strong></span> <span class='ocrx_word' id='word_1_165' title='bbox 3254 901 3357 940; x_wconf 91' lang='lat' dir='ltr'><strong>nec</strong></span> <span class='ocrx_word' id='word_1_166' title='bbox 3408 886 3520 940; x_wconf 89' lang='lat' dir='ltr'><strong>ullo</strong></span> 
     </span>
    </p>
   </div>
   <div class='ocr_carea' id='block_1_25' title="bbox 1894 973 3385 1043">
    <p class='ocr_par' dir='ltr' id='par_1_25' title="bbox 1894 973 3385 1043">
     <span class='ocr_line' id='line_1_25' title="bbox 1894 973 3385 1043; baseline 0.003 -17"><span class='ocrx_word' id='word_1_167' title='bbox 1894 974 2151 1042; x_wconf 87' lang='lat' dir='ltr'><strong>tempore</strong></span> <span class='ocrx_word' id='word_1_168' title='bbox 2181 989 2214 1026; x_wconf 90' lang='lat' dir='ltr'><strong>a</strong></span> <span class='ocrx_word' id='word_1_169' title='bbox 2239 973 2550 1043; x_wconf 89' lang='lat' dir='ltr'><strong>gratiarum</strong></span> <span class='ocrx_word' id='word_1_170' title='bbox 2577 974 2799 1030; x_wconf 88' lang='lat' dir='ltr'><strong>actione</strong></span> <span class='ocrx_word' id='word_1_171' title='bbox 2825 975 3136 1030; x_wconf 87' lang='lat' dir='ltr'><strong>debeamus</strong></span> <span class='ocrx_word' id='word_1_172' title='bbox 3167 993 3385 1031; x_wconf 88' lang='lat' dir='ltr'><strong>vacare.</strong></span> 
     </span>
    </p>
   </div>
   <div class='ocr_carea' id='block_1_26' title="bbox 1965 1067 3516 1140">
    <p class='ocr_par' dir='ltr' id='par_1_26' title="bbox 1965 1067 3516 1140">
     <span class='ocr_line' id='line_1_26' title="bbox 1965 1067 3516 1140; baseline 0.005 -21"><span class='ocrx_word' id='word_1_173' title='bbox 1965 1068 2051 1119; x_wconf 80' lang='lat'><strong>53.</strong></span> <span class='ocrx_word' id='word_1_174' title='bbox 2091 1067 2270 1137; x_wconf 89' lang='lat' dir='ltr'><strong>(Vers.</strong></span> <span class='ocrx_word' id='word_1_175' title='bbox 2313 1067 2424 1137; x_wconf 89' lang='lat'><strong>63.)</strong></span> <span class='ocrx_word' id='word_1_176' title='bbox 2471 1067 2734 1139; x_wconf 90' lang='lat' dir='ltr'><strong>Sequitur</strong></span> <span class='ocrx_word' id='word_1_177' title='bbox 2773 1085 2968 1124; x_wconf 91' lang='lat' dir='ltr'><strong>versus</strong></span> <span class='ocrx_word' id='word_1_178' title='bbox 3009 1070 3285 1140; x_wconf 90' lang='lat' dir='ltr'><strong>septimus</strong></span> <span class='ocrx_word' id='word_1_179' title='bbox 3328 1087 3341 1124; x_wconf 91' lang='lat'>:</span> <span class='ocrx_word' id='word_1_180' title='bbox 3379 1074 3516 1126; x_wconf 86' lang='lat' dir='ltr'><strong>Pur-</strong></span> 
     </span>
    </p>
   </div>
   <div class='ocr_carea' id='block_1_27' title="bbox 1895 1162 3514 1230">
    <p class='ocr_par' dir='ltr' id='par_1_27' title="bbox 1895 1162 3514 1230">
     <span class='ocr_line' id='line_1_27' title="bbox 1895 1162 3514 1230; baseline 0.003 -17"><span class='ocrx_word' id='word_1_181' title='bbox 1895 1162 2057 1230; x_wconf 71' lang='lat' dir='ltr'><strong>tz&#39;ceps</strong></span> <span class='ocrx_word' id='word_1_182' title='bbox 2098 1175 2192 1229; x_wconf 88' lang='lat' dir='ltr'><strong>ego</strong></span> <span class='ocrx_word' id='word_1_183' title='bbox 2232 1176 2351 1214; x_wconf 88' lang='lat' dir='ltr'><strong>sum</strong></span> <span class='ocrx_word' id='word_1_184' title='bbox 2394 1163 2632 1215; x_wconf 79' lang='lat' dir='ltr'><strong>omnium</strong></span> <span class='ocrx_word' id='word_1_185' title='bbox 2678 1163 2985 1216; x_wconf 78' lang='lat' dir='ltr'><strong>timentium</strong></span> <span class='ocrx_word' id='word_1_186' title='bbox 3016 1168 3085 1226; x_wconf 84' lang='lat' dir='ltr'><strong>te,</strong></span> <span class='ocrx_word' id='word_1_187' title='bbox 3123 1169 3172 1218; x_wconf 81' lang='lat' dir='ltr'><strong>et</strong></span> <span class='ocrx_word' id='word_1_188' title='bbox 3211 1165 3514 1218; x_wconf 79' lang='lat' dir='ltr'><strong>custodien-</strong></span> 
     </span>
    </p>
   </div>
   <div class='ocr_carea' id='block_1_28' title="bbox 1893 1254 3518 1328">
    <p class='ocr_par' dir='ltr' id='par_1_28' title="bbox 1893 1254 3518 1328">
     <span class='ocr_line' id='line_1_28' title="bbox 1893 1254 3518 1328; baseline 0.002 -21"><span class='ocrx_word' id='word_1_189' title='bbox 1893 1255 2028 1309; x_wconf 74' lang='lat' dir='ltr'><strong>tium</strong></span> <span class='ocrx_word' id='word_1_190' title='bbox 2077 1254 2340 1308; x_wconf 77' lang='lat' dir='ltr'><strong>mandata</strong></span> <span class='ocrx_word' id='word_1_191' title='bbox 2392 1259 2509 1308; x_wconf 77' lang='lat' dir='ltr'><strong>tua.</strong></span> <span class='ocrx_word' id='word_1_192' title='bbox 2563 1254 2741 1308; x_wconf 88' lang='lat' dir='ltr'><strong>Habet</strong></span> <span class='ocrx_word' id='word_1_193' title='bbox 2797 1259 2854 1308; x_wconf 91' lang='lat' dir='ltr'><strong>et</strong></span> <span class='ocrx_word' id='word_1_194' title='bbox 2908 1256 3160 1311; x_wconf 90' lang='lat' dir='ltr'><strong>Christus</strong></span> <span class='ocrx_word' id='word_1_195' title='bbox 3213 1257 3518 1328; x_wconf 89' lang='lat' dir='ltr'><strong>participes</strong></span> 
     </span>
    </p>
   </div>
   <div class='ocr_carea' id='block_1_29' title="bbox 1891 1346 3514 1419">
    <p class='ocr_par' dir='ltr' id='par_1_29' title="bbox 1891 1346 3514 1419">
     <span class='ocr_line' id='line_1_29' title="bbox 1891 1346 3514 1419; baseline 0.004 -21"><span class='ocrx_word' id='word_1_196' title='bbox 1891 1352 2062 1417; x_wconf 89' lang='lat' dir='ltr'><strong>atque</strong></span> <span class='ocrx_word' id='word_1_197' title='bbox 2087 1351 2378 1401; x_wconf 88' lang='lat' dir='ltr'><strong>consortes</strong></span> <span class='ocrx_word' id='word_1_198' title='bbox 2409 1346 2517 1400; x_wconf 89' lang='lat' dir='ltr'><strong>sui.</strong></span> <span class='ocrx_word' id='word_1_199' title='bbox 2547 1347 2802 1417; x_wconf 87' lang='lat' dir='ltr'><strong>Denique</strong></span> <span class='ocrx_word' id='word_1_200' title='bbox 2839 1348 3009 1401; x_wconf 87' lang='lat' dir='ltr'><strong>David</strong></span> <span class='ocrx_word' id='word_1_201' title='bbox 3040 1349 3243 1419; x_wconf 89' lang='lat' dir='ltr'><strong>probat</strong></span> <span class='ocrx_word' id='word_1_202' title='bbox 3277 1351 3470 1405; x_wconf 88' lang='lat' dir='ltr'><strong>dicens</strong></span> <span class='ocrx_word' id='word_1_203' title='bbox 3503 1371 3514 1404; x_wconf 89' lang='lat'><strong>:</strong></span> 
     </span>
    </p>
   </div>
   <div class='ocr_carea' id='block_1_30' title="bbox 1895 1439 3512 1512">
    <p class='ocr_par' dir='ltr' id='par_1_30' title="bbox 1895 1439 3512 1512">
     <span class='ocr_line' id='line_1_30' title="bbox 1895 1439 3512 1512; baseline 0.006 -24"><span class='ocrx_word' id='word_1_204' title='bbox 1895 1460 1921 1488; x_wconf 74' lang='grc' dir='ltr'><strong>ι(</strong></span> <span class='ocrx_word' id='word_1_205' title='bbox 1963 1439 2129 1494; x_wconf 87' lang='lat' dir='ltr'><strong>Unxit</strong></span> <span class='ocrx_word' id='word_1_206' title='bbox 2166 1444 2220 1494; x_wconf 91' lang='lat' dir='ltr'><strong>te</strong></span> <span class='ocrx_word' id='word_1_207' title='bbox 2256 1440 2420 1506; x_wconf 88' lang='lat' dir='ltr'><strong>Deus,</strong></span> <span class='ocrx_word' id='word_1_208' title='bbox 2451 1441 2598 1493; x_wconf 90' lang='lat' dir='ltr'><strong>Deus</strong></span> <span class='ocrx_word' id='word_1_209' title='bbox 2637 1446 2789 1506; x_wconf 89' lang='lat' dir='ltr'><strong>tuus,</strong></span> <span class='ocrx_word' id='word_1_210' title='bbox 2819 1442 2943 1494; x_wconf 91' lang='lat' dir='ltr'><strong>oleo</strong></span> <span class='ocrx_word' id='word_1_211' title='bbox 2973 1442 3182 1496; x_wconf 70' lang='lat' dir='ltr'><strong>laetitia:</strong></span> <span class='ocrx_word' id='word_1_212' title='bbox 3219 1459 3338 1512; x_wconf 84' lang='lat' dir='ltr'><strong>prae</strong></span> <span class='ocrx_word' id='word_1_213' title='bbox 3378 1461 3512 1498; x_wconf 90' lang='lat' dir='ltr'><strong>con-</strong></span> 
     </span>
    </p>
   </div>
   <div class='ocr_carea' id='block_1_31' title="bbox 1891 1532 3515 1607">
    <p class='ocr_par' dir='ltr' id='par_1_31' title="bbox 1891 1532 3515 1607">
     <span class='ocr_line' id='line_1_31' title="bbox 1891 1532 3515 1607; baseline 0.002 -21"><span class='ocrx_word' id='word_1_214' title='bbox 1891 1532 2136 1587; x_wconf 87' lang='lat' dir='ltr'><strong>sortibus</strong></span> <span class='ocrx_word' id='word_1_215' title='bbox 2188 1533 2300 1586; x_wconf 90' lang='lat' dir='ltr'><strong>tuis</strong></span> <span class='ocrx_word' id='word_1_216' title='bbox 2353 1535 2515 1602; x_wconf 82' lang='lat' dir='ltr'><strong>(Psal.</strong></span> <span class='ocrx_word' id='word_1_217' title='bbox 2568 1549 2708 1600; x_wconf 81' lang='lat' dir='ltr'><strong>xuv,</strong></span> <span class='ocrx_word' id='word_1_218' title='bbox 2767 1534 2840 1603; x_wconf 88' lang='grc'><strong>8).</strong></span> <span class='ocrx_word' id='word_1_219' title='bbox 2900 1556 2924 1582; x_wconf 89' lang='grc'><strong>››</strong></span> <span class='ocrx_word' id='word_1_220' title='bbox 2983 1534 3154 1590; x_wconf 86' lang='lat' dir='ltr'><strong>Habet</strong></span> <span class='ocrx_word' id='word_1_221' title='bbox 3212 1536 3515 1607; x_wconf 89' lang='lat' dir='ltr'><strong>participes</strong></span> 
     </span>
    </p>
   </div>
   <div class='ocr_carea' id='block_1_32' title="bbox 1891 1627 3512 1699">
    <p class='ocr_par' dir='ltr' id='par_1_32' title="bbox 1891 1627 3512 1699">
     <span class='ocr_line' id='line_1_32' title="bbox 1891 1627 3512 1699; baseline 0.002 -19"><span class='ocrx_word' id='word_1_222' title='bbox 1891 1627 2111 1692; x_wconf 89' lang='lat' dir='ltr'><strong>carnis,</strong></span> <span class='ocrx_word' id='word_1_223' title='bbox 2179 1627 2317 1698; x_wconf 89' lang='lat' dir='ltr'><strong>quia</strong></span> <span class='ocrx_word' id='word_1_224' title='bbox 2382 1642 2614 1680; x_wconf 88' lang='lat' dir='ltr'><strong>carnem</strong></span> <span class='ocrx_word' id='word_1_225' title='bbox 2679 1627 2961 1697; x_wconf 82' lang='lat' dir='ltr'><strong>suscepit;</strong></span> <span class='ocrx_word' id='word_1_226' title='bbox 3029 1627 3200 1682; x_wconf 88' lang='lat' dir='ltr'><strong>habet</strong></span> <span class='ocrx_word' id='word_1_227' title='bbox 3264 1629 3512 1699; x_wconf 90' lang='lat' dir='ltr'><strong>prophe-</strong></span> 
     </span>
    </p>
   </div>
   <div class='ocr_carea' id='block_1_33' title="bbox 222 1697 3516 1790">
    <p class='ocr_par' dir='ltr' id='par_1_33' title="bbox 222 1697 3516 1790">
     <span class='ocr_line' id='line_1_33' title="bbox 222 1697 3516 1790; baseline 0.003 -25"><span class='ocrx_word' id='word_1_228' title='bbox 222 1714 338 1767; x_wconf 79' lang='lat' dir='ltr'><strong>vium</strong></span> <span class='ocrx_word' id='word_1_229' title='bbox 357 1714 521 1780; x_wconf 67' lang='lat' dir='ltr'><strong>(Gem,</strong></span> <span class='ocrx_word' id='word_1_230' title='bbox 546 1731 701 1782; x_wconf 80' lang='lat' dir='ltr'><strong>mu,</strong></span> <span class='ocrx_word' id='word_1_231' title='bbox 733 1697 840 1787; x_wconf 64' lang='lat' dir='ltr'><strong>lii).</strong></span> <span class='ocrx_word' id='word_1_232' title='bbox 868 1719 1000 1773; x_wconf 86' lang='lat' dir='ltr'><strong>Erat</strong></span> <span class='ocrx_word' id='word_1_233' title='bbox 1037 1719 1192 1773; x_wconf 90' lang='lat' dir='ltr'><strong>enim</strong></span> <span class='ocrx_word' id='word_1_234' title='bbox 1227 1720 1494 1775; x_wconf 89' lang='lat' dir='ltr'><strong>meridies</strong></span> <span class='ocrx_word' id='word_1_235' title='bbox 1521 1720 1579 1774; x_wconf 92' lang='lat' dir='ltr'><strong>in</strong></span> <span class='ocrx_word' id='word_1_236' title='bbox 1612 1721 1789 1776; x_wconf 88' lang='lat' dir='ltr'><strong>sancti</strong></span> <span class='ocrx_word' id='word_1_237' title='bbox 1812 1697 1868 1768; x_wconf 85' lang='grc' dir='ltr'><strong>Β</strong></span> <span class='ocrx_word' id='word_1_238' title='bbox 1891 1719 2005 1786; x_wconf 75' lang='lat' dir='ltr'><strong>tiae,</strong></span> <span class='ocrx_word' id='word_1_239' title='bbox 2062 1697 2215 1790; x_wconf 9' lang='lat' dir='ltr'><strong>quia,</strong></span> <span class='ocrx_word' id='word_1_240' title='bbox 2250 1741 2277 1769; x_wconf 84' lang='lat'><strong>«</strong></span> <span class='ocrx_word' id='word_1_241' title='bbox 2329 1721 2695 1790; x_wconf 87' lang='lat' dir='ltr'><strong>Pr0phetam,</strong></span> <span class='ocrx_word' id='word_1_242' title='bbox 2750 1719 2956 1790; x_wconf 89' lang='lat' dir='ltr'><strong>inquit,</strong></span> <span class='ocrx_word' id='word_1_243' title='bbox 3009 1721 3167 1775; x_wconf 88' lang='lat' dir='ltr'><strong>vobis</strong></span> <span class='ocrx_word' id='word_1_244' title='bbox 3231 1697 3516 1776; x_wconf 79' lang='lat' dir='ltr'><strong>suscitabit</strong></span> 
     </span>
    </p>
   </div>
   <div class='ocr_carea' id='block_1_34' title="bbox 223 1807 1791 1884">
    <p class='ocr_par' dir='ltr' id='par_1_34' title="bbox 223 1807 1791 1884">
     <span class='ocr_line' id='line_1_34' title="bbox 223 1807 1791 1884; baseline 0.006 -25"><span class='ocrx_word' id='word_1_245' title='bbox 223 1807 382 1878; x_wconf 85' lang='lat' dir='ltr'><strong>loseph</strong></span> <span class='ocrx_word' id='word_1_246' title='bbox 433 1814 692 1878; x_wconf 87' lang='lat' dir='ltr'><strong>pectore,</strong></span> <span class='ocrx_word' id='word_1_247' title='bbox 756 1811 988 1880; x_wconf 90' lang='lat' dir='ltr'><strong>quando</strong></span> <span class='ocrx_word' id='word_1_248' title='bbox 1047 1813 1202 1866; x_wconf 65' lang='lat' dir='ltr'><strong>laetas</strong></span> <span class='ocrx_word' id='word_1_249' title='bbox 1265 1815 1462 1884; x_wconf 88' lang='lat' dir='ltr'><strong>epulas</strong></span> <span class='ocrx_word' id='word_1_250' title='bbox 1525 1814 1791 1869; x_wconf 83' lang='lat' dir='ltr'><strong>fratribus</strong></span> 
     </span>
    </p>
   </div>
   <div class='ocr_carea' id='block_1_35' title="bbox 225 1899 1791 1979">
    <p class='ocr_par' dir='ltr' id='par_1_35' title="bbox 225 1899 1791 1979">
     <span class='ocr_line' id='line_1_35' title="bbox 225 1899 1791 1979; baseline 0.007 -27"><span class='ocrx_word' id='word_1_251' title='bbox 225 1899 509 1968; x_wconf 84' lang='lat' dir='ltr'><strong>splendentis</strong></span> <span class='ocrx_word' id='word_1_252' title='bbox 545 1903 748 1973; x_wconf 63' lang='lat' dir='ltr'><strong>gratias</strong></span> <span class='ocrx_word' id='word_1_253' title='bbox 771 1905 1152 1973; x_wconf 90' lang='lat' dir='ltr'><strong>ministrabat,</strong></span> <span class='ocrx_word' id='word_1_254' title='bbox 1184 1906 1609 1979; x_wconf 88' lang='lat' dir='ltr'><strong>suavissimique</strong></span> <span class='ocrx_word' id='word_1_255' title='bbox 1637 1909 1791 1963; x_wconf 91' lang='lat' dir='ltr'><strong>cibos</strong></span> 
     </span>
    </p>
   </div>
   <div class='ocr_carea' id='block_1_36' title="bbox 226 1993 1787 2071">
    <p class='ocr_par' dir='ltr' id='par_1_36' title="bbox 226 1993 1787 2071">
     <span class='ocr_line' id='line_1_36' title="bbox 226 1993 1787 2071; baseline 0.007 -26"><span class='ocrx_word' id='word_1_256' title='bbox 226 1993 400 2064; x_wconf 83' lang='lat' dir='ltr'><strong>alloquii</strong></span> <span class='ocrx_word' id='word_1_257' title='bbox 435 1995 752 2067; x_wconf 81' lang='lat' dir='ltr'><strong>dividebat;</strong></span> <span class='ocrx_word' id='word_1_258' title='bbox 790 2003 851 2052; x_wconf 88' lang='lat' dir='ltr'><strong>ut</strong></span> <span class='ocrx_word' id='word_1_259' title='bbox 886 2015 1016 2053; x_wconf 89' lang='lat' dir='ltr'><strong>cum</strong></span> <span class='ocrx_word' id='word_1_260' title='bbox 1050 1999 1134 2054; x_wconf 90' lang='lat' dir='ltr'><strong>illi</strong></span> <span class='ocrx_word' id='word_1_261' title='bbox 1177 2016 1405 2071; x_wconf 69' lang='lat' dir='ltr'><strong>poenam</strong></span> <span class='ocrx_word' id='word_1_262' title='bbox 1444 2001 1634 2056; x_wconf 86' lang='lat' dir='ltr'><strong>fratris</strong></span> <span class='ocrx_word' id='word_1_263' title='bbox 1664 2018 1787 2056; x_wconf 90' lang='lat' dir='ltr'><strong>me-</strong></span> 
     </span>
    </p>
   </div>
   <div class='ocr_carea' id='block_1_37' title="bbox 227 2090 1790 2162">
    <p class='ocr_par' dir='ltr' id='par_1_37' title="bbox 227 2090 1790 2162">
     <span class='ocr_line' id='line_1_37' title="bbox 227 2090 1790 2162; baseline 0.006 -23"><span class='ocrx_word' id='word_1_264' title='bbox 227 2090 397 2142; x_wconf 86' lang='lat' dir='ltr'><strong>tuerent</strong></span> <span class='ocrx_word' id='word_1_265' title='bbox 415 2090 651 2160; x_wconf 87' lang='lat' dir='ltr'><strong>appetiti</strong></span> <span class='ocrx_word' id='word_1_266' title='bbox 681 2098 736 2147; x_wconf 91' lang='lat' dir='ltr'><strong>et</strong></span> <span class='ocrx_word' id='word_1_267' title='bbox 772 2091 990 2147; x_wconf 87' lang='lat' dir='ltr'><strong>venditi</strong></span> <span class='ocrx_word' id='word_1_268' title='bbox 1016 2093 1076 2147; x_wconf 91' lang='lat' dir='ltr'><strong>in</strong></span> <span class='ocrx_word' id='word_1_269' title='bbox 1105 2094 1450 2162; x_wconf 87' lang='lat' dir='ltr'><strong>servitutem,</strong></span> <span class='ocrx_word' id='word_1_270' title='bbox 1481 2095 1574 2149; x_wconf 90' lang='lat' dir='ltr'><strong>ille</strong></span> <span class='ocrx_word' id='word_1_271' title='bbox 1601 2095 1790 2150; x_wconf 89' lang='lat' dir='ltr'><strong>divino</strong></span> 
     </span>
    </p>
   </div>
   <div class='ocr_carea' id='block_1_38' title="bbox 224 2179 1789 2260">
    <p class='ocr_par' dir='ltr' id='par_1_38' title="bbox 224 2179 1789 2260">
     <span class='ocr_line' id='line_1_38' title="bbox 224 2179 1789 2260; baseline 0.006 -27"><span class='ocrx_word' id='word_1_272' title='bbox 224 2179 383 2248; x_wconf 87' lang='lat' dir='ltr'><strong>judicio</strong></span> <span class='ocrx_word' id='word_1_273' title='bbox 404 2181 527 2252; x_wconf 90' lang='lat' dir='ltr'><strong>ipsis</strong></span> <span class='ocrx_word' id='word_1_274' title='bbox 551 2183 777 2240; x_wconf 90' lang='lat' dir='ltr'><strong>diceret</strong></span> <span class='ocrx_word' id='word_1_275' title='bbox 804 2201 925 2240; x_wconf 89' lang='lat' dir='ltr'><strong>esse</strong></span> <span class='ocrx_word' id='word_1_276' title='bbox 959 2186 1269 2257; x_wconf 89' lang='lat' dir='ltr'><strong>provisum,</strong></span> <span class='ocrx_word' id='word_1_277' title='bbox 1303 2194 1364 2244; x_wconf 86' lang='lat' dir='ltr'><strong>ut</strong></span> <span class='ocrx_word' id='word_1_278' title='bbox 1392 2189 1450 2243; x_wconf 91' lang='lat' dir='ltr'><strong>in</strong></span> <span class='ocrx_word' id='word_1_279' title='bbox 1485 2190 1789 2260; x_wconf 68' lang='lat' dir='ltr'><strong>Egyptum</strong></span> 
     </span>
    </p>
   </div>
   <div class='ocr_carea' id='block_1_39' title="bbox 230 2271 1790 2349">
    <p class='ocr_par' dir='ltr' id='par_1_39' title="bbox 230 2271 1790 2349">
     <span class='ocr_line' id='line_1_39' title="bbox 230 2271 1790 2349; baseline 0.006 -23"><span class='ocrx_word' id='word_1_280' title='bbox 230 2271 553 2346; x_wconf 86' lang='lat' dir='ltr'><strong>deduceretur,</strong></span> <span class='ocrx_word' id='word_1_281' title='bbox 600 2279 706 2349; x_wconf 92' lang='lat' dir='ltr'><strong>qui</strong></span> <span class='ocrx_word' id='word_1_282' title='bbox 745 2278 963 2334; x_wconf 86' lang='lat' dir='ltr'><strong>famem</strong></span> <span class='ocrx_word' id='word_1_283' title='bbox 1002 2280 1413 2336; x_wconf 88' lang='lat' dir='ltr'><strong>sustinentibus</strong></span> <span class='ocrx_word' id='word_1_284' title='bbox 1457 2281 1790 2336; x_wconf 89' lang='lat' dir='ltr'><strong>alimoniam</strong></span> 
     </span>
    </p>
   </div>
   <div class='ocr_carea' id='block_1_40' title="bbox 232 2369 1064 2444">
    <p class='ocr_par' dir='ltr' id='par_1_40' title="bbox 232 2369 1064 2444">
     <span class='ocr_line' id='line_1_40' title="bbox 232 2369 1064 2444; baseline 0.011 -27"><span class='ocrx_word' id='word_1_285' title='bbox 232 2380 313 2419; x_wconf 88' lang='lat' dir='ltr'><strong>non</strong></span> <span class='ocrx_word' id='word_1_286' title='bbox 332 2373 537 2438; x_wconf 89' lang='lat' dir='ltr'><strong>negaret</strong></span> <span class='ocrx_word' id='word_1_287' title='bbox 565 2369 752 2440; x_wconf 66' lang='lat' dir='ltr'><strong>(Gem,</strong></span> <span class='ocrx_word' id='word_1_288' title='bbox 778 2387 900 2438; x_wconf 77' lang='lat' dir='ltr'><strong>XLV,</strong></span> <span class='ocrx_word' id='word_1_289' title='bbox 933 2374 1064 2444; x_wconf 83' lang='lat'><strong>5-7).</strong></span> 
     </span>
    </p>
   </div>
   <div class='ocr_carea' id='block_1_41' title="bbox 284 2461 1792 2534">
    <p class='ocr_par' dir='ltr' id='par_1_41' title="bbox 284 2461 1792 2534">
     <span class='ocr_line' id='line_1_41' title="bbox 284 2461 1792 2534; baseline 0.007 -23"><span class='ocrx_word' id='word_1_290' title='bbox 284 2461 345 2511; x_wconf 76' lang='lat' dir='ltr'><strong>5t.</strong></span> <span class='ocrx_word' id='word_1_291' title='bbox 377 2461 650 2517; x_wconf 83' lang='lat' dir='ltr'><strong>Habemus</strong></span> <span class='ocrx_word' id='word_1_292' title='bbox 691 2479 828 2534; x_wconf 88' lang='lat' dir='ltr'><strong>ergo</strong></span> <span class='ocrx_word' id='word_1_293' title='bbox 867 2465 925 2519; x_wconf 92' lang='lat' dir='ltr'><strong>in</strong></span> <span class='ocrx_word' id='word_1_294' title='bbox 973 2465 1138 2519; x_wconf 90' lang='lat' dir='ltr'><strong>nobis</strong></span> <span class='ocrx_word' id='word_1_295' title='bbox 1176 2465 1496 2521; x_wconf 90' lang='lat' dir='ltr'><strong>meridiem.</strong></span> <span class='ocrx_word' id='word_1_296' title='bbox 1534 2466 1792 2521; x_wconf 86' lang='lat' dir='ltr'><strong>Meridies</strong></span> 
     </span>
    </p>
   </div>
   <div class='ocr_carea' id='block_1_42' title="bbox 242 2552 1792 2631">
    <p class='ocr_par' dir='ltr' id='par_1_42' title="bbox 242 2552 1792 2631">
     <span class='ocr_line' id='line_1_42' title="bbox 242 2552 1792 2631; baseline 0.008 -29"><span class='ocrx_word' id='word_1_297' title='bbox 242 2555 302 2603; x_wconf 71' lang='lat' dir='ltr'><strong>est</strong></span> <span class='ocrx_word' id='word_1_298' title='bbox 336 2552 372 2605; x_wconf 85' lang='lat' dir='ltr'><strong>ei</strong></span> <span class='ocrx_word' id='word_1_299' title='bbox 410 2555 488 2609; x_wconf 89' lang='lat' dir='ltr'><strong>cui</strong></span> <span class='ocrx_word' id='word_1_300' title='bbox 528 2556 784 2626; x_wconf 71' lang='lat' dir='ltr'><strong>justitiaa</strong></span> <span class='ocrx_word' id='word_1_301' title='bbox 837 2558 919 2612; x_wconf 91' lang='lat' dir='ltr'><strong>sol</strong></span> <span class='ocrx_word' id='word_1_302' title='bbox 973 2558 1240 2629; x_wconf 87' lang='lat' dir='ltr'><strong>refulget,</strong></span> <span class='ocrx_word' id='word_1_303' title='bbox 1295 2566 1349 2614; x_wconf 89' lang='lat' dir='ltr'><strong>et</strong></span> <span class='ocrx_word' id='word_1_304' title='bbox 1402 2558 1560 2629; x_wconf 85' lang='lat' dir='ltr'><strong>cujus</strong></span> <span class='ocrx_word' id='word_1_305' title='bbox 1615 2576 1792 2631; x_wconf 88' lang='lat' dir='ltr'><strong>opere</strong></span> 
     </span>
    </p>
   </div>
   <div class='ocr_carea' id='block_1_43' title="bbox 253 2641 1794 2722">
    <p class='ocr_par' dir='ltr' id='par_1_43' title="bbox 253 2641 1794 2722">
     <span class='ocr_line' id='line_1_43' title="bbox 253 2641 1794 2722; baseline 0.002 -19"><span class='ocrx_word' id='word_1_306' title='bbox 253 2641 426 2717; x_wconf 62' lang='lat'><strong>1075</strong></span> <span class='ocrx_word' id='word_1_307' title='bbox 455 2649 636 2716; x_wconf 90' lang='lat' dir='ltr'><strong>bono,</strong></span> <span class='ocrx_word' id='word_1_308' title='bbox 666 2649 754 2704; x_wconf 89' lang='lat' dir='ltr'><strong>vel</strong></span> <span class='ocrx_word' id='word_1_309' title='bbox 792 2651 1234 2722; x_wconf 86' lang='lat' dir='ltr'><strong>cogitationibus</strong></span> <span class='ocrx_word' id='word_1_310' title='bbox 1267 2653 1533 2718; x_wconf 86' lang='lat' dir='ltr'><strong>innoxiis,</strong></span> <span class='ocrx_word' id='word_1_311' title='bbox 1560 2658 1617 2708; x_wconf 90' lang='lat' dir='ltr'><strong>et</strong></span> <span class='ocrx_word' id='word_1_312' title='bbox 1653 2669 1794 2722; x_wconf 90' lang='lat' dir='ltr'><strong>pura</strong></span> 
     </span>
    </p>
   </div>
   <div class='ocr_carea' id='block_1_44' title="bbox 255 2743 1794 2816">
    <p class='ocr_par' dir='ltr' id='par_1_44' title="bbox 255 2743 1794 2816">
     <span class='ocr_line' id='line_1_44' title="bbox 255 2743 1794 2816; baseline 0.006 -27"><span class='ocrx_word' id='word_1_313' title='bbox 255 2743 381 2791; x_wconf 87' lang='lat' dir='ltr'><strong>mente</strong></span> <span class='ocrx_word' id='word_1_314' title='bbox 396 2747 537 2812; x_wconf 84' lang='lat' dir='ltr'><strong>atque</strong></span> <span class='ocrx_word' id='word_1_315' title='bbox 568 2743 802 2798; x_wconf 89' lang='lat' dir='ltr'><strong>sincera</strong></span> <span class='ocrx_word' id='word_1_316' title='bbox 839 2745 1086 2814; x_wconf 90' lang='lat' dir='ltr'><strong>pascitur</strong></span> <span class='ocrx_word' id='word_1_317' title='bbox 1114 2745 1386 2800; x_wconf 89' lang='lat' dir='ltr'><strong>Christus.</strong></span> <span class='ocrx_word' id='word_1_318' title='bbox 1417 2745 1577 2800; x_wconf 89' lang='lat' dir='ltr'><strong>Disce</strong></span> <span class='ocrx_word' id='word_1_319' title='bbox 1616 2745 1794 2816; x_wconf 86' lang='lat' dir='ltr'><strong>igitur</strong></span> 
     </span>
    </p>
   </div>
   <div class='ocr_carea' id='block_1_45' title="bbox 249 2833 1790 2909">
    <p class='ocr_par' dir='ltr' id='par_1_45' title="bbox 249 2833 1790 2909">
     <span class='ocr_line' id='line_1_45' title="bbox 249 2833 1790 2909; baseline 0.004 -23"><span class='ocrx_word' id='word_1_320' title='bbox 249 2833 652 2897; x_wconf 74' lang='lat' dir='ltr'><strong>quemadmodum</strong></span> <span class='ocrx_word' id='word_1_321' title='bbox 681 2835 783 2890; x_wconf 91' lang='lat' dir='ltr'><strong>tibi</strong></span> <span class='ocrx_word' id='word_1_322' title='bbox 808 2836 929 2908; x_wconf 90' lang='lat' dir='ltr'><strong>ipse</strong></span> <span class='ocrx_word' id='word_1_323' title='bbox 959 2837 1131 2892; x_wconf 85' lang='lat' dir='ltr'><strong>facias</strong></span> <span class='ocrx_word' id='word_1_324' title='bbox 1157 2837 1478 2892; x_wconf 91' lang='lat' dir='ltr'><strong>meridiem.</strong></span> <span class='ocrx_word' id='word_1_325' title='bbox 1508 2861 1533 2888; x_wconf 89' lang='grc'><strong>‹‹</strong></span> <span class='ocrx_word' id='word_1_326' title='bbox 1564 2839 1790 2909; x_wconf 81' lang='lat' dir='ltr'><strong>Revela,</strong></span> 
     </span>
    </p>
   </div>
   <div class='ocr_carea' id='block_1_46' title="bbox 239 2920 1789 3004">
    <p class='ocr_par' dir='ltr' id='par_1_46' title="bbox 239 2920 1789 3004">
     <span class='ocr_line' id='line_1_46' title="bbox 239 2920 1789 3004; baseline 0.008 -28"><span class='ocrx_word' id='word_1_327' title='bbox 239 2920 380 2992; x_wconf 81' lang='lat' dir='ltr'><strong>inquit,</strong></span> <span class='ocrx_word' id='word_1_328' title='bbox 407 2927 468 2982; x_wconf 86' lang='lat' dir='ltr'><strong>ad</strong></span> <span class='ocrx_word' id='word_1_329' title='bbox 495 2929 817 2984; x_wconf 88' lang='lat' dir='ltr'><strong>Dominum</strong></span> <span class='ocrx_word' id='word_1_330' title='bbox 847 2931 997 2985; x_wconf 88' lang='lat' dir='ltr'><strong>viam</strong></span> <span class='ocrx_word' id='word_1_331' title='bbox 1036 2936 1212 2998; x_wconf 87' lang='lat' dir='ltr'><strong>tuam,</strong></span> <span class='ocrx_word' id='word_1_332' title='bbox 1241 2936 1298 2986; x_wconf 90' lang='lat' dir='ltr'><strong>et</strong></span> <span class='ocrx_word' id='word_1_333' title='bbox 1328 2949 1492 3004; x_wconf 89' lang='lat' dir='ltr'><strong>spera</strong></span> <span class='ocrx_word' id='word_1_334' title='bbox 1533 2933 1591 2987; x_wconf 90' lang='lat' dir='ltr'><strong>in</strong></span> <span class='ocrx_word' id='word_1_335' title='bbox 1629 2949 1789 3000; x_wconf 87' lang='lat' dir='ltr'><strong>eum;</strong></span> 
     </span>
    </p>
   </div>
   <div class='ocr_carea' id='block_1_47' title="bbox 235 3017 1792 3096">
    <p class='ocr_par' dir='ltr' id='par_1_47' title="bbox 235 3017 1792 3096">
     <span class='ocr_line' id='line_1_47' title="bbox 235 3017 1792 3096; baseline 0.009 -31"><span class='ocrx_word' id='word_1_336' title='bbox 235 3018 273 3066; x_wconf 86' lang='lat' dir='ltr'><strong>et</strong></span> <span class='ocrx_word' id='word_1_337' title='bbox 309 3017 402 3086; x_wconf 81' lang='lat' dir='ltr'><strong>ipse</strong></span> <span class='ocrx_word' id='word_1_338' title='bbox 441 3020 654 3089; x_wconf 90' lang='lat' dir='ltr'><strong>faciet,</strong></span> <span class='ocrx_word' id='word_1_339' title='bbox 706 3027 764 3078; x_wconf 91' lang='lat' dir='ltr'><strong>et</strong></span> <span class='ocrx_word' id='word_1_340' title='bbox 815 3023 1016 3078; x_wconf 90' lang='lat' dir='ltr'><strong>educet</strong></span> <span class='ocrx_word' id='word_1_341' title='bbox 1067 3025 1213 3080; x_wconf 91' lang='lat' dir='ltr'><strong>sicut</strong></span> <span class='ocrx_word' id='word_1_342' title='bbox 1261 3025 1458 3080; x_wconf 86' lang='lat' dir='ltr'><strong>lumen</strong></span> <span class='ocrx_word' id='word_1_343' title='bbox 1511 3025 1792 3096; x_wconf 82' lang='lat' dir='ltr'><strong>justitiam</strong></span> 
     </span>
    </p>
   </div>
   <div class='ocr_carea' id='block_1_48' title="bbox 231 3110 1789 3187">
    <p class='ocr_par' dir='ltr' id='par_1_48' title="bbox 231 3110 1789 3187">
     <span class='ocr_line' id='line_1_48' title="bbox 231 3110 1789 3187; baseline 0.006 -23"><span class='ocrx_word' id='word_1_344' title='bbox 231 3110 361 3179; x_wconf 80' lang='lat' dir='ltr'><strong>tuam,</strong></span> <span class='ocrx_word' id='word_1_345' title='bbox 407 3119 458 3169; x_wconf 90' lang='lat' dir='ltr'><strong>et</strong></span> <span class='ocrx_word' id='word_1_346' title='bbox 499 3115 796 3185; x_wconf 85' lang='lat' dir='ltr'><strong>judicium</strong></span> <span class='ocrx_word' id='word_1_347' title='bbox 860 3120 1021 3171; x_wconf 90' lang='lat' dir='ltr'><strong>tuum</strong></span> <span class='ocrx_word' id='word_1_348' title='bbox 1070 3118 1213 3172; x_wconf 89' lang='lat' dir='ltr'><strong>sicut</strong></span> <span class='ocrx_word' id='word_1_349' title='bbox 1266 3118 1566 3174; x_wconf 89' lang='lat' dir='ltr'><strong>meridiem</strong></span> <span class='ocrx_word' id='word_1_350' title='bbox 1623 3120 1789 3187; x_wconf 84' lang='lat' dir='ltr'><strong>(Psal.</strong></span> 
     </span>
    </p>
   </div>
   <div class='ocr_carea' id='block_1_49' title="bbox 231 3209 1793 3279">
    <p class='ocr_par' dir='ltr' id='par_1_49' title="bbox 231 3209 1793 3279">
     <span class='ocr_line' id='line_1_49' title="bbox 231 3209 1793 3279; baseline 0.008 -25"><span class='ocrx_word' id='word_1_351' title='bbox 231 3215 358 3272; x_wconf 79' lang='lat' dir='ltr'><strong>nm,</strong></span> <span class='ocrx_word' id='word_1_352' title='bbox 396 3211 440 3272; x_wconf 80' lang='grc'>5,</span> <span class='ocrx_word' id='word_1_353' title='bbox 485 3210 560 3279; x_wconf 88' lang='lat'><strong>6).</strong></span> <span class='ocrx_word' id='word_1_354' title='bbox 617 3232 648 3257; x_wconf 86' lang='grc'><strong>)›</strong></span> <span class='ocrx_word' id='word_1_355' title='bbox 695 3209 796 3264; x_wconf 91' lang='lat' dir='ltr'><strong>Ubi</strong></span> <span class='ocrx_word' id='word_1_356' title='bbox 841 3211 995 3264; x_wconf 92' lang='lat' dir='ltr'><strong>enim</strong></span> <span class='ocrx_word' id='word_1_357' title='bbox 1038 3227 1169 3265; x_wconf 89' lang='lat' dir='ltr'><strong>vera</strong></span> <span class='ocrx_word' id='word_1_358' title='bbox 1218 3216 1300 3266; x_wconf 89' lang='lat' dir='ltr'><strong>est</strong></span> <span class='ocrx_word' id='word_1_359' title='bbox 1343 3211 1502 3279; x_wconf 85' lang='lat' dir='ltr'><strong>ﬁdes,</strong></span> <span class='ocrx_word' id='word_1_360' title='bbox 1554 3212 1631 3266; x_wconf 90' lang='lat' dir='ltr'><strong>ibi</strong></span> <span class='ocrx_word' id='word_1_361' title='bbox 1672 3213 1793 3266; x_wconf 88' lang='lat' dir='ltr'><strong>veri</strong></span> 
     </span>
    </p>
   </div>
   <div class='ocr_carea' id='block_1_50' title="bbox 225 3293 1790 3376">
    <p class='ocr_par' dir='ltr' id='par_1_50' title="bbox 225 3293 1790 3376">
     <span class='ocr_line' id='line_1_50' title="bbox 225 3293 1790 3376; baseline 0.008 -28"><span class='ocrx_word' id='word_1_362' title='bbox 225 3293 397 3352; x_wconf 88' lang='lat' dir='ltr'><strong>luminis</strong></span> <span class='ocrx_word' id='word_1_363' title='bbox 423 3302 608 3371; x_wconf 87' lang='lat' dir='ltr'><strong>gratia</strong></span> <span class='ocrx_word' id='word_1_364' title='bbox 641 3307 727 3356; x_wconf 89' lang='lat' dir='ltr'><strong>est</strong></span> <span class='ocrx_word' id='word_1_365' title='bbox 739 3319 756 3370; x_wconf 92' lang='lat'><strong>;</strong></span> <span class='ocrx_word' id='word_1_366' title='bbox 788 3303 881 3357; x_wconf 93' lang='lat' dir='ltr'><strong>ubi</strong></span> <span class='ocrx_word' id='word_1_367' title='bbox 916 3304 1254 3360; x_wconf 83' lang='lat' dir='ltr'><strong>innocentiae</strong></span> <span class='ocrx_word' id='word_1_368' title='bbox 1291 3305 1570 3376; x_wconf 87' lang='lat' dir='ltr'><strong>prolixior</strong></span> <span class='ocrx_word' id='word_1_369' title='bbox 1604 3311 1790 3362; x_wconf 91' lang='lat' dir='ltr'><strong>custo-</strong></span> 
     </span>
    </p>
   </div>
   <div class='ocr_carea' id='block_1_51' title="bbox 224 3387 1791 3470">
    <p class='ocr_par' dir='ltr' id='par_1_51' title="bbox 224 3387 1791 3470">
     <span class='ocr_line' id='line_1_51' title="bbox 224 3387 1791 3470; baseline 0.009 -30"><span class='ocrx_word' id='word_1_370' title='bbox 224 3387 306 3455; x_wconf 88' lang='lat' dir='ltr'><strong>dia,</strong></span> <span class='ocrx_word' id='word_1_371' title='bbox 327 3390 698 3466; x_wconf 84' lang='lat' dir='ltr'><strong>virtutumque</strong></span> <span class='ocrx_word' id='word_1_372' title='bbox 736 3396 910 3467; x_wconf 85' lang='lat' dir='ltr'><strong>longa</strong></span> <span class='ocrx_word' id='word_1_373' title='bbox 940 3398 1310 3453; x_wconf 86' lang='lat' dir='ltr'><strong>meditatione</strong></span> <span class='ocrx_word' id='word_1_374' title='bbox 1347 3415 1666 3470; x_wconf 88' lang='lat' dir='ltr'><strong>processus,</strong></span> <span class='ocrx_word' id='word_1_375' title='bbox 1695 3400 1791 3454; x_wconf 90' lang='lat' dir='ltr'><strong>ubi</strong></span> 
     </span>
    </p>
   </div>
   <div class='ocr_carea' id='block_1_52' title="bbox 221 3481 1791 3564">
    <p class='ocr_par' dir='ltr' id='par_1_52' title="bbox 221 3481 1791 3564">
     <span class='ocr_line' id='line_1_52' title="bbox 221 3481 1791 3564; baseline 0.01 -33"><span class='ocrx_word' id='word_1_376' title='bbox 221 3481 427 3550; x_wconf 85' lang='lat' dir='ltr'><strong>splendor</strong></span> <span class='ocrx_word' id='word_1_377' title='bbox 475 3487 652 3544; x_wconf 64' lang='lat' dir='ltr'><strong>bona:</strong></span> <span class='ocrx_word' id='word_1_378' title='bbox 714 3490 1074 3546; x_wconf 79' lang='lat' dir='ltr'><strong>conscientiae</strong></span> <span class='ocrx_word' id='word_1_379' title='bbox 1130 3491 1227 3546; x_wconf 92' lang='lat' dir='ltr'><strong>diu</strong></span> <span class='ocrx_word' id='word_1_380' title='bbox 1287 3508 1659 3564; x_wconf 89' lang='lat' dir='ltr'><strong>permanens,</strong></span> <span class='ocrx_word' id='word_1_381' title='bbox 1714 3493 1791 3546; x_wconf 93' lang='lat' dir='ltr'><strong>ibi</strong></span> 
     </span>
    </p>
   </div>
   <div class='ocr_carea' id='block_1_53' title="bbox 218 3571 1794 3653">
    <p class='ocr_par' dir='ltr' id='par_1_53' title="bbox 218 3571 1794 3653">
     <span class='ocr_line' id='line_1_53' title="bbox 218 3571 1794 3653; baseline 0.008 -26"><span class='ocrx_word' id='word_1_382' title='bbox 218 3571 531 3648; x_wconf 85' lang='lat' dir='ltr'><strong>intelligibilis</strong></span> <span class='ocrx_word' id='word_1_383' title='bbox 572 3585 665 3636; x_wconf 90' lang='lat' dir='ltr'><strong>est</strong></span> <span class='ocrx_word' id='word_1_384' title='bbox 701 3583 988 3653; x_wconf 89' lang='lat' dir='ltr'><strong>meridies,</strong></span> <span class='ocrx_word' id='word_1_385' title='bbox 1025 3584 1102 3638; x_wconf 90' lang='lat' dir='ltr'><strong>ibi</strong></span> <span class='ocrx_word' id='word_1_386' title='bbox 1139 3588 1196 3639; x_wconf 92' lang='lat' dir='ltr'><strong>et</strong></span> <span class='ocrx_word' id='word_1_387' title='bbox 1235 3591 1294 3640; x_wconf 90' lang='lat' dir='ltr'><strong>tu</strong></span> <span class='ocrx_word' id='word_1_388' title='bbox 1327 3586 1548 3642; x_wconf 86' lang='lat' dir='ltr'><strong>Christo</strong></span> <span class='ocrx_word' id='word_1_389' title='bbox 1584 3586 1794 3642; x_wconf 87' lang='lat' dir='ltr'><strong>mentis</strong></span> 
     </span>
    </p>
   </div>
   <div class='ocr_carea' id='block_1_54' title="bbox 217 3670 1792 3750">
    <p class='ocr_par' dir='ltr' id='par_1_54' title="bbox 217 3670 1792 3750">
     <span class='ocr_line' id='line_1_54' title="bbox 217 3670 1792 3750; baseline 0.008 -28"><span class='ocrx_word' id='word_1_390' title='bbox 217 3670 298 3722; x_wconf 62' lang='lat' dir='ltr'><strong>tua</strong></span> <span class='ocrx_word' id='word_1_391' title='bbox 323 3673 501 3742; x_wconf 89' lang='lat' dir='ltr'><strong>epulas</strong></span> <span class='ocrx_word' id='word_1_392' title='bbox 543 3675 866 3745; x_wconf 78' lang='lat' dir='ltr'><strong>exhibebis,</strong></span> <span class='ocrx_word' id='word_1_393' title='bbox 895 3683 951 3732; x_wconf 89' lang='lat' dir='ltr'><strong>et</strong></span> <span class='ocrx_word' id='word_1_394' title='bbox 987 3677 1045 3730; x_wconf 88' lang='lat' dir='ltr'><strong>in</strong></span> <span class='ocrx_word' id='word_1_395' title='bbox 1075 3678 1280 3732; x_wconf 90' lang='lat' dir='ltr'><strong>divitiis</strong></span> <span class='ocrx_word' id='word_1_396' title='bbox 1315 3679 1436 3750; x_wconf 86' lang='lat' dir='ltr'><strong>ejus</strong></span> <span class='ocrx_word' id='word_1_397' title='bbox 1467 3680 1641 3734; x_wconf 88' lang='lat' dir='ltr'><strong>etiam</strong></span> <span class='ocrx_word' id='word_1_398' title='bbox 1678 3680 1792 3750; x_wconf 90' lang='lat' dir='ltr'><strong>ipse</strong></span> 
     </span>
    </p>
   </div>
   <div class='ocr_carea' id='block_1_55' title="bbox 216 3767 1794 3840">
    <p class='ocr_par' dir='ltr' id='par_1_55' title="bbox 216 3767 1794 3840">
     <span class='ocr_line' id='line_1_55' title="bbox 216 3767 1794 3840; baseline 0.007 -24"><span class='ocrx_word' id='word_1_399' title='bbox 216 3767 434 3832; x_wconf 74' lang='lat' dir='ltr'><strong>pasceris;</strong></span> <span class='ocrx_word' id='word_1_400' title='bbox 466 3769 542 3822; x_wconf 87' lang='lat' dir='ltr'><strong>ita</strong></span> <span class='ocrx_word' id='word_1_401' title='bbox 566 3772 638 3822; x_wconf 86' lang='lat' dir='ltr'><strong>ut</strong></span> <span class='ocrx_word' id='word_1_402' title='bbox 663 3785 776 3823; x_wconf 89' lang='lat' dir='ltr'><strong>non</strong></span> <span class='ocrx_word' id='word_1_403' title='bbox 807 3773 1189 3840; x_wconf 69' lang='lat' dir='ltr'><strong>praematurus</strong></span> <span class='ocrx_word' id='word_1_404' title='bbox 1215 3775 1271 3826; x_wconf 88' lang='lat' dir='ltr'><strong>et</strong></span> <span class='ocrx_word' id='word_1_405' title='bbox 1296 3773 1458 3827; x_wconf 87' lang='lat' dir='ltr'><strong>velox</strong></span> <span class='ocrx_word' id='word_1_406' title='bbox 1486 3774 1607 3827; x_wconf 89' lang='lat' dir='ltr'><strong>veri</strong></span> <span class='ocrx_word' id='word_1_407' title='bbox 1633 3772 1794 3827; x_wconf 88' lang='lat' dir='ltr'><strong>lumi-</strong></span> 
     </span>
    </p>
   </div>
   <div class='ocr_carea' id='block_1_56' title="bbox 214 3855 1792 3935">
    <p class='ocr_par' dir='ltr' id='par_1_56' title="bbox 214 3855 1792 3935">
     <span class='ocr_line' id='line_1_56' title="bbox 214 3855 1792 3935; baseline 0.004 -22"><span class='ocrx_word' id='word_1_408' title='bbox 214 3855 276 3908; x_wconf 78' lang='lat' dir='ltr'><strong>nis</strong></span> <span class='ocrx_word' id='word_1_409' title='bbox 297 3867 540 3930; x_wconf 86' lang='lat' dir='ltr'><strong>sequatur</strong></span> <span class='ocrx_word' id='word_1_410' title='bbox 565 3878 818 3932; x_wconf 87' lang='lat' dir='ltr'><strong>occasus,</strong></span> <span class='ocrx_word' id='word_1_411' title='bbox 849 3880 955 3918; x_wconf 88' lang='lat' dir='ltr'><strong>nec</strong></span> <span class='ocrx_word' id='word_1_412' title='bbox 995 3865 1225 3935; x_wconf 89' lang='lat' dir='ltr'><strong>quidam</strong></span> <span class='ocrx_word' id='word_1_413' title='bbox 1255 3866 1454 3920; x_wconf 89' lang='lat' dir='ltr'><strong>studiis</strong></span> <span class='ocrx_word' id='word_1_414' title='bbox 1484 3867 1595 3921; x_wconf 91' lang='lat' dir='ltr'><strong>tuis</strong></span> <span class='ocrx_word' id='word_1_415' title='bbox 1631 3872 1792 3922; x_wconf 89' lang='lat' dir='ltr'><strong>tene-</strong></span> 
     </span>
    </p>
   </div>
   <div class='ocr_carea' id='block_1_57' title="bbox 213 3944 1796 4030">
    <p class='ocr_par' dir='ltr' id='par_1_57' title="bbox 213 3944 1796 4030">
     <span class='ocr_line' id='line_1_57' title="bbox 213 3944 1796 4030; baseline 0.008 -28"><span class='ocrx_word' id='word_1_416' title='bbox 213 3944 364 4005; x_wconf 79' lang='lat' dir='ltr'><strong>brosus</strong></span> <span class='ocrx_word' id='word_1_417' title='bbox 387 3955 490 4009; x_wconf 91' lang='lat' dir='ltr'><strong>cito</strong></span> <span class='ocrx_word' id='word_1_418' title='bbox 515 3971 718 4025; x_wconf 90' lang='lat' dir='ltr'><strong>vesper</strong></span> <span class='ocrx_word' id='word_1_419' title='bbox 744 3957 1053 4024; x_wconf 87' lang='lat' dir='ltr'><strong>incumbat,</strong></span> <span class='ocrx_word' id='word_1_420' title='bbox 1079 3963 1134 4012; x_wconf 90' lang='lat' dir='ltr'><strong>et</strong></span> <span class='ocrx_word' id='word_1_421' title='bbox 1164 3974 1335 4029; x_wconf 89' lang='lat' dir='ltr'><strong>opera</strong></span> <span class='ocrx_word' id='word_1_422' title='bbox 1360 3959 1508 4013; x_wconf 92' lang='lat' dir='ltr'><strong>bona</strong></span> <span class='ocrx_word' id='word_1_423' title='bbox 1535 3960 1796 4030; x_wconf 90' lang='lat' dir='ltr'><strong>interjec-</strong></span> 
     </span>
    </p>
   </div>
   <div class='ocr_carea' id='block_1_58' title="bbox 214 4043 1793 4121">
    <p class='ocr_par' dir='ltr' id='par_1_58' title="bbox 214 4043 1793 4121">
     <span class='ocr_line' id='line_1_58' title="bbox 214 4043 1793 4121; baseline 0.011 -30"><span class='ocrx_word' id='word_1_424' title='bbox 214 4043 277 4093; x_wconf 88' lang='lat' dir='ltr'><strong>tus</strong></span> <span class='ocrx_word' id='word_1_425' title='bbox 307 4045 579 4117; x_wconf 85' lang='lat' dir='ltr'><strong>impediat.</strong></span> <span class='ocrx_word' id='word_1_426' title='bbox 616 4048 778 4112; x_wconf 87' lang='lat' dir='ltr'><strong>Quod</strong></span> <span class='ocrx_word' id='word_1_427' title='bbox 820 4050 867 4104; x_wconf 90' lang='lat' dir='ltr'><strong>si</strong></span> <span class='ocrx_word' id='word_1_428' title='bbox 906 4052 1289 4106; x_wconf 83' lang='lat' dir='ltr'><strong>tentationum</strong></span> <span class='ocrx_word' id='word_1_429' title='bbox 1322 4069 1436 4107; x_wconf 89' lang='lat' dir='ltr'><strong>nox</strong></span> <span class='ocrx_word' id='word_1_430' title='bbox 1478 4053 1793 4121; x_wconf 88' lang='lat' dir='ltr'><strong>advenerit,</strong></span> 
     </span>
    </p>
   </div>
   <div class='ocr_carea' id='block_1_59' title="bbox 213 4139 1798 4216">
    <p class='ocr_par' dir='ltr' id='par_1_59' title="bbox 213 4139 1798 4216">
     <span class='ocr_line' id='line_1_59' title="bbox 213 4139 1798 4216; baseline 0.008 -27"><span class='ocrx_word' id='word_1_431' title='bbox 213 4150 295 4190; x_wconf 85' lang='lat' dir='ltr'><strong>non</strong></span> <span class='ocrx_word' id='word_1_432' title='bbox 317 4139 593 4196; x_wconf 88' lang='lat' dir='ltr'><strong>immerito</strong></span> <span class='ocrx_word' id='word_1_433' title='bbox 622 4143 812 4197; x_wconf 89' lang='lat' dir='ltr'><strong>media</strong></span> <span class='ocrx_word' id='word_1_434' title='bbox 836 4149 1000 4199; x_wconf 91' lang='lat' dir='ltr'><strong>nocte</strong></span> <span class='ocrx_word' id='word_1_435' title='bbox 1029 4146 1401 4216; x_wconf 86' lang='lat' dir='ltr'><strong>surgendum,</strong></span> <span class='ocrx_word' id='word_1_436' title='bbox 1431 4151 1489 4201; x_wconf 91' lang='lat' dir='ltr'><strong>et</strong></span> <span class='ocrx_word' id='word_1_437' title='bbox 1515 4147 1798 4202; x_wconf 91' lang='lat' dir='ltr'><strong>orandum</strong></span> 
     </span>
    </p>
   </div>
   <div class='ocr_carea' id='block_1_60' title="bbox 211 4226 1798 4310">
    <p class='ocr_par' dir='ltr' id='par_1_60' title="bbox 211 4226 1798 4310">
     <span class='ocr_line' id='line_1_60' title="bbox 211 4226 1798 4310; baseline 0.009 -31"><span class='ocrx_word' id='word_1_438' title='bbox 211 4226 300 4294; x_wconf 86' lang='lat' dir='ltr'><strong>diu,</strong></span> <span class='ocrx_word' id='word_1_439' title='bbox 326 4236 375 4286; x_wconf 88' lang='lat' dir='ltr'><strong>et</strong></span> <span class='ocrx_word' id='word_1_440' title='bbox 404 4235 791 4304; x_wconf 84' lang='lat' dir='ltr'><strong>protrahenda</strong></span> <span class='ocrx_word' id='word_1_441' title='bbox 825 4238 1056 4308; x_wconf 88' lang='lat' dir='ltr'><strong>psalmis</strong></span> <span class='ocrx_word' id='word_1_442' title='bbox 1088 4242 1369 4310; x_wconf 91' lang='lat' dir='ltr'><strong>tempora,</strong></span> <span class='ocrx_word' id='word_1_443' title='bbox 1404 4240 1582 4296; x_wconf 90' lang='lat' dir='ltr'><strong>donec</strong></span> <span class='ocrx_word' id='word_1_444' title='bbox 1607 4240 1798 4295; x_wconf 89' lang='lat' dir='ltr'><strong>veniat</strong></span> 
     </span>
    </p>
   </div>
   <div class='ocr_carea' id='block_1_61' title="bbox 212 4319 1158 4391">
    <p class='ocr_par' dir='ltr' id='par_1_61' title="bbox 212 4319 1158 4391">
     <span class='ocr_line' id='line_1_61' title="bbox 212 4319 1158 4391; baseline 0.016 -19"><span class='ocrx_word' id='word_1_445' title='bbox 212 4319 319 4391; x_wconf 84' lang='lat' dir='ltr'><strong>dies,</strong></span> <span class='ocrx_word' id='word_1_446' title='bbox 346 4330 397 4381; x_wconf 90' lang='lat' dir='ltr'><strong>et</strong></span> <span class='ocrx_word' id='word_1_447' title='bbox 423 4328 724 4384; x_wconf 85' lang='lat' dir='ltr'><strong>illucescat</strong></span> <span class='ocrx_word' id='word_1_448' title='bbox 748 4329 852 4384; x_wconf 91' lang='lat' dir='ltr'><strong>tibi</strong></span> <span class='ocrx_word' id='word_1_449' title='bbox 883 4331 1158 4387; x_wconf 87' lang='lat' dir='ltr'><strong>Christus.</strong></span> 
     </span>
    </p>
   </div>
   <div class='ocr_carea' id='block_1_62' title="bbox 1891 1813 3513 1886">
    <p class='ocr_par' dir='ltr' id='par_1_62' title="bbox 1891 1813 3513 1886">
     <span class='ocr_line' id='line_1_62' title="bbox 1891 1813 3513 1886; baseline 0.001 -20"><span class='ocrx_word' id='word_1_450' title='bbox 1891 1813 2165 1867; x_wconf 90' lang='lat' dir='ltr'><strong>Dominus</strong></span> <span class='ocrx_word' id='word_1_451' title='bbox 2209 1814 2352 1867; x_wconf 91' lang='lat' dir='ltr'><strong>Deus</strong></span> <span class='ocrx_word' id='word_1_452' title='bbox 2381 1817 2566 1868; x_wconf 86' lang='lat' dir='ltr'><strong>vester</strong></span> <span class='ocrx_word' id='word_1_453' title='bbox 2605 1813 2674 1868; x_wconf 88' lang='lat' dir='ltr'><strong>de</strong></span> <span class='ocrx_word' id='word_1_454' title='bbox 2709 1813 2980 1868; x_wconf 88' lang='lat' dir='ltr'><strong>fratribus</strong></span> <span class='ocrx_word' id='word_1_455' title='bbox 3009 1815 3207 1868; x_wconf 87' lang='lat' dir='ltr'><strong>vestris</strong></span> <span class='ocrx_word' id='word_1_456' title='bbox 3243 1818 3513 1886; x_wconf 91' lang='lat' dir='ltr'><strong>tanquam</strong></span> 
     </span>
    </p>
   </div>
   <div class='ocr_carea' id='block_1_63' title="bbox 1893 1906 3511 1979">
    <p class='ocr_par' dir='ltr' id='par_1_63' title="bbox 1893 1906 3511 1979">
     <span class='ocr_line' id='line_1_63' title="bbox 1893 1906 3511 1979; baseline 0.001 -19"><span class='ocrx_word' id='word_1_457' title='bbox 1893 1923 1984 1961; x_wconf 89' lang='lat' dir='ltr'><strong>me</strong></span> <span class='ocrx_word' id='word_1_458' title='bbox 2018 1923 2031 1959; x_wconf 86' lang='lat'>:</span> <span class='ocrx_word' id='word_1_459' title='bbox 2060 1906 2247 1977; x_wconf 89' lang='lat' dir='ltr'><strong>ipsum</strong></span> <span class='ocrx_word' id='word_1_460' title='bbox 2284 1906 2526 1961; x_wconf 85' lang='lat' dir='ltr'><strong>audietis</strong></span> <span class='ocrx_word' id='word_1_461' title='bbox 2561 1923 2661 1977; x_wconf 92' lang='lat' dir='ltr'><strong>per</strong></span> <span class='ocrx_word' id='word_1_462' title='bbox 2695 1907 2890 1961; x_wconf 87' lang='lat' dir='ltr'><strong>omnia</strong></span> <span class='ocrx_word' id='word_1_463' title='bbox 2925 1923 3280 1978; x_wconf 67' lang='lat' dir='ltr'><strong>quascunque</strong></span> <span class='ocrx_word' id='word_1_464' title='bbox 3318 1909 3511 1979; x_wconf 90' lang='lat' dir='ltr'><strong>loque-</strong></span> 
     </span>
    </p>
   </div>
   <div class='ocr_carea' id='block_1_64' title="bbox 1893 1999 3515 2071">
    <p class='ocr_par' dir='ltr' id='par_1_64' title="bbox 1893 1999 3515 2071">
     <span class='ocr_line' id='line_1_64' title="bbox 1893 1999 3515 2071; baseline 0.001 -17"><span class='ocrx_word' id='word_1_465' title='bbox 1893 2003 1984 2054; x_wconf 89' lang='lat' dir='ltr'><strong>tur</strong></span> <span class='ocrx_word' id='word_1_466' title='bbox 2013 1999 2187 2054; x_wconf 91' lang='lat' dir='ltr'><strong>vobis.</strong></span> <span class='ocrx_word' id='word_1_467' title='bbox 2217 2000 2338 2053; x_wconf 88' lang='lat' dir='ltr'><strong>Erit</strong></span> <span class='ocrx_word' id='word_1_468' title='bbox 2360 2006 2570 2068; x_wconf 87' lang='lat' dir='ltr'><strong>autem,</strong></span> <span class='ocrx_word' id='word_1_469' title='bbox 2598 2000 2783 2055; x_wconf 91' lang='lat' dir='ltr'><strong>omnis</strong></span> <span class='ocrx_word' id='word_1_470' title='bbox 2808 2000 3003 2054; x_wconf 89' lang='lat' dir='ltr'><strong>anima</strong></span> <span class='ocrx_word' id='word_1_471' title='bbox 3032 2017 3159 2071; x_wconf 77' lang='lat' dir='ltr'><strong>quae</strong></span> <span class='ocrx_word' id='word_1_472' title='bbox 3183 2018 3296 2055; x_wconf 88' lang='lat' dir='ltr'><strong>non</strong></span> <span class='ocrx_word' id='word_1_473' title='bbox 3326 2002 3515 2056; x_wconf 90' lang='lat' dir='ltr'><strong>audie-</strong></span> 
     </span>
    </p>
   </div>
   <div class='ocr_carea' id='block_1_65' title="bbox 1893 2093 3515 2164">
    <p class='ocr_par' dir='ltr' id='par_1_65' title="bbox 1893 2093 3515 2164">
     <span class='ocr_line' id='line_1_65' title="bbox 1893 2093 3515 2164; baseline 0.001 -18"><span class='ocrx_word' id='word_1_474' title='bbox 1893 2093 1964 2147; x_wconf 90' lang='lat' dir='ltr'><strong>rit</strong></span> <span class='ocrx_word' id='word_1_475' title='bbox 2027 2093 2369 2164; x_wconf 88' lang='lat' dir='ltr'><strong>prophetam</strong></span> <span class='ocrx_word' id='word_1_476' title='bbox 2429 2093 2621 2160; x_wconf 89' lang='lat' dir='ltr'><strong>illum,</strong></span> <span class='ocrx_word' id='word_1_477' title='bbox 2677 2093 3155 2148; x_wconf 88' lang='lat' dir='ltr'><strong>exterminabitur</strong></span> <span class='ocrx_word' id='word_1_478' title='bbox 3215 2094 3284 2149; x_wconf 90' lang='lat' dir='ltr'><strong>de</strong></span> <span class='ocrx_word' id='word_1_479' title='bbox 3351 2095 3515 2164; x_wconf 88' lang='lat' dir='ltr'><strong>plebe</strong></span> 
     </span>
    </p>
   </div>
   <div class='ocr_carea' id='block_1_66' title="bbox 1896 2187 3517 2258">
    <p class='ocr_par' dir='ltr' id='par_1_66' title="bbox 1896 2187 3517 2258">
     <span class='ocr_line' id='line_1_66' title="bbox 1896 2187 3517 2258; baseline 0 -17"><span class='ocrx_word' id='word_1_480' title='bbox 1896 2187 2091 2254; x_wconf 82' lang='lat' dir='ltr'><strong>(Deut.,</strong></span> <span class='ocrx_word' id='word_1_481' title='bbox 2122 2203 2270 2252; x_wconf 87' lang='lat' dir='ltr'><strong>xvm,</strong></span> <span class='ocrx_word' id='word_1_482' title='bbox 2311 2188 2395 2252; x_wconf 85' lang='lat' dir='ltr'><strong>l8,</strong></span> <span class='ocrx_word' id='word_1_483' title='bbox 2429 2187 2532 2255; x_wconf 86' lang='lat' dir='ltr'><strong>l9).</strong></span> <span class='ocrx_word' id='word_1_484' title='bbox 2565 2208 2593 2236; x_wconf 90' lang='grc'><strong>››</strong></span> <span class='ocrx_word' id='word_1_485' title='bbox 2623 2189 2745 2257; x_wconf 90' lang='lat' dir='ltr'><strong>lpse</strong></span> <span class='ocrx_word' id='word_1_486' title='bbox 2777 2191 2861 2240; x_wconf 89' lang='lat' dir='ltr'><strong>est</strong></span> <span class='ocrx_word' id='word_1_487' title='bbox 2895 2203 3061 2241; x_wconf 90' lang='lat' dir='ltr'><strong>verus</strong></span> <span class='ocrx_word' id='word_1_488' title='bbox 3093 2187 3392 2258; x_wconf 86' lang='lat' dir='ltr'><strong>propheta,</strong></span> <span class='ocrx_word' id='word_1_489' title='bbox 3419 2189 3517 2258; x_wconf 88' lang='lat' dir='ltr'><strong>qui</strong></span> 
     </span>
    </p>
   </div>
   <div class='ocr_carea' id='block_1_67' title="bbox 1891 2279 3517 2350">
    <p class='ocr_par' dir='ltr' id='par_1_67' title="bbox 1891 2279 3517 2350">
     <span class='ocr_line' id='line_1_67' title="bbox 1891 2279 3517 2350; baseline 0.001 -18"><span class='ocrx_word' id='word_1_490' title='bbox 1891 2279 2121 2333; x_wconf 89' lang='lat' dir='ltr'><strong>alterius</strong></span> <span class='ocrx_word' id='word_1_491' title='bbox 2183 2295 2420 2334; x_wconf 90' lang='lat' dir='ltr'><strong>munere</strong></span> <span class='ocrx_word' id='word_1_492' title='bbox 2486 2279 2677 2332; x_wconf 89' lang='lat' dir='ltr'><strong>futura</strong></span> <span class='ocrx_word' id='word_1_493' title='bbox 2737 2279 3055 2350; x_wconf 86' lang='lat' dir='ltr'><strong>cognoscit;</strong></span> <span class='ocrx_word' id='word_1_494' title='bbox 3107 2280 3204 2350; x_wconf 90' lang='lat' dir='ltr'><strong>qui</strong></span> <span class='ocrx_word' id='word_1_495' title='bbox 3271 2296 3336 2334; x_wconf 87' lang='lat' dir='ltr'><strong>ea</strong></span> <span class='ocrx_word' id='word_1_496' title='bbox 3390 2295 3517 2350; x_wconf 70' lang='lat' dir='ltr'><strong>quze</strong></span> 
     </span>
    </p>
   </div>
   <div class='ocr_carea' id='block_1_68' title="bbox 1893 2372 3517 2444">
    <p class='ocr_par' dir='ltr' id='par_1_68' title="bbox 1893 2372 3517 2444">
     <span class='ocr_line' id='line_1_68' title="bbox 1893 2372 3517 2444; baseline 0.001 -19"><span class='ocrx_word' id='word_1_497' title='bbox 1893 2376 2133 2427; x_wconf 90' lang='lat' dir='ltr'><strong>ventura</strong></span> <span class='ocrx_word' id='word_1_498' title='bbox 2181 2378 2365 2442; x_wconf 88' lang='lat' dir='ltr'><strong>erant,</strong></span> <span class='ocrx_word' id='word_1_499' title='bbox 2408 2373 2624 2428; x_wconf 90' lang='lat' dir='ltr'><strong>locutus</strong></span> <span class='ocrx_word' id='word_1_500' title='bbox 2667 2378 2752 2426; x_wconf 86' lang='lat' dir='ltr'><strong>est</strong></span> <span class='ocrx_word' id='word_1_501' title='bbox 2803 2372 2861 2427; x_wconf 93' lang='lat' dir='ltr'><strong>in</strong></span> <span class='ocrx_word' id='word_1_502' title='bbox 2911 2373 3223 2444; x_wconf 89' lang='lat' dir='ltr'><strong>prophetis.</strong></span> <span class='ocrx_word' id='word_1_503' title='bbox 3267 2377 3353 2427; x_wconf 88' lang='lat' dir='ltr'><strong>An</strong></span> <span class='ocrx_word' id='word_1_504' title='bbox 3403 2390 3517 2428; x_wconf 89' lang='lat' dir='ltr'><strong>non</strong></span> 
     </span>
    </p>
   </div>
   <div class='ocr_carea' id='block_1_69' title="bbox 1893 2465 3516 2537">
    <p class='ocr_par' dir='ltr' id='par_1_69' title="bbox 1893 2465 3516 2537">
     <span class='ocr_line' id='line_1_69' title="bbox 1893 2465 3516 2537; baseline -0.001 -17"><span class='ocrx_word' id='word_1_505' title='bbox 1893 2470 1979 2520; x_wconf 89' lang='lat' dir='ltr'><strong>est</strong></span> <span class='ocrx_word' id='word_1_506' title='bbox 2017 2466 2314 2536; x_wconf 88' lang='lat' dir='ltr'><strong>propheta,</strong></span> <span class='ocrx_word' id='word_1_507' title='bbox 2351 2466 2452 2536; x_wconf 90' lang='lat' dir='ltr'><strong>qui</strong></span> <span class='ocrx_word' id='word_1_508' title='bbox 2494 2465 2628 2520; x_wconf 89' lang='lat' dir='ltr'><strong>facit</strong></span> <span class='ocrx_word' id='word_1_509' title='bbox 2664 2465 2801 2520; x_wconf 89' lang='lat' dir='ltr'><strong>alios</strong></span> <span class='ocrx_word' id='word_1_510' title='bbox 2841 2465 3225 2537; x_wconf 80' lang='lat' dir='ltr'><strong>prophetare?</strong></span> <span class='ocrx_word' id='word_1_511' title='bbox 3263 2468 3386 2536; x_wconf 90' lang='lat' dir='ltr'><strong>lpse</strong></span> <span class='ocrx_word' id='word_1_512' title='bbox 3430 2470 3516 2519; x_wconf 90' lang='lat' dir='ltr'><strong>est</strong></span> 
     </span>
    </p>
   </div>
   <div class='ocr_carea' id='block_1_70' title="bbox 1892 2559 3516 2630">
    <p class='ocr_par' dir='ltr' id='par_1_70' title="bbox 1892 2559 3516 2630">
     <span class='ocr_line' id='line_1_70' title="bbox 1892 2559 3516 2630; baseline 0 -18"><span class='ocrx_word' id='word_1_513' title='bbox 1892 2559 1991 2630; x_wconf 90' lang='lat' dir='ltr'><strong>qui</strong></span> <span class='ocrx_word' id='word_1_514' title='bbox 2019 2559 2247 2613; x_wconf 85' lang='lat' dir='ltr'><strong>auditur</strong></span> <span class='ocrx_word' id='word_1_515' title='bbox 2273 2559 2416 2614; x_wconf 90' lang='lat' dir='ltr'><strong>sicut</strong></span> <span class='ocrx_word' id='word_1_516' title='bbox 2439 2561 2552 2628; x_wconf 85' lang='lat' dir='ltr'><strong>lex,</strong></span> <span class='ocrx_word' id='word_1_517' title='bbox 2577 2559 2709 2630; x_wconf 87' lang='lat' dir='ltr'><strong>quia</strong></span> <span class='ocrx_word' id='word_1_518' title='bbox 2739 2565 2798 2614; x_wconf 90' lang='lat' dir='ltr'><strong>et</strong></span> <span class='ocrx_word' id='word_1_519' title='bbox 2821 2560 2908 2613; x_wconf 85' lang='lat' dir='ltr'><strong>lex</strong></span> <span class='ocrx_word' id='word_1_520' title='bbox 2940 2564 3023 2613; x_wconf 89' lang='lat' dir='ltr'><strong>est</strong></span> <span class='ocrx_word' id='word_1_521' title='bbox 3047 2559 3238 2629; x_wconf 89' lang='lat' dir='ltr'><strong>ipsius.</strong></span> <span class='ocrx_word' id='word_1_522' title='bbox 3264 2559 3516 2628; x_wconf 91' lang='lat' dir='ltr'><strong>Denique</strong></span> 
     </span>
    </p>
   </div>
   <div class='ocr_carea' id='block_1_71' title="bbox 1898 2652 3515 2723">
    <p class='ocr_par' dir='ltr' id='par_1_71' title="bbox 1898 2652 3515 2723">
     <span class='ocr_line' id='line_1_71' title="bbox 1898 2652 3515 2723; baseline -0.001 -17"><span class='ocrx_word' id='word_1_523' title='bbox 1898 2674 1924 2700; x_wconf 92' lang='grc'><strong>‹‹</strong></span> <span class='ocrx_word' id='word_1_524' title='bbox 1974 2652 2031 2706; x_wconf 90' lang='lat' dir='ltr'><strong>Si</strong></span> <span class='ocrx_word' id='word_1_525' title='bbox 2078 2653 2323 2722; x_wconf 84' lang='lat' dir='ltr'><strong>Moysen,</strong></span> <span class='ocrx_word' id='word_1_526' title='bbox 2369 2653 2575 2722; x_wconf 90' lang='lat' dir='ltr'><strong>inquit,</strong></span> <span class='ocrx_word' id='word_1_527' title='bbox 2625 2658 2680 2706; x_wconf 90' lang='lat' dir='ltr'><strong>et</strong></span> <span class='ocrx_word' id='word_1_528' title='bbox 2726 2652 3031 2723; x_wconf 87' lang='lat' dir='ltr'><strong>prophetas</strong></span> <span class='ocrx_word' id='word_1_529' title='bbox 3078 2668 3198 2706; x_wconf 90' lang='lat' dir='ltr'><strong>non</strong></span> <span class='ocrx_word' id='word_1_530' title='bbox 3243 2652 3515 2717; x_wconf 91' lang='lat' dir='ltr'><strong>audiunt;</strong></span> 
     </span>
    </p>
   </div>
   <div class='ocr_carea' id='block_1_72' title="bbox 1895 2744 3520 2815">
    <p class='ocr_par' dir='ltr' id='par_1_72' title="bbox 1895 2744 3520 2815">
     <span class='ocr_line' id='line_1_72' title="bbox 1895 2744 3520 2815; baseline 0 -17"><span class='ocrx_word' id='word_1_531' title='bbox 1895 2761 2001 2798; x_wconf 89' lang='lat' dir='ltr'><strong>nec</strong></span> <span class='ocrx_word' id='word_1_532' title='bbox 2054 2745 2099 2798; x_wconf 93' lang='lat' dir='ltr'><strong>si</strong></span> <span class='ocrx_word' id='word_1_533' title='bbox 2148 2745 2273 2815; x_wconf 88' lang='lat' dir='ltr'><strong>quis</strong></span> <span class='ocrx_word' id='word_1_534' title='bbox 2317 2761 2382 2798; x_wconf 86' lang='lat' dir='ltr'><strong>ex</strong></span> <span class='ocrx_word' id='word_1_535' title='bbox 2432 2745 2672 2799; x_wconf 90' lang='lat' dir='ltr'><strong>mortuis</strong></span> <span class='ocrx_word' id='word_1_536' title='bbox 2724 2745 2792 2798; x_wconf 92' lang='lat' dir='ltr'><strong>ad</strong></span> <span class='ocrx_word' id='word_1_537' title='bbox 2847 2745 2971 2798; x_wconf 89' lang='lat' dir='ltr'><strong>illos</strong></span> <span class='ocrx_word' id='word_1_538' title='bbox 3021 2744 3242 2811; x_wconf 89' lang='lat' dir='ltr'><strong>abierit,</strong></span> <span class='ocrx_word' id='word_1_539' title='bbox 3287 2745 3520 2798; x_wconf 88' lang='lat' dir='ltr'><strong>credent</strong></span> 
     </span>
    </p>
   </div>
   <div class='ocr_carea' id='block_1_73' title="bbox 1895 2837 3520 2909">
    <p class='ocr_par' dir='ltr' id='par_1_73' title="bbox 1895 2837 3520 2909">
     <span class='ocr_line' id='line_1_73' title="bbox 1895 2837 3520 2909; baseline 0 -17"><span class='ocrx_word' id='word_1_540' title='bbox 1895 2841 2064 2906; x_wconf 87' lang='lat' dir='ltr'><strong>(Luc.,</strong></span> <span class='ocrx_word' id='word_1_541' title='bbox 2094 2854 2200 2905; x_wconf 78' lang='lat' dir='ltr'><strong>xvr,</strong></span> <span class='ocrx_word' id='word_1_542' title='bbox 2228 2839 2336 2906; x_wconf 90' lang='grc'><strong>31).</strong></span> <span class='ocrx_word' id='word_1_543' title='bbox 2373 2858 2396 2888; x_wconf 74' lang='grc' dir='ltr'><strong><em>ιι</em></strong></span> <span class='ocrx_word' id='word_1_544' title='bbox 2441 2839 2688 2909; x_wconf 88' lang='lat' dir='ltr'><strong>Ideoque</strong></span> <span class='ocrx_word' id='word_1_545' title='bbox 2730 2838 2970 2908; x_wconf 92' lang='lat' dir='ltr'><strong>populus</strong></span> <span class='ocrx_word' id='word_1_546' title='bbox 3007 2837 3352 2906; x_wconf 63' lang='lat' dir='ltr'><strong>Judaaorum,</strong></span> <span class='ocrx_word' id='word_1_547' title='bbox 3385 2838 3520 2908; x_wconf 88' lang='lat' dir='ltr'><strong>quia</strong></span> 
     </span>
    </p>
   </div>
   <div class='ocr_carea' id='block_1_74' title="bbox 1895 2930 3518 3001">
    <p class='ocr_par' dir='ltr' id='par_1_74' title="bbox 1895 2930 3518 3001">
     <span class='ocr_line' id='line_1_74' title="bbox 1895 2930 3518 3001; baseline -0.001 -16"><span class='ocrx_word' id='word_1_548' title='bbox 1895 2947 2008 2986; x_wconf 90' lang='lat' dir='ltr'><strong>non</strong></span> <span class='ocrx_word' id='word_1_549' title='bbox 2036 2931 2250 2986; x_wconf 87' lang='lat' dir='ltr'><strong>audivit</strong></span> <span class='ocrx_word' id='word_1_550' title='bbox 2283 2931 2436 2986; x_wconf 91' lang='lat' dir='ltr'><strong>hunc</strong></span> <span class='ocrx_word' id='word_1_551' title='bbox 2468 2931 2830 3001; x_wconf 89' lang='lat' dir='ltr'><strong>prophetam,</strong></span> <span class='ocrx_word' id='word_1_552' title='bbox 2870 2930 2940 2984; x_wconf 90' lang='lat' dir='ltr'><strong>de</strong></span> <span class='ocrx_word' id='word_1_553' title='bbox 2977 2931 3142 3000; x_wconf 88' lang='lat' dir='ltr'><strong>plebe</strong></span> <span class='ocrx_word' id='word_1_554' title='bbox 3171 2931 3518 2996; x_wconf 85' lang='lat' dir='ltr'><strong>extermina-</strong></span> 
     </span>
    </p>
   </div>
   <div class='ocr_carea' id='block_1_75' title="bbox 1895 3024 3520 3096">
    <p class='ocr_par' dir='ltr' id='par_1_75' title="bbox 1895 3024 3520 3096">
     <span class='ocr_line' id='line_1_75' title="bbox 1895 3024 3520 3096; baseline -0.001 -16"><span class='ocrx_word' id='word_1_555' title='bbox 1895 3029 1984 3080; x_wconf 90' lang='lat' dir='ltr'><strong>tus</strong></span> <span class='ocrx_word' id='word_1_556' title='bbox 2029 3029 2142 3093; x_wconf 88' lang='lat' dir='ltr'><strong>est;</strong></span> <span class='ocrx_word' id='word_1_557' title='bbox 2187 3030 2248 3080; x_wconf 88' lang='lat' dir='ltr'><strong>ut</strong></span> <span class='ocrx_word' id='word_1_558' title='bbox 2289 3026 2530 3096; x_wconf 87' lang='lat' dir='ltr'><strong>populus</strong></span> <span class='ocrx_word' id='word_1_559' title='bbox 2573 3025 2673 3080; x_wconf 89' lang='lat' dir='ltr'><strong>Dei</strong></span> <span class='ocrx_word' id='word_1_560' title='bbox 2718 3041 2840 3078; x_wconf 89' lang='lat' dir='ltr'><strong>esse</strong></span> <span class='ocrx_word' id='word_1_561' title='bbox 2890 3024 3197 3092; x_wconf 90' lang='lat' dir='ltr'><strong>desineret,</strong></span> <span class='ocrx_word' id='word_1_562' title='bbox 3247 3025 3345 3095; x_wconf 90' lang='lat' dir='ltr'><strong>qui</strong></span> <span class='ocrx_word' id='word_1_563' title='bbox 3392 3031 3520 3080; x_wconf 90' lang='lat' dir='ltr'><strong>ante</strong></span> 
     </span>
    </p>
   </div>
   <div class='ocr_carea' id='block_1_76' title="bbox 1895 3118 3520 3190">
    <p class='ocr_par' dir='ltr' id='par_1_76' title="bbox 1895 3118 3520 3190">
     <span class='ocr_line' id='line_1_76' title="bbox 1895 3118 3520 3190; baseline -0.002 -17"><span class='ocrx_word' id='word_1_564' title='bbox 1895 3119 2137 3190; x_wconf 90' lang='lat' dir='ltr'><strong>populus</strong></span> <span class='ocrx_word' id='word_1_565' title='bbox 2179 3118 2275 3172; x_wconf 91' lang='lat' dir='ltr'><strong>Dei</strong></span> <span class='ocrx_word' id='word_1_566' title='bbox 2315 3118 2629 3173; x_wconf 88' lang='lat' dir='ltr'><strong>dicebatur.</strong></span> <span class='ocrx_word' id='word_1_567' title='bbox 2673 3119 2854 3173; x_wconf 83' lang='lat' dir='ltr'><strong>Habet</strong></span> <span class='ocrx_word' id='word_1_568' title='bbox 2897 3123 3188 3173; x_wconf 89' lang='lat' dir='ltr'><strong>consortes</strong></span> <span class='ocrx_word' id='word_1_569' title='bbox 3231 3119 3520 3189; x_wconf 86' lang='lat' dir='ltr'><strong>baptismi,</strong></span> 
     </span>
    </p>
   </div>
   <div class='ocr_carea' id='block_1_77' title="bbox 1896 3210 3520 3284">
    <p class='ocr_par' dir='ltr' id='par_1_77' title="bbox 1896 3210 3520 3284">
     <span class='ocr_line' id='line_1_77' title="bbox 1896 3210 3520 3284; baseline -0.003 -14"><span class='ocrx_word' id='word_1_570' title='bbox 1896 3210 2153 3284; x_wconf 81' lang='grc'><strong>1076</strong></span> <span class='ocrx_word' id='word_1_571' title='bbox 2181 3211 2317 3283; x_wconf 91' lang='lat' dir='ltr'><strong>quia</strong></span> <span class='ocrx_word' id='word_1_572' title='bbox 2347 3212 2664 3283; x_wconf 88' lang='lat' dir='ltr'><strong>baptizatus</strong></span> <span class='ocrx_word' id='word_1_573' title='bbox 2701 3228 2803 3281; x_wconf 89' lang='lat' dir='ltr'><strong>pro</strong></span> <span class='ocrx_word' id='word_1_574' title='bbox 2832 3211 2996 3265; x_wconf 88' lang='lat' dir='ltr'><strong>nobis</strong></span> <span class='ocrx_word' id='word_1_575' title='bbox 3028 3215 3141 3279; x_wconf 87' lang='lat' dir='ltr'><strong>est;</strong></span> <span class='ocrx_word' id='word_1_576' title='bbox 3174 3212 3346 3267; x_wconf 87' lang='lat' dir='ltr'><strong>habet</strong></span> <span class='ocrx_word' id='word_1_577' title='bbox 3381 3228 3520 3266; x_wconf 91' lang='lat' dir='ltr'><strong>con-</strong></span> 
     </span>
    </p>
   </div>
   <div class='ocr_carea' id='block_1_78' title="bbox 1894 3305 3522 3376">
    <p class='ocr_par' dir='ltr' id='par_1_78' title="bbox 1894 3305 3522 3376">
     <span class='ocr_line' id='line_1_78' title="bbox 1894 3305 3522 3376; baseline -0.001 -17"><span class='ocrx_word' id='word_1_578' title='bbox 1894 3311 2073 3360; x_wconf 91' lang='lat' dir='ltr'><strong>sortes</strong></span> <span class='ocrx_word' id='word_1_579' title='bbox 2106 3306 2374 3375; x_wconf 83' lang='lat' dir='ltr'><strong>justitiac,</strong></span> <span class='ocrx_word' id='word_1_580' title='bbox 2422 3305 2557 3376; x_wconf 88' lang='lat' dir='ltr'><strong>quia</strong></span> <span class='ocrx_word' id='word_1_581' title='bbox 2598 3305 2715 3376; x_wconf 91' lang='lat' dir='ltr'><strong>ipse</strong></span> <span class='ocrx_word' id='word_1_582' title='bbox 2753 3305 2976 3374; x_wconf 90' lang='lat' dir='ltr'><strong>justitia</strong></span> <span class='ocrx_word' id='word_1_583' title='bbox 3016 3311 3119 3374; x_wconf 91' lang='lat' dir='ltr'><strong>est,</strong></span> <span class='ocrx_word' id='word_1_584' title='bbox 3160 3310 3214 3358; x_wconf 89' lang='lat' dir='ltr'><strong>et</strong></span> <span class='ocrx_word' id='word_1_585' title='bbox 3256 3305 3418 3358; x_wconf 91' lang='lat' dir='ltr'><strong>nobis</strong></span> <span class='ocrx_word' id='word_1_586' title='bbox 3455 3306 3522 3358; x_wconf 90' lang='lat' dir='ltr'><strong>de</strong></span> 
     </span>
    </p>
   </div>
   <div class='ocr_carea' id='block_1_79' title="bbox 1894 3398 3526 3464">
    <p class='ocr_par' dir='ltr' id='par_1_79' title="bbox 1894 3398 3526 3464">
     <span class='ocr_line' id='line_1_79' title="bbox 1894 3398 3526 3464; baseline -0.002 -10"><span class='ocrx_word' id='word_1_587' title='bbox 1894 3415 1995 3454; x_wconf 92' lang='lat' dir='ltr'><strong>suo</strong></span> <span class='ocrx_word' id='word_1_588' title='bbox 2039 3398 2201 3453; x_wconf 91' lang='lat' dir='ltr'><strong>dedit</strong></span> <span class='ocrx_word' id='word_1_589' title='bbox 2244 3400 2331 3454; x_wconf 92' lang='lat' dir='ltr'><strong>sui</strong></span> <span class='ocrx_word' id='word_1_590' title='bbox 2369 3399 2582 3453; x_wconf 89' lang='lat' dir='ltr'><strong>habere</strong></span> <span class='ocrx_word' id='word_1_591' title='bbox 2621 3399 2998 3464; x_wconf 90' lang='lat' dir='ltr'><strong>consortium;</strong></span> <span class='ocrx_word' id='word_1_592' title='bbox 3036 3398 3204 3452; x_wconf 91' lang='lat' dir='ltr'><strong>habet</strong></span> <span class='ocrx_word' id='word_1_593' title='bbox 3240 3404 3526 3453; x_wconf 90' lang='lat' dir='ltr'><strong>consortes</strong></span> 
     </span>
    </p>
   </div>
   <div class='ocr_carea' id='block_1_80' title="bbox 1895 3492 3526 3564">
    <p class='ocr_par' dir='ltr' id='par_1_80' title="bbox 1895 3492 3526 3564">
     <span class='ocr_line' id='line_1_80' title="bbox 1895 3492 3526 3564; baseline 0 -18"><span class='ocrx_word' id='word_1_594' title='bbox 1895 3493 2164 3560; x_wconf 89' lang='lat' dir='ltr'><strong>veritatis,</strong></span> <span class='ocrx_word' id='word_1_595' title='bbox 2193 3492 2326 3564; x_wconf 90' lang='lat' dir='ltr'><strong>quia</strong></span> <span class='ocrx_word' id='word_1_596' title='bbox 2367 3492 2485 3562; x_wconf 91' lang='lat' dir='ltr'><strong>ipse</strong></span> <span class='ocrx_word' id='word_1_597' title='bbox 2521 3493 2728 3546; x_wconf 89' lang='lat' dir='ltr'><strong>veritas</strong></span> <span class='ocrx_word' id='word_1_598' title='bbox 2766 3495 2870 3559; x_wconf 88' lang='lat' dir='ltr'><strong>est,</strong></span> <span class='ocrx_word' id='word_1_599' title='bbox 2899 3495 2956 3546; x_wconf 92' lang='lat' dir='ltr'><strong>et</strong></span> <span class='ocrx_word' id='word_1_600' title='bbox 2982 3509 3088 3546; x_wconf 91' lang='lat' dir='ltr'><strong>nos</strong></span> <span class='ocrx_word' id='word_1_601' title='bbox 3124 3495 3323 3546; x_wconf 88' lang='lat' dir='ltr'><strong>tenere</strong></span> <span class='ocrx_word' id='word_1_602' title='bbox 3350 3493 3526 3546; x_wconf 89' lang='lat' dir='ltr'><strong>voluit</strong></span> 
     </span>
    </p>
   </div>
   <div class='ocr_carea' id='block_1_81' title="bbox 1896 3585 3524 3656">
    <p class='ocr_par' dir='ltr' id='par_1_81' title="bbox 1896 3585 3524 3656">
     <span class='ocr_line' id='line_1_81' title="bbox 1896 3585 3524 3656; baseline -0.001 -16"><span class='ocrx_word' id='word_1_603' title='bbox 1896 3585 2224 3655; x_wconf 87' lang='lat' dir='ltr'><strong>veritatem;</strong></span> <span class='ocrx_word' id='word_1_604' title='bbox 2287 3586 2460 3640; x_wconf 91' lang='lat' dir='ltr'><strong>habet</strong></span> <span class='ocrx_word' id='word_1_605' title='bbox 2522 3590 2811 3640; x_wconf 89' lang='lat' dir='ltr'><strong>consortes</strong></span> <span class='ocrx_word' id='word_1_606' title='bbox 2871 3586 3332 3652; x_wconf 88' lang='lat' dir='ltr'><strong>resurrectionis,</strong></span> <span class='ocrx_word' id='word_1_607' title='bbox 3389 3587 3524 3656; x_wconf 87' lang='lat' dir='ltr'><strong>quia</strong></span> 
     </span>
    </p>
   </div>
   <div class='ocr_carea' id='block_1_82' title="bbox 1897 3678 3522 3750">
    <p class='ocr_par' dir='ltr' id='par_1_82' title="bbox 1897 3678 3522 3750">
     <span class='ocr_line' id='line_1_82' title="bbox 1897 3678 3522 3750; baseline 0 -19"><span class='ocrx_word' id='word_1_608' title='bbox 1897 3679 2015 3750; x_wconf 89' lang='lat' dir='ltr'><strong>ipse</strong></span> <span class='ocrx_word' id='word_1_609' title='bbox 2061 3686 2143 3732; x_wconf 90' lang='lat' dir='ltr'><strong>est</strong></span> <span class='ocrx_word' id='word_1_610' title='bbox 2189 3678 2555 3745; x_wconf 87' lang='lat' dir='ltr'><strong>resurrectio;</strong></span> <span class='ocrx_word' id='word_1_611' title='bbox 2602 3678 2775 3732; x_wconf 90' lang='lat' dir='ltr'><strong>habet</strong></span> <span class='ocrx_word' id='word_1_612' title='bbox 2816 3683 3101 3732; x_wconf 89' lang='lat' dir='ltr'><strong>consortes</strong></span> <span class='ocrx_word' id='word_1_613' title='bbox 3149 3678 3522 3732; x_wconf 73' lang='lat' dir='ltr'><strong>immaculatae</strong></span> 
     </span>
    </p>
   </div>
   <div class='ocr_carea' id='block_1_83' title="bbox 1894 3770 3521 3844">
    <p class='ocr_par' dir='ltr' id='par_1_83' title="bbox 1894 3770 3521 3844">
     <span class='ocr_line' id='line_1_83' title="bbox 1894 3770 3521 3844; baseline -0.001 -18"><span class='ocrx_word' id='word_1_614' title='bbox 1894 3774 2048 3840; x_wconf 66' lang='lat' dir='ltr'><strong>vitae,</strong></span> <span class='ocrx_word' id='word_1_615' title='bbox 2103 3772 2236 3844; x_wconf 89' lang='lat' dir='ltr'><strong>quia</strong></span> <span class='ocrx_word' id='word_1_616' title='bbox 2294 3771 2413 3842; x_wconf 91' lang='lat' dir='ltr'><strong>ipse</strong></span> <span class='ocrx_word' id='word_1_617' title='bbox 2464 3770 2861 3825; x_wconf 90' lang='lat' dir='ltr'><strong>immaculatus</strong></span> <span class='ocrx_word' id='word_1_618' title='bbox 2922 3775 3024 3824; x_wconf 90' lang='lat' dir='ltr'><strong>est.</strong></span> <span class='ocrx_word' id='word_1_619' title='bbox 3079 3772 3145 3824; x_wconf 89' lang='lat' dir='ltr'><strong>Et</strong></span> <span class='ocrx_word' id='word_1_620' title='bbox 3196 3771 3521 3840; x_wconf 88' lang='lat' dir='ltr'><strong>quicunque</strong></span> 
     </span>
    </p>
   </div>
   <div class='ocr_carea' id='block_1_84' title="bbox 1896 3863 3521 3934">
    <p class='ocr_par' dir='ltr' id='par_1_84' title="bbox 1896 3863 3521 3934">
     <span class='ocr_line' id='line_1_84' title="bbox 1896 3863 3521 3934; baseline -0.002 -13"><span class='ocrx_word' id='word_1_621' title='bbox 1896 3867 1954 3921; x_wconf 91' lang='lat' dir='ltr'><strong>in</strong></span> <span class='ocrx_word' id='word_1_622' title='bbox 1991 3866 2238 3921; x_wconf 89' lang='lat' dir='ltr'><strong>novitate</strong></span> <span class='ocrx_word' id='word_1_623' title='bbox 2267 3866 2399 3920; x_wconf 69' lang='lat' dir='ltr'><strong>vitae</strong></span> <span class='ocrx_word' id='word_1_624' title='bbox 2438 3864 2840 3933; x_wconf 87' lang='lat' dir='ltr'><strong>ambulaverit,</strong></span> <span class='ocrx_word' id='word_1_625' title='bbox 2875 3863 3202 3934; x_wconf 90' lang='lat' dir='ltr'><strong>quicunque</strong></span> <span class='ocrx_word' id='word_1_626' title='bbox 3235 3865 3521 3918; x_wconf 85' lang='lat' dir='ltr'><strong>tramitem</strong></span> 
     </span>
    </p>
   </div>
   <div class='ocr_carea' id='block_1_85' title="bbox 1890 3957 3522 4032">
    <p class='ocr_par' dir='ltr' id='par_1_85' title="bbox 1890 3957 3522 4032">
     <span class='ocr_line' id='line_1_85' title="bbox 1890 3957 3522 4032; baseline -0.002 -18"><span class='ocrx_word' id='word_1_627' title='bbox 1890 3960 2126 4032; x_wconf 73' lang='lat' dir='ltr'><strong>justitite</strong></span> <span class='ocrx_word' id='word_1_628' title='bbox 2157 3959 2428 4028; x_wconf 88' lang='lat' dir='ltr'><strong>tenuerit,</strong></span> <span class='ocrx_word' id='word_1_629' title='bbox 2459 3959 2744 4028; x_wconf 88' lang='lat' dir='ltr'><strong>particeps</strong></span> <span class='ocrx_word' id='word_1_630' title='bbox 2771 3957 2976 4013; x_wconf 89' lang='lat' dir='ltr'><strong>Christi</strong></span> <span class='ocrx_word' id='word_1_631' title='bbox 3004 3962 3110 4011; x_wconf 90' lang='lat' dir='ltr'><strong>est.</strong></span> <span class='ocrx_word' id='word_1_632' title='bbox 3141 3957 3316 4011; x_wconf 84' lang='lat' dir='ltr'><strong>Habet</strong></span> <span class='ocrx_word' id='word_1_633' title='bbox 3353 3957 3522 4011; x_wconf 88' lang='lat' dir='ltr'><strong>etiam</strong></span> 
     </span>
    </p>
   </div>
   <div class='ocr_carea' id='block_1_86' title="bbox 1896 4051 3524 4123">
    <p class='ocr_par' dir='ltr' id='par_1_86' title="bbox 1896 4051 3524 4123">
     <span class='ocr_line' id='line_1_86' title="bbox 1896 4051 3524 4123; baseline -0.002 -14"><span class='ocrx_word' id='word_1_634' title='bbox 1896 4053 2278 4109; x_wconf 87' lang='lat' dir='ltr'><strong>tribulationis</strong></span> <span class='ocrx_word' id='word_1_635' title='bbox 2317 4069 2433 4106; x_wconf 72' lang='lat' dir='ltr'><strong>suae</strong></span> <span class='ocrx_word' id='word_1_636' title='bbox 2470 4052 2806 4123; x_wconf 90' lang='lat' dir='ltr'><strong>participes;</strong></span> <span class='ocrx_word' id='word_1_637' title='bbox 2840 4051 3075 4122; x_wconf 88' lang='lat' dir='ltr'><strong>ideoque</strong></span> <span class='ocrx_word' id='word_1_638' title='bbox 3119 4051 3215 4121; x_wconf 91' lang='lat' dir='ltr'><strong>qui</strong></span> <span class='ocrx_word' id='word_1_639' title='bbox 3248 4051 3524 4121; x_wconf 89' lang='lat' dir='ltr'><strong>particeps</strong></span> 
     </span>
    </p>
   </div>
   <div class='ocr_carea' id='block_1_87' title="bbox 1898 4145 3525 4218">
    <p class='ocr_par' dir='ltr' id='par_1_87' title="bbox 1898 4145 3525 4218">
     <span class='ocr_line' id='line_1_87' title="bbox 1898 4145 3525 4218; baseline -0.001 -17"><span class='ocrx_word' id='word_1_640' title='bbox 1898 4149 2019 4218; x_wconf 88' lang='lat' dir='ltr'><strong>ejus</strong></span> <span class='ocrx_word' id='word_1_641' title='bbox 2046 4163 2164 4201; x_wconf 89' lang='lat' dir='ltr'><strong>esse</strong></span> <span class='ocrx_word' id='word_1_642' title='bbox 2191 4147 2475 4217; x_wconf 89' lang='lat' dir='ltr'><strong>cupiebat,</strong></span> <span class='ocrx_word' id='word_1_643' title='bbox 2505 4145 2648 4200; x_wconf 87' lang='lat' dir='ltr'><strong>dixit</strong></span> <span class='ocrx_word' id='word_1_644' title='bbox 2678 4162 2691 4199; x_wconf 90' lang='lat'>:</span> <span class='ocrx_word' id='word_1_645' title='bbox 2726 4166 2753 4195; x_wconf 82' lang='lat'>«</span> <span class='ocrx_word' id='word_1_646' title='bbox 2787 4146 2943 4200; x_wconf 88' lang='lat' dir='ltr'><strong>Nunc</strong></span> <span class='ocrx_word' id='word_1_647' title='bbox 2975 4145 3196 4214; x_wconf 86' lang='lat' dir='ltr'><strong>gaudeo</strong></span> <span class='ocrx_word' id='word_1_648' title='bbox 3227 4145 3286 4198; x_wconf 88' lang='lat' dir='ltr'><strong>in</strong></span> <span class='ocrx_word' id='word_1_649' title='bbox 3315 4145 3525 4215; x_wconf 83' lang='lat' dir='ltr'><strong>passio-</strong></span> 
     </span>
    </p>
   </div>
   <div class='ocr_carea' id='block_1_88' title="bbox 1899 4237 3527 4311">
    <p class='ocr_par' dir='ltr' id='par_1_88' title="bbox 1899 4237 3527 4311">
     <span class='ocr_line' id='line_1_88' title="bbox 1899 4237 3527 4311; baseline -0.003 -16"><span class='ocrx_word' id='word_1_650' title='bbox 1899 4240 2064 4295; x_wconf 91' lang='lat' dir='ltr'><strong>nibus</strong></span> <span class='ocrx_word' id='word_1_651' title='bbox 2091 4256 2193 4311; x_wconf 93' lang='lat' dir='ltr'><strong>pro</strong></span> <span class='ocrx_word' id='word_1_652' title='bbox 2221 4239 2402 4305; x_wconf 88' lang='lat' dir='ltr'><strong>vobis,</strong></span> <span class='ocrx_word' id='word_1_653' title='bbox 2432 4242 2488 4293; x_wconf 90' lang='lat' dir='ltr'><strong>et</strong></span> <span class='ocrx_word' id='word_1_654' title='bbox 2525 4238 2812 4308; x_wconf 90' lang='lat' dir='ltr'><strong>adimpleo</strong></span> <span class='ocrx_word' id='word_1_655' title='bbox 2839 4254 2903 4292; x_wconf 90' lang='lat' dir='ltr'><strong>ea</strong></span> <span class='ocrx_word' id='word_1_656' title='bbox 2933 4253 3060 4308; x_wconf 64' lang='lat' dir='ltr'><strong>quae</strong></span> <span class='ocrx_word' id='word_1_657' title='bbox 3089 4237 3295 4291; x_wconf 89' lang='lat' dir='ltr'><strong>desunt</strong></span> <span class='ocrx_word' id='word_1_658' title='bbox 3322 4237 3527 4308; x_wconf 90' lang='lat' dir='ltr'><strong>passio-</strong></span> 
     </span>
    </p>
   </div>
   <div class='ocr_carea' id='block_1_89' title="bbox 1899 4331 3523 4402">
    <p class='ocr_par' dir='ltr' id='par_1_89' title="bbox 1899 4331 3523 4402">
     <span class='ocr_line' id='line_1_89' title="bbox 1899 4331 3523 4402; baseline -0.001 -15"><span class='ocrx_word' id='word_1_659' title='bbox 1899 4350 2036 4388; x_wconf 89' lang='lat' dir='ltr'><strong>num</strong></span> <span class='ocrx_word' id='word_1_660' title='bbox 2075 4333 2278 4390; x_wconf 87' lang='lat' dir='ltr'><strong>Christi</strong></span> <span class='ocrx_word' id='word_1_661' title='bbox 2318 4333 2376 4386; x_wconf 92' lang='lat' dir='ltr'><strong>in</strong></span> <span class='ocrx_word' id='word_1_662' title='bbox 2419 4348 2588 4386; x_wconf 88' lang='lat' dir='ltr'><strong>carne</strong></span> <span class='ocrx_word' id='word_1_663' title='bbox 2624 4348 2770 4398; x_wconf 87' lang='lat' dir='ltr'><strong>mea,</strong></span> <span class='ocrx_word' id='word_1_664' title='bbox 2812 4346 2913 4402; x_wconf 90' lang='lat' dir='ltr'><strong>pro</strong></span> <span class='ocrx_word' id='word_1_665' title='bbox 2948 4346 3183 4400; x_wconf 90' lang='lat' dir='ltr'><strong>corpore</strong></span> <span class='ocrx_word' id='word_1_666' title='bbox 3219 4331 3358 4400; x_wconf 89' lang='lat' dir='ltr'><strong>ejus,</strong></span> <span class='ocrx_word' id='word_1_667' title='bbox 3396 4347 3523 4401; x_wconf 79' lang='lat' dir='ltr'><strong>quae</strong></span> 
     </span>
    </p>
   </div>
   <div class='ocr_carea' id='block_1_90' title="bbox 264 4420 3523 4500">
    <p class='ocr_par' dir='ltr' id='par_1_90' title="bbox 264 4420 3523 4500">
     <span class='ocr_line' id='line_1_90' title="bbox 264 4420 3523 4500; baseline 0.002 -28"><span class='ocrx_word' id='word_1_668' title='bbox 264 4420 333 4472; x_wconf 79' lang='lat'><strong>52.</strong></span> <span class='ocrx_word' id='word_1_669' title='bbox 371 4421 498 4477; x_wconf 80' lang='lat' dir='ltr'><strong>Vide</strong></span> <span class='ocrx_word' id='word_1_670' title='bbox 536 4422 716 4494; x_wconf 89' lang='lat' dir='ltr'><strong>igitur</strong></span> <span class='ocrx_word' id='word_1_671' title='bbox 760 4441 833 4478; x_wconf 91' lang='lat' dir='ltr'><strong>ne</strong></span> <span class='ocrx_word' id='word_1_672' title='bbox 876 4427 932 4478; x_wconf 89' lang='lat' dir='ltr'><strong>et</strong></span> <span class='ocrx_word' id='word_1_673' title='bbox 968 4441 1068 4496; x_wconf 91' lang='lat' dir='ltr'><strong>per</strong></span> <span class='ocrx_word' id='word_1_674' title='bbox 1107 4425 1259 4481; x_wconf 89' lang='lat' dir='ltr'><strong>diem</strong></span> <span class='ocrx_word' id='word_1_675' title='bbox 1304 4426 1407 4480; x_wconf 91' lang='lat' dir='ltr'><strong>tibi</strong></span> <span class='ocrx_word' id='word_1_676' title='bbox 1451 4426 1643 4481; x_wconf 91' lang='lat' dir='ltr'><strong>media</strong></span> <span class='ocrx_word' id='word_1_677' title='bbox 1682 4429 1982 4500; x_wconf 86' lang='lat' dir='ltr'><strong>uoxDest</strong></span> <span class='ocrx_word' id='word_1_678' title='bbox 2027 4427 2272 4482; x_wconf 90' lang='lat' dir='ltr'><strong>Ecclesia</strong></span> <span class='ocrx_word' id='word_1_679' title='bbox 2323 4426 2559 4492; x_wconf 73' lang='lat'><strong>(001038.,</strong></span> <span class='ocrx_word' id='word_1_680' title='bbox 2615 4442 2651 4491; x_wconf 86' lang='grc' dir='ltr'><strong>ι,</strong></span> <span class='ocrx_word' id='word_1_681' title='bbox 2703 4426 2807 4493; x_wconf 66' lang='grc'><strong>24).</strong></span> <span class='ocrx_word' id='word_1_682' title='bbox 2861 4443 2887 4473; x_wconf 75' lang='grc' dir='ltr'><strong>ι)</strong></span> <span class='ocrx_word' id='word_1_683' title='bbox 2934 4424 3249 4494; x_wconf 73' lang='lat' dir='ltr'><strong>Sepulturae</strong></span> <span class='ocrx_word' id='word_1_684' title='bbox 3301 4440 3523 4494; x_wconf 77' lang='lat' dir='ltr'><strong>quoque</strong></span> 
     </span>
    </p>
   </div>
   <div class='ocr_carea' id='block_1_91' title="bbox 211 4505 1797 4590">
    <p class='ocr_par' dir='ltr' id='par_1_91' title="bbox 211 4505 1797 4590">
     <span class='ocr_line' id='line_1_91' title="bbox 211 4505 1797 4590; baseline 0.009 -33"><span class='ocrx_word' id='word_1_685' title='bbox 211 4505 297 4575; x_wconf 84' lang='lat' dir='ltr'><strong>ﬁat,</strong></span> <span class='ocrx_word' id='word_1_686' title='bbox 329 4529 433 4583; x_wconf 88' lang='lat' dir='ltr'><strong>quo</strong></span> <span class='ocrx_word' id='word_1_687' title='bbox 477 4517 682 4571; x_wconf 90' lang='lat' dir='ltr'><strong>mundi</strong></span> <span class='ocrx_word' id='word_1_688' title='bbox 727 4517 990 4589; x_wconf 91' lang='lat' dir='ltr'><strong>princeps</strong></span> <span class='ocrx_word' id='word_1_689' title='bbox 1033 4519 1367 4574; x_wconf 90' lang='lat' dir='ltr'><strong>tenebrosus</strong></span> <span class='ocrx_word' id='word_1_690' title='bbox 1408 4522 1466 4573; x_wconf 90' lang='lat' dir='ltr'><strong>et</strong></span> <span class='ocrx_word' id='word_1_691' title='bbox 1505 4519 1797 4590; x_wconf 90' lang='lat' dir='ltr'><strong>squalidus</strong></span> 
     </span>
    </p>
   </div>
   <div class='ocr_carea' id='block_1_92' title="bbox 210 4601 1793 4684">
    <p class='ocr_par' dir='ltr' id='par_1_92' title="bbox 210 4601 1793 4684">
     <span class='ocr_line' id='line_1_92' title="bbox 210 4601 1793 4684; baseline 0.007 -27"><span class='ocrx_word' id='word_1_692' title='bbox 210 4601 584 4667; x_wconf 81' lang='lat' dir='ltr'><strong>plenitudinem</strong></span> <span class='ocrx_word' id='word_1_693' title='bbox 628 4609 732 4665; x_wconf 88' lang='lat' dir='ltr'><strong>tibi</strong></span> <span class='ocrx_word' id='word_1_694' title='bbox 777 4611 1102 4666; x_wconf 89' lang='lat' dir='ltr'><strong>tcntationis</strong></span> <span class='ocrx_word' id='word_1_695' title='bbox 1142 4611 1424 4668; x_wconf 89' lang='lat' dir='ltr'><strong>infundat.</strong></span> <span class='ocrx_word' id='word_1_696' title='bbox 1467 4613 1647 4684; x_wconf 92' lang='lat' dir='ltr'><strong>Surge</strong></span> <span class='ocrx_word' id='word_1_697' title='bbox 1689 4614 1793 4684; x_wconf 82' lang='lat' dir='ltr'><strong>igi-</strong></span> 
     </span>
    </p>
   </div>
   <div class='ocr_carea' id='block_1_93' title="bbox 212 4695 1796 4777">
    <p class='ocr_par' dir='ltr' id='par_1_93' title="bbox 212 4695 1796 4777">
     <span class='ocr_line' id='line_1_93' title="bbox 212 4695 1796 4777; baseline 0.01 -33"><span class='ocrx_word' id='word_1_698' title='bbox 212 4695 278 4747; x_wconf 86' lang='lat' dir='ltr'><strong>tur</strong></span> <span class='ocrx_word' id='word_1_699' title='bbox 310 4705 357 4751; x_wconf 88' lang='lat' dir='ltr'><strong>et</strong></span> <span class='ocrx_word' id='word_1_700' title='bbox 394 4703 578 4756; x_wconf 77' lang='lat' dir='ltr'><strong>excita</strong></span> <span class='ocrx_word' id='word_1_701' title='bbox 616 4708 777 4758; x_wconf 87' lang='lat' dir='ltr'><strong>tuam</strong></span> <span class='ocrx_word' id='word_1_702' title='bbox 819 4708 1082 4759; x_wconf 90' lang='lat' dir='ltr'><strong>mentem</strong></span> <span class='ocrx_word' id='word_1_703' title='bbox 1121 4723 1134 4760; x_wconf 90' lang='lat'><strong>:</strong></span> <span class='ocrx_word' id='word_1_704' title='bbox 1173 4723 1292 4762; x_wconf 92' lang='lat' dir='ltr'><strong>non</strong></span> <span class='ocrx_word' id='word_1_705' title='bbox 1331 4707 1664 4761; x_wconf 82' lang='lat' dir='ltr'><strong>dormitabit</strong></span> <span class='ocrx_word' id='word_1_706' title='bbox 1702 4708 1796 4777; x_wconf 91' lang='lat' dir='ltr'><strong>qui</strong></span> 
     </span>
    </p>
   </div>
   <div class='ocr_carea' id='block_1_94' title="bbox 212 4793 1798 4870">
    <p class='ocr_par' dir='ltr' id='par_1_94' title="bbox 212 4793 1798 4870">
     <span class='ocr_line' id='line_1_94' title="bbox 212 4793 1798 4870; baseline 0.008 -28"><span class='ocrx_word' id='word_1_707' title='bbox 212 4793 409 4847; x_wconf 81' lang='lat' dir='ltr'><strong>custodit</strong></span> <span class='ocrx_word' id='word_1_708' title='bbox 453 4800 531 4863; x_wconf 87' lang='lat' dir='ltr'><strong>te,</strong></span> <span class='ocrx_word' id='word_1_709' title='bbox 583 4797 626 4850; x_wconf 91' lang='lat' dir='ltr'><strong>si</strong></span> <span class='ocrx_word' id='word_1_710' title='bbox 678 4800 730 4851; x_wconf 93' lang='lat' dir='ltr'><strong>te</strong></span> <span class='ocrx_word' id='word_1_711' title='bbox 780 4814 897 4852; x_wconf 91' lang='lat' dir='ltr'><strong>non</strong></span> <span class='ocrx_word' id='word_1_712' title='bbox 947 4800 1201 4870; x_wconf 87' lang='lat' dir='ltr'><strong>reperiat</strong></span> <span class='ocrx_word' id='word_1_713' title='bbox 1243 4799 1654 4868; x_wconf 88' lang='lat' dir='ltr'><strong>dormientem;</strong></span> <span class='ocrx_word' id='word_1_714' title='bbox 1699 4802 1798 4854; x_wconf 92' lang='lat' dir='ltr'><strong>sed</strong></span> 
     </span>
    </p>
   </div>
   <div class='ocr_carea' id='block_1_95' title="bbox 213 4889 1796 4964">
    <p class='ocr_par' dir='ltr' id='par_1_95' title="bbox 213 4889 1796 4964">
     <span class='ocr_line' id='line_1_95' title="bbox 213 4889 1796 4964; baseline 0.004 -25"><span class='ocrx_word' id='word_1_715' title='bbox 213 4890 385 4954; x_wconf 74' lang='lat' dir='ltr'><strong>Surget,</strong></span> <span class='ocrx_word' id='word_1_716' title='bbox 422 4889 468 4941; x_wconf 91' lang='lat' dir='ltr'><strong>si</strong></span> <span class='ocrx_word' id='word_1_717' title='bbox 505 4894 564 4944; x_wconf 90' lang='lat' dir='ltr'><strong>et</strong></span> <span class='ocrx_word' id='word_1_718' title='bbox 594 4890 712 4961; x_wconf 91' lang='lat' dir='ltr'><strong>ipse</strong></span> <span class='ocrx_word' id='word_1_719' title='bbox 746 4890 919 4946; x_wconf 89' lang='lat' dir='ltr'><strong>fuerit</strong></span> <span class='ocrx_word' id='word_1_720' title='bbox 956 4898 1069 4947; x_wconf 69' lang='lat' dir='ltr'><strong>tua:</strong></span> <span class='ocrx_word' id='word_1_721' title='bbox 1099 4892 1306 4947; x_wconf 68' lang='lat' dir='ltr'><strong>animas</strong></span> <span class='ocrx_word' id='word_1_722' title='bbox 1343 4893 1551 4964; x_wconf 89' lang='lat' dir='ltr'><strong>vigiliis</strong></span> <span class='ocrx_word' id='word_1_723' title='bbox 1589 4893 1796 4947; x_wconf 84' lang='lat' dir='ltr'><strong>excita-</strong></span> 
     </span>
    </p>
   </div>
   <div class='ocr_carea' id='block_1_96' title="bbox 215 4974 1798 5057">
    <p class='ocr_par' dir='ltr' id='par_1_96' title="bbox 215 4974 1798 5057">
     <span class='ocr_line' id='line_1_96' title="bbox 215 4974 1798 5057; baseline 0.005 -24"><span class='ocrx_word' id='word_1_724' title='bbox 215 4974 296 5040; x_wconf 68' lang='grc' dir='ltr'><strong>ωε,</strong></span> <span class='ocrx_word' id='word_1_725' title='bbox 321 4986 371 5034; x_wconf 90' lang='lat' dir='ltr'><strong>et</strong></span> <span class='ocrx_word' id='word_1_726' title='bbox 405 4981 708 5054; x_wconf 88' lang='lat' dir='ltr'><strong>imperabit</strong></span> <span class='ocrx_word' id='word_1_727' title='bbox 749 4990 936 5051; x_wconf 82' lang='lat' dir='ltr'><strong>vento,</strong></span> <span class='ocrx_word' id='word_1_728' title='bbox 969 4988 1027 5041; x_wconf 92' lang='lat' dir='ltr'><strong>et</strong></span> <span class='ocrx_word' id='word_1_729' title='bbox 1063 4987 1161 5041; x_wconf 82' lang='lat' dir='ltr'><strong>fiet</strong></span> <span class='ocrx_word' id='word_1_730' title='bbox 1193 4987 1566 5057; x_wconf 85' lang='lat' dir='ltr'><strong>tranquillitas</strong></span> <span class='ocrx_word' id='word_1_731' title='bbox 1604 4987 1662 5040; x_wconf 92' lang='lat' dir='ltr'><strong>in</strong></span> <span class='ocrx_word' id='word_1_732' title='bbox 1703 4991 1798 5041; x_wconf 91' lang='lat' dir='ltr'><strong>tuo</strong></span> 
     </span>
    </p>
   </div>
   <div class='ocr_carea' id='block_1_97' title="bbox 215 5073 1800 5150">
    <p class='ocr_par' dir='ltr' id='par_1_97' title="bbox 215 5073 1800 5150">
     <span class='ocr_line' id='line_1_97' title="bbox 215 5073 1800 5150; baseline 0.002 -19"><span class='ocrx_word' id='word_1_733' title='bbox 215 5073 431 5140; x_wconf 69' lang='lat' dir='ltr'><strong>Pectore,</strong></span> <span class='ocrx_word' id='word_1_734' title='bbox 491 5077 643 5146; x_wconf 91' lang='lat' dir='ltr'><strong>quod</strong></span> <span class='ocrx_word' id='word_1_735' title='bbox 711 5077 1069 5133; x_wconf 90' lang='lat' dir='ltr'><strong>diversarum</strong></span> <span class='ocrx_word' id='word_1_736' title='bbox 1128 5080 1512 5150; x_wconf 86' lang='lat' dir='ltr'><strong>procellarum</strong></span> <span class='ocrx_word' id='word_1_737' title='bbox 1577 5079 1800 5134; x_wconf 89' lang='lat' dir='ltr'><strong>turbine</strong></span> 
     </span>
    </p>
   </div>
   <div class='ocr_carea' id='block_1_98' title="bbox 218 5156 1802 5244">
    <p class='ocr_par' dir='ltr' id='par_1_98' title="bbox 218 5156 1802 5244">
     <span class='ocr_line' id='line_1_98' title="bbox 218 5156 1802 5244; baseline 0.009 -32"><span class='ocrx_word' id='word_1_738' title='bbox 218 5156 499 5221; x_wconf 80' lang='lat' dir='ltr'><strong>fluctuabat.</strong></span> <span class='ocrx_word' id='word_1_739' title='bbox 532 5170 897 5241; x_wconf 89' lang='lat' dir='ltr'><strong>Surgendum</strong></span> <span class='ocrx_word' id='word_1_740' title='bbox 932 5171 1108 5243; x_wconf 89' lang='lat' dir='ltr'><strong>igitur</strong></span> <span class='ocrx_word' id='word_1_741' title='bbox 1148 5173 1326 5228; x_wconf 89' lang='lat' dir='ltr'><strong>nobis.</strong></span> <span class='ocrx_word' id='word_1_742' title='bbox 1367 5174 1523 5229; x_wconf 92' lang='lat' dir='ltr'><strong>Solet</strong></span> <span class='ocrx_word' id='word_1_743' title='bbox 1555 5173 1802 5244; x_wconf 89' lang='lat' dir='ltr'><strong>Sponsus</strong></span> 
     </span>
    </p>
   </div>
   <div class='ocr_carea' id='block_1_99' title="bbox 219 5255 1798 5322">
    <p class='ocr_par' dir='ltr' id='par_1_99' title="bbox 219 5255 1798 5322">
     <span class='ocr_line' id='line_1_99' title="bbox 219 5255 1798 5322; baseline 0.009 -14"><span class='ocrx_word' id='word_1_744' title='bbox 219 5255 364 5310; x_wconf 76' lang='lat' dir='ltr'><strong>media</strong></span> <span class='ocrx_word' id='word_1_745' title='bbox 396 5264 559 5316; x_wconf 89' lang='lat' dir='ltr'><strong>nocte</strong></span> <span class='ocrx_word' id='word_1_746' title='bbox 598 5263 827 5319; x_wconf 87' lang='lat' dir='ltr'><strong>venire:</strong></span> <span class='ocrx_word' id='word_1_747' title='bbox 861 5282 992 5320; x_wconf 88' lang='lat' dir='ltr'><strong>cave</strong></span> <span class='ocrx_word' id='word_1_748' title='bbox 1027 5282 1098 5321; x_wconf 93' lang='lat' dir='ltr'><strong>ne</strong></span> <span class='ocrx_word' id='word_1_749' title='bbox 1133 5269 1187 5321; x_wconf 92' lang='lat' dir='ltr'><strong>te</strong></span> <span class='ocrx_word' id='word_1_750' title='bbox 1226 5266 1609 5322; x_wconf 88' lang='lat' dir='ltr'><strong>dormientem</strong></span> <span class='ocrx_word' id='word_1_751' title='bbox 1647 5267 1798 5322; x_wconf 89' lang='lat' dir='ltr'><strong>inve-</strong></span> 
     </span>
    </p>
   </div>
   <div class='ocr_carea' id='block_1_100' title="bbox 221 5344 1802 5430">
    <p class='ocr_par' dir='ltr' id='par_1_100' title="bbox 221 5344 1802 5430">
     <span class='ocr_line' id='line_1_100' title="bbox 221 5344 1802 5430; baseline 0.011 -32"><span class='ocrx_word' id='word_1_752' title='bbox 221 5344 327 5414; x_wconf 81' lang='lat' dir='ltr'><strong>niat,</strong></span> <span class='ocrx_word' id='word_1_753' title='bbox 358 5367 482 5408; x_wconf 87' lang='lat' dir='ltr'><strong>cave</strong></span> <span class='ocrx_word' id='word_1_754' title='bbox 518 5371 591 5409; x_wconf 90' lang='lat' dir='ltr'><strong>ne</strong></span> <span class='ocrx_word' id='word_1_755' title='bbox 629 5357 809 5411; x_wconf 84' lang='lat' dir='ltr'><strong>facem</strong></span> <span class='ocrx_word' id='word_1_756' title='bbox 849 5361 1005 5412; x_wconf 90' lang='lat' dir='ltr'><strong>tuam</strong></span> <span class='ocrx_word' id='word_1_757' title='bbox 1045 5375 1158 5414; x_wconf 91' lang='lat' dir='ltr'><strong>non</strong></span> <span class='ocrx_word' id='word_1_758' title='bbox 1199 5376 1379 5430; x_wconf 89' lang='lat' dir='ltr'><strong>queas</strong></span> <span class='ocrx_word' id='word_1_759' title='bbox 1419 5361 1802 5415; x_wconf 90' lang='lat' dir='ltr'><strong>somnolentus</strong></span> 
     </span>
    </p>
   </div>
   <div class='ocr_carea' id='block_1_101' title="bbox 223 5444 1800 5524">
    <p class='ocr_par' dir='ltr' id='par_1_101' title="bbox 223 5444 1800 5524">
     <span class='ocr_line' id='line_1_101' title="bbox 223 5444 1800 5524; baseline 0.013 -36"><span class='ocrx_word' id='word_1_760' title='bbox 223 5444 506 5502; x_wconf 78' lang='lat' dir='ltr'><strong>accendere.</strong></span> <span class='ocrx_word' id='word_1_761' title='bbox 537 5448 923 5521; x_wconf 89' lang='lat' dir='ltr'><strong>Surgendum,</strong></span> <span class='ocrx_word' id='word_1_762' title='bbox 962 5452 1219 5524; x_wconf 89' lang='lat' dir='ltr'><strong>inquam,</strong></span> <span class='ocrx_word' id='word_1_763' title='bbox 1249 5456 1306 5507; x_wconf 89' lang='lat' dir='ltr'><strong>et</strong></span> <span class='ocrx_word' id='word_1_764' title='bbox 1343 5454 1583 5509; x_wconf 89' lang='lat' dir='ltr'><strong>Domino</strong></span> <span class='ocrx_word' id='word_1_765' title='bbox 1621 5453 1800 5509; x_wconf 82' lang='lat' dir='ltr'><strong>conﬁ-</strong></span> 
     </span>
    </p>
   </div>
   <div class='ocr_carea' id='block_1_102' title="bbox 226 5533 1804 5618">
    <p class='ocr_par' dir='ltr' id='par_1_102' title="bbox 226 5533 1804 5618">
     <span class='ocr_line' id='line_1_102' title="bbox 226 5533 1804 5618; baseline 0.011 -34"><span class='ocrx_word' id='word_1_766' title='bbox 226 5533 416 5591; x_wconf 69' lang='lat' dir='ltr'><strong>tendum</strong></span> <span class='ocrx_word' id='word_1_767' title='bbox 446 5545 552 5606; x_wconf 91' lang='lat' dir='ltr'><strong>est,</strong></span> <span class='ocrx_word' id='word_1_768' title='bbox 582 5548 640 5598; x_wconf 92' lang='lat' dir='ltr'><strong>ut</strong></span> <span class='ocrx_word' id='word_1_769' title='bbox 669 5544 882 5614; x_wconf 81' lang='lat' dir='ltr'><strong>gratias</strong></span> <span class='ocrx_word' id='word_1_770' title='bbox 911 5561 1066 5616; x_wconf 89' lang='lat' dir='ltr'><strong>agas.</strong></span> <span class='ocrx_word' id='word_1_771' title='bbox 1094 5545 1428 5602; x_wconf 80' lang='lat' dir='ltr'><strong>Conﬁteuda</strong></span> <span class='ocrx_word' id='word_1_772' title='bbox 1471 5547 1644 5601; x_wconf 90' lang='lat' dir='ltr'><strong>etiam</strong></span> <span class='ocrx_word' id='word_1_773' title='bbox 1681 5547 1804 5618; x_wconf 89' lang='lat' dir='ltr'><strong>ejus</strong></span> 
     </span>
    </p>
   </div>
   <div class='ocr_carea' id='block_1_103' title="bbox 225 5619 1802 5709">
    <p class='ocr_par' dir='ltr' id='par_1_103' title="bbox 225 5619 1802 5709">
     <span class='ocr_line' id='line_1_103' title="bbox 225 5619 1802 5709; baseline 0.012 -33"><span class='ocrx_word' id='word_1_774' title='bbox 225 5619 392 5684; x_wconf 80' lang='lat' dir='ltr'><strong>judicia</strong></span> <span class='ocrx_word' id='word_1_775' title='bbox 440 5638 675 5702; x_wconf 63' lang='lat' dir='ltr'><strong>aeterna;</strong></span> <span class='ocrx_word' id='word_1_776' title='bbox 728 5641 791 5690; x_wconf 89' lang='lat' dir='ltr'><strong>ut</strong></span> <span class='ocrx_word' id='word_1_777' title='bbox 847 5638 1126 5709; x_wconf 88' lang='lat' dir='ltr'><strong>quidquid</strong></span> <span class='ocrx_word' id='word_1_778' title='bbox 1184 5638 1344 5693; x_wconf 91' lang='lat' dir='ltr'><strong>nobis</strong></span> <span class='ocrx_word' id='word_1_779' title='bbox 1393 5639 1528 5694; x_wconf 91' lang='lat' dir='ltr'><strong>boni</strong></span> <span class='ocrx_word' id='word_1_780' title='bbox 1582 5640 1802 5706; x_wconf 90' lang='lat' dir='ltr'><strong>accidit,</strong></span> 
     </span>
    </p>
   </div>
   <div class='ocr_carea' id='block_1_104' title="bbox 232 5715 1802 5800">
    <p class='ocr_par' dir='ltr' id='par_1_104' title="bbox 232 5715 1802 5800">
     <span class='ocr_line' id='line_1_104' title="bbox 232 5715 1802 5800; baseline 0.004 -18"><span class='ocrx_word' id='word_1_781' title='bbox 232 5715 321 5782; x_wconf 66' lang='lat' dir='ltr'><strong>elus</strong></span> <span class='ocrx_word' id='word_1_782' title='bbox 364 5723 587 5792; x_wconf 64' lang='lat' dir='ltr'><strong>iustitiae</strong></span> <span class='ocrx_word' id='word_1_783' title='bbox 637 5730 1008 5800; x_wconf 89' lang='lat' dir='ltr'><strong>deputemus;</strong></span> <span class='ocrx_word' id='word_1_784' title='bbox 1060 5748 1124 5786; x_wconf 91' lang='lat' dir='ltr'><strong>ac</strong></span> <span class='ocrx_word' id='word_1_785' title='bbox 1177 5732 1288 5786; x_wconf 89' lang='lat' dir='ltr'><strong>sive</strong></span> <span class='ocrx_word' id='word_1_786' title='bbox 1341 5733 1541 5787; x_wconf 89' lang='lat' dir='ltr'><strong>divites</strong></span> <span class='ocrx_word' id='word_1_787' title='bbox 1587 5750 1802 5800; x_wconf 90' lang='lat' dir='ltr'><strong>sumus,</strong></span> 
     </span>
    </p>
   </div>
   <div class='ocr_carea' id='block_1_105' title="bbox 511 5822 1529 5908">
    <p class='ocr_par' dir='ltr' id='par_1_105' title="bbox 511 5822 1529 5908">
     <span class='ocr_line' id='line_1_105' title="bbox 511 5822 1529 5908; baseline 0.006 -24"><span class='ocrx_word' id='word_1_788' title='bbox 511 5822 776 5890; x_wconf 75' lang='lat' dir='ltr'><strong>PATROL.</strong></span> <span class='ocrx_word' id='word_1_789' title='bbox 824 5827 951 5893; x_wconf 82' lang='lat' dir='ltr'><strong>XV.</strong></span> <span class='ocrx_word' id='word_1_790' title='bbox 1000 5828 1178 5907; x_wconf 84' lang='lat' dir='ltr'><strong>(XIV,</strong></span> <span class='ocrx_word' id='word_1_791' title='bbox 1230 5849 1382 5893; x_wconf 77' lang='lat' dir='ltr'><strong>PARS</strong></span> <span class='ocrx_word' id='word_1_792' title='bbox 1427 5830 1529 5908; x_wconf 84' lang='lat' dir='ltr'><strong>Il).</strong></span> 
     </span>
    </p>
   </div>
   <div class='ocr_carea' id='block_1_106' title="bbox 1902 4516 3525 4591">
    <p class='ocr_par' dir='ltr' id='par_1_106' title="bbox 1902 4516 3525 4591">
     <span class='ocr_line' id='line_1_106' title="bbox 1902 4516 3525 4591; baseline -0.004 -16"><span class='ocrx_word' id='word_1_793' title='bbox 1902 4522 2025 4591; x_wconf 88' lang='lat' dir='ltr'><strong>ejus</strong></span> <span class='ocrx_word' id='word_1_794' title='bbox 2068 4520 2370 4591; x_wconf 89' lang='lat' dir='ltr'><strong>participes</strong></span> <span class='ocrx_word' id='word_1_795' title='bbox 2408 4535 2630 4584; x_wconf 88' lang='lat' dir='ltr'><strong>sumus;</strong></span> <span class='ocrx_word' id='word_1_796' title='bbox 2669 4516 2923 4588; x_wconf 89' lang='lat' dir='ltr'><strong>quisquis</strong></span> <span class='ocrx_word' id='word_1_797' title='bbox 2966 4517 3122 4571; x_wconf 91' lang='lat' dir='ltr'><strong>enim</strong></span> <span class='ocrx_word' id='word_1_798' title='bbox 3166 4518 3525 4588; x_wconf 89' lang='lat' dir='ltr'><strong>consepultus</strong></span> 
     </span>
    </p>
   </div>
   <div class='ocr_carea' id='block_1_107' title="bbox 1903 4610 3524 4683">
    <p class='ocr_par' dir='ltr' id='par_1_107' title="bbox 1903 4610 3524 4683">
     <span class='ocr_line' id='line_1_107' title="bbox 1903 4610 3524 4683; baseline -0.003 -15"><span class='ocrx_word' id='word_1_799' title='bbox 1903 4618 1988 4668; x_wconf 90' lang='lat' dir='ltr'><strong>est</strong></span> <span class='ocrx_word' id='word_1_800' title='bbox 2018 4630 2145 4668; x_wconf 92' lang='lat' dir='ltr'><strong>cum</strong></span> <span class='ocrx_word' id='word_1_801' title='bbox 2178 4613 2312 4683; x_wconf 73' lang='lat' dir='ltr'><strong>ipso</strong></span> <span class='ocrx_word' id='word_1_802' title='bbox 2338 4628 2438 4682; x_wconf 90' lang='lat' dir='ltr'><strong>per</strong></span> <span class='ocrx_word' id='word_1_803' title='bbox 2473 4610 2818 4682; x_wconf 88' lang='lat' dir='ltr'><strong>baptismum</strong></span> <span class='ocrx_word' id='word_1_804' title='bbox 2855 4610 2913 4663; x_wconf 90' lang='lat' dir='ltr'><strong>in</strong></span> <span class='ocrx_word' id='word_1_805' title='bbox 2947 4612 3211 4679; x_wconf 89' lang='lat' dir='ltr'><strong>mortem,</strong></span> <span class='ocrx_word' id='word_1_806' title='bbox 3241 4612 3524 4681; x_wconf 87' lang='lat' dir='ltr'><strong>particeps</strong></span> 
     </span>
    </p>
   </div>
   <div class='ocr_carea' id='block_1_108' title="bbox 1902 4704 3523 4778">
    <p class='ocr_par' dir='ltr' id='par_1_108' title="bbox 1902 4704 3523 4778">
     <span class='ocr_line' id='line_1_108' title="bbox 1902 4704 3523 4778; baseline -0.003 -17"><span class='ocrx_word' id='word_1_807' title='bbox 1902 4709 2024 4778; x_wconf 89' lang='lat' dir='ltr'><strong>ejus</strong></span> <span class='ocrx_word' id='word_1_808' title='bbox 2075 4711 2178 4761; x_wconf 92' lang='lat' dir='ltr'><strong>est.</strong></span> <span class='ocrx_word' id='word_1_809' title='bbox 2229 4707 2474 4776; x_wconf 87' lang='lat' dir='ltr'><strong>Ideoque</strong></span> <span class='ocrx_word' id='word_1_810' title='bbox 2523 4705 2642 4774; x_wconf 90' lang='lat' dir='ltr'><strong>ipse</strong></span> <span class='ocrx_word' id='word_1_811' title='bbox 2691 4704 2990 4774; x_wconf 86' lang='lat' dir='ltr'><strong>Apostolus</strong></span> <span class='ocrx_word' id='word_1_812' title='bbox 3045 4709 3304 4758; x_wconf 89' lang='lat' dir='ltr'><strong>astruens</strong></span> <span class='ocrx_word' id='word_1_813' title='bbox 3355 4720 3523 4774; x_wconf 87' lang='lat' dir='ltr'><strong>quam</strong></span> 
     </span>
    </p>
   </div>
   <div class='ocr_carea' id='block_1_109' title="bbox 1901 4796 3521 4869">
    <p class='ocr_par' dir='ltr' id='par_1_109' title="bbox 1901 4796 3521 4869">
     <span class='ocr_line' id='line_1_109' title="bbox 1901 4796 3521 4869; baseline -0.004 -15"><span class='ocrx_word' id='word_1_814' title='bbox 1901 4801 2062 4854; x_wconf 89' lang='lat' dir='ltr'><strong>nobis</strong></span> <span class='ocrx_word' id='word_1_815' title='bbox 2110 4800 2353 4869; x_wconf 84' lang='lat' dir='ltr'><strong>gratiam</strong></span> <span class='ocrx_word' id='word_1_816' title='bbox 2398 4797 2622 4852; x_wconf 89' lang='lat' dir='ltr'><strong>dederit</strong></span> <span class='ocrx_word' id='word_1_817' title='bbox 2664 4796 2932 4851; x_wconf 90' lang='lat' dir='ltr'><strong>Dominus</strong></span> <span class='ocrx_word' id='word_1_818' title='bbox 2965 4798 3144 4864; x_wconf 85' lang='lat' dir='ltr'><strong>Jesus,</strong></span> <span class='ocrx_word' id='word_1_819' title='bbox 3173 4797 3290 4850; x_wconf 90' lang='lat' dir='ltr'><strong>ait:</strong></span> <span class='ocrx_word' id='word_1_820' title='bbox 3323 4818 3350 4843; x_wconf 88' lang='grc'><strong>‹‹</strong></span> <span class='ocrx_word' id='word_1_821' title='bbox 3388 4797 3521 4848; x_wconf 87' lang='lat' dir='ltr'><strong>Par-</strong></span> 
     </span>
    </p>
   </div>
   <div class='ocr_carea' id='block_1_110' title="bbox 1903 4889 3523 4964">
    <p class='ocr_par' dir='ltr' id='par_1_110' title="bbox 1903 4889 3523 4964">
     <span class='ocr_line' id='line_1_110' title="bbox 1903 4889 3523 4964; baseline -0.004 -17"><span class='ocrx_word' id='word_1_822' title='bbox 1903 4893 2096 4964; x_wconf 89' lang='lat' dir='ltr'><strong>ticipes</strong></span> <span class='ocrx_word' id='word_1_823' title='bbox 2141 4891 2294 4946; x_wconf 89' lang='lat' dir='ltr'><strong>enim</strong></span> <span class='ocrx_word' id='word_1_824' title='bbox 2341 4893 2473 4945; x_wconf 83' lang='lat' dir='ltr'><strong>Jesu</strong></span> <span class='ocrx_word' id='word_1_825' title='bbox 2515 4889 2720 4945; x_wconf 88' lang='lat' dir='ltr'><strong>Christi</strong></span> <span class='ocrx_word' id='word_1_826' title='bbox 2769 4891 2900 4945; x_wconf 87' lang='lat' dir='ltr'><strong>facti</strong></span> <span class='ocrx_word' id='word_1_827' title='bbox 2951 4906 3146 4945; x_wconf 91' lang='lat' dir='ltr'><strong>sumus</strong></span> <span class='ocrx_word' id='word_1_828' title='bbox 3189 4890 3395 4960; x_wconf 86' lang='lat' dir='ltr'><strong>(Hebr.,</strong></span> <span class='ocrx_word' id='word_1_829' title='bbox 3446 4904 3523 4956; x_wconf 82' lang='grc' dir='ltr'><strong>ιιι,</strong></span> 
     </span>
    </p>
   </div>
   <div class='ocr_carea' id='block_1_111' title="bbox 1906 4987 2068 5055">
    <p class='ocr_par' dir='ltr' id='par_1_111' title="bbox 1906 4987 2068 5055">
     <span class='ocr_line' id='line_1_111' title="bbox 1906 4987 2068 5055; baseline -0.037 -16"><span class='ocrx_word' id='word_1_830' title='bbox 1906 4987 2010 5055; x_wconf 64' lang='grc'><strong>44).</strong></span> <span class='ocrx_word' id='word_1_831' title='bbox 2043 5008 2068 5035; x_wconf 71' lang='grc' dir='ltr'><em>η</em></span> 
     </span>
    </p>
   </div>
   <div class='ocr_carea' id='block_1_112' title="bbox 1975 5074 3523 5148">
    <p class='ocr_par' dir='ltr' id='par_1_112' title="bbox 1975 5074 3523 5148">
     <span class='ocr_line' id='line_1_112' title="bbox 1975 5074 3523 5148; baseline -0.003 -16"><span class='ocrx_word' id='word_1_832' title='bbox 1975 5080 2062 5133; x_wconf 75' lang='grc'><strong>54.</strong></span> <span class='ocrx_word' id='word_1_833' title='bbox 2101 5077 2210 5134; x_wconf 90' lang='lat' dir='ltr'><strong>Sed</strong></span> <span class='ocrx_word' id='word_1_834' title='bbox 2251 5082 2308 5133; x_wconf 86' lang='lat' dir='ltr'><strong>et</strong></span> <span class='ocrx_word' id='word_1_835' title='bbox 2347 5078 2440 5131; x_wconf 92' lang='lat' dir='ltr'><strong>ille</strong></span> <span class='ocrx_word' id='word_1_836' title='bbox 2480 5077 2758 5148; x_wconf 87' lang='lat' dir='ltr'><strong>particeps</strong></span> <span class='ocrx_word' id='word_1_837' title='bbox 2801 5077 3004 5132; x_wconf 89' lang='lat' dir='ltr'><strong>Christi</strong></span> <span class='ocrx_word' id='word_1_838' title='bbox 3043 5079 3146 5142; x_wconf 90' lang='lat' dir='ltr'><strong>est,</strong></span> <span class='ocrx_word' id='word_1_839' title='bbox 3188 5074 3283 5145; x_wconf 92' lang='lat' dir='ltr'><strong>qui</strong></span> <span class='ocrx_word' id='word_1_840' title='bbox 3324 5074 3523 5145; x_wconf 84' lang='lat' dir='ltr'><strong>lugen-</strong></span> 
     </span>
    </p>
   </div>
   <div class='ocr_carea' id='block_1_113' title="bbox 1904 5169 3523 5240">
    <p class='ocr_par' dir='ltr' id='par_1_113' title="bbox 1904 5169 3523 5240">
     <span class='ocr_line' id='line_1_113' title="bbox 1904 5169 3523 5240; baseline -0.003 -13"><span class='ocrx_word' id='word_1_841' title='bbox 1904 5180 2019 5229; x_wconf 91' lang='lat' dir='ltr'><strong>tem</strong></span> <span class='ocrx_word' id='word_1_842' title='bbox 2055 5176 2254 5227; x_wconf 75' lang='lat' dir='ltr'><strong>mcesto</strong></span> <span class='ocrx_word' id='word_1_843' title='bbox 2285 5171 2606 5226; x_wconf 89' lang='lat' dir='ltr'><strong>consolatur</strong></span> <span class='ocrx_word' id='word_1_844' title='bbox 2634 5171 2866 5237; x_wconf 79' lang='lat' dir='ltr'><strong>affectu;</strong></span> <span class='ocrx_word' id='word_1_845' title='bbox 2902 5169 2996 5240; x_wconf 89' lang='lat' dir='ltr'><strong>qui</strong></span> <span class='ocrx_word' id='word_1_846' title='bbox 3039 5169 3094 5221; x_wconf 88' lang='lat' dir='ltr'><strong>in</strong></span> <span class='ocrx_word' id='word_1_847' title='bbox 3135 5184 3358 5222; x_wconf 89' lang='lat' dir='ltr'><strong>carcere</strong></span> <span class='ocrx_word' id='word_1_848' title='bbox 3390 5185 3523 5223; x_wconf 83' lang='lat' dir='ltr'><strong>con-</strong></span> 
     </span>
    </p>
   </div>
   <div class='ocr_carea' id='block_1_114' title="bbox 1904 5260 3525 5336">
    <p class='ocr_par' dir='ltr' id='par_1_114' title="bbox 1904 5260 3525 5336">
     <span class='ocr_line' id='line_1_114' title="bbox 1904 5260 3525 5336; baseline -0.003 -16"><span class='ocrx_word' id='word_1_849' title='bbox 1904 5266 2165 5322; x_wconf 89' lang='lat' dir='ltr'><strong>stitutum</strong></span> <span class='ocrx_word' id='word_1_850' title='bbox 2214 5265 2444 5336; x_wconf 87' lang='lat' dir='ltr'><strong>preprio</strong></span> <span class='ocrx_word' id='word_1_851' title='bbox 2488 5279 2603 5318; x_wconf 88' lang='lat' dir='ltr'><strong>non</strong></span> <span class='ocrx_word' id='word_1_852' title='bbox 2649 5263 2950 5317; x_wconf 89' lang='lat' dir='ltr'><strong>defraudat</strong></span> <span class='ocrx_word' id='word_1_853' title='bbox 2988 5260 3200 5326; x_wconf 83' lang='lat' dir='ltr'><strong>ofﬁcio;</strong></span> <span class='ocrx_word' id='word_1_854' title='bbox 3242 5262 3340 5331; x_wconf 88' lang='lat' dir='ltr'><strong>qui</strong></span> <span class='ocrx_word' id='word_1_855' title='bbox 3384 5261 3525 5316; x_wconf 91' lang='lat' dir='ltr'><strong>lecto</strong></span> 
     </span>
    </p>
   </div>
   <div class='ocr_carea' id='block_1_115' title="bbox 1903 5353 3530 5430">
    <p class='ocr_par' dir='ltr' id='par_1_115' title="bbox 1903 5353 3530 5430">
     <span class='ocr_line' id='line_1_115' title="bbox 1903 5353 3530 5430; baseline -0.005 -15"><span class='ocrx_word' id='word_1_856' title='bbox 1903 5358 2232 5430; x_wconf 67' lang='lat' dir='ltr'><strong>aagrotantis</strong></span> <span class='ocrx_word' id='word_1_857' title='bbox 2281 5357 2508 5424; x_wconf 90' lang='lat' dir='ltr'><strong>assidet,</strong></span> <span class='ocrx_word' id='word_1_858' title='bbox 2559 5372 2676 5410; x_wconf 92' lang='lat' dir='ltr'><strong>non</strong></span> <span class='ocrx_word' id='word_1_859' title='bbox 2729 5359 2789 5409; x_wconf 91' lang='lat' dir='ltr'><strong>ut</strong></span> <span class='ocrx_word' id='word_1_860' title='bbox 2843 5353 3132 5423; x_wconf 66' lang='lat' dir='ltr'><strong>capiendas</strong></span> <span class='ocrx_word' id='word_1_861' title='bbox 3181 5353 3530 5409; x_wconf 73' lang='lat' dir='ltr'><strong>hasreditatis</strong></span> 
     </span>
    </p>
   </div>
   <div class='ocr_carea' id='block_1_116' title="bbox 1906 5446 3526 5522">
    <p class='ocr_par' dir='ltr' id='par_1_116' title="bbox 1906 5446 3526 5522">
     <span class='ocr_line' id='line_1_116' title="bbox 1906 5446 3526 5522; baseline -0.004 -14"><span class='ocrx_word' id='word_1_862' title='bbox 1906 5453 2097 5508; x_wconf 89' lang='lat' dir='ltr'><strong>tendat</strong></span> <span class='ocrx_word' id='word_1_863' title='bbox 2134 5449 2460 5522; x_wconf 86' lang='lat' dir='ltr'><strong>aucupium,</strong></span> <span class='ocrx_word' id='word_1_864' title='bbox 2499 5449 2596 5504; x_wconf 90' lang='lat' dir='ltr'><strong>sed</strong></span> <span class='ocrx_word' id='word_1_865' title='bbox 2630 5453 2696 5502; x_wconf 92' lang='lat' dir='ltr'><strong>ut</strong></span> <span class='ocrx_word' id='word_1_866' title='bbox 2730 5446 2917 5502; x_wconf 89' lang='lat' dir='ltr'><strong>morbi</strong></span> <span class='ocrx_word' id='word_1_867' title='bbox 2954 5447 3066 5500; x_wconf 90' lang='lat' dir='ltr'><strong>vim</strong></span> <span class='ocrx_word' id='word_1_868' title='bbox 3102 5447 3342 5502; x_wconf 90' lang='lat' dir='ltr'><strong>sollicito</strong></span> <span class='ocrx_word' id='word_1_869' title='bbox 3378 5448 3526 5502; x_wconf 87' lang='lat' dir='ltr'><strong>miti-</strong></span> 
     </span>
    </p>
   </div>
   <div class='ocr_carea' id='block_1_117' title="bbox 1907 5541 3526 5617">
    <p class='ocr_par' dir='ltr' id='par_1_117' title="bbox 1907 5541 3526 5617">
     <span class='ocr_line' id='line_1_117' title="bbox 1907 5541 3526 5617; baseline -0.004 -17"><span class='ocrx_word' id='word_1_870' title='bbox 1907 5550 2005 5617; x_wconf 91' lang='lat' dir='ltr'><strong>get</strong></span> <span class='ocrx_word' id='word_1_871' title='bbox 2041 5543 2382 5611; x_wconf 89' lang='lat' dir='ltr'><strong>ministerio,</strong></span> <span class='ocrx_word' id='word_1_872' title='bbox 2423 5545 2484 5596; x_wconf 91' lang='lat' dir='ltr'><strong>ut</strong></span> <span class='ocrx_word' id='word_1_873' title='bbox 2523 5541 2715 5596; x_wconf 90' lang='lat' dir='ltr'><strong>sedulo</strong></span> <span class='ocrx_word' id='word_1_874' title='bbox 2754 5541 2965 5594; x_wconf 87' lang='lat' dir='ltr'><strong>fessum</strong></span> <span class='ocrx_word' id='word_1_875' title='bbox 3007 5556 3268 5596; x_wconf 89' lang='lat' dir='ltr'><strong>sermone</strong></span> <span class='ocrx_word' id='word_1_876' title='bbox 3309 5541 3526 5596; x_wconf 91' lang='lat' dir='ltr'><strong>demul-</strong></span> 
     </span>
    </p>
   </div>
   <div class='ocr_carea' id='block_1_118' title="bbox 1906 5634 3531 5710">
    <p class='ocr_par' dir='ltr' id='par_1_118' title="bbox 1906 5634 3531 5710">
     <span class='ocr_line' id='line_1_118' title="bbox 1906 5634 3531 5710; baseline -0.006 -16"><span class='ocrx_word' id='word_1_877' title='bbox 1906 5644 2056 5706; x_wconf 90' lang='lat' dir='ltr'><strong>ceat;</strong></span> <span class='ocrx_word' id='word_1_878' title='bbox 2089 5639 2186 5710; x_wconf 92' lang='lat' dir='ltr'><strong>qui</strong></span> <span class='ocrx_word' id='word_1_879' title='bbox 2227 5638 2406 5692; x_wconf 90' lang='lat' dir='ltr'><strong>nudos</strong></span> <span class='ocrx_word' id='word_1_880' title='bbox 2451 5634 2668 5700; x_wconf 89' lang='lat' dir='ltr'><strong>vestiat,</strong></span> <span class='ocrx_word' id='word_1_881' title='bbox 2712 5634 3024 5688; x_wconf 90' lang='lat' dir='ltr'><strong>esurientes</strong></span> <span class='ocrx_word' id='word_1_882' title='bbox 3066 5634 3295 5690; x_wconf 77' lang='lat' dir='ltr'><strong>reficiat.</strong></span> <span class='ocrx_word' id='word_1_883' title='bbox 3341 5637 3398 5689; x_wconf 90' lang='lat' dir='ltr'><strong>In</strong></span> <span class='ocrx_word' id='word_1_884' title='bbox 3443 5635 3531 5688; x_wconf 79' lang='lat' dir='ltr'><strong>his</strong></span> 
     </span>
    </p>
   </div>
   <div class='ocr_carea' id='block_1_119' title="bbox 1909 5727 3527 5802">
    <p class='ocr_par' dir='ltr' id='par_1_119' title="bbox 1909 5727 3527 5802">
     <span class='ocr_line' id='line_1_119' title="bbox 1909 5727 3527 5802; baseline -0.006 -15"><span class='ocrx_word' id='word_1_885' title='bbox 1909 5733 2062 5788; x_wconf 87' lang='lat' dir='ltr'><strong>enim</strong></span> <span class='ocrx_word' id='word_1_886' title='bbox 2109 5732 2440 5802; x_wconf 89' lang='lat' dir='ltr'><strong>frequenter</strong></span> <span class='ocrx_word' id='word_1_887' title='bbox 2477 5733 2559 5782; x_wconf 88' lang='lat' dir='ltr'><strong>est</strong></span> <span class='ocrx_word' id='word_1_888' title='bbox 2599 5727 2872 5795; x_wconf 88' lang='lat' dir='ltr'><strong>Christus,</strong></span> <span class='ocrx_word' id='word_1_889' title='bbox 2911 5728 3056 5783; x_wconf 91' lang='lat' dir='ltr'><strong>sicut</strong></span> <span class='ocrx_word' id='word_1_890' title='bbox 3090 5728 3211 5799; x_wconf 88' lang='lat' dir='ltr'><strong>ipse</strong></span> <span class='ocrx_word' id='word_1_891' title='bbox 3255 5730 3331 5782; x_wconf 88' lang='lat' dir='ltr'><strong>ait</strong></span> <span class='ocrx_word' id='word_1_892' title='bbox 3365 5744 3377 5782; x_wconf 91' lang='lat'>:</span> <span class='ocrx_word' id='word_1_893' title='bbox 3414 5752 3438 5774; x_wconf 72' lang='grc' dir='ltr'>ιι</span> <span class='ocrx_word' id='word_1_894' title='bbox 3474 5728 3527 5778; x_wconf 79' lang='lat' dir='ltr'><strong>In</strong></span> 
     </span>
    </p>
   </div>
   <div class='ocr_carea' id='block_1_120' title="bbox 3132 5831 3208 5886">
    <p class='ocr_par' dir='ltr' id='par_1_120' title="bbox 3132 5831 3208 5886">
     <span class='ocr_line' id='line_1_120' title="bbox 3132 5831 3208 5886; baseline 0.013 -1"><span class='ocrx_word' id='word_1_895' title='bbox 3132 5831 3208 5886; x_wconf 69' lang='lat'><strong>44</strong></span> 
     </span>
    </p>
   </div>
  </div>
