4082 6186
546 219 678 272 1387

2007 213 2060 266 S.
2106 211 2423 268 AMBROSII

3752 215 3890 267 1388

541 353 764 393 carcere
791 353 969 403 eram,
1001 343 1199 392 etnon
1230 337 1462 391 venistis
1486 336 1556 390 ad
1593 351 1684 390 me
1717 353 1730 390 :
1764 336 1948 391 nudus
1985 350 2161 402 eram,
2188 347 2242 418 Α
2268 334 2563 404 Pi‘Ophctis
2600 335 2756 388 enim
2797 350 2865 389 ea
2906 351 3034 406 qua
3076 338 3312 389 ventura
3353 339 3485 388 sunt
3525 335 3894 405 pravidenti-

541 436 598 485 et
648 447 762 486 non
816 430 1118 502 operuistis
1171 447 1330 485 me...
1382 430 1541 494 Quod
1597 430 1752 484 enim
1809 428 1908 483 uni
1961 443 2163 483 eorum

540 542 658 580 non
683 524 914 592 fecistis,
943 539 1046 580 nec
1075 523 1213 578 mihi
1239 523 1443 578 fecistis
1469 522 1714 594 (Matth,
1746 537 1869 592 xxv,
1897 521 2108 592 42-45).
2134 543 2162 570 ››

541 617 601 673 Si
657 616 875 672 oderim
931 616 1330 687 mendacium,
1390 616 1674 688 particeps
1733 614 1941 673 Christi
2001 630 2160 683 sum,

540 711 675 784 quia
719 711 922 766 veritas
964 710 1216 766 Christus
1254 714 1337 765 est
1376 727 1388 765 :
1430 710 1473 764 si
1520 710 1733 781 fugiam
1779 708 2161 780 iniquitatem,

541 805 822 877 particeps
867 803 1070 860 Christi
1121 821 1271 870 sum,
1320 804 1453 876 quia
1501 803 1752 859 Christus
1793 801 2012 872 justitia
2058 807 2159 856 est.

545 901 742 954 Beatus
791 900 886 970 qui
932 899 1040 953 hoc
1088 902 1272 968 potest
1321 897 1530 952 dicere.
1584 896 1737 952 Sicut
1779 895 1932 950 enim
1979 911 2159 950 mem-

542 994 709 1048 brum
759 993 1039 1064 particeps
1087 1008 1207 1046 esse
1257 990 1498 1046 dicimus
1547 990 1717 1045 totius
1759 988 2040 1060 corporis,
2085 987 2162 1042 sic

541 1087 908 1158 conjunctum
961 1085 1225 1140 omnibus
1271 1083 1610 1139 timentibus
1659 1083 1854 1150 Deum,
1901 1082 1997 1154 qui
2050 1098 2162 1136 non

541 1181 692 1234 dicat
721 1179 884 1234 alteri
914 1196 926 1233 :
959 1180 1080 1233 Non
1123 1195 1181 1233 es
1218 1178 1287 1233 de
1318 1193 1552 1249 corpore
1593 1193 1744 1244 meo,
1774 1177 1880 1231 hoc
1917 1182 2020 1243 est,
2049 1191 2162 1230 non

541 1275 692 1328 dicat
715 1272 955 1346 pauperi
982 1271 1156 1339 dives,
1186 1287 1301 1326 non
1341 1271 1580 1343 ignobili
1608 1269 1832 1341 nobilis,
1862 1286 1978 1324 non
2009 1285 2162 1341 agro

541 1383 730 1433 sanus,
755 1381 868 1420 non
897 1365 1060 1419 fortis
1085 1363 1277 1432 debili,
1298 1380 1413 1419 non
1442 1364 1708 1436 imperito
1735 1364 1956 1435 sapiens
1977 1364 2158 1419 dicat:

537 1461 657 1513 Non
689 1459 820 1512 estis
847 1458 988 1512 mihi
1022 1456 1345 1525 necessarii,
1373 1457 1657 1530 particeps
1682 1457 1932 1528 corporis
1956 1455 2163 1512 Christi

539 1557 640 1621 est,
686 1567 814 1622 qua
862 1556 946 1606 est
990 1550 1256 1606 Ecclesia.
1302 1550 1412 1606 Sed
1459 1552 1556 1622 qui
1604 1551 1744 1606 sciat
1785 1550 1935 1622 quod
1981 1550 2023 1604 ii
2065 1550 2160 1620 qui

536 1644 798 1699 videntur
864 1645 920 1699 in
987 1645 1228 1700 Ecclesia
1289 1644 1531 1711 debiles,
1585 1660 1888 1715 pauperes,
1943 1643 2159 1714 impru-

537 1738 735 1792 dentes
796 1739 965 1792 etiam
1031 1741 1352 1808 peccatores
1409 1713 1807 1792 abundantiori
1871 1713 2239 1808 indigeantB

536 1833 858 1899 honestate,
901 1835 957 1884 et
995 1830 1210 1900 majore
1259 1830 1520 1901 prasidio
1559 1829 1829 1884 fulciendi
1875 1831 2018 1896 sint;
2061 1830 2159 1901 qni

539 1925 644 1978 hoc
675 1923 920 1990 noverit,
961 1924 1080 1994 ipse
1119 1927 1307 1994 potest
1344 1924 1531 1978 dicere
1563 1941 1576 1978 :
1610 1926 1880 1994 Purticeps
1918 1940 2010 1994 ego
2045 1939 2160 1978 sum

535 2019 772 2072 omnium
800 2019 1104 2072 timentium
1131 2023 1197 2072 te.
1224 2016 1330 2081 Qui
1357 2017 1736 2089 compatiatur
1761 2017 1944 2089 magis
1970 2017 2161 2088 hujus-

535 2110 694 2164 modi
739 2109 1088 2180 hominibus,
1126 2127 1296 2181 quam
1344 2111 1596 2166 fastidiat
1631 2127 1745 2181 eos,
1788 2111 2162 2182 compatiatur

537 2202 804 2272 inﬁrmis;
837 2209 896 2256 ut
923 2203 1063 2258 sciat
1093 2204 1228 2274 quia
1257 2219 1431 2258 unum
1472 2219 1678 2275 corpus
1709 2219 1908 2260 omnes
1938 2219 2157 2272 sumus,

535 2301 594 2350 et
647 2295 924 2350 membris
974 2295 1236 2350 membra
1285 2313 1570 2367 connexa,
1621 2301 1683 2352 ut
1735 2298 1983 2353 alterum
2036 2297 2159 2352 sine

533 2392 709 2445 altero
748 2406 870 2444 esse
905 2406 1022 2444 non
1059 2389 1256 2460 possit,
1285 2395 1341 2445 et
1370 2406 1501 2444 cum
1527 2389 1770 2445 alterum
1797 2390 1971 2458 dolet,
1998 2407 2157 2446 com-

532 2483 776 2554 patiatur
836 2482 1017 2538 alteri.
1077 2484 1180 2538 Iste
1235 2499 1372 2554 ergo
1425 2488 1575 2539 recte
1634 2487 1824 2556 potest
1885 2500 2158 2556 usurpare

533 2577 702 2648 hujus
725 2575 878 2632 vocis
902 2576 1323 2632 auctoritatem.

605 2673 691 2726 55.
722 2669 860 2725 Vide
897 2675 1093 2724 autem
1125 2686 1300 2741 quam
1329 2670 1646 2726 verecunde
1677 2671 1960 2742 Propheta
1999 2671 2155 2726 dixe-

531 2765 606 2819 rit
638 2781 651 2818 :
683 2765 961 2834 Particeps
989 2777 1082 2832 ego
1108 2779 1225 2818 sum
1255 2766 1558 2819 timentium
1596 2771 1664 2819 te.
1695 2765 1819 2819 Non
1850 2764 1994 2819 dixit
2023 2765 2157 2819 imi-

531 2857 798 2924 tantium,
851 2856 951 2910 sed
1006 2859 1338 2924 timentium;
1384 2855 1610 2912 initium
1663 2857 1818 2912 enim
1871 2857 2158 2928 sapientiae

528 2955 614 3006 est
640 2950 811 3004 timor
848 2949 1075 3004 Domini
1106 2949 1296 3020 (Eccl.,
1326 2965 1363 3018 ι,
1401 2951 1504 3021 16).
1534 2952 1687 3004 Inter
1719 2951 1888 3004 rudes
1929 2966 1986 3006 se
2017 2967 2155 3005 con-

529 3043 716 3098 stituit
742 3041 1078 3112 humilitate,
1107 3058 1239 3096 cum
1269 3044 1568 3096 veteranos
1597 3041 1903 3098 devotione
1933 3059 2159 3114 supera-

531 3141 638 3191 ret.
669 3134 777 3190 Sed
807 3137 1001 3190 tamen
1026 3139 1082 3190 et
1112 3134 1314 3191 timere
1338 3134 1560 3189 virtutis
1589 3138 1695 3201 est,
1725 3135 1860 3207 quia
1886 3136 2158 3208 scriptum

530 3233 614 3285 est
650 3245 663 3282 :
710 3249 738 3278 ‹‹
765 3227 979 3283 Timete
1023 3228 1347 3297 Dominum,
1384 3243 1581 3284 omnes
1621 3229 1801 3284 sancti
1831 3230 1953 3301 ejus
1987 3229 2155 3301 (Psal.

535 3337 724 3390 xxxm,
761 3323 864 3392 t0).
899 3343 926 3372 η

601 3419 689 3471 56.
744 3414 853 3470 Sed
909 3431 980 3470 ne
1035 3414 1320 3487 aliquibus
1369 3415 1545 3470 timor
1600 3415 1706 3471 iste
1764 3432 1878 3472 non
1932 3421 2159 3472 sanctus

527 3509 786 3564 videatur
830 3507 984 3580 (quia
1037 3513 1170 3564 sunt
1221 3509 1320 3580 qui
1369 3509 1572 3580 ignava
1621 3509 1926 3565 formidine
1981 3511 2154 3582 perti-

531 3605 812 3672 mescunt,
859 3607 916 3657 et
965 3601 1158 3657 hebeti
1201 3601 1492 3674 trepidant
1539 3604 1716 3674 metu)
1760 3602 1980 3658 addidit
2022 3624 2034 3659 :
2088 3605 2159 3660 Et

526 3695 948 3751 custodientium
979 3695 1246 3751 mandata
1271 3699 1392 3751 tua.
1422 3696 1492 3751 Ut
1528 3695 1854 3752 ostenderet
1888 3712 1945 3752 se
1981 3697 2157 3752 sancti

524 3788 745 3844 timoris
798 3805 919 3844 esse
975 3791 1318 3844 consortem.
1371 3791 1482 3844 Aut
1534 3789 1632 3844 sic.
1686 3791 1875 3845 Potest
1923 3790 2157 3862 quidem

528 3881 780 3954 1077
812 3883 1015 3938 timere
1051 3882 1222 3938 corde
1264 3882 1522 3949 devotus,
1550 3883 1647 3938 sed
1679 3899 1850 3954 opere
1875 3883 2061 3956 piger,
2092 3887 2158 3939 ut

525 3977 597 4030 sit
661 3976 960 4046 religiosus
1024 3975 1247 4042 affectu,
1303 3975 1514 4030 otiosus
1575 3981 1724 4032 actu.
1780 3978 1901 4032 Non
1965 3981 2154 4034 tamen

526 4071 711 4139 potest
751 4069 917 4140 piger
963 4084 1104 4137 esse,
1151 4069 1250 4139 qui
1294 4069 1570 4125 mandata
1613 4070 1834 4125 Domini
1885 4071 2154 4127 custodit.

527 4161 637 4225 Qui
677 4176 813 4231 ergo
858 4161 1041 4230 timet,
1085 4161 1348 4216 custodit.
1389 4162 1538 4233 Ergo
1585 4163 1704 4234 ejus
1744 4168 1830 4219 est
1870 4164 2156 4220 custodire

525 4253 624 4325 qui
665 4253 880 4308 timeat.
924 4253 1160 4308 Sanctus
1199 4253 1390 4325 itaque
1429 4254 1538 4309 hoc
1576 4255 1712 4311 dicit
1751 4275 1766 4311 :
1811 4273 1918 4328 ego
1959 4263 2153 4314 autem

526 4347 636 4401 hoc
688 4347 831 4401 mihi
896 4361 1169 4418 usurpare
1236 4362 1348 4401 non
1414 4364 1679 4419 possum;
1732 4352 1929 4421 quanti
1995 4351 2154 4407 enim

2264 427 2367 482 bus
2410 427 2586 482 moris
2626 437 2729 495 est,
2764 431 2826 481 ut
2867 427 3022 499 quasi
3062 429 3186 498 jam
3224 428 3461 482 decursa
3500 433 3895 482 memorentur

2265 537 2393 591 qua
2438 521 2768 591 posterioris
2806 521 2986 576 atatis
3026 524 3175 575 sunt.
3210 521 3383 576 Plena
3427 524 3512 575 est
3551 536 3690 592 ergo
3737 527 3895 575 terra

2264 614 2667 670 misericordia
2717 614 2956 681 Domini,
3003 614 3138 686 quia
3182 614 3443 669 omnibus
3489 617 3576 670 est
3617 614 3752 669 data
3796 630 3893 669 re-

2263 707 2454 762 missio
2484 712 2866 778 peccatorum.
2895 707 3080 779 Super
3109 723 3308 762 omnes
3343 707 3428 762 sol
3464 706 3599 761 oriri
3632 705 3894 778 jubetur.

2264 801 2330 855 Et
2379 800 2471 856 hic
2521 801 2752 872 quidem
2801 802 2883 856 sol
2931 801 3184 873 quotidie
3227 815 3398 872 super
3439 816 3641 855 omnes
3685 801 3891 856 oritur.

2260 895 2522 966 Mysticus
2577 901 2768 950 autem
2824 896 2906 950 sol
2962 894 3053 950 ille
3101 895 3340 966 justitia
3404 893 3672 950 omnibus
3733 900 3895 950 ortus

2265 991 2368 1055 est,
2399 988 2661 1043 omnibus
2699 988 2871 1055 venit,
2916 988 3179 1044 omnibus
3220 1004 3416 1058 passus
3454 993 3557 1057 est,
3602 993 3659 1042 et
3703 988 3893 1043 omni-

2263 1081 2368 1136 bus
2408 1080 2731 1151 rcsurrexit,
2771 1081 2898 1136 ideo
2937 1085 3127 1137 autem
3170 1098 3370 1153 passus
3414 1085 3520 1148 est,
3565 1087 3628 1136 ut
3667 1081 3897 1138 tolleret

2263 1181 2558 1246 peccatum
2617 1176 2834 1231 mundi.
2889 1175 2950 1231 Si
3003 1176 3130 1247 quis
3179 1180 3368 1230 autem
3421 1191 3539 1230 non
3593 1175 3775 1230 credit
3835 1177 3890 1229 in

2263 1267 2571 1335 Christum,
2619 1267 2872 1338 generali
2914 1267 3186 1324 beneﬁcio
3236 1267 3356 1338 ipse
3409 1285 3469 1322 se
3519 1267 3778 1337 fraudat;
3827 1274 3894 1322 ut

2263 1361 2307 1416 si
2347 1361 2472 1432 quis
2508 1362 2714 1417 clausis
2754 1361 3012 1418 fenestris
3051 1361 3240 1416 radios
3282 1361 3414 1416 solis
3451 1360 3732 1430 excludat,
3774 1377 3895 1416 non

2264 1455 2390 1510 ideo
2433 1455 2514 1510 sol
2553 1472 2666 1510 non
2711 1459 2867 1510 ortus
2907 1458 2995 1510 est
3036 1455 3320 1522 omnibus,
3363 1455 3500 1526 quia
3543 1455 3726 1510 calore
3767 1455 3895 1526 ejus

2263 1565 2322 1602 se
2353 1548 2472 1620 ipse
2501 1548 2810 1618 fraudavit;
2840 1548 2934 1603 sed
2963 1549 3111 1619 quod
3142 1548 3276 1603 solis
3318 1552 3421 1616 est,
3451 1547 3889 1619 prarogativam

2265 1657 2422 1696 suam
2469 1647 2683 1708 servat;
2728 1641 2875 1714 quod
2920 1641 3304 1712 imprudentis
3351 1645 3454 1710 est,
3498 1641 3820 1696 communis
3858 1659 3890 1695 a

2263 1752 2322 1789 sc
2355 1735 2596 1806 gratiam
2629 1735 2766 1790 lucis
2802 1735 3068 1790 excludit.
3106 1735 3292 1806 Super
3329 1751 3526 1790 omnes
3559 1735 3747 1806 pluvia
3781 1741 3889 1803 est,

2261 1834 2317 1882 et
2358 1829 2460 1882 hoc
2505 1827 2710 1882 divina
2754 1827 3158 1883 misericordia
3197 1828 3534 1900 deputatur;
3569 1829 3700 1898 quia
3739 1828 3890 1900 pluit

2262 1938 2434 1993 super
2457 1922 2638 1993 justos
2670 1927 2726 1976 et
2763 1921 3021 1992 injustos.
3059 1925 3170 1976 Aut
3198 1925 3347 1977 certe
3385 1921 3463 1976 sic
3501 1923 3886 1993 interpretan-

2262 2015 2420 2083 dum,
2466 2015 2619 2087 quod
2666 2015 3064 2071 misericordia
3116 2014 3318 2070 divina
3367 2015 3535 2087 plena
3579 2016 3652 2069 sit
3701 2019 3882 2083 terra;

2261 2109 2397 2180 quia
2435 2128 2460 2159 «
2504 2109 2722 2163 Domini
2765 2111 2850 2164 est
2891 2113 3061 2177 terra,
3105 2113 3163 2163 et
3201 2108 3496 2180 plenitudo
3537 2108 3726 2180 ejus...
3768 2109 3888 2180 ipse

2260 2219 2431 2274 super
2455 2201 2631 2258 maria
2655 2202 2914 2258 fundavit
2942 2219 3088 2270 eam,
3119 2205 3176 2256 et
3202 2219 3374 2273 super
3399 2201 3635 2257 flumina
3660 2217 3885 2274 prapa-

2261 2294 2403 2350 ravit
2441 2295 2596 2349 illam
2627 2296 2790 2365 (Psnl.
2831 2311 2983 2362 xxm,
3019 2299 3068 2364 1,
3109 2296 3182 2366 2).
3219 2318 3246 2343 ιι
3284 2296 3508 2351 Etenim
3548 2311 3655 2366 per
3693 2296 3885 2351 Eccle-

2259 2387 2399 2443 siam
2458 2389 2517 2442 in
2575 2405 2774 2442 omnes
2840 2393 3038 2460 gentes
3099 2388 3303 2443 diffusa
3353 2393 3439 2443 est
3498 2389 3887 2445 misericordia

2261 2482 2503 2548 Domini,
2532 2481 2588 2535 in
2620 2498 2818 2536 omnes
2845 2487 3040 2552 gentes
3069 2482 3268 2537 diffusa
3293 2487 3380 2537 est
3403 2482 3564 2536 fides.

2331 2578 2418 2630 58.
2448 2575 2700 2630 Fortasse
2743 2575 2900 2630 dicas
2931 2592 2944 2629 :
2979 2577 3100 2640 Qua
3138 2576 3359 2631 ratione
3391 2592 3506 2630 non
3537 2576 3748 2630 dictum
3779 2581 3887 2643 est,

2259 2668 2660 2724 misericordia
2723 2669 2944 2723 Domini
3013 2670 3243 2740 plenum
3297 2673 3382 2724 est
3443 2669 3690 2724 calum?
3743 2668 3889 2734 Quia

2258 2766 2391 2817 sunt
2431 2762 2600 2817 etiam
2649 2762 2932 2834 spiritales
2975 2763 3244 2834 nequitia
3290 2763 3350 2817 in
3392 2763 3743 2830 calestibus;
3786 2765 3885 2818 sed

2259 2871 2372 2910 non
2422 2855 2536 2910 illa
2584 2855 2656 2911 ad
2706 2871 3009 2912 commune
3049 2856 3143 2927 jus
3197 2855 3571 2928 indulgentia
3615 2858 3746 2928 Dei,
3793 2873 3885 2912 re-

2259 2948 2704 3021 missionemque
2761 2950 2864 3020 (89)
2906 2949 3197 3021 pertinent
3244 2954 3624 3021 peccatorum,
3672 2950 3886 3022 quibus

2257 3042 2406 3115 ignis
2444 3046 2695 3099 servatur
2739 3046 3018 3112 aternus,
3058 3049 3115 3100 et
3157 3044 3251 3099 illa
3280 3061 3406 3116 qua
3442 3045 3753 3100 caelestium
3794 3045 3886 3098 vel

2250 3143 2600 3212 potestatum
2651 3142 2735 3196 vel
2789 3141 3238 3197 ministeriorum
3293 3148 3442 3212 sunt,
3492 3142 3622 3198 licet
3673 3141 3889 3198 auxilio

2254 3233 2477 3290 Domini
2519 3234 2845 3303 fulciantur,
2882 3242 3076 3291 tamen
3114 3252 3230 3291 non
3269 3241 3426 3291 tanta
3467 3237 3587 3306 ejus
3627 3236 3892 3308 indigent

2255 3327 2663 3396 misericordia,
2701 3333 2911 3400 quanta
2951 3345 3018 3384 ea
3057 3346 3187 3401 qua
3231 3335 3365 3385 sunt
3407 3329 3680 3385 inferiora
3715 3336 3890 3402 atque

2255 3426 2510 3488 terrena;
2539 3438 2656 3476 non
2686 3423 2839 3477 enim
2869 3421 2966 3477 illa
3000 3423 3185 3478 carnis
3219 3423 3506 3478 involucro
3541 3423 3890 3492 vestiuntur,

2255 3515 2313 3570 in
2352 3531 2463 3587 qua
2501 3521 2585 3569 est
2625 3516 2934 3588 frequentis
2970 3515 3179 3572 erroris
3217 3517 3496 3573 illecebra.
3532 3517 3780 3589 Ideoque
3824 3517 3891 3572 in

2256 3609 2643 3681 superioribus
2669 3608 2747 3663 ait
2773 3609 2927 3664 idem
2953 3610 3256 3682 Propheta,
3290 3611 3424 3683 quia
3456 3631 3487 3662 κ
3514 3611 3732 3668 Calum
3760 3611 3892 3666 coeli

2257 3703 2513 3772 Domino,
2543 3706 2753 3758 terram
2796 3707 2989 3758 autem
3019 3703 3180 3758 dedit
3215 3703 3344 3759 ﬁliis
3376 3705 3682 3760 hominum
3718 3705 3890 3775 (Psal.

2257 3811 2408 3864 cxm,
2454 3797 2557 3868 16).
2603 3819 2630 3845 ››
2671 3797 2828 3852 Unde
2868 3802 2925 3852 et
2967 3796 3178 3852 coelum
3219 3797 3417 3869 purius
3462 3803 3520 3853 et
3561 3798 3895 3854 defacatius

2255 3889 2325 3945 ab
2379 3889 2537 3945 omni
2584 3890 2707 3946 labe
2759 3891 2974 3962 peccati
3018 3895 3122 3959 est,
3171 3891 3454 3963 longeque
3496 3893 3768 3948 semotius
3816 3892 3894 3948 ab

2255 3983 2350 4038 illo
2401 3983 2469 4039 de
2515 4000 2627 4055 quo
2675 3984 2948 4055 scriptum
2995 3992 3080 4040 est
3127 4001 3140 4039 :
3193 4007 3221 4034 «
3266 3985 3420 4040 Sicut
3467 3986 3715 4041 volatilia
3762 3988 3894 4042 cali

2253 4078 2494 4150 (Matth.,
2538 4093 2613 4145 vn,
2655 4080 2764 4148 26).
2809 4097 2836 4130 ι)
2881 4080 2992 4134 Hoc
3034 4078 3186 4134 enim
3229 4080 3429 4134 calum
3469 4080 3624 4135 velut
3661 4081 3893 4136 medius

2254 4171 2488 4243 quidam
2515 4172 2667 4226 inter
2691 4172 2894 4226 calum
2925 4175 2982 4227 et
3013 4176 3222 4228 terram
3255 4173 3441 4229 aerius
3473 4174 3627 4229 locus
3653 4173 3889 4243 dicitur,

2255 4265 2314 4320 in
2339 4281 2452 4337 quo
2481 4270 2610 4320 sunt
2645 4265 2814 4321 etiam
2847 4265 3127 4337 spiritales
3160 4267 3430 4339 nequitia
3455 4268 3514 4322 in
3541 4267 3888 4324 calestibus.

2254 4359 2396 4414 Nam
2448 4359 2507 4414 in
2559 4359 2653 4414 illo
2703 4375 2816 4414 non
2860 4359 3233 4432 appellativo,
3287 4359 3548 4434 1078
3597 4362 3698 4417 sed
3746 4377 3889 4418 vero

526 4444 659 4495 sunt
703 4439 802 4510 qui
849 4439 1092 4495 timeant
1138 4441 1336 4510 Deum,
1381 4445 1438 4495 et
1485 4457 1598 4496 non
1642 4441 1755 4497 illis
1798 4445 2426 4522 compatior?Dcoelo,
2484 4451 2703 4507 etiamsi
2754 4452 3047 4507 diabolum
3101 4453 3409 4526 legerimus
3465 4455 3524 4510 in
3581 4461 3892 4528 conspectu

523 4533 799 4596 Quarunt
843 4549 1034 4604 opem,
1073 4537 1130 4589 et
1174 4534 1322 4589 ferre
1367 4534 1530 4600 nolo;
1570 4534 1966 4593 misericordia
2005 4538 2151 4594 indi-

527 4628 688 4697 gent,
721 4631 950 4696 sumptu
981 4625 1090 4698 (88)
1124 4643 1236 4681 non
1266 4627 1491 4698 adjuvo.
1519 4629 1782 4701 Quisquis
1813 4635 2004 4687 autem
2033 4633 2157 4688 hac

522 4719 674 4786 facit,
727 4719 845 4790 ipse
896 4721 1086 4790 potest
1137 4720 1327 4776 dicere
1383 4737 1440 4777 se
1495 4722 1819 4779 timentium
1869 4726 2154 4783 Christum

531 4829 654 4868 esse
682 4816 1028 4868 consortem.

600 4910 686 4961 57.
737 4906 914 4976 (Vers.
959 4905 1074 4977 46.)
1116 4907 1497 4964 Misericordia
1543 4914 1667 4973 tua,
1715 4915 1950 4976 Domine,
1989 4914 2156 4985 plena

523 5004 602 5055 est
656 5005 800 5054 terra
845 5018 861 5053 :
897 4999 1310 5069 justiﬁcationes
1363 5007 1487 5058 tuas
1533 5003 1660 5059 doce
1705 5021 1804 5062 me.
1859 5007 2155 5071 Quomodo

529 5092 934 5148 misericordia
969 5092 1195 5148 Domini
1224 5095 1392 5165 plena
1430 5101 1516 5151 est
1549 5101 1719 5168 terra,
1753 5099 1858 5154 nisi
1886 5117 1988 5171 per
2022 5117 2152 5172 pas-

527 5186 744 5240 sionem
777 5185 1007 5241 Domini
1043 5187 1226 5242 nostri
1252 5189 1384 5243 Jesu
1417 5189 1642 5260 Christi,
1685 5207 1859 5262 quam
1901 5193 2152 5250 futuram

526 5278 862 5348 pravidens,
893 5281 1052 5351 quasi
1078 5280 1420 5353 promissam
1451 5284 1730 5354 Propheta
1759 5288 2155 5344 concelebrat?

587 5457 684 5532 (8ft)
726 5457 806 5507 Ita
837 5471 1040 5532 omnes
1080 5472 1210 5510 mss.
1253 5460 1401 5512 Edit.
1443 5467 1636 5514 contra
1675 5465 1946 5529 triplicem
1988 5467 2156 5532 hujus

528 5528 637 5605 l_oci
666 5531 1014 5605 negationem
1048 5537 1393 5605 expungunt,
1423 5538 1485 5584 ut
1508 5533 1576 5586 de
1603 5528 1765 5599 justia
1796 5528 2152 5605 intelligatur.

528 5599 641 5653 Sed
670 5601 920 5666 quolibet
948 5603 1114 5653 modo
1143 5608 1501 5669 proponatur,
1528 5607 1873 5659 tantumdem
1899 5599 2047 5662 valet
2083 5612 2153 5663 ad

527 5669 878 5732 probandum
900 5673 1194 5724 intentum.

590 5742 688 5805 (88)
714 5741 860 5794 Edit.
890 5755 1020 5794 cum
1044 5757 1178 5796 mss.
1209 5745 1450 5811 duobus,
1480 5751 1733 5811 Quaerunt
1751 5762 1916 5814 opem,
1944 5756 1992 5803 et
2014 5752 2154 5816 ferre

2259 4546 2356 4600 Dei
2399 4545 2734 4618 angelorum
2774 4563 2890 4601 non
2933 4546 3181 4603 defuisse
3225 4548 3481 4616 concilio,
3514 4553 3650 4620 puto
3691 4553 3893 4606 tamen

2255 4639 2409 4695 nulla
2439 4639 2665 4710 operari
2695 4643 3052 4695 tentamenta
3092 4641 3383 4713 nequitia.
3418 4643 3675 4714 Denique
3702 4644 3890 4715 scrip-

2255 4735 2378 4788 tum
2433 4737 2518 4788 est
2563 4733 2699 4806 quia
2749 4733 2940 4805 angeli
2998 4738 3335 4790 amaverunt
3383 4736 3524 4790 ﬁlias
3579 4737 3892 4792 hominum

2259 4826 2432 4895 (Gem,
2480 4842 2550 4893 v1,
2599 4827 2681 4895 '2);
2729 4843 2795 4882 eo
2844 4828 2995 4898 quod
3040 4829 3288 4884 terrenis
3331 4830 3479 4900 capti
3523 4830 3895 4886 detineantur

2255 4919 2534 4975 illecebris
2563 4919 2822 4991 princeps
2849 4921 3049 4976 mundi
3084 4921 3244 4977 istius
3279 4939 3343 4977 ac
3375 4922 3619 4978 ministri
3651 4925 3793 4995 ejus,
3824 4925 3891 4980 in

2254 5013 2459 5084 quibus
2486 5013 2741 5085 nequitia
2767 5014 3033 5086 spiritalis
3059 5016 3293 5070 venenis
3323 5017 3662 5087 quibusdam
3699 5017 3892 5072 carnis

2256 5107 2425 5177 hujus
2464 5107 2702 5176 imbuta,
2746 5113 2804 5161 et
2841 5107 3106 5163 humanis
3148 5115 3227 5165 est
3278 5109 3486 5165 infecta
3525 5109 3886 5168 criminibus.

2255 5199 2505 5271 Ideoque
2545 5201 2820 5256 Dominus
2851 5201 2908 5256 in
2938 5203 3242 5274 Evangelia
3279 5219 3381 5258 suo
3421 5204 3499 5258 ait
3528 5222 3541 5259 :
3577 5227 3605 5254 ‹‹
3633 5205 3749 5259 Fiat
3783 5221 3887 5259 vo-

2254 5293 2444 5348 luntas
2471 5297 2569 5349 tua
2597 5294 2740 5349 sicut
2765 5294 2822 5349 in
2849 5296 2990 5351 coelo
3015 5300 3072 5350 et
3099 5297 3156 5350 in
3185 5300 3335 5352 terra
3355 5298 3593 5368 (Matth,
3619 5315 3692 5364 v1,
3720 5301 3827 5368 10).
3854 5323 3884 5348 η

2255 5470 2380 5523 nolo
2405 5473 2865 5537 misericordiam;
2895 5475 3135 5540 indigent
3156 5481 3388 5542 sumptu,
3427 5482 3474 5528 et
3510 5490 3617 5528 non
3661 5475 3882 5541 adjuoo.

2255 5543 2454 5596 Melius
2481 5545 2702 5609 reliqui,
2733 5550 2795 5597 ut
2821 5559 2988 5612 supra
3017 5548 3074 5597 in
3103 5559 3348 5611 corpore.

2317 5614 2416 5678 (89)
2440 5614 2568 5666 Mss.
2596 5616 2806 5680 aliquot
2840 5629 2954 5668 non
2991 5617 3202 5670 inﬁma
3243 5622 3410 5682 nota,
3447 5619 3518 5670 ad
3556 5633 3882 5672 communem

2252 5685 2368 5748 ejus
2391 5685 2800 5751 indulgentiam,
2820 5690 3304 5754 remissionemque,
3331 5695 3436 5742 etc.
