4082 6186
211 268 220 315 l
229 264 301 315 389

1263 255 1612 312 EXPOSlTlO
1651 256 1717 310 ΙΝ
1758 256 2073 314 PSALMUM
2113 259 2335 315 CXVIII.

3320 273 3454 323 139u

203 386 281 436 Non
310 379 477 434 eadem
512 380 590 432 est
621 376 736 430 illic
766 375 1036 448 iniquitas
1077 376 1326 432 vicinum
1356 378 1725 449 possessionis
1746 393 1804 465 Α
1827 382 1932 435 Per
1970 386 2027 434 te
2072 383 2116 435 si
2163 385 2290 453 quis
2332 384 2630 452 introierit,
2675 400 2916 455 regnum
2964 387 3101 442 illud
3146 392 3454 460 possidebit

203 474 374 529 finitimo
393 486 506 525 rure
525 470 814 540 depellere,
837 471 1069 526 viduam
1089 471 1436 526 haereditatis
1461 472 1724 527 fraudare

200 565 482 637 compendiis,
517 564 755 618 minores
794 565 1061 619 consortii
1093 567 1196 636 (90)
1229 565 1359 636 jure
1396 565 1722 634 detrudere,

201 662 295 714 intra
311 659 501 728 lignum
525 656 764 728 denique
793 662 850 712 et
885 658 1266 730 quodcunque
1300 658 1524 730 argenti
1551 664 1722 729 atque

199 753 276 807 auri
311 753 379 805 vel
417 751 536 804 eris
581 750 876 805 metallum
925 751 1079 806 velut
1121 751 1371 822 efﬁgiem
1417 751 1723 823 quamdam

197 847 404 900 celestem
457 843 737 898 includere
803 848 1164 915 potestatem.
1224 839 1371 913 nec,
1430 862 1561 900 cum
1614 844 1726 900 sint

197 939 358 993 maximi
390 937 542 1007 plena
577 937 871 1008 sacrilegii,
907 940 967 993 in
1006 940 1159 994 caelis
1200 944 1418 1007 vacant,
1459 939 1517 991 in
1565 939 1725 993 terris

194 1034 560 1102 frequentantur.
601 1053 626 1079 α
671 1032 850 1086 Verbo
892 1033 1042 1087 enim
1089 1032 1320 1087 Domini
1357 1032 1483 1087 coeli
1513 1032 1724 1087 ﬁrmati

191 1134 276 1179 sunt
296 1126 433 1190 (Psal.
458 1141 638 1193 xxxiii,
672 1126 721 1194 6)
753 1148 805 1192 ››,
838 1143 951 1180 non
982 1131 1133 1181 terra
1158 1127 1382 1182 ﬁrmata
1407 1133 1510 1181 est.

235 1222 298 1273 59.
333 1220 389 1273 Et
425 1219 542 1273 ideo
577 1219 1007 1289 justiﬁcationes
1053 1221 1154 1274 Dei
1203 1221 1274 1273 ab
1319 1221 1440 1291 ipso
1488 1221 1726 1275 Domino

192 1311 265 1365 mli
287 1312 470 1380 doceri;
511 1312 643 1382 quia
685 1311 913 1368 difﬁcile
957 1315 1043 1367 est
1088 1314 1146 1367 in
1189 1317 1342 1368 terra
1380 1313 1723 1386 magistrum

192 1405 434 1474 hujusmodi
471 1405 737 1476 reperire,
783 1408 880 1476 qui
910 1422 975 1462 ea
1019 1407 1238 1475 doceat,
1277 1423 1406 1478 quae
1449 1407 1569 1477 ipse
1609 1424 1723 1462 non

191 1499 344 1552 viderit.
373 1499 448 1552 Ad
481 1499 639 1553 illum
669 1499 844 1570 igitur
874 1500 1162 1556 doctorem
1199 1501 1403 1555 intimo
1447 1502 1727 1571 Propheta

189 1592 400 1645 contendit
445 1591 672 1658 affectu,
737 1594 837 1664 qui
891 1595 1044 1649 solus
1097 1595 1372 1666 magister
1427 1601 1510 1649 est
1565 1612 1727 1649 verus

190 1685 407 1746 Quomodo
447 1686 594 1740 enim
632 1690 818 1757 potest
860 1688 1030 1743 homo
1077 1689 1240 1758 quasi
1282 1705 1480 1744 verum
1522 1690 1727 1744 docere

188 1779 293 1848 quod
320 1780 523 1848 nesciat,
555 1797 688 1834 cum
728 1780 845 1852 ipse
881 1782 953 1836 sit
985 1782 1273 1837 mendax?
1301 1783 1610 1854 Meritoque
1649 1783 1728 1837 ait
1749 1759 1803 1830 Β

192 1873 404 1939 Dominus,
435 1879 492 1928 ut
523 1890 702 1928 nemo
740 1891 913 1946 super
949 1881 1159 1930 terram
1192 1880 1352 1931 vocet
1389 1877 1493 1931 sibi
1536 1894 1729 1948 quem-

192 1982 307 2034 quam
328 1967 635 2038 magistrum
659 1985 675 2035 ;
703 1968 834 2040 quia
862 1985 1012 2023 unus
1043 1973 1129 2023 est
1165 1970 1438 2040 magister
1473 1971 1728 2024 omnium

193 2061 358 2124 (Ialm,
390 2077 523 2127 xxiii,
566 2064 649 2131 8).
690 2064 757 2117 Et
795 2063 1077 2132 quomodo
1117 2069 1309 2134 posset
1350 2065 1517 2119 David
1553 2064 1729 2118 alium

193 2151 397 2207 doctorem
427 2171 700 2226 quaerere,
726 2171 856 2210 cum
897 2156 1016 2227 ipse
1045 2157 1115 2212 de
1147 2158 1260 2212 Deo
1287 2158 1491 2212 dixerit
1520 2174 1533 2211 :
1567 2180 1594 2207 α
1624 2158 1726 2221 Qui

194 2245 300 2300 docet
321 2248 576 2304 hominem
614 2249 913 2304 scientiam
945 2251 1112 2320 (Psal.
1142 2266 1289 2317 xcni,
1324 2253 1444 2320 l0)?
1475 2273 1501 2300 ››
1537 2253 1726 2316 Docet,

197 2346 318 2393 auten
350 2342 491 2409 Deus,
535 2347 597 2397 et
650 2348 871 2399 mentes
918 2343 1206 2400 illuminat
1249 2344 1631 2415 singulorum,
1673 2350 1732 2398 et

199 2433 415 2491 claritatem
449 2437 789 2508 cognitionis
833 2438 1098 2505 infundit,
1142 2438 1186 2492 si
1224 2443 1286 2494 tu
1326 2440 1546 2510 aperias
1587 2438 1731 2492 ostia

201 2526 322 2581 cordis
353 2531 444 2596 tui,
477 2538 529 2586 et
573 2532 829 2586 caelestis
874 2532 1073 2602 gratia:
1117 2533 1354 2603 recipias
1395 2533 1728 2586 claritatem.

203 2620 356 2680 Quando
393 2623 600 2679 dubitas
632 2667 645 2690 ,
708 2625 1014 2695 diligenter
1066 2625 1360 2696 inquiras,
1419 2626 1516 2696 qui
1574 2625 1729 2679 enim

214 2716 361 2781 quant,
388 2719 596 2784 invenit,
655 2722 711 2772 et
748 2719 799 2772 ei
847 2720 945 2788 qui
989 2721 1192 2790 pulsat,
1239 2719 1512 2790 aperitur.
1560 2719 1732 2773 Multa

219 2804 412 2863 obscuritas
431 2820 506 2866 est
544 2813 621 2866 in
647 2811 938 2882 scripturis
967 2811 1329 2882 propheticis,
1358 2813 1456 2866 sed
1487 2812 1532 2866 si
1560 2829 1733 2866 manu

209 2900 366 2966 quadam
398 2906 594 2960 mentis
646 2908 758 2959 tuae
802 2905 1226 2975 Scripturarum
1259 2906 1501 2976 januam
1547 2906 1732 2976 pulses

203 2993 285 3059 r9t},
304 3001 343 3048 et
369 3013 421 3051 ea
451 3015 574 3070 quze
629 3003 762 3054 sunt
801 2999 1041 3066 occulta,
1081 2999 1383 3070 diligenter
1423 3000 1730 3065 examines,

197 3085 384 3152 paulatim
415 3090 652 3164 incipies
692 3093 976 3148 rationem
1013 3093 1284 3164 colligere
1323 3093 1637 3163 dictorum;
1677 3096 1734 3148 et

194 3179 390 3247 aperietur
424 3185 520 3240 tibi
567 3202 702 3241 non
747 3187 816 3240 ab
865 3187 998 3256 alio,
1049 3187 1151 3242 sed
1193 3203 1227 3240 a
1272 3186 1367 3241 Dei
1410 3186 1608 3254 Verbo,
1663 3187 1733 3241 de

198 3286 269 3339 quo
289 3274 435 3346 legisti
457 3280 513 3334 in
538 3281 882 3352 Apocalypsi
909 3280 1129 3352 (Apoc.,
1161 3297 1215 3346 ν,
1244 3283 1318 3350 5),
1349 3280 1504 3351 quod
1539 3285 1733 3351 Agnus

194 3363 334 3423 librum
356 3372 622 3444 signatum
649 3375 895 3445 aperuit,
927 3391 1097 3446 quem
1131 3373 1320 3429 nullus
1349 3377 1484 3429 ante
1512 3375 1732 3445 aperire

194 3465 364 3532 ῑνοιεηη
387 3469 505 3537 quia
541 3469 704 3524 solus
728 3469 1001 3524 Dominus
1024 3470 1183 3523 Jesus
1209 3468 1268 3523 in
1297 3467 1604 3540 Evangelio
1633 3484 1733 3523 suo

193 3555 510 3625 Prophetarum
535 3564 870 3633 aenigmata,
897 3569 954 3618 et
973 3564 1116 3634 legis
1143 3562 1412 3634 mysteria
1436 3563 1728 3618 revelavit:

192 3647 291 3701 solas
310 3654 523 3710 scientiae
553 3657 762 3712 clavim
788 3657 1011 3725 detulit,
1035 3662 1091 3712 et
1118 3657 1273 3712 dedit
1296 3657 1517 3727 aperire
1544 3657 1729 3712 nobis.

235 3745 297 3797 60.
321 3747 494 3804 Dicunt
526 3767 584 3806 se
621 3750 806 3805 Judaei
841 3751 1049 3804 habere
1083 3751 1282 3804 clavim
1321 3751 1593 3819 scientiae,
1631 3750 1732 3805 sed

189 3849 262 3888 non
285 3837 484 3906 habent;
525 3861 663 3898 nam
703 3844 750 3898 si
784 3844 1085 3909 haberent,
1128 3843 1235 3914 ipsi
1273 3843 1731 3914 ingrederentur,

189 3925 254 3993 ipsi
300 3941 650 4002 agnoscerent
711 3937 1025 4008 penetralia
1080 3937 1515 4008 Scripturarum.
1577 3938 1734 3992 Nunc

188 4027 357 4079 autem:
386 4049 410 4075 «
437 4031 526 4084 Va:
552 4029 733 4098 vobis,
754 4031 959 4087 Scriba:
991 4036 1049 4085 et
1085 4030 1371 4099 Pharisaei,
1413 4031 1510 4102 qui
1549 4031 1735 4085 abstu-

189 4114 282 4168 listis
317 4119 494 4176 clavim
543 4123 831 4192 scientias,
888 4128 947 4178 et
996 4123 1102 4194 ipsi
1159 4140 1272 4178 non
1322 4124 1626 4190 introistis,
1679 4129 1736 4178 et

189 4210 456 4269 introeuntes
493 4217 859 4287 prohibuistis
892 4218 1062 4286 (Luc.,
1109 4233 1181 4286 x1,
1223 4217 1343 4287 52);!
1379 4240 1406 4266 ››
1439 4216 1734 4282 Quomodo

189 4302 293 4357 enim
313 4307 492 4364 clavim
525 4310 763 4382 potestis
797 4309 1013 4366 habere
1053 4310 1324 4380 scientiae,
1355 4311 1453 4382 qui
1489 4310 1735 4366 scientiaa

193 4400 372 4464 negastis
411 4404 736 4460 auctorem?
785 4405 851 4458 Et
898 4404 1030 4459 ideo
1078 4404 1150 4458 ad
1195 4405 1385 4476 ipsum
1434 4421 1736 4460 conversus

1827 478 2134 533 internum.
2162 479 2270 532 Per
2296 480 2349 531 te
2377 478 2422 531 si
2452 479 2579 548 quis
2604 478 2921 546 intraverit,
2962 497 3078 535 non
3117 482 3450 554 decipiatur,

1823 569 1960 638 quia
1994 569 2109 624 falli
2147 588 2262 626 non
2305 574 2488 641 potest
2522 571 2848 643 quicunque
2890 573 3243 630 domicilium
3283 578 3455 634 fuerit

1824 661 2076 718 veritatis
2100 664 2410 734 ingressus.

2385 758 2612 815 SERMO
2650 760 2894 816 NONUS.

2491 859 2541 904 ω
2592 842 2785 903 Τὴεεὴ.

1899 947 1947 998 1.
2002 947 2163 999 Nona
2213 945 2401 999 littera
2453 946 2639 1008 Theth,
2695 947 2854 1015 cujus
2909 947 3298 1017 interpretatio
3348 955 3454 1016 est,

1824 1039 2077 1092 emclusio.
2121 1037 2266 1101 Quid
2312 1043 2395 1092 est
2438 1038 2723 1093 exclusio?
2765 1040 3053 1110 Numquid
3100 1042 3247 1095 sicut
3291 1043 3459 1097 domo

1827 1132 2032 1202 aliquis
2081 1131 2429 1200 excluditur,
2479 1132 2838 1202 hospitioque
2883 1133 3176 1203 dejicitur,
3230 1136 3308 1189 ita
3358 1138 3454 1206 qui

1827 1224 2142 1279 excluditur
2196 1242 2228 1278 a
2287 1225 2382 1279 Dei
2439 1241 2654 1296 regno,
2711 1226 2874 1278 bonis
2928 1225 3074 1280 illius
3126 1229 3456 1290 fraudatur;

1825 1319 1968 1373 sicut
1993 1319 2101 1372 illae
2130 1319 2368 1372 exclusa!
2409 1323 2546 1372 sunt
2570 1319 2841 1389 virgines,
2873 1336 3000 1390 quae
3032 1337 3222 1374 secum
3265 1323 3455 1376 oleum

1825 1429 1941 1467 non
1994 1413 2279 1480 tulerunt,
2331 1416 2388 1466 et
2443 1412 2580 1466 dum
2631 1413 2783 1467 venit
2837 1414 3116 1483 Sponsus,
3169 1416 3458 1470 exstincti?

1826 1510 1958 1560 sunt
1984 1505 2131 1560 faces
2169 1522 2393 1573 eorum,
2439 1512 2606 1576 atque
2651 1506 2706 1560 in
2753 1507 2997 1561 emendo
3040 1508 3186 1573 oleo,
3235 1508 3457 1564 inflam—

1827 1599 2158 1671 mandisque
2205 1600 2420 1653 facibus
2471 1604 2761 1670 occupata:
2805 1601 3066 1654 fecerunt
3111 1618 3355 1667 moram,
3405 1610 3460 1656 et.

1828 1693 2082 1762 ingresso
2126 1693 2244 1762 jam
2295 1695 2528 1763 Sponso,
2573 1694 2810 1747 introire
2853 1694 3144 1764 cupientes
3190 1696 3462 1765 leguntur

1827 1788 2069 1842 exclusae
2117 1787 2360 1854 (Mutth.,
2411 1803 2546 1855 xxv,
2596 1789 2784 1854 242)?
2831 1788 2950 1840 Non
3002 1788 3265 1842 arbitror.
3323 1791 3457 1842 Nam

1829 1882 2112 1951 quomodo
2153 1881 2366 1934 diceret
2393 1881 2435 1934 si
2468 1897 2501 1934 a
2528 1880 2692 1934 bonis
2734 1886 2962 1934 sanctus
2994 1882 3278 1951 Propheta
3318 1889 3462 1937 esset

1829 1973 2084 2044 dejectus
2130 1977 2260 2039 (92),
2301 1980 2468 2045 atque
2511 1975 2769 2028 exclusus
2796 1991 2828 2027 a
2859 1973 2955 2028 Dei
2983 1991 3165 2044 regno
3213 1993 3225 2029 :
3267 1979 3464 2031 lucun-

1829 2069 2056 2121 ditatem
2101 2069 2280 2133 fecisti
2323 2083 2439 2120 cum
2479 2083 2628 2121 servo
2676 2070 2808 2120 tuo?
2852 2069 2961 2122 Nec
3010 2069 3302 2138 Propheta:
3348 2086 3465 2124 me-

1829 2161 2005 2214 ritum
2034 2160 2364 2230 hujusmodi
2387 2161 2727 2214 intellectum
2759 2161 2984 2215 videtur
3009 2161 3332 2229 admittere,
3357 2179 3465 2216 nec

1831 2255 2007 2308 series
2053 2253 2433 2308 subditorum.
2480 2253 2650 2307 Audis
2687 2253 2975 2308 dicentem
3021 2272 3032 2308 :
3085 2277 3112 2304 «
3149 2256 3344 2309 Suavis
3385 2274 3462 2321 es,

1833 2348 2091 2414 Domine,
2125 2351 2182 2401 et
2221 2348 2279 2401 in
2311 2347 2672 2416 jucunditate
2707 2351 2802 2400 tua
2836 2347 2972 2402 doce
3006 2364 3097 2402 me
3115 2348 3466 2419 justiﬁcatio-

1834 2456 1933 2496 nes
1958 2444 2081 2494 tuas
2104 2443 2256 2510 (lu/2,
2277 2456 2415 2494 vers.
2446 2441 2555 2509 68).
2580 2461 2608 2489 »
2638 2440 2810 2495 Audis
2836 2441 3118 2496 dicentem
3151 2459 3163 2495 :
3193 2464 3220 2491 ‹‹
3245 2443 3462 2498 Bonum

1835 2534 1976 2589 mihi
2002 2535 2091 2588 lex
2124 2533 2237 2588 oris
2267 2533 2346 2588 tui
2380 2549 2552 2604 super
2576 2533 2757 2587 millia
2785 2535 2907 2587 auri
2938 2537 2997 2588 et
3025 2536 3251 2604 argenti
3282 2537 3464 2602 (Ibid,

1832 2631 1939 2694 72).
1985 2649 2013 2676 ››
2046 2629 2114 2680 Et
2156 2630 2314 2696 potes
2354 2626 2541 2680 dicere
2581 2627 2730 2696 quod
2777 2627 2849 2680 sit
2892 2627 3147 2681 exclusus
3190 2645 3223 2681 a
3262 2645 3463 2697 regno,

1833 2721 1932 2791 qui
1961 2736 2074 2773 non
2119 2724 2201 2773 est
2238 2719 2498 2773 exclusus
2537 2736 2569 2772 a
2608 2720 2776 2789 lege?
2814 2719 2960 2782 Quid
3003 2737 3139 2790 ergo
3179 2721 3462 2792 intellige-

1833 2815 1996 2867 mus?
2038 2814 2221 2866 Haeret
2265 2812 2686 2882 interpretatio,
2733 2817 2790 2866 et
2829 2812 3230 2868 obscuritatem
3269 2831 3466 2868 sensus

1834 2907 1919 2960 sui
1950 2923 2136 2961 sermo
2167 2905 2392 2960 videtur
2419 2905 2729 2960 offendere.

1903 3005 1958 3056 2.
2008 3003 2221 3055 Vocant
2267 2999 2471 3054 merita
2521 2999 2839 3070 Prophetas,
2887 3003 3053 3053 vocat
3096 3000 3216 3070 ejus
3261 3000 3464 3069 gratia,

1832 3097 1998 3150 vocat
2054 3094 2446 3164 subjectorum
2501 3093 2702 3160 series,
2763 3098 2825 3147 ut
2879 3092 3094 3147 altioris
3150 3093 3468 3148 intellectus

1832 3189 2046 3259 aliquid
2111 3187 2418 3242 debeamus
2482 3202 2715 3255 eruere;
2772 3192 2831 3241 et
2893 3186 3135 3242 occurrit
3200 3187 3255 3241 in
3321 3194 3466 3241 tem—

1832 3298 1966 3353 pore
2022 3282 2130 3351 (93)
2188 3281 2343 3352 quod
2397 3279 2683 3335 interdum
2743 3280 3112 3334 excludamur
3162 3280 3221 3334 in
3287 3281 3462 3334 bono.

1832 3375 2122 3448 Scriptum
2160 3380 2245 3429 est
2289 3373 2442 3429 enim
2483 3391 2496 3428 :
2530 3394 2558 3421 ‹‹
2589 3373 2848 3428 Perfecta
2895 3373 3141 3428 charitas
3194 3374 3463 3428 timorem

1834 3469 2081 3526 excludit
2105 3469 2256 3523 foras
2289 3470 2326 3534 (l
2352 3470 2538 3530 Joan.,
2572 3483 2648 3535 1v,
2685 3467 2790 3537 t8).
2823 3488 2851 3517 »
2880 3469 2946 3524 Et
2973 3467 3314 3538 generaliter
3345 3469 3464 3538 qui-

1833 3565 1967 3620 dem
2003 3562 2248 3617 charitas
2284 3561 2533 3617 excludit
2583 3561 2872 3615 timorem.
2912 3561 2983 3614 Ut
3016 3561 3177 3615 miles
3223 3561 3321 3631 qui
3356 3561 3462 3614 im-

1832 3660 2154 3729 peratorem
2201 3655 2416 3726 diligit,
2462 3653 2612 3708 bella
2657 3671 2760 3724 pro
2811 3653 3158 3725 imperatore
3206 3660 3467 3724 suscepta

1833 3768 1951 3806 non
1997 3750 2229 3815 metuit;
2276 3751 2338 3802 nt
2373 3764 2564 3802 servus
2594 3764 2796 3802 amans
2827 3748 3123 3801 dominum
3148 3789 3161 3815 ,
3203 3748 3466 3817 quamvis

1835 3861 1937 3916 per
1978 3844 2138 3899 devia
2178 3846 2233 3896 et
2269 3845 2559 3913 praerupta
2599 3841 2878 3908 mittatur,
2920 3847 3110 3894 tamen
3136 3841 3331 3894 omnia
3360 3857 3460 3910 pe-

1833 3938 2012 3992 ricula
2051 3935 2266 3992 domini
2307 3950 2504 3990 amore
2543 3935 2887 4000 contemnit;
2930 3949 2993 3986 ac
3035 3933 3079 3986 si
3117 3933 3247 4003 quis
3284 3934 3465 3986 domi-

1833 4048 1972 4086 num
2014 4034 2194 4102 petat,
2243 4046 2300 4084 se
2343 4030 2532 4100 ipsum
2561 4027 2765 4082 offerre
2803 4043 2916 4081 non
2956 4026 3231 4097 trepidat;
3264 4031 3324 4080 ut
3369 4027 3465 4097 qui

1834 4128 1994 4180 trans
2020 4140 2180 4178 mare
2206 4123 2420 4194 positos
2455 4122 2600 4176 ﬁlios
2625 4121 2816 4176 videre
2854 4119 3162 4184 desiderat,
3193 4137 3309 4174 non
3347 4137 3466 4174 me-

1836 4219 1945 4272 tuit
1971 4217 2290 4287 naufragia,
2313 4216 2625 4270 liberorum
2649 4215 2923 4269 charitate
2946 4214 3268 4284 ingreditur
3294 4214 3468 4267 maris

1835 4313 2055 4376 fluctus,
2089 4311 2239 4364 subit
2275 4311 2489 4364 incerta
2528 4308 2764 4380 navigii,
2803 4307 2900 4362 sed
2931 4313 3147 4362 metum
3187 4306 3466 4360 discrimi-

1836 4405 1924 4459 nis
1959 4406 2148 4458 levant
2177 4403 2456 4458 desideria
2493 4403 2762 4457 ﬁliorum.
2792 4403 2970 4464 Quam
3010 4400 3247 4470 pulchre
3293 4400 3464 4454 etiam

193 4483 306 4544 David
337 4495 447 4551 ait:
483 4501 561 4553 Tu
599 4514 708 4562 me,
744 4497 955 4568 inquit,
992 4499 1117 4553 doce
1140 4499 1554 4568 justiﬁcationes
1583 4504 1734 4559 tuas,
1758 4497 1816 4568 D
1841 4499 1911 4553 de
1956 4497 2302 4567 martyribus
2347 4497 2568 4562 dicitur,
2615 4495 2713 4566 qui
2757 4511 2888 4548 vere
2933 4493 3180 4547 militant
3225 4492 3466 4552 Christo,

191 4582 278 4647 quia
313 4591 363 4641 tn
407 4606 461 4643 es
502 4607 638 4646 vera
681 4591 916 4661 justitia.
959 4593 1041 4647 Tu
1089 4593 1226 4647 doce
1269 4608 1398 4663 quae
1449 4592 1739 4661 sapienter

193 4673 291 4728 dicta
326 4689 471 4751 sunt,
520 4685 659 4756 quia
709 4690 772 4739 tu
829 4702 890 4740 es
945 4686 1242 4756 sapientia.
1297 4686 1375 4739 Tu
1429 4686 1587 4755 aperi
1645 4701 1740 4740 cor

193 4777 348 4840 meum;
386 4775 512 4846 quia
557 4777 825 4848 aperuisti
867 4778 1100 4834 librum.
1143 4780 1223 4832 'l‘u
1268 4777 1426 4848 aperi
1473 4778 1613 4832 illud
1655 4795 1740 4832 os-

194 4857 289 4916 tium
316 4869 448 4936 quod
472 4871 532 4926 in
559 4871 699 4926 caelo
727 4870 985 4944 1079
1011 4877 1115 4939 est,
1143 4872 1272 4942 quia
1299 4872 1419 4943 ipse
1455 4889 1516 4926 es
1537 4873 1734 4941 janua.

237 5020 647 5102 imlConsortium,
674 5031 732 5079 in
767 5029 905 5081 Cod.
923 5030 1148 5102 ineod.
1181 5032 1420 5081 sumitur
1441 5029 1741 5102 aliquando

200 5097 259 5143 βω
280 5097 450 5147 vicinia
474 5103 527 5149 et
556 5103 828 5151 connexis
853 5101 1134 5162 aediﬁciis;
1173 5103 1284 5150 imo
1314 5107 1369 5151 et
1396 5101 1543 5164 apud
1573 5101 1742 5151 Cice—

199 5168 346 5236 Ῥῦθω,
368 5167 506 5219 Orat.
539 5171 595 5220 in
632 5172 784 5222 Verr.
813 5177 1098 5223 consortes
1127 5172 1392 5223 dicuntur
1432 5173 1470 5220 ii
1501 5185 1742 5236 quorum

202 5225 295 5304 ﬁnes
325 5242 545 5304 contigui
594 5248 724 5293 sunt
768 5259 780 5292 :
825 5248 880 5295 et
923 5244 1029 5295 hoc
1075 5256 1244 5295 sensu
1287 5225 1624 5294 consortium
1674 5243 1743 5294 ab

202 5301 421 5379 Ambrosio
445 5301 534 5362 hic
559 5315 845 5379 accipitur.

209 5441 212 5444 η
240 5374 321 5450 (Nl
345 5381 652 5436 Ambrosius
679 5374 751 5436 ‘in
799 5386 1168 5437 concionibus
1216 5387 1334 5436 suis
1363 5387 1622 5450 frequens
1647 5385 1744 5436 ad-

209 5448 448 5521 3tutabatur
516 5455 826 5519 auditores,
891 5462 950 5507 ut
1015 5458 1267 5508 studiose
1337 5448 1745 5520 Scripturarum

207 5517 317 5591 etiam
343 5521 699 5577 difficiliorum
724 5517 950 5580 lectioni
980 5528 1384 5580 incumberent.
1417 5517 1487 5577 Et
1515 5541 1586 5579 ne
1612 5542 1747 5591 pro-

211 5582 421 5665 ptetamm
448 5597 795 5661 obscuritate,
818 5602 963 5650 sicut
993 5601 1310 5665 Augustino
1351 5582 1650 5663 contigisse
1679 5612 1748 5648 ex

214 5651 338 5736 lib-jx
362 5662 527 5736 C_onf.,
553 5681 668 5732 cap.
703 5651 1216 5734 l3,'cognoscimus,
1253 5685 1285 5720 a
1320 5673 1431 5719 tam
1460 5651 1584 5720 utvili
1615 5683 1750 5733 pro—

213 5733 333 5808 homo
361 5734 777 5808 deterrerentur,
834 5733 998 5794 docet
1057 5744 1362 5794 orationem
1422 5757 1454 5791 a
1512 5742 1750 5793 lectione

218 5798 325 5858 itque
349 5803 606 5869 diligentia
637 5798 918 5878 nunquam
957 5813 1339 5878 separandam.
1372 5813 1495 5874 Qua
1526 5813 1748 5876 quidem

1838 4592 1936 4664 qui
1972 4589 2418 4661 persecutiones,
2468 4589 2730 4658 ungulas,
2779 4587 3016 4657 gladios,
3058 4586 3318 4641 incendia
3350 4601 3464 4639 non

1840 4686 2127 4750 timentes,
2169 4682 2385 4737 infestis
2422 4697 2481 4735 se
2524 4681 2751 4752 regibus
2793 4679 3146 4734 obtulerunt!
3179 4679 3466 4734 Timorem

1841 4778 2053 4833 etenim
2096 4791 2269 4847 quem
2308 4780 2574 4846 poterant
2613 4774 2818 4829 habere
2859 4790 3175 4844 pinnarum,
3217 4774 3462 4826 excluse-

1839 4876 1975 4927 runt
2001 4887 2196 4925 amore
2228 4869 2504 4940 martyrii.

1842 5027 2104 5080 methodo
2135 5029 2180 5077 si
2221 5040 2356 5076 usus
2385 5026 2532 5075 esset
2561 5023 2709 5072 idem
2742 5022 3087 5085 Augustinus
3113 5020 3296 5069 adhuc
3321 5023 3469 5068 cate-

1843 5101 2178 5158 chumenus,
2222 5095 2528 5160 prophetiae
2572 5095 2727 5143 lsaize
2766 5093 3084 5151 lectionem,
3127 5103 3292 5152 quam
3321 5102 3472 5160 sua-

1843 5171 2008 5221 dente
2037 5157 2297 5219 Anti’stite
2327 5157 2515 5216 nostro
2548 5177 2778 5215 exorsus
2814 5165 3010 5222 fuerat,
3041 5174 3151 5210 non
3196 5161 3270 5208 ita
3308 5157 3473 5208 facile

1844 5243 2140 5293 omisisset.

1911 5312 2004 5376 (92)
2055 5311 2292 5362 Codices
2348 5310 2503 5372 Reg,
2558 5307 2742 5366 Corb.,
2804 5306 2936 5354 Nav.
2996 5314 3160 5362 unus,
3218 5301 3376 5376 ζέει.-
3410 5313 3476 5349 ac

1848 5371 2011 5446 Fisc.,
2065 5384 2277 5441 diceret,
2333 5383 2380 5431 si
2435 5381 2599 5430 bonus
2658 5384 2703 5427 et
2759 5381 2972 5428 sanctus
3029 5378 3154 5422 esset
3217 5371 3472 5446 Propheta

1847 5443 2090 5518 dejectus.
2127 5453 2271 5504 Edit.
2304 5452 2502 5504 Rom...
2539 5450 2730 5500 diceret
2768 5447 2914 5496 bom‘s
2940 5449 3154 5494 sanctus
3196 5443 3478 5508 Propheta,

1847 5528 1893 5578 si
1922 5532 2068 5584 esset,
2093 5531 2198 5576 etc.

1909 5599 2004 5662 (93)
2041 5596 2280 5658 Quidam
2317 5607 2466 5653 mss.,
2502 5593 2567 5641 Et
2595 5590 2823 5639 occurrit
2856 5588 3240 5662 interpretatio.
3269 5584 3482 5662 Edit.,.,

1849 5655 1925 5718 in‘
1949 5655 2398 5732 interpretatione.
2432 5665 2504 5713 At
2540 5674 2670 5732 mss.
2694 5670 2998 5732 -novem...,
3028 5658 3374 5732 iri-tempore,
3428 5655 3480 5732 id

1850 5743 1954 5801 est,
1997 5727 2337 5803 opportune;
2384 5733 2516 5783 dum
2562 5729 2825 5803 videlicet
2874 5733 2928 5780 et
2971 5728 3110 5780 mihi
3158 5730 3376 5779 animus
3412 5727 3478 5774 de

1852 5811 1958 5861 hoc
1988 5802 2107 5872 ipsa
2136 5804 2474 5859 inveniendo
2504 5802 2774 5853 sollicitus
2802 5806 2900 5851 est.
