4082 6186
563 206 691 260 1391

2029 204 2088 257 S.
2128 203 2441 260 AMBROSII

3775 201 3919 252 1392

627 329 680 381 3.
712 327 871 380 Hunc
902 341 1130 380 sensum
1160 328 1352 381 autem
1387 341 1508 380 esse
1551 323 2038 396 interpretationis
2077 326 2182 380 hu-
2208 326 2384 410 Aqui
2423 327 2544 396 agit
2580 324 3001 396 paenitentiam,
3042 323 3294 379 excludit
3334 322 3642 396 pudorem,
3688 335 3920 392 seques-

551 419 648 489 jus
679 419 851 473 etiam
879 418 949 474 de
975 419 1211 476 Threnis
1235 419 1495 474 Ieremia:
1521 434 1821 490 possumus
1849 417 2184 489 approbare.

557 513 701 566 Nam
737 515 795 565 et
828 511 906 566 ibi
947 511 1050 566 sub
1089 511 1198 566 hac
1233 512 1422 567 littera
1461 511 1737 583 scriptum
1777 516 1864 566 est
1895 528 1908 567 :
1939 532 1966 561 ‹‹
2001 511 2189 566 Bonus

556 609 644 662 est
672 605 947 660 Dominus
973 604 1386 660 sustinentibus
1411 620 1567 674 eum,
1596 605 1808 661 animas
1829 622 1956 677 quae
1983 604 2189 676 quaerit

559 715 714 754 eum.
756 699 980 754 Bonum
1009 706 1095 754 est
1132 698 1434 767 sustinere,
1476 705 1532 754 et
1570 715 1800 770 sperare
1843 698 1904 752 in
1943 698 2188 754 salutare

559 783 680 846 Dei.
723 792 941 847 Bonum
979 795 1066 846 est
1098 791 1220 847 viro
1256 808 1387 847 cum
1423 791 1737 864 portaverit
1764 791 1972 863 jugum
2015 806 2187 862 grave

557 901 589 938 a
625 884 926 956 juventute
974 901 1073 938 sua
1120 902 1133 940 :
1181 885 1396 941 sedebit
1439 885 1824 958 singulariter,
1870 889 1926 939 et
1971 884 2185 951 silebit;

557 979 692 1051 quia
734 978 867 1034 tulit
895 978 1107 1050 jugum
1145 994 1314 1050 grave
1355 980 1597 1049 (ΤΙινενιυ
1640 995 1718 1046 ιιι,
1758 978 1958 1048 25-27).
1989 999 2018 1028 ››
2059 979 2228 1050 Haec_

556 1071 759 1143 utique
800 1071 935 1143 quid
975 1071 1130 1126 aliud
1171 1076 1455 1140 astruunt,
1497 1072 1606 1128 nisi
1642 1071 1812 1127 bonae
1852 1070 2188 1127 exclusionis

559 1168 709 1222 hanc
748 1166 1281 1237 interpretationem
1321 1166 1543 1221 videri?
1583 1166 1717 1231 Quis
1755 1165 1908 1222 enim
1950 1166 2190 1222 sustinet

560 1261 893 1328 Dominum,
923 1260 1027 1314 nisi
1058 1260 1246 1315 studio
1273 1260 1604 1316 charitatis‘l
1641 1258 1900 1333 1080
1939 1260 2073 1325 Quis
2105 1264 2190 1315 est

560 1354 659 1426 qui
699 1357 909 1424 sperat,
951 1353 1060 1408 nisi
1099 1353 1197 1424 qui
1238 1353 1390 1424 quod
1424 1357 1632 1426 sperat,
1665 1358 1842 1425 optat,
1883 1358 1939 1408 et
1967 1352 2188 1424 diligit?

561 1446 726 1511 Quod
752 1447 908 1502 enim
930 1463 1245 1518 speramus,
1269 1463 1374 1518 per
1400 1447 1740 1519 patientiam
1769 1449 2183 1518 exspectamus.

560 1542 707 1611 Ergo
731 1540 830 1612 qui
859 1545 1070 1610 sperat,
1104 1539 1373 1610 sustinet;
1409 1541 1509 1612 qui
1547 1541 1787 1596 sustinet
1821 1538 2189 1611 impatientia:

562 1634 757 1705 utique
785 1633 1028 1689 excludit
1057 1634 1343 1689 affectum.
1375 1633 1510 1698 Quis
1536 1638 1621 1689 est
1650 1633 1747 1704 qui
1774 1635 1962 1705 portat
1980 1633 2187 1704 jugum

2288 423 2398 474 trat
2452 419 2850 474 verecundiam
2909 417 3112 489 ﬂagitii
3165 415 3509 483 conﬁtendi,
3565 419 3626 469 ut
3679 430 3916 485 recupe-

2288 513 2479 567 randae
2531 529 2694 584 spem
2747 512 2944 567 salutis
2996 510 3270 566 inveniat.
3325 509 3633 580 Meritoque
3687 510 3745 562 et
3799 507 3926 578 ipse

2286 606 2457 661 David
2497 606 2595 661 ubi
2645 605 2911 676 cognovit
2950 620 3204 660 errorem
3259 620 3274 658 :
3326 625 3353 653 ‹‹
3399 601 3650 669 Peccavi,
3704 599 3922 672 inquit,

2288 699 2527 755 Domino
2554 699 2616 770 (ll
2646 703 2796 767 Reg.,
2828 715 2924 768 xu,
2958 700 3061 766 l3).
3095 719 3124 748 »
3155 698 3368 753 Tantus
3402 712 3528 764 rex,
3558 697 3746 750 tantus
3783 709 3922 766 pro-

2286 793 2459 864 pheta
2499 809 2613 848 non
2659 780 2888 848 eiubuit
2932 797 3231 864 peccatum
3277 789 3575 862 proprium
3619 786 3921 853 confiteri;

2287 892 2344 942 et
2382 887 2508 943 ideo
2545 886 2760 942 dictum
2791 891 2876 942 est
2905 885 2955 942 ei
2985 902 2999 941 :
3039 905 3066 936 «
3100 886 3169 941 Et
3207 883 3481 940 Dominus
3519 880 3751 938 abstulit
3780 896 3918 952 pec-

2285 983 2476 1035 catum
2505 986 2670 1035 tuum
2701 979 2908 1050 (Ibid).
2949 998 2976 1031 ››

2360 1076 2412 1128 6.
2451 1075 2623 1141 (Vers.
2667 1072 2780 1144 65.)
2815 1072 3049 1128 Sublato
3086 1071 3266 1144 igitur
3301 1073 3534 1142 peccato
3559 1069 3640 1124 ait
3667 1085 3680 1123 :
3707 1070 3925 1124 Iucun-

2285 1167 2510 1223 ditatem
2560 1168 2742 1234 fecisti
2793 1182 2912 1222 cum
2954 1180 3102 1221 servo
3151 1170 3263 1230 tuo,
3317 1165 3570 1227 Domine,
3626 1162 3928 1218 secundum

2285 1262 2504 1316 uerbum
2553 1265 2727 1315 tuum.
2777 1259 2946 1314 Multa
2997 1258 3263 1314 videntur
3307 1257 3369 1313 in
3419 1257 3527 1312 hoc
3572 1255 3776 1311 saeculo
3819 1254 3922 1326 ju-

2287 1354 2474 1410 cunda
2503 1369 2642 1423 esse,
2675 1368 2804 1424 quae
2834 1368 2952 1408 non
2978 1354 3133 1421 sunt,
3161 1351 3339 1406 multa
3374 1348 3589 1417 suavia,
3617 1348 3766 1404 bona
3789 1349 3926 1420 plu-

2285 1447 2450 1503 rima.
2479 1446 2755 1502 Luxuries
2790 1445 3017 1502 videtur
3052 1461 3171 1501 esse
3198 1444 3484 1516 jucunda;
3513 1442 3612 1498 sed
3650 1442 3930 1497 exhausto

2286 1541 2352 1596 ﬁt
2393 1557 2588 1598 amara
2633 1540 3001 1612 patrimonio.
3049 1538 3232 1594 Dulcis
3273 1537 3484 1608 libido,
3535 1553 3665 1592 cum
3703 1535 3923 1603 fervet;

2288 1635 2384 1690 sed
2430 1634 2630 1690 eadem
2673 1633 2904 1689 horrida
2945 1637 3002 1688 et
3042 1631 3414 1699 exsecranda,
3461 1646 3592 1686 cum
3632 1629 3918 1702 proditur.

563 1743 732 1798 grave
773 1744 802 1781 a
836 1727 1137 1797 juventute
1179 1744 1297 1795 sua,
1336 1727 1445 1781 nisi
1488 1726 1588 1798 qui
1628 1727 1844 1783 deliciis
1881 1727 2186 1796 renuntiat,
2210 1720 2503 1793 BSuaves
2544 1727 2758 1800 epulae,
2798 1742 2931 1782 cum
2983 1730 3318 1795 sumuntur;
3362 1723 3462 1780 sed
3507 1722 3737 1790 fetidae,
3783 1738 3923 1778 cum

506 1853 512 1859 -
561 1821 841 1876 luxuriam
887 1819 1074 1889 fugit?
1124 1819 1259 1884 Quis
1309 1823 1395 1874 est
1443 1820 1540 1891 qui
1590 1820 1956 1892 singulariter
2000 1819 2187 1887 sedet,

560 1914 670 1968 nisi
701 1913 797 1985 qui
832 1913 1195 1967 saecularibus
1231 1913 1614 1985 voluptatibus
1640 1914 1938 1983 abdicatis,
1976 1913 2186 1970 moles-

560 2008 769 2062 tiarum
800 2006 1058 2062 omnium
1089 2006 1340 2062 excludit
1377 2007 1691 2063 tumultus?
1719 2009 1825 2063 Iste
1866 2023 2007 2079 ergo
2044 2007 2189 2062 nihil

561 2101 762 2156 timere
805 2101 1033 2171 poterit,
1081 2100 1213 2171 quia
1251 2101 1540 2156 charitatis
1580 2101 1762 2173 gratia
1804 2101 1920 2157 vim
1963 2100 2190 2158 timoris

561 2193 876 2249 absorbuit.
921 2188 924 2192 ’

629 2289 684 2342 4.
714 2289 807 2342 Est
831 2292 887 2343 et
911 2286 1054 2341 alius
1082 2287 1181 2358 qui
1210 2286 1549 2344 excludatur
1576 2289 1635 2344 in
1662 2288 1833 2358 bono,
1867 2292 1929 2344 ut
1963 2290 2056 2345 ille
2093 2289 2190 2362 qui

557 2379 873 2452 Apostolica
910 2380 1249 2436 auctoritate
1282 2381 1537 2437 sublatus
1567 2399 1598 2437 e
1639 2382 1833 2438 medio
1864 2383 2042 2454 plebis
2072 2387 2187 2453 est;

559 2474 695 2546 quia
719 2473 940 2528 malum
965 2489 1108 2544 opus
1135 2473 1291 2544 fecit,
1316 2474 1559 2530 traditus
1589 2479 1676 2529 est
1703 2475 1762 2530 in
1788 2475 1973 2530 carnis
2000 2475 2191 2531 interi-

559 2573 704 2636 tum,
744 2573 808 2623 ut
844 2567 964 2638 ejus
1005 2567 1240 2639 spiritus
1277 2568 1592 2624 salvaretur
1619 2570 1661 2638 (Ι
1704 2572 1848 2636 Con,
1895 2586 1948 2638 v,
1991 2569 2068 2641 5).
2115 2571 2188 2625 Ex

558 2678 670 2734 quo
699 2661 1071 2732 intelligimus
1103 2661 1238 2733 quia
1263 2661 1324 2717 in
1351 2662 1505 2717 bono
1534 2662 1872 2731 excluditur,
1901 2663 2000 2734 qui
2021 2663 2190 2734 jube-

558 2758 654 2810 tur
683 2771 854 2827 agere
884 2755 1318 2826 paenitentiam,
1353 2759 1413 2810 ut
1443 2755 1796 2823 humilietur,
1827 2759 1885 2811 et
1911 2772 2187 2827 compun-

561 2852 728 2918 gatur
763 2847 948 2902 corde.
987 2848 1116 2903 Haec
1155 2848 1312 2903 enim
1338 2848 1812 2905 reconciliationis
1851 2850 2037 2905 solent
2066 2866 2189 2905 esse

561 2941 836 3013 suffragia
868 2941 992 3012 (94).

631 3039 684 3089 5.
726 3033 979 3105 Denique
1019 3033 1196 3088 etiam
1225 3033 1285 3088 in
1313 3034 1564 3089 Ieremia
1597 3034 1803 3106 scripta
1831 3035 1936 3092 sub
1976 3036 2080 3092 hac
2106 3036 2193 3091 lit-

566 3130 688 3182 tera
724 3127 782 3181 id
820 3089 1082 3182 videntur
1120 3126 1460 3197 signiﬁcare.
1503 3127 1594 3182 Sic
1633 3089 1800 3183 enim
1835 3089 2080 3200 legimus
2109 3089 2266 3185 ideo

562 3219 875 3275 Jerusalem
920 3219 1016 3274 illa
1062 3223 1291 3274 terrena
1337 3236 1350 3275 :
1395 3240 1424 3269 «
1477 3221 1847 3278 lmmunditia
1892 3223 2014 3294 ejus
2063 3228 2193 3279 ante

563 3313 738 3384 pedes
787 3313 928 3384 ejus.
976 3313 1096 3368 Non
1143 3313 1248 3368 fuit
1299 3329 1522 3369 memor
1573 3315 2009 3372 novissimorum
2058 3333 2191 3374 suo-

566 3422 717 3478 rum,
749 3410 808 3462 et
837 3405 1044 3462 cecidit
1078 3406 1323 3462 invalida
1369 3409 1506 3479 (95);
1544 3424 1660 3463 non
1691 3413 1777 3466 est
1811 3409 1909 3482 qui
1939 3412 2194 3468 console-

562 3503 658 3554 tur
704 3516 850 3555 eam.
899 3500 1067 3571 Vide,
1119 3500 1384 3570 Domine,
1436 3502 1818 3559 humilitatem
1859 3504 2018 3576 ejus,
2063 3505 2196 3576 quia

564 3593 964 3665 magniﬁcatus
999 3599 1083 3650 est
1124 3594 1386 3650 inimicus
1426 3596 1664 3660 (Thren.,
1697 3612 1736 3664 ι,
1775 3598 1849 3668 9).
1886 3619 1914 3648 ››
1954 3599 2022 3654 Et
2063 3599 2195 3670 quia

566 3688 647 3742 sic
684 3687 984 3742 humiliata
1025 3690 1110 3743 est
1145 3688 1481 3757 Jerusalem,
1526 3690 1732 3746 merito
1774 3694 1965 3762 postea
2008 3692 2062 3746 ei
2106 3691 2191 3746 di-

565 3781 713 3836 citur
752 3797 765 3836 :
807 3800 835 3833 ((
879 3781 1096 3836 Defecit
1135 3781 1398 3854 iniquitas
1442 3785 1562 3851 tua,
1608 3782 1728 3838 ﬁlia
1771 3783 1907 3840 Sion
1950 3784 2191 3856 (Thren.,

565 3891 640 3942 IV,
672 3877 783 3945 22).
816 3895 844 3924 ››
886 3875 956 3928 Et
1001 3875 1160 3930 omni
1196 3875 1293 3948 qui
1330 3875 1733 3948 paenitentiam
1769 3877 1970 3949 egerit,
2006 3877 2191 3950 lacry-

565 3967 788 4038 misque
832 3967 1077 4039 propriis
1118 3974 1348 4039 peccata
1387 3969 1708 4039 delleverit,
1739 3969 1888 4026 bene
1927 3970 2134 4026 dicitur
2176 3987 2190 4026 :

567 4081 596 4108 «
653 4059 867 4115 Defecit
919 4059 1184 4132 iniquitas
1234 4065 1351 4118 tua.
1402 4083 1429 4112 »
1479 4063 1625 4119 Alibi
1670 4079 1898 4136 quoque
1943 4065 2046 4120 sub
2091 4065 2194 4120 hac

566 4153 755 4207 littera
782 4153 918 4208 dicit
943 4154 1220 4210 Jeremias
1252 4171 1266 4210 :
1303 4175 1332 4204 «
1361 4156 1502 4211 Boni
1545 4161 1709 4212 erant
1746 4159 2027 4214 vulnerati
2070 4158 2191 4230 gla-

568 4246 692 4314 dio,
737 4262 908 4318 quam
943 4246 1222 4304 vulnerati
1265 4248 1434 4304 fame.
1481 4249 1758 4305 Abierunt
1799 4251 2123 4322 compuncti
2163 4271 2196 4308 a

564 4339 858 4395 nativitate
894 4355 1166 4410 agrorum
1209 4342 1314 4410 (96)
1354 4342 1538 4412 (Ibid,
1568 4344 1640 4414 9).
1678 4363 1705 4394 η
1741 4343 2196 4416 Compungimur

563 4433 758 4503 igitur,
791 4433 1016 4505 quando
1046 4439 1373 4490 nostrorum
1412 4436 1636 4508 agimus
1665 4436 2062 4507 paenitentiam
2089 4440 2189 4494 de-

563 4526 858 4594 lictorum,
905 4528 1346 4600 compungimur
1379 4529 1549 4584 etiam
1588 4530 1975 4587 recordatione
2025 4531 2195 4588 delic-

564 4622 755 4674 torum
801 4620 929 4691 (97).
979 4621 1140 4678 Unde
1183 4622 1262 4676 ait
1293 4623 1572 4694 propheta
1613 4623 1786 4678 David
1824 4641 1838 4680 :
1880 4646 1909 4676 «
1935 4626 2072 4690 Quae
2115 4627 2195 4681 di-

564 4711 690 4767 citis
741 4713 800 4767 in
853 4713 1114 4768 cordibus
1169 4715 1397 4785 vestris,
1454 4723 1510 4771 et
1559 4716 1616 4770 in
1661 4717 1939 4772 cubilibus
1997 4719 2194 4775 vestris

560 4805 1016 4878 compungimini
1048 4807 1213 4878 (Psal.
1246 4799 1320 4879 Iv,
1355 4809 1426 4879 5).
1456 4828 1484 4860 »
1517 4810 1622 4873 Qui
1670 4814 1864 4866 autem
1905 4829 2190 4884 compun-

560 4899 746 4970 gitur,
813 4900 1009 4972 utique
1060 4901 1500 4958 delectationem
1551 4904 1796 4959 excludit
1845 4906 2081 4975 erroris,
2136 4910 2194 4961 et

626 5109 725 5170 (9t)
753 5107 863 5158 Hic
886 5109 941 5158 et
968 5108 1100 5159 alibi
1130 5108 1384 5173 pluribus
1410 5109 1548 5160 locis
1585 5111 1913 5162 Ambrosius
1945 5116 2190 5164 veterem

559 5177 768 5229 indicat
812 5179 1083 5232 Ecclesia
1125 5194 1356 5242 morem,
1387 5195 1500 5246 quo
1543 5183 1789 5248 episcopi
1832 5185 2116 5248 impositas
2158 5200 2190 5234 a

557 5261 620 5298 se
660 5251 1064 5312 paenitentibus
1100 5251 1341 5315 publicis
1382 5265 1576 5316 pmnas
1618 5255 1887 5314 minuere,
1928 5268 2034 5306 nec
2077 5269 2189 5306 non

557 5323 1151 5388 excommunicationis
1195 5327 1418 5388 tempus
1463 5324 1714 5376 breviare
1760 5329 2188 5388 consueverant,

554 5387 744 5460 habita
775 5393 987 5443 ratione
1028 5394 1277 5457 ipsorum
1315 5387 1671 5445 icontritionis
1711 5399 1878 5460 atque
1919 5387 2190 5447 humilia?

557 5458 740 5579 303:3,
771 5475 918 5544 .quas
966 5463 1199 5527 proinde
1247 5466 1719 5517 reconciliationis
1757 5458 2022 5518 dicuntur
2067 5481 2189 5519 esse

586 5543 622 5579 ιι
697 5544 837 5579 8218.

554 5541 837 5596 sunragia.

615 5602 713 5663 (95)
742 5601 903 5654 Rom.
931 5603 1086 5669 edit.,
1121 5607 1303 5659 cecidit
1326 5607 1518 5659 valide.

616 5671 713 5734 (96)
738 5671 898 5725 Rom.
927 5675 1078 5739 edit.,
1109 5691 1146 5728 a
1171 5678 1453 5730 sterilitate
1475 5691 1747 5745 agrorum.
1779 5680 2032 5745 Reliquas
2056 5693 2186 5733 cum

551 5755 685 5795 mss.
734 5745 1016 5809 omnibus,
1062 5761 1098 5796 a
1131 5751 1417 5801 nativitate
1457 5764 1733 5814 agrorum.
1787 5752 1984 5804 Melius
2029 5768 2040 5801 :
2090 5753 2176 5805 sic

2289 1821 2646 1894 digeruntur.
2680 1822 2831 1875 Bona
2865 1819 3046 1875 multa
3086 1820 3145 1874 in
3185 1819 3296 1874 hoc
3340 1817 3564 1886 saeculo,
3605 1815 3743 1872 dum
3780 1815 3922 1870 vivi-

2288 1931 2438 1984 mus,
2481 1915 2868 1983 aastimautur;
2907 1913 3040 1985 quia
3081 1911 3207 1966 usui
3245 1911 3408 1967 nobis
3451 1914 3604 1979 sunt,
3648 1913 3709 1964 ut
3751 1925 3924 1980 pecu-

2290 2009 2404 2078 nia,
2433 2025 2658 2076 aurum,
2691 2010 3022 2079 argentum,
3063 2005 3440 2076 possessiones
3483 2021 3496 2059 :
3527 2003 3730 2058 eadem
3774 2002 3928 2058 nihil

2290 2105 2529 2174 possunt
2591 2100 2857 2172 prodesse
2932 2098 3245 2166 defunctis,
3325 2097 3416 2152 hic
3481 2097 3673 2152 omnia
3745 2094 3924 2151 relin-

2289 2199 2563 2269 quuntur.
2624 2194 2771 2259 Quin
2834 2193 3005 2249 etiam
3065 2190 3269 2263 majori
3323 2190 3514 2246 dolore
3570 2190 3697 2261 quis
3753 2189 3927 2244 mori-

2289 2295 2413 2357 tur,
2492 2305 2623 2343 cum
2692 2288 2780 2342 his
2856 2304 2914 2342 se
2990 2285 3251 2342 fraudari
3321 2284 3501 2356 copiis
3572 2283 3926 2355 ingemiscit.

2290 2383 2411 2438 Non
2463 2385 2551 2437 est
2591 2397 2730 2452 ergo
2769 2379 3101 2451 jucunditas
3143 2395 3311 2449 vera,
3359 2377 3464 2433 nisi
3511 2377 3607 2432 illa
3653 2392 3782 2448 quae
3835 2393 3925 2431 se-

2290 2475 2542 2531 cundum
2585 2475 2822 2530 verbum
2859 2473 2954 2528 Dei
2993 2477 3106 2542 est,
3145 2477 3210 2528 ut
3249 2471 3374 2544 quis
3416 2471 3697 2526 bonorum
3740 2469 3923 2524 meri-

2291 2572 2478 2624 torum
2532 2572 2702 2639 atque
2756 2567 3034 2622 virtutum
3089 2565 3359 2621 subsidiis
3404 2563 3646 2637 gaudeat
3696 2580 3757 2620 se
3799 2579 3930 2618 esse

2293 2662 2599 2718 munitum.

2364 2753 2610 2828 1081
2661 2759 2713 2809 7.
2756 2754 2884 2809 Haec
2918 2753 3088 2809 David
3130 2751 3490 2825 jucunditate
3533 2751 3621 2808 vel
3667 2750 3927 2807 bonitate

2294 2849 2390 2906 Dei
2425 2849 2684 2918 laetatur;
2714 2847 2846 2919 quia
2875 2847 3085 2918 jugum
3120 2862 3292 2919 grave
3326 2863 3359 2901 a
3387 2846 3689 2917 juventute
3723 2848 3928 2916 porta-

2293 2943 2392 3009 vit,
2440 2947 2497 2998 et
2541 2941 2828 3010 sustinuit,
2877 2945 3051 3012 atque
3099 2939 3434 3011 exspectavit
3478 2937 3704 2994 Domini
3753 2938 3811 2992 in
3866 2955 3933 2993 se

2293 3035 2557 3108 gratiam,
2598 3052 2714 3091 non
2745 3033 3064 3107 praeripuit,
3107 3034 3206 3106 qui
3245 3049 3392 3105 saepe
3433 3031 3728 3089 occidendi
3771 3031 3934 3103 regis

2293 3130 2429 3186 Saul
2475 3129 2685 3185 tributa
2725 3129 2832 3183 sibi
2883 3128 3061 3200 copia,
3106 3127 3310 3182 maluit
3352 3131 3548 3182 tamen
3590 3127 3929 3196 exspectare

2291 3239 2326 3278 a
2362 3223 2602 3278 Domino
2643 3221 2942 3277 deferendi
2973 3225 3202 3292 tempus
3227 3219 3476 3291 imperii,
3524 3235 3698 3290 quam
3743 3218 3932 3274 occiso

2292 3333 2428 3389 rege
2465 3315 2793 3388 praeripere.
2836 3315 3076 3386 Semper
3113 3314 3263 3368 Deus
3296 3313 3483 3368 bonus
3521 3319 3637 3381 est,
3680 3311 3930 3384 ideoque

2292 3417 2350 3468 et
2392 3411 2595 3466 Paulus
2633 3410 2755 3464 ait:
2790 3428 2818 3461 «
2849 3409 2988 3464 Vide
3031 3423 3168 3479 ergo
3205 3406 3520 3462 bonitatem
3564 3411 3621 3462 et
3664 3406 3936 3462 severita-

2293 3507 2411 3560 tem
2459 3504 2558 3559 Dei
2595 3503 2792 3575 (Rom.,
2833 3519 2909 3570 ιιι,
2946 3501 3058 3573 22),
3093 3521 3121 3552 »
3161 3501 3387 3556 bonitas
3429 3499 3583 3555 enim
3628 3499 3686 3554 in
3727 3515 3936 3555 omnes

2293 3603 2396 3668 est,
2448 3595 2712 3653 severitas
2757 3596 2818 3651 in
2871 3611 3094 3667 paucos.
3152 3595 3405 3666 Denique
3459 3593 3714 3649 subdidit
3764 3591 3934 3648 idem

2293 3691 2630 3762 Apostolus:
2668 3712 2696 3740 ‹‹
2727 3691 2788 3746 In
2825 3706 2922 3746 eos
2956 3689 3190 3762 quidem
3231 3689 3330 3761 qui
3372 3687 3717 3754 ceciderunt,
3763 3703 3932 3742 seve-

2294 3785 2550 3854 ritatem;
2590 3783 2650 3839 in
2685 3787 2740 3838 te
2775 3788 2965 3838 autem
2995 3781 3312 3838 bonitatem
3354 3782 3559 3852 (Ibid).
3600 3802 3628 3831 n
3669 3780 3728 3836 Si
3769 3779 3936 3835 enim

2293 3894 2412 3933 non
2449 3877 2802 3944 cecidissent,
2844 3876 3040 3948 utique
3076 3878 3378 3931 uterentur
3421 3878 3478 3930 et
3519 3874 3630 3946 ipsi
3672 3873 3936 3930 bonitate

2294 3971 2414 4026 Dei.
2461 3971 2602 4026 Nam
2630 3976 2686 4027 et
2721 3970 2819 4025 tibi
2861 3970 2988 4026 ideo
3029 3970 3213 4024 bonus
3256 3971 3361 4039 est,
3402 3968 3533 4040 quia
3563 3984 3874 4039 permanes
3914 3985 3931 4023 :

2293 4065 2449 4137 quod
2489 4064 2534 4119 si
2580 4080 2694 4118 non
2739 4062 3120 4136 permanseris
3168 4063 3228 4116 in
3277 4061 3550 4129 bonitate,
3583 4067 3641 4116 et
3677 4065 3739 4115 tu
3779 4062 3938 4116 exci-

2295 4158 2463 4213 deris.
2494 4159 2615 4212 Non
2647 4173 2783 4228 ergo
2810 4159 2957 4212 Deus
2982 4160 3290 4228 propterea
3319 4155 3502 4210 bonus
3527 4171 3650 4210 esse
3679 4154 3929 4226 desistit,

2296 4252 2427 4323 quia
2462 4257 2524 4307 tu
2562 4252 2749 4322 lapsus
2785 4267 2863 4318 es,
2912 4255 2968 4306 et
3011 4249 3236 4322 indiges
3276 4249 3594 4304 severitate.
3630 4247 3931 4319 Siquidem

2295 4351 2350 4400 et
2397 4344 2670 4400 severitas
2719 4345 2815 4399 Dei
2862 4343 2920 4399 in
2962 4342 3272 4398 bonitatem
3325 4343 3596 4412 recurrit;
3648 4345 3708 4396 ut
3756 4357 3936 4397 unus-

2213 4460 2271 4532 D
2293 4439 2532 4512 quisque
2563 4441 2664 4508 (98)
2699 4439 3006 4532 castigatus
3043 4436 3254 4532 pedem
3281 4438 3493 4492 referat
3519 4452 3552 4491 a
3578 4435 3844 4532 peccatis,
3875 4442 3938 4492 et

2295 4533 2369 4588 ad
2406 4533 2679 4588 virtutum
2715 4531 3031 4600 tramitem,
3069 4530 3391 4602 bonamque
3429 4528 3941 4585 conversationem

2295 4632 2572 4682 recurrat.
2631 4625 2882 4697 Denique
2936 4625 3103 4680 docet
3154 4624 3224 4679 de
3275 4623 3384 4678 illis
3448 4623 3546 4694 qui
3598 4622 3942 4678 ceciderunt

2292 4720 2641 4792 Apostolus:
2682 4719 2884 4783 «Quia
2927 4719 2973 4773 si
3015 4734 3131 4773 non
3180 4717 3599 4788 permanserint
3638 4716 3695 4770 in
3739 4715 3938 4770 incre-

2295 4813 2552 4882 dulitate,
2581 4814 2924 4868 inserentur.
2967 4814 3174 4866 Potens
3211 4811 3365 4867 enim
3404 4815 3490 4865 est
3529 4811 3676 4865 Deus
3719 4809 3942 4864 iterum

2292 4907 2546 4962 inserere
2587 4906 2713 4962 illos
2751 4906 2935 4976 (Ibid.,
2982 4904 3108 4977 23);
3143 4926 3171 4955 »
3213 4909 3272 4958 ut
3313 4902 3797 4975 quemadmodum
3838 4902 3944 4957 de-

2290 5114 2440 5164 enim
2483 5113 2656 5174 LXX,
2704 5112 3025 5178 ἐπορεῦθησαν
3068 5109 3451 5173 ἐκκεκεντημένοι
3487 5108 3583 5157 ἀπὸ
3625 5106 3938 5170 γεννημάτων

2289 5183 2448 5249 ἀγρῶν
2459 5224 2468 5233 .

2353 5257 2450 5318 (91)
2482 5255 2690 5306 Omnes
2719 5255 2872 5318 edit.,
2903 5254 3272 5306 recordatione
3299 5253 3646 5312 delictorum;
3689 5251 3934 5300 concin-

2288 5327 2418 5376 nius
2449 5327 2698 5390 plerique
2727 5338 2881 5389 mss.,
2911 5325 3279 5377 recordatione
3306 5324 3588 5380 dictorum,
3620 5325 3683 5372 ut
3712 5322 3933 5371 citatus

2288 5397 2477 5446 statim
2507 5397 2644 5460 psal.
2671 5410 2747 5458 IV,
2782 5411 2923 5449 vers.
2951 5399 3004 5460 5,
3033 5397 3169 5448 satis
3197 5395 3454 5446 ostendit.

2349 5469 2446 5531 (98)
2474 5467 2619 5518 Edit.
2653 5474 2709 5520 et
2737 5481 2868 5520 mss.
2909 5472 3150 5533 quatuor
3176 5483 3188 5516 :
3221 5465 3554 5530 Siquidem...
3580 5463 3638 5513 in
3670 5462 3932 5520 bonitate,

2284 5543 2342 5588 ut
2388 5545 2636 5589 recurrat
2687 5541 3066 5605 unusquisque,
3114 5542 3223 5590 etc.
3273 5537 3400 5588 Mss.
3445 5534 3807 5585 duodecim...
3870 5536 3934 5584 in

2285 5608 2569 5661 bonitatem
2611 5611 2876 5672 recurrit;
2919 5615 2979 5661 ut
3013 5609 3400 5673 unusquisque,
3431 5611 3538 5656 etc.
3588 5606 3643 5655 in
3685 5617 3933 5667 quorum

2285 5684 2469 5732 tamen
2495 5682 2782 5733 nonnullis
2811 5681 3065 5744 habetur,
3091 5683 3358 5738 recurrat,
3389 5681 3445 5728 et
3471 5676 3818 5738 conjunctio,
3846 5681 3933 5736 ut,

2283 5753 2641 5805 desideratur.
