4082 6186
179 226 303 277 1393

1333 219 1688 278 EXPOSITIO
1727 219 1794 276 IN
1835 219 2149 279 PSALMUM
2187 226 2412 281 CXVIII.

3404 235 3536 287 1394

170 351 306 400 serta
338 345 598 417 virgulta
637 344 768 416 (99),
799 346 878 400 ita
923 350 979 400 et
1011 345 1272 402 homines
1297 347 1454 401 velut
1489 344 1812 401 caudicibus
1834 356 1890 430 Α
1986 350 2069 402 10.
2100 348 2348 421 Ideoque
2382 349 2479 422 qui
2519 350 2783 423 intelligit
2823 354 2992 407 altam
3037 354 3138 407 Dci
3170 371 3287 410 esse
3317 356 3538 412 bonita-

172 438 509 511 quibusdam
555 438 778 494 virtutis
818 439 1044 506 inserti,
1088 440 1372 494 bonorum
1413 440 1633 494 fructus
1674 455 1804 509 pos-

170 535 266 586 sint
293 532 454 587 ferre
485 533 848 589 meritorum.
879 535 1119 588 Accuses
1155 548 1387 586 necesse
1413 536 1496 588 est
1520 531 1808 587 medicum

173 625 544 694 crudelitatis,
568 627 717 698 quia
752 626 1097 698 putrefactas
1129 627 1434 681 vulnerum
1461 625 1629 680 ﬁbras
1654 625 1806 680 ferro

168 719 454 792 putaverit
492 719 874 786 exsecandas;
921 721 1058 792 quia
1097 719 1270 775 noxia
1307 723 1363 774 et
1403 719 1692 791 serpentia
1725 719 1808 774 ul-

165 829 288 868 cera
337 813 471 885 igni
517 813 818 880 adusserit,
855 829 928 869 ne
971 814 1123 868 virus
1165 813 1225 868 in
1268 813 1539 868 ulteriora
1582 828 1806 884 proser-

161 912 358 979 peret;
421 907 520 962 vel
563 907 696 980 quia
738 907 1012 979 magister
1048 906 1386 980 discipulum
1430 906 1809 962 verberavcrit

159 1002 588 1073 negligentem,
627 1006 688 1056 ut
724 1003 882 1055 metu
921 999 1222 1056 verberum
1267 999 1537 1061 indueret
1573 999 1808 1072 diligen-

159 1095 341 1149 tiam?
368 1094 669 1166 Castigare
695 1093 852 1150 enim
877 1093 1123 1149 amantis
1150 1097 1255 1161 est,
1281 1110 1398 1149 non
1427 1092 1803 1163 exsecrantis;

160 1191 210 1241 et
232 1187 375 1242 ideo
399 1185 675 1242 bonitatis
702 1189 806 1254 est,
837 1202 955 1242 non
981 1185 1356 1242 crudelitatis.
1383 1187 1558 1242 Recte
1587 1202 1725 1258 ergo
1751 1189 1809 1241 et

161 1280 443 1336 Dominus
472 1279 685 1352 ubique
712 1283 800 1334 est
820 1279 1024 1348 bonus,
1057 1284 1115 1335 et
1144 1295 1276 1336 cum
1304 1279 1548 1335 remittit
1571 1279 1805 1351 flagitia,

160 1378 382 1429 etcum
408 1375 648 1444 peccata
676 1373 916 1444 castigat
952 1391 964 1426 :
1005 1393 1033 1421 ‹‹
1063 1373 1311 1446 Castigat
1342 1373 1496 1430 enim
1540 1373 1807 1429 Dominus

159 1483 332 1538 quem
359 1465 556 1538 diligit
581 1466 786 1536 (Hebr.,
811 1481 907 1532 xu,
936 1465 1010 1536 6).
1039 1487 1069 1516 »

225 1563 279 1615 8.
339 1559 668 1630 Castigatus
718 1563 804 1614 est
853 1558 1026 1614 etiam
1077 1558 1272 1614 David.
1336 1559 1592 1631 Denique
1645 1559 1728 1614 ait
1788 1576 1801 1614 :

161 1676 188 1700 ε
227 1654 298 1709 Et
323 1653 411 1708 fui
447 1651 773 1724 ﬂagellatus
802 1653 926 1706 tota
963 1651 1056 1707 die
1091 1653 1258 1720 (Psal.
1290 1667 1458 1719 Lxxii,
1496 1653 1603 1719 14).
1640 1673 1668 1700 η
1700 1652 1804 1708 Sed

1910 442 2050 510 tem,
2078 441 2268 498 doceri
2307 442 2592 498 desiderat
2621 445 2794 500 etiam
2839 445 3217 518 disciplinam.
3257 449 3394 502 Nam
3421 452 3535 519 ple-

1908 533 2069 605 rique
2116 539 2451 591 avertuntur
2500 554 2528 590 a
2585 537 2773 593 studio
2828 538 3173 610 disciplinae,
3223 540 3357 594 dum
3410 558 3535 597 eam

1908 643 2165 683 severam
2219 633 2276 684 et
2315 630 2538 685 tristem
2583 631 2960 699 arbitrantur;
3008 633 3104 687 sed
3161 633 3539 704 perspicacior

1907 736 2077 775 sensu
2098 721 2385 793 intelligit,
2408 723 2564 794 quod
2590 723 2912 795 disciplina,
2941 725 2986 778 si
3013 723 3188 779 tristis
3212 725 3282 780 ad
3315 728 3539 798 tempus

1908 814 2002 881 sit,
2031 815 2439 886 posterioribus
2469 816 2567 870 fiat
2588 817 2845 887 jucunda
2885 817 3258 889 temporibus.
3305 818 3417 874 Sed
3456 825 3541 874 est

1909 906 2203 978 disciplina
2244 908 2330 962 vel
2374 909 2656 980 correptio
2695 909 2966 977 severior,
3003 913 3089 965 est
3125 911 3299 965 etiam
3342 912 3533 968 mode-

1907 999 2104 1056 ratior.
2157 1001 2496 1057 Moderatior
2545 1005 2664 1067 est,
2715 1002 2786 1057 de
2840 1019 2953 1074 qua
3004 1002 3139 1058 dicit
3191 1004 3466 1059 Dominus
3523 1022 3536 1058 :

1909 1113 1936 1143 «
1977 1093 2297 1164 Corripiam
2361 1111 2460 1150 eos
2507 1094 2565 1149 in
2629 1095 2830 1150 auditu
2891 1095 3279 1152 tribulationis
3339 1113 3535 1153 eorum

1907 1185 2074 1256 (Osee,
2103 1201 2194 1252 vn,
2229 1185 2332 1258 I2).
2365 1208 2394 1236 ››
2433 1189 2528 1243 Est
2571 1191 2628 1242 et
2665 1188 2914 1244 severior
2957 1205 3084 1260 qua:
3130 1195 3216 1244 est
3258 1190 3318 1245 in
3359 1189 3440 1246 ira
3484 1196 3540 1246 et

1905 1278 2095 1334 furore
2125 1279 2422 1351 correptio.
2445 1280 2604 1334 Unde
2631 1280 2919 1352 refugiens
2947 1297 3071 1336 eam
3098 1283 3535 1355 correptionem,

1905 1370 2042 1426 dicit
2070 1371 2284 1426 David:
2336 1393 2364 1421 ‹‹
2394 1372 2655 1442 Domine,
2694 1389 2770 1428 ne
2807 1373 2866 1428 in
2912 1374 2995 1428 ira
3038 1380 3136 1430 tua
3175 1391 3380 1447 arguas
3421 1394 3535 1443 me,

1905 1479 2090 1536 neque
2132 1465 2190 1519 in
2234 1464 2429 1520 furore
2470 1470 2570 1520 tuo
2612 1465 2884 1537 corripias
2934 1482 3024 1522 me
3068 1470 3352 1537 (Psal..v1,
3391 1472 3464 1539 2).
3507 1492 3534 1519 ››

1906 1558 1973 1612 Ει
2017 1558 2292 1613 Jeremias
2329 1575 2342 1612 :
2385 1558 2670 1630 «Corripe
2714 1575 2836 1627 nos,
2888 1560 3146 1627 Domine,
3194 1561 3252 1615 in
3297 1562 3536 1632 judicio,

1905 1654 1963 1707 et
2005 1667 2119 1706 non
2173 1651 2230 1706 in
2280 1651 2471 1706 furore
2520 1651 2757 1721 (Jerem.,
2805 1670 2871 1722 x,
2919 1653 3029 1718 24).
3081 1676 3108 1703 »ι
3153 1654 3349 1709 Omnis
3397 1672 3535 1727 ergo

159 1747 246 1801 vir
289 1721 673 1818 sapiens'qui
724 1743 1004 1800 intellexit
1039 1743 1468 1816 castigationem
1509 1744 1660 1800 illam
1703 1721 1882 1800 Do-B
1908 1743 2222 1816 disciplina,
2271 1744 2374 1799 etsi
2421 1744 2495 1800 ad
2547 1748 2772 1818 tempus
2816 1721 3022 1801 habent
3067 1721 3532 1817 amaritudinem,

164 1841 306 1896 mini
331 1839 442 1894 sibi
475 1838 761 1910 profuisse
787 1839 866 1893 ait
895 1855 910 1892 :
951 1840 1254 1894 Bonitatem
1291 1841 1476 1906 fecisti
1511 1855 1632 1893 cum
1656 1855 1805 1894 servo

171 1943 270 1994 tuo,
314 1934 576 1996 Domine,
611 1931 903 1986 secundum
933 1931 1152 1986 verbum
1187 1935 1372 1996 tuum;
1407 1931 1517 1985 hoc
1559 1937 1666 1999 est,
1700 1933 1806 1987 etsi

169 2028 253 2082 illa
282 2025 428 2080 mihi
471 2025 546 2080 ad
585 2029 816 2096 tempus
843 2039 1038 2078 amara
1068 2024 1184 2078 visa
1215 2027 1299 2078 est
1323 2023 1636 2094 castigatio,
1665 2024 1805 2079 mihi

167 2118 484 2175 secundum
515 2133 773 2185 carnem,
808 2116 951 2171 mihi
981 2116 1295 2172 secundum
1325 2116 1652 2172 maestitiam
1677 2133 1803 2172 cor-

166 2213 342 2284 poris,
389 2218 604 2266 tamen
651 2209 964 2265 secundum
1009 2209 1244 2265 verbum
1297 2215 1461 2264 tuum
1511 2211 1804 2281 castigatio

166 2307 250 2360 illa
281 2307 514 2360 fructus
545 2302 823 2358 bonitatis
850 2301 1059 2358 attulit.
1090 2302 1251 2357 Illam
1295 2301 1437 2356 mihi
1480 2303 1806 2375 castigatio-

163 2415 282 2454 nem
311 2397 585 2469 intelligo
630 2395 934 2467 profuisse,
961 2395 1056 2450 illa
1095 2395 1468 2466 castigatione
1511 2412 1604 2450 me
1643 2413 1678 2451 a
1718 2396 1802 2451 vi-

162 2493 247 2546 tiis
283 2507 406 2546 esse
451 2494 814 2555 revocatum,
859 2488 956 2543 illa
999 2486 1373 2559 castigatione
1415 2504 1531 2544 non
1570 2488 1668 2544 diu
1708 2489 1807 2544 ali-

166 2585 302 2655 quid
320 2584 382 2638 in
405 2598 504 2638 me
531 2580 762 2636 licuisse
788 2579 1043 2653 ﬂagitiis,
1070 2596 1172 2652 per
1197 2580 1356 2634 illam
1380 2580 1803 2652 castigationem

189 2676 402 2730 Domini
427 2675 564 2730 nihil
600 2675 661 2729 in
692 2690 786 2728 me
811 2671 1133 2729 adversario
1162 2672 1408 2740 licuisse,
1438 2673 1581 2729 nihil
1607 2674 1802 2730 morti.

191 2769 450 2841 Denique,
507 2789 536 2816 α
585 2767 891 2838 Castigans
931 2764 1222 2837 castigavit
1263 2781 1355 2821 me
1413 2766 1705 2836 Dominus,
1751 2772 1806 2822 et

175 2865 329 2918 morti
381 2878 505 2918 non
558 2860 798 2916 tradidit
848 2875 941 2915 me
987 2860 1160 2930 (Psal.
1210 2874 1382 2925 cxvii,
1441 2861 1548 2928 18),
1601 2882 1630 2911 ›)
1685 2859 1804 2931 ipse

168 2957 445 3029 Propheta
487 2953 854 3010 memoravit.
902 2952 1220 3024 Castigatur
1263 2951 1419 3008 enim
1468 2951 1566 3024 qui
1606 2952 1806 3024 recipi-

162 3056 277 3114 tur;
318 3049 426 3120 qui
468 3053 669 3103 autem
706 3062 823 3102 non
861 3046 1234 3117 recipiuntur,
1270 3062 1383 3102 non
1421 3045 1801 3119 ilagellantur.

165 3167 190 3192 α
223 3145 284 3198 In
313 3140 626 3196 laboribus
667 3140 821 3195 enim
872 3139 1179 3194 hominum
1220 3155 1338 3193 non
1379 3142 1532 3206 sunt,
1575 3145 1632 3195 et
1669 3157 1801 3196 cum

163 3235 493 3292 hominibus
544 3249 669 3289 non
721 3232 1162 3305 ﬂagellabantur
1208 3231 1377 3302 (Psal.
1431 3248 1601 3298 Lxxu,
1645 3233 1718 3302 5).
1773 3254 1802 3282 ιι

163 3335 401 3406 Ideoque
453 3346 633 3403 supra
685 3329 762 3385 ait
807 3347 821 3384 :
871 3351 900 3379 ‹‹
935 3331 1115 3395 Quam
1162 3329 1367 3397 bonus,
1418 3329 1607 3398 Israel,
1654 3330 1802 3385 Deus

163 3428 321 3482 rectis
376 3425 560 3481 corde
617 3424 797 3493 (1bid.,
848 3423 932 3491 I)!
980 3444 1009 3473 π
1069 3423 1217 3494 Ergo
1269 3423 1452 3478 bonus
1499 3421 1796 3493 omnibus;

161 3521 285 3592 quia
316 3534 533 3575 omnes
577 3521 732 3572 recto
761 3516 882 3572 vult
917 3531 1038 3571 esse
1078 3515 1272 3571 corde.
1320 3515 1426 3580 Qui
1471 3521 1666 3572 autem
1704 3533 1804 3572 cor

157 3610 568 3674 declinaverit,
623 3609 740 3682 ipse
790 3627 825 3665 a
873 3625 933 3664 se
985 3608 1224 3681 gratiam
1272 3607 1476 3664 divinae
1529 3608 1802 3664 bonitatis

150 3706 373 3762 avertit.

218 3805 274 3855 9.
319 3800 514 3868 (Vers.
560 3797 673 3866 66.)
714 3795 1022 3867 Sequitur:
1065 3795 1491 3859 Jucunditatem,
1536 3800 1585 3850 et
1634 3795 1799 3852 disci-

141 3896 385 3964 plinam,
420 3895 478 3947 et
513 3892 797 3946 scientiam
824 3889 951 3944 doce
976 3905 1095 3956 me;
1127 3891 1262 3959 quia
1295 3891 1356 3943 in
1384 3889 1668 3944 mandatis
1694 3891 1803 3944 tuis

147 3987 383 4042 credidi.
429 3985 609 4039 Juxta
647 3981 975 4053 Apostolum
1019 3989 1226 4054 χρηστόν
1269 3981 1484 4036 bonum
1536 3981 1803 4052 intelligi-

149 4097 298 4147 mus,
352 4078 503 4152 quia
548 4075 690 4131 dixit
725 4092 738 4130 :
789 4094 818 4127 σι
848 4074 985 4130 Vide
1030 4092 1168 4148 ergo
1215 4074 1526 4131 bonitatem
1576 4075 1799 4130 Domini

155 4175 349 4240 (nam,
377 4188 465 4234 xi,
502 4168 614 4239 22).
645 4188 675 4220 ιι
699 4169 867 4224 Juxta
899 4169 1269 4240 Evangelium
1307 4166 1568 4242 1082
1593 4175 1802 4240 χρηστόν

155 4284 324 4322 suave
387 4262 729 4336 accipimus.
784 4262 935 4316 Dixit
987 4262 1141 4318 enim
1193 4279 1207 4316 :
1269 4282 1297 4312 «
1337 4261 1538 4317 Tollite
1589 4261 1800 4333 jugum

154 4376 434 4416 meum...
467 4356 608 4428 quia
633 4357 756 4411 leve
797 4359 901 4425 est,
941 4357 999 4410 et
1034 4371 1179 4410 onus
1207 4371 1422 4421 meum,
1462 4354 1598 4427 quia
1627 4369 1798 4410 suave

1904 1837 2115 1894 habeat
2176 1837 2705 1910 perturbationem,
2759 1842 2957 1911 postea
3021 1845 3209 1895 tamen
3276 1841 3538 1913 paciﬁcos

1904 1931 2119 1986 fructus
2146 1948 2423 2003 generare
2449 1933 2762 1988 consuevit.

1979 2028 2064 2079 11.
2113 2025 2221 2080 Sed
2271 2024 2369 2096 qui
2421 2025 2562 2096 petit
2609 2025 2797 2081 doceri
2839 2025 3150 2082 bonitatem
3192 2029 3250 2080 et
3297 2028 3536 2100 discipli-

1903 2132 2066 2185 nam,
2115 2117 2286 2173 debet
2337 2123 2533 2189 petere
2583 2118 2756 2173 etiam
2805 2119 3105 2174 scientiam
3158 2119 3369 2175 doceri.
3418 2121 3530 2176 Nisi

1906 2211 2062 2266 enim
2120 2210 2322 2266 habeat
2367 2211 2694 2279 scientiam,
2750 2212 2991 2266 molesta
3057 2216 3144 2266 est
3204 2213 3532 2285 disciplina,

1904 2303 2149 2359 molesta
2209 2303 2510 2376 correptio.
2573 2303 2718 2368 Quid
2781 2304 2854 2360 sit
2905 2304 3168 2374 scientia,
3225 2307 3423 2362 doceat
3481 2314 3535 2363 te

1905 2397 2197 2466 Salomon,
2235 2397 2332 2469 qui
2375 2397 2456 2451 ait
2498 2397 2568 2452 de
2616 2397 2858 2452 Domino
2905 2399 3024 2453 Deo
3065 2404 3261 2454 nostro
3296 2417 3310 2455 :
3353 2403 3534 2472 «Ipse

1905 2490 2062 2546 enim
2109 2490 2248 2546 mihi
2295 2490 2456 2546 dedit
2503 2507 2702 2545 eorum
2750 2507 2881 2562 quae
2944 2495 3077 2546 sunt
3139 2493 3532 2564 cognitionem

1904 2600 2096 2639 veram
2123 2584 2300 2655 (Sap.,
2325 2600 2421 2651 vu,
2453 2584 2561 2652 i7).
2597 2603 2624 2634 ιο
2658 2586 2727 2640 Et
2761 2584 2898 2639 alibi
2935 2585 3026 2639 hic
3066 2585 3220 2640 idem
3251 2587 3534 2657 Propheta

1905 2677 1987 2732 ait
2024 2694 2037 2732 :
2089 2698 2118 2727 «
2146 2677 2254 2741 Qui
2295 2677 2461 2732 docet
2499 2677 2791 2732 hominem
2835 2678 3133 2732 scientiam
3177 2680 3339 2747 (Psal.
3387 2696 3531 2747 xcm,

1909 2771 2015 2840 10).
2047 2791 2076 2821 ››
2117 2768 2223 2834 Qui
2267 2774 2456 2825 autem
2497 2769 2643 2841 petit
2674 2769 2994 2838 scientiam,
3035 2770 3219 2826 credit
3254 2773 3532 2826 mandatis

1904 2862 2020 2919 Dei.

1979 2959 2065 3012 12.
2113 2956 2277 3012 Aliud
2329 2961 2415 3012 est
2460 2962 2652 3012 autem
2694 2957 2753 3010 in
2801 2956 3088 3012 mandatis
3140 2957 3236 3012 Dei
3278 2958 3528 3025 credere,

1903 3049 2059 3105 aliud
2112 3050 2396 3105 mandatis
2446 3051 2700 3105 credere.
2743 3049 2850 3114 Qui
2897 3049 3052 3104 enim
3100 3051 3386 3106 mandatis
3432 3051 3529 3106 Dei

1904 3144 2107 3210 credit,
2136 3143 2248 3198 cito
2277 3142 2453 3199 efﬁcit
2480 3149 2545 3198 ut
2579 3143 2651 3197 sit
2678 3144 2736 3198 in
2763 3142 3046 3197 mandatis
3077 3143 3194 3211 Dei,
3225 3146 3284 3199 et
3310 3144 3368 3198 in
3395 3144 3531 3217 ipsis

1904 3241 2288 3292 conversetur.
2335 3238 2442 3290 Per
2489 3236 2664 3290 fidem
2708 3235 2883 3306 igitur
2926 3236 3160 3292 scientia
3199 3237 3528 3305 assumitur,

1903 3344 2010 3400 per
2051 3329 2348 3384 scientiam
2398 3327 2714 3400 disciplina.
2763 3328 2928 3393 Quod
2972 3329 3125 3384 enim
3169 3330 3380 3385 scimus
3412 3332 3530 3403 pla-

1903 3438 2032 3477 cere
2062 3423 2174 3478 Deo
2202 3438 2390 3490 posse,
2428 3421 2487 3476 in
2515 3438 2580 3478 eo
2608 3437 2712 3476 nos
2737 3422 3091 3477 conversatio
3123 3423 3246 3494 ipsa
3268 3423 3525 3479 delectat.

1904 3515 2159 3587 Denique
2185 3515 2461 3586 scriptum
2491 3520 2575 3570 est
2605 3531 2619 3570 :
2653 3535 2682 3565 «
2712 3515 2912 3571 Nostra
2948 3518 3142 3570 autem
3178 3517 3530 3572 conversatio

1903 3610 1964 3664 in
2004 3608 2156 3664 caelis
2203 3613 2288 3664 est
2325 3608 2576 3678 (Philip.,
2611 3624 2694 3676 III,
2741 3609 2848 3679 20).
2879 3629 2908 3657 η
2950 3608 3236 3663 Praecessit
3273 3609 3525 3677 scientia,

1905 3707 2098 3758 secuta
2145 3702 2230 3756 est
2275 3700 2642 3756 conversatio.
2689 3701 2770 3754 De
2814 3699 3096 3754 mandatis
3148 3701 3245 3756 Dei
3295 3702 3524 3757 credere

1902 3795 2171 3850 diximus.
2200 3795 2262 3850 In
2283 3792 2566 3848 mandatis
2587 3795 2779 3847 autem
2811 3793 2914 3847 Dei
2941 3791 3195 3862 credere,
3218 3793 3325 3848 hoc
3341 3797 3442 3860 est,
3467 3795 3523 3848 in

1902 3887 2036 3960 ipsis
2063 3903 2206 3956 esse,
2235 3889 2294 3941 et
2331 3886 2562 3941 credere
2604 3885 2738 3957 quia
2771 3901 2904 3941 vera
2931 3885 3197 3940 mandata
3234 3891 3385 3941 sunt.
3411 3887 3526 3942 Nisi

1902 3983 2057 4039 enim
2083 3981 2386 4038 credideris
2422 3980 2707 4036 mandatis
2732 3980 2850 4048 Dei,
2890 3996 3088 4036 eorum
3116 3981 3314 4053 utique
3345 3981 3522 4037 scien-

1901 4075 2065 4142 tiam,
2104 4091 2233 4148 quae
2262 4090 2366 4148 per
2403 4074 2666 4129 mandata
2705 4073 2804 4128 Dei
2845 4074 3138 4145 docemur,
3169 4075 3382 4131 habere
3411 4091 3525 4132 non

1901 4167 2136 4242 poteris.

1975 4265 2061 4317 13.
2105 4262 2278 4325 (Vers.
2331 4261 2444 4332 67.)
2489 4261 2759 4334 Sequitur
2799 4275 2992 4317 versus
3039 4262 3238 4318 tertius
3281 4280 3292 4316 :
3342 4265 3528 4319 Prius-

1901 4371 2065 4426 quam
2105 4355 2428 4410 humiliarer
2461 4370 2554 4422 ego
2596 4355 2805 4424 deliqui
2838 4373 2854 4409 :
2901 4361 3124 4426 propter
3165 4356 3259 4410 hoc
3307 4355 3527 4410 verbum

153 4460 238 4509 est
290 4451 548 4521 (Matth,
598 4465 672 4518 XI,
714 4452 806 4514 29,
851 4449 963 4520 30).
1009 4468 1037 4499 ι)
1086 4448 1233 4503 Dixit
1282 4447 1458 4517 enim,
1509 4458 1566 4505 τὸ
1609 4457 1797 4522 φορτίον

1908 4455 2050 4504 tuum
2091 4464 2185 4518 ego
2228 4448 2512 4503 custodivi.
2558 4446 2681 4501 Alia
2727 4447 2898 4502 editio
2939 4447 3114 4502 habet
3161 4448 3231 4517 (1)
3279 4464 3292 4501 :
3347 4450 3528 4504 Prius-

153 4571 247 4613 μου
291 4550 533 4617 χρηστὸν.
584 4541 742 4598 Unde
784 4541 991 4596 merito
1032 4541 1345 4597 bonitatem
1401 4541 1502 4597 Dei
1555 4541 1626 4597 ab
1675 4542 1798 4614 ipso

156 4639 371 4711 quax-it
399 4635 621 4702 doceri,
650 4651 720 4689 ne
750 4635 896 4690 forte
935 4635 1060 4706 quis
1097 4635 1483 4707 perfunctorie
1515 4635 1800 4707 accipiens

156 4733 378 4787 bonum
420 4730 609 4784 Deum
657 4745 798 4797 esse,
839 4727 898 4782 in
942 4727 1230 4784 erroribus
1267 4734 1610 4800 perseveret,
1646 4729 1800 4801 quod

160 4843 270 4897 per
328 4821 792 4880 misericordiam
859 4821 960 4878 Dei
1022 4821 1158 4876 sciat
1220 4821 1624 4894 impunitatem
1685 4821 1801 4876 suis

165 4919 283 4974 dari
324 4933 494 4990 posse
540 4915 814 4987 peccatis;
857 4902 988 4971 cum
1031 4915 1137 4971 etsi
1178 4915 1472 4987 indulgeat
1511 4913 1799 4983 Dominus,

169 5021 362 5067 tamen
407 5010 558 5066 fmda
597 5014 681 5066 est
719 5009 1069 5066 conversatio
1109 5009 1169 5064 in
1206 5007 1538 5064 criminibus
1574 5025 1804 5080 semper

169 5106 416 5160 haerere.
458 5105 579 5159 Non
626 5120 764 5176 ergo
815 5103 1042 5159 bonitas
1086 5103 1195 5157 ista
1242 5101 1494 5174 vulgaris
1535 5105 1650 5171 est;
1702 5101 1800 5158 sed

167 5215 294 5269 quin
323 5213 558 5270 semper
582 5196 896 5270 disciplinae
925 5198 1211 5267 exspectet
1246 5195 1588 5266 profectum.

231 5340 326 5398 (se)
393 5337 555 5388 Rom.
609 5337 762 5400 edit.,
816 5343 871 5388 ut
926 5335 1369 5402 quemadmodum
1431 5334 1634 5385 inserta
1689 5335 1802 5384 vir-

175 5410 356 5473 gulta;
402 5412 622 5460 cetera
663 5421 730 5459 ac
777 5420 909 5458 mss.
953 5419 1228 5469 omnes...,
1271 5405 1479 5457 deserta
1521 5403 1758 5470 virgulta
1785 5420 1804 5454 .-

177 5492 278 5530 uon
315 5481 490 5541 male,
530 5481 575 5530 si
610 5478 774 5530 modo
809 5478 1280 5540 subiutellexeris,
1319 5477 1469 5528 bonis
1501 5475 1804 5528 caudicibus

182 5558 388 5601 murta.

235 5624 294 5683 (1)
321 5622 586 5685 Plerique
615 5633 767 5678 mss..
797 5618 923 5670 Alia
947 5619 1168 5670 traditio
1197 5619 1367 5668 habet.

233 5696 295 5754 (ξ)
351 5695 476 5744 Non
525 5696 610 5743 est
651 5692 887 5743 dubium
929 5693 1068 5757 quin
1108 5691 1203 5742 hic
1251 5690 1611 5756 Origenistas,
1652 5689 1805 5753 quod

183 5766 450 5815 senserint
506 5765 720 5816 animus
770 5764 926 5828 prius
974 5763 1274 5826 exstitisse,
1315 5765 1485 5828 atque
1524 5773 1805 5826 peccasse,

1900 4559 2064 4614 quam
2113 4542 2434 4596 humiliarer
2481 4555 2575 4612 ego
2617 4542 2836 4596 nescivi.
2889 4540 3048 4595 Unde
3097 4542 3298 4612 putant
3347 4541 3528 4613 aliqui

1902 4635 2058 4708 quod
2082 4634 2329 4690 hominis
2365 4634 2562 4688 anima
2591 4633 2663 4704 ('2)
2689 4634 2795 4688 hoc
2827 4632 2980 4688 dicat
3011 4649 3025 4688 :
3055 4632 3391 4706 Priusquam
3420 4635 3524 4689 hu-

1901 4729 2175 4796 miliarer,
2205 4733 2266 4783 ut
2309 4727 2367 4782 in
2414 4727 2524 4782 hoc
2570 4729 2754 4782 lutum
2792 4726 3043 4798 corporis
3081 4725 3406 4794 introirem,
3433 4732 3529 4781 tua

1902 4838 2031 4895 quae
2057 4838 2172 4877 non
2211 4822 2484 4892 legeram,
2512 4820 2781 4876 mandata
2804 4819 3036 4875 nescivi.
3069 4819 3179 4875 Sed
3210 4820 3345 4891 quia
3384 4819 3525 4889 Sep-

1902 4916 2165 4987 tuaginta
2192 4914 2447 4970 virorum
2483 4913 2792 4969 sententias
2831 4913 3017 4984 magis
3052 4911 3309 4984 sequitur
3338 4912 3524 4966 Eccle-

1901 5007 2006 5078 sia,
2037 5012 2094 5066 et
2136 5007 2229 5063 hic
2268 5023 2468 5062 sensus
2512 5011 2596 5062 est
2633 5005 2878 5077 planior,
2916 5007 2975 5060 et
3011 5005 3156 5060 nihil
3202 5003 3529 5060 offensionis

1902 5101 2170 5170 admittit,
2197 5101 2349 5173 quod
2388 5099 2563 5172 possit
2591 5099 2872 5171 aliquibus
2906 5099 3236 5170 scrupulum
3277 5112 3530 5151 commo-

1903 5210 2060 5263 vere,
2107 5193 2240 5249 ideo
2283 5193 2646 5266 accipiamus,
2687 5193 3026 5255 humiliarer,
3069 5191 3148 5246 ita
3187 5189 3420 5259 dictum,
3462 5205 3529 5245 eo

1905 5348 2074 5400 quam
2121 5335 2178 5384 in
2229 5347 2458 5398 corpora
2505 5334 2875 5392 mitterentur,
2931 5330 3150 5382 occulte
3199 5330 3532 5394 perstringat

1905 5406 2252 5456 Ambrosius.
2300 5407 2371 5457 Et
2417 5405 2548 5456 inde
2597 5401 2912 5454 conﬁrmari
2967 5402 3148 5464 potest
3193 5400 3344 5464 quod
3399 5404 3531 5450 ante

1903 5489 2017 5527 non
2042 5476 2216 5528 semel
2239 5477 2350 5540 jam
2378 5476 2640 5536 diximus,
2671 5487 2799 5525 eum
2829 5471 2928 5522 has
2953 5471 3099 5521 solas
3125 5469 3380 5534 Origenis
3403 5473 3531 5534 opi-

1903 5548 2101 5598 niones
2130 5546 2430 5611 aliquando
2461 5556 2786 5610 proponere,
2813 5555 2950 5607 quas
2982 5541 3054 5592 ab
3087 5541 3371 5606 aliquibus
3408 5541 3533 5591 aliis

1905 5617 2164 5668 Patribus
2193 5617 2459 5668 admissas
2491 5617 2664 5667 fuisse
2692 5613 3054 5680 intelligebat,
3091 5625 3276 5678 neque
3311 5611 3383 5662 ab
3415 5611 3532 5663 Ec—

1905 5689 2072 5742 clesia
2096 5689 2429 5755 reprobatas.
