3958 6166
444 290 446 293 ,
555 243 684 290 139Ξὶ
728 247 729 250 “

2026 240 2080 290 S.
2122 234 2443 292 AMBROSII
2475 241 2478 243 ’

3719 249 3820 301 1396

549 361 702 430 quod
732 359 990 432 1083
1025 365 1253 432 peccato
1281 362 1542 415 videatur
1570 362 1918 416 humiliatus.
1946 364 2182 431 Propter
2204 372 2260 444 Α
2285 362 2406 424 tur,
2470 359 2623 429 quod
2690 357 2926 412 forsitan
2985 373 3099 412 non
3155 357 3247 423 sit,
3298 361 3359 410 ut
3413 359 3649 416 bonitatis
3690 367 3824 423 etiam

551 457 844 524 peccatum
885 454 1038 507 enim
1082 455 1426 509 teutationes
1468 471 1618 525 saape
1659 458 1986 509 nascuntur.
2019 455 2181 508 Deni-

553 562 662 616 que
694 546 872 600 Adam
919 552 977 601 et
1018 549 1130 602 Eva
1157 553 1284 618 post
1319 548 1545 618 culpam
1592 547 1782 619 utique
1815 547 2021 618 dejecti
2048 552 2180 600 sunt

553 639 731 706 (Gem,
775 657 854 707 Ill,
892 639 1003 710 24).
1043 643 1190 712 Ergo
1240 641 1575 696 humilitatis
1619 647 1825 695 nostrae
1851 657 2022 695 causa
2057 657 2181 711 pec-

550 736 741 786 catum
768 737 872 800 est,
906 733 995 787 vel
1021 733 1472 803 humiliationis;
1505 751 1619 789 non
1651 734 1806 789 enim
1853 735 1961 789 hoc
1998 733 2177 804 fugio.

551 826 737 880 Potest
761 826 915 881 enim
942 827 1012 881 de
1050 827 1303 882 adversis
1346 828 1685 898 plerumque
1723 827 1970 898 intelligi
1993 827 2182 882 humi-

552 920 702 987 litas,
753 928 815 975 ut
867 926 952 976 est
1001 922 1136 976 illud
1185 940 1198 976 :
1247 927 1457 979 Bonum
1501 925 1636 978 mihi
1686 925 1832 994 quod
1879 924 2186 979 humiliasti

554 1031 668 1078 me;
706 1019 768 1069 ut
810 1017 1013 1070 discam
1041 1017 1453 1086 justiﬁcationes
1502 1024 1622 1073 tuas
1673 1019 1831 1087 (vers.
1886 1019 1997 1089 71).
2054 1019 2120 1073 Et
2164 1035 2179 1072 :

553 1109 674 1164 Nisi
697 1109 783 1163 tea:
813 1113 909 1164 tua
937 1110 1214 1165 meditatio
1237 1125 1359 1166 mea
1399 1115 1555 1172 esset,
1587 1116 1711 1164 tunc
1738 1113 1976 1177 forsitan
2002 1115 2180 1182 peris-

553 1217 665 1257 sem
705 1204 762 1255 in
804 1203 1108 1258 humilitate
1151 1219 1269 1257 mea
1316 1202 1477 1273 (vers.
1526 1204 1634 1274 92).
1683 1204 1752 1257 Et
1793 1221 1806 1258 :
1857 1225 1886 1253 «
1917 1205 2212 1260 Humilia“

556 1299 646 1348 tus
689 1311 816 1349 sum
859 1296 1021 1350 valde
1049 1296 1213 1366 (Psat.
1258 1311 1397 1364 CXLI,
1446 1297 1518 1366 7).
1559 1318 1586 1346 ››
1627 1295 1725 1351 Hic
1767 1313 1902 1369 ergo
1939 1300 2185 1354 ostendit

557 1388 941 1444 humilitatem
983 1393 1169 1443 ortam
1217 1406 1337 1444 esse
1386 1389 1456 1442 de
1506 1390 1688 1461 culpa.
1735 1393 1802 1447 Et
1844 1392 1978 1463 quia
2017 1393 2185 1464 culpa

558 1480 862 1549 prmeessit,
913 1481 1044 1536 ideo
1097 1481 1460 1538 humiliatum
1502 1500 1559 1538 se
1612 1485 1877 1552 ostendit,
1925 1485 2030 1540 hoc
2079 1491 2182 1553 est,

556 1572 813 1628 attritum
880 1575 1289 1630 tentationibus
1354 1582 1413 1631 et
1470 1577 1745 1644 adversis,
1807 1581 1867 1632 et
1911 1579 2185 1634 traditum

558 1666 966 1733 anxietatibus;
1015 1670 1498 1739 quemadmodum
1545 1673 1603 1724 et
1655 1671 1752 1725 ille
1807 1672 1903 1742 qui
1950 1672 2185 1726 traditus

2282 452 2401 522 ipse
2459 451 2864 522 praedicatione
2921 450 3179 518 mitescit,
3233 453 3598 524 terroremque
3640 457 3830 515 immitis

2283 543 2518 615 deponit
2565 543 2832 613 aﬂ‘ectus,
2881 551 3096 615 quanto
3138 543 3320 615 magis
3365 546 3467 600 Deo
3506 546 3618 601 laus
3654 566 3738 605 sua
3770 558 3836 607 est

2281 637 2608 704 deferenda,
2661 637 2757 709 qui
2823 638 2929 692 nisi
2997 639 3177 693 bonus
3241 639 3401 704 esset,
3455 655 3610 710 super
3663 647 3830 700 terram

2281 733 2432 784 stare
2489 730 2614 802 quis
2670 733 2896 800 posset?
2947 732 3252 803 Proprium
3306 735 3492 794 auem
3536 733 3624 786 Dei
3671 742 3744 790 est
3789 744 3838 793 ut

2281 824 2464 878 bonus
2503 824 2592 878 sit.
2629 825 2882 896 Denique
2921 825 2979 879 in
3010 823 3316 895 Evangelia
3343 824 3532 892 habes,
3557 826 3678 897 quia
3697 830 3840 884 Arbor
3932 849 3933 863 π

2285 920 2424 974 bona
2463 921 2678 986 fructus
2725 920 2886 974 bonos
2927 920 3066 986 facit
3108 919 3351 987 (Matth.,
3382 935 3473 984 vn,
3519 920 3618 990 l7).
3652 921 3844 978 Fructus

2283 1012 2407 1082 ejus
2447 1011 2642 1083 angeli
2677 1015 2838 1079 sunt;
2880 1013 3098 1066 fructus
3138 1013 3258 1082 ejus
3297 1012 3551 1067 homines
3592 1017 3725 1084 sunt,
3758 1015 3844 1071 hoc

2283 1109 2388 1174 est,
2433 1105 2820 1172 rationabiles,
2863 1104 3059 1173 sancti,
3101 1105 3150 1159 si
3189 1104 3413 1161 Domini
3451 1111 3714 1176 praecepta
3748 1125 3845 1162 cus-

2282 1199 2544 1264 todiunt;
2577 1199 2793 1253 fructus
2819 1199 2940 1270 ejus
2987 1202 3121 1254 sunt
3156 1199 3194 1252 ii
3233 1197 3333 1269 qui
3373 1203 3663 1252 nascuntur
3686 1200 3736 1253 in
3757 1205 3846 1256 ter-

2284 1292 2391 1361 ris;
2431 1292 2646 1347 fructus
2683 1292 2805 1363 ejus
2841 1295 2973 1347 sunt
3012 1293 3249 1347 virtutes
3283 1291 3600 1346 hominum.
3641 1292 3850 1366 1084

2283 1383 2478 1440 Merito
2519 1401 2654 1456 ergo
2691 1387 2865 1441 arbor
2906 1386 3053 1441 bona
3091 1385 3271 1440 bonos
3311 1386 3524 1441 fructus
3557 1386 3696 1440 facit.
3730 1388 3853 1441 Prius

2285 1478 2460 1547 igitur
2510 1479 2671 1534 radix
2711 1479 3004 1547 laudetur,
3057 1481 3121 1532 ut
3161 1479 3379 1533 fructus
3430 1479 3601 1550 possit
3647 1480 3852 1550 probari.

2285 1571 2390 1626 Sed
2429 1577 2485 1625 et
2525 1572 2663 1626 alibi
2707 1572 2790 1626 ait
2827 1573 2987 1628 idem
3031 1573 3308 1628 Dominus
3346 1573 3506 1626 Jesus
3540 1589 3553 1627 :
3587 1575 3700 1628 «Et
3729 1575 3856 1628 Pater

2284 1669 2487 1730 vester,
2519 1665 2616 1736 qui
2656 1665 2842 1720 bonus
2883 1670 2986 1734 est,
3024 1665 3184 1720 dabit
3223 1665 3376 1720 bona
3415 1666 3549 1721 data
3584 1665 3856 1737 petentibus

558 1763 644 1814 est
667 1776 700 1812 a
731 1761 904 1814 Paulo
940 1761 997 1814 in
1033 1737 1332 1817 int‘eritum
1367 1765 1556 1818 carnis
1589 1765 1627 1834 (l
1656 1765 1800 1834 Cor.,
1823 1737 1884 1833 ιι,
1915 1769 1962 1836 5)
1995 1767 2181 1820 humi-
2206 1737 2262 1808 B
2285 1773 2344 1811 33
2370 1757 2553 1828 (Ῑδίάοι
2591 1759 2693 1828 Η)·
2719 1780 2746 1808 ”

558 1852 724 1906 liatus
752 1854 947 1925 utique
977 1859 1061 1909 est
1077 1873 1094 1923 ;
1125 1861 1188 1910 ut
1212 1861 1415 1927 postea
1443 1860 1630 1928 posset
1661 1860 2184 1915 reconciliationem

559 1946 790 2000 mereri.

632 2040 719 2093 14.
764 2039 873 2094 Sed
927 2042 1186 2111 quamvis
1232 2042 1522 2098 humilitas
1564 2044 1688 2114 ista,
1729 2045 1839 2100 hoc
1882 2049 1986 2112 est,
2038 2047 2189 2102 velut

558 2132 826 2201 quaedam
873 2134 1135 2203 dejectio,
1164 2136 1632 2207 perturbationis,
1681 2155 1794 2192 non
1834 2139 2058 2194 virtutis
2086 2141 2183 2205 sit;

559 2223 826 2278 virtutem
849 2229 1042 2280 tamen
1073 2244 1220 2298 saepe
1250 2234 1516 2299 generat;
1547 2233 1606 2283 et
1630 2231 1692 2284 fit
1727 2248 1838 2285 non
1867 2249 2054 2302 pcena,
2089 2233 2187 2287 sed

559 2316 874 2372 remedium
918 2319 1320 2391 delinquentis.
1369 2323 1509 2376 Nam
1549 2324 1593 2377 si
1641 2326 1885 2394 peccatis
1934 2326 2046 2380 tuis
2091 2326 2187 2380 tri-

557 2409 694 2463 buas
723 2411 877 2481 quod
912 2412 1244 2468 humiliatus
1282 2431 1361 2481 es,
1398 2417 1672 2488 quidquid
1710 2419 2001 2487 acciderit,
2041 2419 2099 2474 in
2131 2426 2186 2474 te

557 2508 874 2574 retorques,
925 2509 982 2559 et
1021 2523 1090 2560 ex
1128 2524 1229 2562 reo
1275 2508 1516 2580 incipies
1563 2525 1682 2565 esse
1723 2511 1930 2581 justus,
1978 2514 2072 2584 qui
2133 2517 2186 2567 te

559 2596 681 2665 ipse
727 2597 1092 2653 condemnas.
1142 2619 1168 2651 ι(
1216 2602 1403 2655 Justus
1447 2605 1587 2657 enim
1633 2611 1925 2660 accusator
1973 2611 2056 2660 est
2100 2607 2185 2661 sui

557 2688 617 2741 in
659 2690 890 2744 exordio
929 2693 1208 2747 sermonis
1249 2696 1451 2764 (Prov.,
1496 2713 1644 2764 xvm,
1678 2698 1781 2768 17).
1819 2721 1844 2746 n
1881 2699 1986 2753 Nec
2026 2704 2185 2770 potes

555 2781 856 2851 indignum
884 2789 938 2838 te
958 2785 1217 2854 judicare
1241 2788 1586 2856 humilitate,
1609 2790 1706 2861 qui
1737 2792 1970 2862 propria
1998 2795 2186 2847 errata

555 2876 860 2946 cognoscis,
895 2877 953 2931 in
980 2879 1186 2949 quibus
1211 2883 1604 2937 erubescendo
1632 2899 1743 2937 non
1774 2884 1970 2955 utique
2001 2887 2184 2940 extol-

553 2968 706 3035 leris,
744 2969 846 3023 sed
881 2970 1220 3026 humiliaris.
1266 2975 1431 3030 Vides
1474 2992 1613 3046 ergo
1650 2977 1779 3046 quia
1821 2976 1952 3031 ideo
1990 2979 2183 3033 humi-

554 3061 724 3116 liatus
759 3078 840 3127 es,
886 3063 1023 3132 quia
1068 3065 1374 3136 deliquisti,
1423 3072 1480 3121 ct
1527 3083 1639 3122 non
1687 3069 1918 3124 servasti
1963 3071 2259 3177 eloquiaC

560 3153 650 3177 nn:
708 3155 862 3177 lY-J-
909 3172 1059 3177 _-._-__
1113 3157 1230 3177 ,ἸΞΙΡΔ
1261 3176 1268 3177 ,
1331 3160 1364 3177 ι·
1979 3165 2008 3177 ι.

557 3153 676 3208 Dei.
708 3155 865 3208 Unde
907 3172 1068 3210 serva
1106 3157 1458 3230 diligentius,
1499 3178 1567 3216 ne
1609 3178 1834 3232 pecces;
1878 3180 1948 3217 ne
1974 3165 2184 3221 iterum

558 3246 692 3317 quia
742 3247 993 3318 deiectus
1030 3266 1110 3317 es,
1152 3251 1375 3306 tristitia
1418 3254 1791 3325 absorbearis,
1843 3260 1902 3310 et
1948 3258 2046 3311 fiat
2084 3259 2183 3313 tibi

557 3339 798 3408 dejectio
842 3342 941 3395 tua
987 3342 1409 3400 incrementum
1451 3347 1790 3419 iniquitatis,
1837 3367 1964 3420 qum
2018 3351 2188 3407 debet

559 3432 926 3488 correctionis
965 3453 1086 3490 esse
1126 3439 1359 3492 occasio.
1407 3441 1631 3495 Etenim
1675 3441 1732 3495 in
1776 3444 2185 3499 'tentationibus

557 3525 752 3594 homo,
810 3527 954 3582 sicut
1007 3546 1210 3586 aurum
1261 3531 1320 3585 in
1373 3534 1704 3589 conflatorio
1755 3539 2181 3608 comprobatur.

559 3617 722 3673 Vides
755 3621 1034 3691 Propheta
1071 3623 1209 3698 quid
1244 3625 1391 3680 dicat
1422 3642 1433 3680 :
1477 3630 1806 3698 Priusquam
1844 3614 2179 3696 humiliurer,

557 3711 762 3783 inquit,
806 3729 898 3784 ego
939 3717 1162 3787 deliqui.
1205 3719 1336 3774 Jure
1382 3737 1517 3790 ergo
1561 3723 1968 3778 tentalionibus
2006 3725 2182 3778 tradi-

558 3810 646 3859 tus
671 3811 775 3874 est,
815 3809 1087 3879 quoniam
1126 3811 1514 3885 delinquebat.
1556 3816 1924 3886 Delinquebat
1966 3821 2182 3888 autem,

556 3901 691 3970 quia
721 3901 818 3955 Dei
861 3903 1152 3974 eloquium
1189 3922 1300 3959 non
1339 3907 1584 3962 tenebat.
1625 3909 1831 3962 Verum
1870 3909 2001 3965 inde
2039 3912 2187 3965 ordi-

557 4009 690 4048 nem
737 3997 1156 4052 emendationis
1201 4000 1435 4068 invenit,
1486 4001 1635 4056 unde
1688 4003 1852 4074 culpa
1894 4020 2182 4074 processe-

559 4091 667 4140 rat.
705 4087 886 4157 Ccepit
926 4106 1045 4144 esse
1093 4091 1382 4162 subjectus
1421 4094 1646 4165 eloquio
1684 4095 1897 4164 divino,
1930 4100 1988 4152 et
2021 4099 2187 4170 culpa

557 4177 782 4234 desivit.

634 4275 719 4326 15.
761 4271 941 4342 (Vers.
987 4279 1096 4347 68.)
1139 4277 1402 4349 Sequitur
1442 4296 1636 4334 versus
1681 4287 1917 4352 quartus
1958 4305 1967 4335 :
2011 4285 2186 4339 Bonus

562 4381 639 4428 es,
694 4360 946 4430 Domine,
994 4376 1043 4424 et
1092 4373 1152 4424 in
1206 4373 1448 4427 bonitate
1503 4380 1596 4427 tua
1643 4375 1768 4429 doce
1816 4392 1896 4431 me
1933 4378 2188 4446 justitias

2361 1857 2445 1908 16.
2493 1852 2601 1906 Sed
2645 1850 2902 1922 quamvis
2954 1851 3139 1907 bonus
3195 1852 3344 1906 Deus
3389 1851 3481 1919 sit,
3526 1852 3680 1922 cujus
3723 1852 3857 1906 etiam

2289 1963 2485 2001 amara
2523 1946 2652 2017 plus
2693 1947 2932 2016 prosunt
2961 1946 3093 2013 (non
3134 1945 3290 2000 enim
3335 1945 3676 2012 inferuntur,
3705 1947 3761 1999 ut
3788 1962 3864 1999 no-

2287 2045 2482 2106 ceant,
2542 2038 2640 2094 sed
2693 2042 2756 2092 ut
2804 2039 3131 2109 corrigant),
3178 2044 3416 2111 rogatur
3467 2043 3675 2106 tamen,
3726 2042 3776 2090 ut
3821 2038 3866 2090 in

2285 2133 2544 2188 bonitate
2593 2148 2692 2185 sua
2735 2132 2934 2186 doceat
2979 2147 3083 2186 nos
3115 2132 3375 2201 justitias
3417 2149 3571 2187 suas.
3617 2130 3871 2186 Considera

2290 2227 2570 2282 medicum
2603 2224 2763 2279 utilia
2789 2229 3180 2296 apponentem
3211 2225 3634 2280 medicamenta
3661 2222 3870 2278 vulneri-

2286 2320 2420 2389 bus,
2469 2335 2536 2373 ea
2579 2321 2770 2372 tamen
2814 2333 2942 2389 quae
2986 2318 3286 2373 mordeant
3332 2319 3545 2373 ulceris
3591 2318 3758 2383 virus,
3802 2323 3876 2371 aut

2287 2419 2436 2467 certe
2460 2413 2616 2467 ferro
2644 2412 2956 2483 putrefacta
2997 2417 3355 2466 resecantem
3373 2429 3390 2481 ;
3423 2428 3554 2466 cum
3593 2413 3648 2465 in
3689 2427 3748 2466 eo
3781 2410 3874 2481 ipso

2285 2507 2470 2561 bonus
2494 2506 2568 2560 sit
2592 2505 2872 2573 medicus,
2898 2503 3032 2575 quia
3055 2504 3369 2560 utilitatem
3401 2508 3670 2577 operatur
3695 2504 3880 2575 aagroti,

2287 2604 2342 2654 et
2369 2599 2537 2654 faciat
2575 2599 2726 2670 quod
2762 2597 3037 2669 prodesse
3077 2597 3326 2666 noverit;
3360 2603 3555 2653 tamen
3597 2597 3725 2670 quia
3757 2612 3881 2666 aeger

2287 2693 2543 2747 dolorem
2591 2697 2688 2746 aut
2733 2709 2847 2745 non
2891 2691 3032 2757 vult,
3083 2695 3183 2745 aut
3225 2709 3347 2747 non
3400 2697 3596 2764 potest
3643 2689 3882 2746 sustinere

2287 2789 2520 2856 propter
2559 2785 2953 2840 inﬁrmitatem
2987 2784 3222 2839 affectus
3261 2786 3372 2854 sui,
3419 2791 3587 2857 rogat
3631 2790 3693 2839 ut
3733 2782 3878 2837 medi-

2287 2895 2385 2933 cus
2424 2895 2557 2934 eum
2606 2879 2856 2950 quadam
2890 2878 3145 2933 bonitate
3190 2883 3245 2933 et
3281 2879 3565 2934 suavitate
3606 2895 3705 2932 sua
3743 2879 3890 2936 curet,

2287 2989 2401 3026 non
2456 2974 2820 3044 asperitatem
2867 2972 3134 3027 adhibeat
3176 2973 3758 3039 medicamentorum,
3798 2984 3889 3023 non

2287 3065 2439 3121 ferro
2487 3066 2700 3121 incidat
2744 3066 3046 3120 vulnerum
3097 3066 3302 3134 fibras;
3355 3072 3460 3121 aut
3506 3067 3554 3121 si
3605 3065 3762 3120 aliter
3800 3078 3892 3117 non

2286 3164 2490 3234 potest,
2525 3163 2586 3214 ut
2611 3175 2741 3214 cum
2773 3159 3170 3214 moderatione
3196 3159 3395 3227 faciat,
3427 3163 3488 3214 et
3515 3159 3760 3231 quadam
3784 3155 3891 3209 sub-

2285 3255 2487 3309 tilitate
2531 3253 2758 3324 mitiget
2798 3252 2913 3307 vim
2962 3253 3193 3307 doloris.
3241 3254 3313 3308 Et
3357 3253 3494 3308 ideo
3540 3253 3598 3308 in
3638 3246 3895 3320 Evangelii

2284 3347 2535 3402 bonitate
2574 3345 2780 3400 melius
2815 3345 3091 3400 docentur
3118 3347 3574 3417 justiﬁcationes
3617 3345 3715 3401 Dei
3755 3356 3894 3414 quam

2287 3441 2345 3495 in
2373 3440 2513 3510 legis
2554 3439 2868 3494 severitate.
2898 3439 3050 3510 Opus
3095 3444 3289 3494 autem
3327 3440 3578 3511 justitise
3613 3433 3894 3511 justiticatio

2287 3537 2390 3589 est.
2420 3533 2578 3588 Unde
2604 3533 2878 3603 scriptum
2917 3537 3002 3587 est
3035 3533 3170 3604 quia
3207 3533 3497 3588 Pharisaei
3535 3550 3596 3587 se
3624 3530 3897 3603 justiticare

2287 3628 2596 3682 noluerunt
2659 3628 2763 3696 (3),
2825 3643 2941 3681 non
3001 3627 3271 3698 baptizati
3339 3627 3645 3698 baptismo
3707 3618 3903 3680 Joannis

2286 3720 2457 3791 (Luc.,
2514 3737 2605 3788 vn,
2650 3721 2758 3791 30).
2812 3722 2875 3775 In
2931 3736 3000 3774 eo
3053 3720 3204 3774 enim
3263 3720 3758 3791 justiﬁcationem
3813 3732 3905 3770 non

2285 3813 2560 3881 fecerunt,
2603 3812 2738 3884 quia
2781 3813 3086 3867 noluerunt
3120 3829 3292 3883 agere
3329 3814 3742 3884 paenitentiam
3776 3810 3910 3866 delic-

2285 3910 2506 3973 torum,
2561 3923 2732 3978 quam
2779 3907 3061 3977 PrOpheta
3111 3907 3168 3959 in
3224 3906 3508 3962 bonitate
3567 3909 3687 3962 vult
3739 3918 3910 3976 agere;

2286 4003 2349 4054 ut
2373 3999 2424 4054 ei
2454 4001 2553 4054 fiat
2581 4005 2942 4071 peccatorum
2973 3999 3231 4054 remissio
3265 4001 3402 4055 sine
3444 4001 3752 4057 atrocitate
3779 3999 3912 4053 dam-

2285 4093 2552 4160 nationis,
2577 4109 2707 4148 cum
2735 4093 3079 4148 remissionis
3105 4094 3314 4163 gratia.

2358 4191 2442 4241 17.
2490 4187 2660 4256 (Vers.
2701 4187 2812 4256 69.)
2859 4187 3126 4258 Sequitur
3168 4205 3182 4240 :
3223 4189 3628 4260 Multiplicata
3669 4191 3743 4244 est
3783 4198 3918 4254 super

2285 4295 2366 4334 me
2404 4282 2669 4350 iniquitas
2710 4283 3093 4351 superborum;
3135 4299 3228 4353 ego
3276 4289 3478 4339 autem
3527 4287 3594 4338 in
3640 4287 3745 4338 toto
3791 4277 3922 4333 corde?

2285 4388 2396 4427 meo
2446 4375 2727 4429 scrutabor
2777 4376 3044 4430 mandata
3100 4381 3211 4431 tua.
3271 4379 3521 4440 Quanto
3583 4375 3772 4448 magis
3815 4369 3922 4443 quis

564 4463 706 4513 tuas.
758 4459 944 4515 Etiam
992 4479 1126 4518 usus
1169 4463 1479 4535 disciplinas
1516 4467 1799 4520 saecularis
1841 4469 2076 4540 accepit,
2125 4469 2261 4539 utD
2287 4467 2394 4521 Deo
2449 4467 2658 4521 servire
2705 4467 3002 4538 desiderat,
3053 4472 3208 4525 tanto
3253 4472 3463 4541 magis
3518 4472 3582 4525 in
3642 4486 3703 4524 se
3751 4465 3926 4522 excitat

564 4553 948 4624 unusquisque
972 4555 1223 4625 judicem
1252 4575 1418 4612 suum
1446 4559 1656 4614 laudet.
1688 4561 1848 4616 Unde
1882 4564 2183 4632 Apostolus

561 4658 804 4714 sequens
856 4647 1176 4704 divinarum
1233 4651 1494 4708 ordinem
1561 4653 1994 4725 Scripturarum,
2055 4673 2182 4712 cum

561 4737 776 4793 diceret
813 4757 1065 4810 causam,
1106 4744 1184 4798 ita
1227 4746 1394 4816 coepit
1430 4764 1443 4801 :
1494 4749 1624 4802 «De
1664 4739 1930 4804 omnibus
1977 4751 2183 4822 quibus

564 4847 815 4900 accusor,
848 4851 948 4890 rex
974 4836 1244 4909 Agrippa,
1273 4856 1306 4894 a
1341 4841 1566 4909 Iudaeis,
1607 4842 1675 4896 de
1714 4842 1802 4896 his
1837 4844 2055 4899 aestimo
2092 4861 2182 4901 me

559 4923 803 4993 felicem,
831 4928 985 4999 apud
1017 4932 1073 4984 te
1111 4930 1387 5002 incipiens
1416 4934 1697 4990 rationem
1739 4935 1981 4991 reddere
2008 4937 2178 5008 (Act.,

561 5035 706 5088 xxvr,
749 5022 824 5088 2).
863 5042 890 5070 »
936 5023 1004 5076 Et
1038 5023 1186 5078 infra
1226 5041 1238 5078 :
1284 5047 1312 5075 ‹‹
1339 5027 1554 5093 Credis,
1597 5044 1692 5082 rex
1731 5028 2000 5100 Agrippa,
2047 5046 2180 5100 pro-

561 5113 788 5184 phetis?
840 5114 963 5170 Scio
1015 5117 1147 5187 quia
1197 5118 1378 5174 credis
1441 5121 1629 5185 (Ibid.,
1684 5123 1794 5189 27).
1849 5143 1878 5171 »
1934 5124 2080 5194 Ergo
2137 5125 2183 5179 si

564 5207 872 5263 laudantur
923 5208 1204 5282 homines,
1253 5212 1310 5266 in
1360 5213 1564 5283 quibus
1611 5214 1951 5285 plerumque
2000 5217 2184 5271 aliena

563 5303 892 5372 laudantur,
948 5308 1163 5377 quanto
1226 5305 1406 5376 magis
1468 5308 1852 5379 unusquisque
1914 5309 2014 5362 Dei
2078 5311 2184 5366 sibi

565 5397 804 5465 gratiam
846 5399 1148 5454 conciliare
1191 5399 1378 5464 debet,
1423 5403 1481 5453 ut
1517 5400 1710 5456 dicat:
1751 5403 1928 5457 Bonus
1969 5417 2040 5464 es,
2081 5407 2180 5458 Do-

563 5491 722 5545 mine.
750 5491 892 5545 Nam
931 5491 978 5544 si
1005 5492 1111 5546 hoc
1150 5491 1301 5547 dicat
1338 5491 1585 5560 homini,
1618 5496 1685 5547 ut
1718 5510 1839 5548 esse
1874 5494 2181 5551 admonea-

625 5619 690 5681 (3)
919 5626 1024 5670 vet.
1071 5635 1083 5668 :
1124 5625 1255 5687 quia
1295 5625 1549 5676 Pharisaei
1595 5639 1648 5675 se
1665 5626 1966 5691 justi/icore
1999 5627 2185 5678 volue-

562 5694 705 5738 runt.
748 5689 946 5739 Melius
981 5691 1136 5741 Rom.
1177 5707 1304 5743 cum
1341 5707 1536 5756 mss...,
1572 5689 1879 5757 noluerunt,
1920 5701 1983 5747 ut
2023 5696 2186 5749 docet

561 5759 618 5808 id
647 5759 796 5824 quod
821 5764 945 5823 post
969 5761 1201 5812 alterum
1229 5776 1450 5818 versum
1488 5766 1692 5820 dicitur
1723 5784 1733 5817 :
1766 5769 1860 5835 qui
1897 5767 2183 5822 noluerunt

2282 4560 2662 4631 adversarios;
2717 4568 2773 4616 et
2825 4566 3097 4634 tanquam
3160 4563 3394 4618 athleta
3450 4565 3629 4621 fortis
3680 4571 3926 4618 coronam

2275 4653 2512 4725 justitias
2562 4660 2852 4725 reportare
2903 4656 3248 4722 desiderans,
3301 4658 3512 4713 irritat
3563 4659 3623 4712 iu
3677 4674 3735 4711 se
3774 4653 3927 4725 pluri-

2281 4767 2406 4806 mos
2468 4756 2524 4804 et
2575 4750 2830 4817 lacessit,
2883 4750 2980 4820 qui
3032 4751 3289 4804 invident
3364 4758 3580 4807 nostro
3647 4744 3930 4824 profectui.

2285 4844 2448 4909 Quod
2493 4843 2665 4898 etiam
2718 4843 2777 4896 in
2829 4843 3236 4922 posterioribus
3295 4845 3628 4900 evidenter
3687 4841 3934 4900 ostendit.

2286 4960 2314 4988 «
2352 4939 2493 4994 Cum
2541 4936 2671 4991 odio
2725 4936 3060 4990 habentibus
3104 4953 3313 5007 pacem
3371 4938 3475 5011 (4),
3525 4955 3716 5006 eram,
3755 4935 3934 5007 inquit,

2282 5030 2544 5103 paciﬁcus
2584 5030 2750 5099 (Psal.
2791 5045 2928 5095 ωαχ,
2979 5034 3052 5097 7).
3093 5051 3121 5079 ››
3159 5029 3316 5083 Nihil
3365 5035 3583 5087 tamen
3627 5029 3934 5103 tranquilli-

2286 5128 2370 5178 tas
2419 5125 2539 5194 ejus
2597 5123 2954 5194 proﬁciebat;
3006 5126 3071 5176 ut
3116 5139 3208 5177 eos
3236 5106 3374 5194 lqui
3427 5142 3652 5196 pacem
3700 5124 3933 5180 oderant

2284 5234 2388 5271 sua
2445 5217 2857 5287 tranquillitate
2913 5222 3329 5287 componeret,
3387 5225 3455 5274 et
3516 5237 3730 5275 eorum
3783 5215 3934 5272 studit

2285 5309 2705 5380 comprimeret.
2762 5312 2956 5366 «Cum
3001 5310 3274 5381 loquebar
3325 5310 3476 5378 illis,
3525 5311 3933 5384 impugnabau

2284 5419 2376 5458 me
2421 5403 2594 5473 gratis
2640 5403 2852 5474 (lbid.);
2896 5426 2922 5452 ››
2968 5403 3074 5457 hoc
3111 5406 3214 5469 est,
3265 5420 3420 5460 cum
3475 5424 3688 5461 causas
3732 5407 3928 5475 impug

2285 5495 2454 5551 nandi
2507 5513 2621 5550 non
2662 5496 2956 5563 haberent,
3001 5499 3192 5551 tamen
3230 5495 3661 5570 impugnandi
3711 5497 3934 5554 studiun

2285 5640 2444 5691 agere
2468 5628 2850 5690 pcenitentiam.

2348 5699 2415 5759 (4)
2441 5699 2568 5748 Mss.
2600 5701 2897 5762 septem...,
2928 5698 3150 5749 ostendit
3170 5697 3362 5750 dicens
3396 5714 3410 5748 :
3450 5701 3594 5751 Cum
3623 5699 3825 5751 odiosis
3858 5708 3934 5745 non

2285 5769 2597 5822 habentibus
2617 5783 2820 5836 pacem,
2851 5773 2958 5822 etc.
