4082 6186
257 197 384 248 I397

1395 194 1750 250 EXPOSITIO
1789 194 1856 250 IN
1897 195 2210 252 PSALMUM
2251 193 2478 249 CXVIII.

3483 195 3616 250 1398

253 331 360 369 non
412 313 764 387 deponebat.
812 317 895 370 lta
930 331 1068 388 ergo
1116 315 1568 388 multiplicantur
1609 318 1726 372 sive
1778 335 1882 374 ne-
1909 329 1966 403 Α
1978 318 2163 388 justus
2187 322 2379 374 autem
2410 316 2762 383 humiliatur,
2789 318 2928 388 legis
2949 323 3234 390 praecepta
3263 320 3610 386 meditando,

250 408 444 480 quitim
508 407 815 479 spiritales,
871 407 985 464 sive
1035 409 1319 477 homines,
1371 413 1428 466 et
1471 410 1888 482 multiplicatur

249 501 522 573 iniquitas
569 517 772 556 eorum
822 517 993 572 super
1038 502 1279 573 justum.
1334 503 1498 559 Verbi
1561 504 1778 575 gratia,
1837 505 1884 559 si

249 596 428 652 ﬁlium
487 595 684 666 justus
741 594 997 663 amittat,
1064 597 1218 668 quod
1296 596 1482 652 saeculi
1555 613 1658 656 usu
1734 613 1885 670 saepe

245 688 570 760 contingit;
632 687 678 742 si
729 687 960 744 amittat
1006 688 1443 760 patrimonium,
1507 691 1597 745 vel
1653 690 1885 746 diversis

243 783 540 839 afficiatur
591 781 974 837 incommodis
1017 797 1236 850 rerum,
1284 783 1372 838 vel
1414 783 1668 855 corporis
1721 784 1882 839 inﬁr-

242 875 572 944 mitatibus,
617 881 754 930 tunc
807 874 1004 930 dicunt
1043 874 1274 946 superbi
1320 892 1334 930 :
1390 875 1494 931 Ubi
1534 883 1620 932 est
1663 876 1885 948 justitia

242 969 413 1040 ejus?
457 968 567 1024 Ubi
610 967 1038 1023 misericordia?
1085 969 1228 1022 Ecce
1278 969 1410 1040 quia
1454 970 1534 1024 sic
1577 969 1884 1025 mulctatus

239 1068 357 1132 est;
412 1078 547 1118 ecce
599 1061 737 1133 quia
796 1061 851 1116 ei
904 1061 1233 1117 innocentia
1283 1077 1386 1117 sua
1438 1061 1584 1118 nihil
1632 1063 1880 1134 prodest.

241 1156 502 1228 Ideoque
551 1153 623 1208 ad
675 1153 808 1209 vitae
856 1153 1028 1226 huius
1079 1154 1366 1226 specimen
1430 1156 1879 1226 extrahendum,

238 1255 355 1304 tres
422 1248 506 1304 illi
561 1251 754 1303 sancto
808 1247 911 1302 Job
964 1247 1153 1320 specie
1212 1248 1415 1318 amici,
1471 1249 1881 1305 obtrectatione

239 1347 447 1397 autem
495 1339 732 1409 inimici,
775 1340 1074 1412 probitatis
1116 1344 1288 1412 atque
1335 1341 1571 1412 justitiaa
1625 1342 1748 1413 ejus
1791 1343 1880 1397 in-

240 1435 382 1504 vidi,
425 1433 837 1506 exprobrantes
881 1434 1080 1505 gravia
1119 1435 1428 1506 opprobria
1470 1435 1880 1507 congerebant,

240 1535 294 1583 et
335 1528 441 1600 qui
474 1532 753 1583 venerant
791 1527 864 1582 ad
907 1527 1331 1595 consolandum,
1379 1528 1652 1584 insultare
1691 1545 1879 1600 coepe-

241 1627 399 1676 runt.

1987 411 2086 484 qui
2111 411 2288 467 habet
2316 410 2656 467 humilitatis
2687 409 3106 482 magisterium.

2056 507 2144 559 20.
2191 505 2369 575 (Vers.
2419 503 2532 576 71.)
2580 504 2827 576 Ideoque
2884 503 3134 560 subdidit
3178 522 3191 558 :
3240 508 3441 561 Bonum
3483 508 3615 562 mihi

1985 598 2130 668 quod
2167 598 2468 653 humiliasti
2514 613 2616 661 me,
2648 603 2709 653 ut
2753 598 2959 653 discam
3007 599 3426 668 justiﬁcationes
3473 605 3612 654 tuas.

1986 691 2097 745 Hoc
2125 695 2352 746 secutus
2385 691 2687 762 Apostolus
2721 709 2733 744 :
2766 711 2791 740 α
2822 692 3018 747 Placeo
3046 691 3209 759 mihi,
3241 694 3338 756 ait,
3368 691 3428 746 in
3454 691 3613 746 inﬁr-

1984 783 2296 854 mitatibus,
2335 783 2394 839 in
2439 783 2683 856 injuriis,
2727 783 2785 839 in
2827 785 3278 854 necessitatibus,
3315 785 3376 841 in
3423 800 3615 856 perse-

1983 877 2327 947 cutionibus,
2371 878 2431 933 in
2477 878 2756 949 angustiis
2812 880 2851 948 (l
2897 879 3042 941 Cor.,
3090 895 3186 945 xu,
3236 877 3349 950 l0).
3393 899 3420 928 ››
3475 880 3618 934 Cum

1985 969 2140 1024 enim
2177 971 2492 1042 complacet
2525 971 2585 1025 in
2626 970 3074 1040 inﬁrmitatibus,
3110 975 3167 1026 et
3194 987 3308 1026 non
3335 970 3618 1042 frangitur

1982 1063 2201 1132 animo,
2247 1080 2353 1119 nec
2415 1064 2566 1119 cedit
2620 1063 2874 1136 injuriae,
2928 1065 3143 1119 discere
3189 1063 3618 1133 justiﬁcationes

1982 1157 2083 1212 Dei
2148 1159 2206 1211 et
2255 1158 2466 1213 meruit
2509 1161 2567 1213 et
2622 1157 2898 1229 implevit.
2952 1159 3100 1229 Ergo
3159 1157 3271 1225 hic,
3315 1158 3621 1214 humiliasti

1981 1265 2094 1313 me,
2139 1249 2246 1304 hoc
2319 1253 2432 1317 est,
2489 1249 2725 1304 diversis
2791 1249 3202 1305 tentationibus
3267 1252 3326 1305 et
3396 1249 3614 1306 incom-

1983 1341 2169 1397 modis
2226 1343 2555 1398 exercuisti.
2612 1343 2774 1408 Quod
2836 1343 3059 1415 aperuit
3124 1348 3180 1397 et
3239 1344 3618 1414 Symmachus

1981 1435 2230 1492 scribens
2278 1453 2292 1491 :
2333 1439 2554 1504 Profuit
2591 1437 2726 1492 mihi
2768 1437 2916 1507 quod
2947 1438 3185 1506 afﬂictus
3222 1453 3361 1504 sum,
3399 1442 3460 1493 ut
3502 1438 3615 1492 dis-

1981 1530 2407 1599 ceremjustitias
2438 1537 2578 1586 tuas.
2609 1532 2756 1601 Ergo
2784 1530 2882 1602 qui
2931 1530 3285 1597 humiliatur,
3321 1546 3437 1585 non
3472 1530 3613 1600 deji-

1985 1621 2096 1676 ciat
2141 1622 2422 1692 animum,
2467 1639 2652 1695 neque
2704 1623 2967 1694 frangat;
3017 1622 3115 1678 sed
3167 1621 3352 1694 magis
3419 1623 3612 1678 humi-

317 1717 404 1771 18.
433 1713 548 1770 Sed
568 1713 755 1786 justus
779 1714 870 1769 his
903 1730 1018 1770 non
1050 1718 1336 1782 movetur,
1369 1714 1617 1786 ideoque
1647 1731 1752 1770 nec
1783 1717 1887 1771 Job
1907 1696 1963 1768 B
1986 1714 2178 1770 liando
2213 1715 2495 1787 proficiat,
2541 1719 2604 1770 ut
2645 1715 2954 1788 superbum
2993 1714 3314 1770 humilitate
3353 1729 3457 1768 sua
3504 1714 3612 1770 mi-

245 1808 644 1879 frangebatur.
673 1808 932 1880 Denique
974 1809 1034 1863 in
1073 1807 1477 1863 amissionibus
1509 1808 1762 1868 filiorum
1799 1810 1887 1864 vel

244 1901 579 1973 patrimonii
638 1901 862 1957 dicebat
916 1918 930 1956 :
994 1922 1021 1952 α
1067 1901 1336 1957 Dominus
1388 1901 1574 1968 dedit,
1614 1902 1886 1958 Dominus

240 1995 546 2050 abstulit...
589 1994 665 2049 sit
718 2011 934 2050 nomen
976 1995 1205 2050 Domini
1248 1993 1613 2050 benedictum
1665 1997 1808 2064 (Job,
1846 2013 1884 2064 1,

241 2092 348 2156 21).
377 2109 406 2139 ι
451 2091 612 2160 Ergo
641 2092 700 2143 et
727 2089 786 2142 in
822 2087 1070 2144 adversis
1099 2087 1266 2158 positi
1301 2087 1559 2143 dicamus
1601 2105 1615 2142 :
1660 2091 1884 2144 Bonita-

240 2187 335 2238 ιω
356 2183 555 2249 fecisti
585 2179 844 2253 1085
894 2195 1016 2236 cum
1037 2195 1191 2236 servo
1222 2187 1314 2236 tuo
1355 2182 1574 2251 (Supra,
1607 2196 1746 2236 vers.
1774 2182 1882 2252 65).

238 2277 420 2331 Potest
456 2274 636 2330 enim
678 2273 947 2328 Dominus
989 2274 1048 2328 in
1076 2274 1278 2328 melius
1316 2277 1543 2330 mutare
1586 2290 1714 2346 quae
1741 2275 1885 2329 facta

237 2375 382 2435 sunt,
428 2373 502 2422 ut
543 2367 656 2422 Job
710 2366 891 2422 sancti
935 2367 1218 2422 habemus
1271 2368 1620 2438 exemplum,
1660 2373 1716 2423 et
1757 2384 1884 2440 qua:

243 2462 438 2517 amissa
478 2463 626 2516 sunt
665 2459 908 2515 reddere
942 2461 1079 2531 (Job,
1107 2476 1238 2527 xui,
1271 2461 1468 2531 l0-l3).
1505 2462 1693 2516 Potest
1735 2460 1881 2532 quis,

247 2560 300 2609 et
342 2554 570 2609 amissis
615 2552 768 2621 ﬁliis,
809 2569 1081 2624 generare
1124 2552 1409 2608 meliores.
1449 2553 1731 2624 Numquid
1773 2555 1882 2609 Deo

257 2654 336 2702 est
370 2646 597 2702 difﬁcile
647 2645 888 2700 meliora
932 2646 1195 2701 donare?
1233 2647 1422 2700 Potest
1469 2645 1693 2701 etiamsi
1739 2646 1882 2701 nihil

257 2741 436 2804 donet,
480 2741 592 2795 hoc
636 2741 761 2810 ipso
807 2743 996 2797 tamen
1043 2739 1196 2809 justo
1246 2755 1363 2794 esse
1416 2745 1796 2810 prospectum,
1835 2740 1881 2794 si

243 2836 376 2889 forte
404 2833 596 2888 futuri
633 2832 878 2904 improbi
915 2833 1061 2904 rapti
1092 2835 1245 2900 sunt,
1275 2848 1346 2888 ne
1383 2835 1632 2887 mutaret
1665 2831 1882 2887 malitia

238 2945 326 2982 cor
363 2944 606 2983 eorum.
640 2925 911 2983 Similiter
946 2928 1005 2979 et
1048 2925 1118 2980 de
1160 2925 1532 2997 patrimonio,
1565 2925 1727 2997 quasi
1766 2942 1882 2981 non

235 3022 530 3077 videamus
589 3019 870 3091 plurimos
927 3021 1164 3090 propter
1213 3035 1352 3090 opes
1408 3018 1773 3090 patrimonii,
1819 3020 1954 3126 inC

234 3115 560 3186 periculum
601 3113 797 3167 salutis
840 3128 963 3168 esse
999 3111 1298 3180 deductos,
1326 3111 1589 3184 plurimis
1627 3129 1692 3166 ex
1737 3113 1878 3168 divi-

233 3211 445 3264 tiarum
501 3205 858 3262 abundantia
902 3210 1085 3260 ortam
1139 3221 1258 3261 esse
1309 3221 1538 3260 causam
1592 3207 1876 3276 peccandi.

229 3303 337 3367 Qui
379 3300 548 3357 enim
589 3315 707 3354 non
743 3297 918 3354 habet
961 3299 1115 3370 quod
1161 3297 1355 3365 donet,
1382 3297 1588 3353 ascribi
1625 3299 1678 3354 ei
1718 3301 1882 3371 culpa

231 3411 349 3450 non
393 3396 615 3465 potest,
643 3390 796 3464 quod
825 3407 938 3446 non
974 3391 1273 3446 donaverit
1297 3409 1317 3462 ς
1348 3392 1446 3463 qui
1473 3397 1668 3448 autem
1711 3393 1882 3449 habet

230 3487 388 3560 quod
451 3487 660 3554 donet,
711 3489 766 3542 et
824 3501 938 3540 non
1001 3485 1130 3554 dat,
1175 3485 1370 3557 utique
1427 3486 1703 3542 obnoxius
1758 3503 1880 3542 esse

229 3582 446 3654 incipit
468 3581 732 3652 peccato.

309 3678 394 3731 t9.
440 3675 624 3743 (Vers.
665 3673 777 3743 70.)
836 3671 1103 3744 Sequitur
1148 3694 1158 3725 :
1210 3673 1570 3741 Cougulatum
1611 3680 1688 3730 est
1742 3675 1882 3730 sicut

225 3771 316 3822 lac
361 3783 461 3823 cor
497 3781 730 3820 eorum:
770 3781 863 3834 ego
914 3770 1095 3821 autem
1149 3767 1312 3834 legem
1355 3771 1506 3822 tuam
1554 3767 1879 3823 meditabar.

226 3862 457 3918 Subtile
503 3875 605 3914 cor
646 3863 972 3915 sanctorum
1019 3875 1032 3913 :
1082 3860 1446 3930 coagulatum
1491 3863 1578 3915 est
1611 3877 1744 3915 vero
1783 3877 1883 3916 cor

229 3955 646 4027 superborum.
687 3953 758 4008 Ut
791 3952 947 4008 enim
984 3954 1070 4008 lac
1106 3958 1307 4008 natura
1349 3953 1434 4009 sui
1490 3970 1721 4025 purum,
1750 3970 1880 4026 spe-

227 4050 460 4104 ciosum
506 4050 684 4118 atque
728 4045 1017 4101 sincerum
1057 4049 1164 4114 est,
1207 4047 1310 4102 sed
1357 4047 1716 4118 corruptione
1752 4063 1878 4103 coa-

228 4142 435 4207 cescit,
472 4141 557 4194 sic
591 4138 801 4194 mentis
843 4143 902 4194 et
951 4139 1136 4194 cordis
1173 4139 1413 4195 humani
1459 4145 1662 4196 natura
1710 4157 1880 4211 pura,

231 4236 489 4300 sincera,
531 4232 838 4304 perspicua
882 4235 968 4287 est
1002 4231 1339 4304 priusquam
1376 4232 1642 4288 vitiorum
1700 4233 1878 4288 admi-

235 4329 428 4383 stione
465 4328 778 4381 coacescat.
808 4325 1117 4396 Coagulato
1147 4326 1301 4380 enim
1329 4327 1495 4394 lacte,
1522 4325 1587 4381 ﬁt
1620 4325 1882 4398 quaedam

1985 1807 2160 1880 tiget,
2231 1809 2540 1864 insolentes
2610 1825 2837 1864 morum
2904 1808 3200 1864 severitate
3270 1807 3613 1876 confundat,

1986 1901 2429 1957 contumeliosos
2479 1901 2755 1973 patientia
2791 1918 2894 1956 sua
2939 1901 3186 1973 frangat,
3220 1918 3422 1958 avaros
3464 1917 3612 1957 non-

1984 2010 2278 2066 nunquam
2324 1995 2500 2051 etiam
2549 1995 2986 2067 aequanimitate
3033 1995 3319 2067 dispendii
3365 2012 3398 2050 a
3435 1995 3614 2067 jurgii

1986 2087 2308 2144 intentione
2347 2088 2609 2144 deducat.
2643 2089 2733 2143 Sic
2768 2088 2922 2143 enim
2962 2088 3172 2160 legisti,
3201 2088 3334 2160 quia
3376 2109 3403 2138 ‹‹
3441 2088 3612 2160 justi-

1982 2183 2150 2238 ﬁcata
2196 2187 2283 2236 est
2325 2181 2602 2252 sapientia
2643 2199 2677 2235 a
2734 2181 2863 2236 tiliis
2911 2182 3026 2236 suis
3059 2181 3234 2251 (Luc.,
3281 2199 3374 2248 vu,
3425 2183 3536 2253 35),
3583 2205 3610 2232 ››

1985 2277 2125 2330 dum
2179 2274 2434 2332 Christus
2480 2290 2538 2330 se
2597 2274 2763 2329 oil‘ert
2809 2274 3111 2347 supplicio,
3155 2273 3311 2330 dedit
3367 2271 3612 2346 injuriis,

1983 2385 2096 2424 non
2140 2368 2413 2423 subduxit
2457 2366 2794 2440 opprobriis,
2825 2383 2930 2421 nec
2973 2384 3008 2421 a
3043 2367 3374 2424 confusione
3417 2373 3612 2443 sputo-

1983 2478 2114 2517 rum
2157 2462 2363 2516 avertit
2408 2461 2610 2516 faciem
2639 2477 2823 2528 suam,
2849 2466 2908 2516 et
2947 2460 3078 2516 ideo
3104 2477 3302 2517 omnes
3338 2463 3614 2534 patientia

1982 2572 2082 2610 sua
2109 2555 2381 2610 instruxit
2410 2555 2509 2624 (6),
2541 2558 2598 2609 et
2622 2553 2797 2609 livore
2824 2554 3062 2608 sanavit.

2051 2652 2141 2703 21.
2172 2649 2347 2718 (Vers.
2394 2647 2507 2715 72.)
2561 2646 2833 2718 Sequitur
2879 2663 2893 2700 :
2941 2650 3144 2703 Bonum
3192 2649 3324 2702 mihi
3375 2649 3462 2703 lea:
3506 2652 3613 2704 oris

1981 2743 2064 2796 tui
2109 2755 2272 2810 super
2318 2740 2494 2794 millia
2552 2742 2680 2792 auri
2719 2743 2771 2794 et
2820 2743 3051 2807 argenti.
3101 2740 3224 2794 Non
3284 2739 3613 2813 quicunque

1979 2835 2090 2889 hoc
2135 2833 2294 2900 dicit,
2339 2832 2458 2888 imo
2489 2849 2650 2886 rarus
2695 2833 2803 2887 hoc
2849 2831 3003 2898 dicit,
3045 2832 3102 2887 id
3147 2835 3251 2901 est,
3284 2832 3382 2904 qui
3418 2834 3608 2904 legem

1982 2927 2079 2982 Dei
2121 2942 2260 2982 auro
2305 2929 2476 2998 atque
2505 2929 2749 2997 argento
2775 2926 3059 2996 praeferat,
3089 2925 3188 2997 qui
3236 2927 3422 2996 potest
3445 2943 3610 2998 prop-

1981 3023 2066 3076 ter
2091 3021 2276 3092 legem
2320 3019 2417 3073 Dei
2457 3019 2652 3074 omnia
2678 3019 3020 3090 relinquere.
3051 3019 3161 3074 Sed
3204 3035 3310 3074 nec
3357 3019 3614 3074 Christus

1980 3114 2133 3168 hunc
2160 3114 2390 3185 reperit,
2426 3112 2534 3167 nisi
2578 3113 2646 3168 de
2676 3112 2744 3167 iis
2773 3129 2915 3184 quos
2941 3111 3059 3182 ipse
3099 3112 3303 3167 docere
3346 3113 3614 3184 dignatus

1981 3211 2085 3263 est.
2114 3205 2372 3280 1086
2411 3209 2609 3262 Petrus
2637 3207 2745 3261 hoc
2776 3206 2936 3272 dixit,
2975 3210 3033 3260 et
3075 3205 3334 3276 probavit
3371 3205 3611 3274 effectu;

1983 3300 2115 3372 quia
2154 3300 2332 3372 pluris
2374 3300 2583 3371 legem,
2622 3315 2795 3371 quam
2850 3314 3056 3353 aurum
3108 3298 3327 3354 habuit.
3370 3299 3615 3370 Ideoque

1983 3394 2064 3449 ait
2109 3411 2122 3448 :
2169 3416 2196 3442 ‹‹
2224 3397 2439 3448 Aurum
2490 3397 2549 3447 et
2593 3395 2896 3464 argentum
2941 3407 3059 3446 non
3102 3391 3286 3447 habeo
3334 3392 3504 3461 (Act.,
3531 3409 3611 3457 ιιι,

1981 3488 2058 3556 6).
2089 3509 2117 3536 »
2145 3487 2266 3540 Non
2311 3501 2516 3540 avarus
2544 3485 2654 3540 hoc
2695 3484 2848 3554 dicit,
2884 3483 2981 3556 qui
3018 3483 3238 3538 defosso
3284 3500 3423 3539 auro
3452 3484 3610 3540 incu-

1981 3581 2097 3634 bat.
2126 3580 2250 3635 Non
2301 3578 2439 3633 dicit
2481 3578 2843 3649 pecuniosus,
2871 3578 2970 3648 qui
3015 3577 3344 3648 quotidiana
3390 3578 3611 3632 emolu-

1984 3678 2177 3728 menta
2218 3671 2458 3728 sollicito
2489 3671 2729 3725 rimatur
2768 3670 2992 3737 aﬂ‘ectu,
3031 3669 3127 3740 qui
3177 3668 3432 3740 quotidie
3475 3685 3614 3740 opes

1982 3771 2242 3839 aggerat,
2273 3764 2370 3837 qui
2413 3763 2762 3820 hereditatis
2801 3762 2986 3818 tendit
3030 3762 3294 3832 aucupia,
3323 3760 3422 3832 qui
3465 3761 3615 3816 circa

1979 3858 2307 3932 egrotantis
2331 3857 2603 3913 lectulum
2636 3856 2942 3911 indefessas
2969 3859 3194 3910 exercet
3219 3853 3504 3908 excubias.

2053 3957 2141 4008 22.
2188 3953 2286 4006 llic
2331 3950 2506 4022 aliqui
2560 3950 2749 4020 legem
2795 3947 2908 4003 oris
2959 3946 3059 4002 Dei
3098 3952 3372 4019 tanquam
3418 3946 3609 4017 legem

1983 4045 2146 4102 Verbi
2176 4045 2275 4100 Dei
2304 4043 2608 4114 accipiunt,
2636 4046 2701 4097 ut
2735 4041 2781 4096 si
2810 4041 2966 4096 dicas
2995 4042 3185 4112 legem
3211 4039 3463 4095 dexterae
3489 4038 3610 4094 Dei.

1985 4140 2136 4194 Bene
2179 4154 2318 4209 ergo
2359 4139 2417 4190 et
2446 4136 2552 4190 hoc
2582 4134 2846 4190 convenit
2884 4136 3050 4190 Petro
3092 4133 3299 4190 dicenti
3329 4151 3343 4188 :
3375 4155 3402 4183 ‹‹
3436 4132 3617 4188 Verba

1982 4233 2110 4288 vita:
2155 4236 2383 4287 aeternae
2412 4229 2608 4296 habes,
2645 4232 2704 4283 et
2744 4245 2846 4283 nos
2893 4227 3286 4300 relinquemus
3312 4230 3367 4281 te
3409 4227 3610 4296 (Joan.,

1983 4344 2056 4395 v1,
2085 4326 2220 4396 69)?
2249 4346 2278 4374 ››
2307 4325 2412 4378 hoc
2439 4326 2544 4389 est,
2578 4325 2684 4378 Lee:
2726 4324 2834 4378 oris
2863 4324 2947 4377 tui
2986 4337 3148 4391 super
3174 4321 3350 4375 millia
3394 4322 3522 4372 auri
3565 4324 3618 4374 et

231 4419 538 4478 concretio
594 4434 702 4473 nec
764 4417 1103 4475 suavitatem
1163 4418 1382 4474 habens
1437 4419 1731 4487 eamdem,
1780 4419 2199 4490 necDargenti
2239 4424 2336 4474 est.
2364 4419 2428 4472 Et
2459 4431 2759 4488 possumus
2799 4419 3025 4470 tantum
3061 4413 3321 4468 deserere
3367 4411 3608 4475 bonum,

235 4515 516 4585 gratiam.
564 4515 648 4570 lta
685 4512 964 4579 homines,
1010 4512 1106 4583 qui
1150 4515 1282 4567 ante
1321 4511 1639 4580 sedulitate,
1677 4513 1882 4584 gratia,

238 4609 529 4664 suavitate
582 4607 916 4674 verborum,
955 4605 1114 4661 lactis
1179 4605 1422 4677 speciem
1471 4605 1881 4677 praeferebant,

239 4702 402 4758 nulla
443 4699 661 4756 invidia
709 4703 1064 4771 corruptam,
1114 4699 1172 4754 hi
1214 4699 1261 4754 si
1297 4698 1571 4770 coeperint
1608 4699 1882 4767 invidere,

241 4795 591 4867 coagulatur
629 4794 688 4848 in
738 4793 938 4849 vitium
973 4809 1070 4848 cor
1117 4808 1337 4862 eorum,
1367 4797 1424 4848 et
1470 4791 1536 4847 ﬁt
1586 4793 1657 4849 de
1702 4791 1883 4848 suavi-

246 4895 365 4945 tate
407 4887 678 4943 amicitiae
715 4886 1040 4944 amaritudo
1077 4886 1516 4954 malevolentiae,
1544 4891 1603 4942 et
1637 4886 1886 4942 insuavis

245 4982 494 5054 quidam
541 4981 744 5037 horror
783 4979 1029 5035 invidiae.
1072 4981 1224 5052 Ergo
1260 4981 1620 5052 coagulatum
1669 4984 1754 5036 est
1790 4996 1887 5036 cor

249 5093 354 5148 per
396 5074 747 5147 superbiam,
783 5091 888 5147 per
927 5073 1219 5143 invidiam,
1258 5090 1388 5146 quae
1440 5073 1741 5129 lenitatem
1778 5090 1884 5130 na-

249 5177 428 5237 tura,
468 5169 744 5224 ﬂuentem
786 5167 1187 5223 benevolentia
1226 5167 1330 5237 (5),
1367 5166 1608 5223 malitia:
1657 5183 1881 5224 concre-

250 5265 412 5319 tione
471 5261 772 5317 vitiarunt.
819 5261 1149 5334 lniquorum
1187 5276 1324 5333 ergo
1363 5276 1462 5316 cor
1505 5261 1836 5332 coagulatur
1867 5278 1882 5315 :

312 5442 380 5502 C5)
413 5441 499 5491 Ita
531 5453 661 5491 mss.
693 5439 844 5491 Edit.
884 5453 1033 5502 vero,
1066 5453 1181 5506 quas
1221 5438 1430 5490 lenitate
1466 5443 1678 5491 natura:
1716 5439 1888 5504 fluen-

254 5521 354 5564 tem
419 5511 854 5568 benevolentiam,
915 5515 1021 5562 etc.
1083 5509 1195 5562 Sed
1253 5510 1363 5562 hoc
1415 5510 1691 5574 signiﬁcat
1748 5509 1888 5561 bea-

254 5591 346 5634 tus
391 5585 622 5641 Doctor,
678 5595 774 5634 eos
826 5583 923 5647 qui
976 5582 1222 5647 aliquem
1281 5582 1673 5634 benevolentia
1734 5594 1888 5633 com-

1985 4517 2044 4569 et
2072 4511 2260 4568 seeculi
2284 4511 2454 4581 hujus
2479 4509 2862 4564 emolumenta
2887 4511 3116 4578 captare
3136 4507 3162 4560 ?
3183 4505 3296 4561 Sed
3325 4508 3381 4562 et
3399 4505 3612 4578 Moyses

1987 4608 2074 4662 lex
2108 4606 2224 4661 oris
2244 4603 2341 4660 Dei
2371 4603 2553 4676 potest
2582 4601 2714 4669 dici,
2745 4617 2850 4673 per
2879 4615 3050 4671 quem
3095 4599 3364 4655 Dominus
3397 4601 3612 4656 locutus

1986 4705 2070 4755 est
2097 4701 2155 4754 et
2180 4697 2339 4753 dedit
2365 4697 2572 4768 legem.

2505 4832 2727 4888 SERMO
2781 4831 3096 4887 DECIMUS.

2729 4957 2748 4992 ἰ
2791 4941 2916 5002 Ιοά.

2062 5076 2111 5126 1.
2151 5070 2353 5142 Incipit
2394 5068 2581 5124 littera
2607 5067 2758 5139 apud
2787 5067 3050 5122 Hebraeos
3093 5063 3308 5120 decima
3335 5063 3448 5122 10d,
3484 5077 3613 5134 quae

1988 5165 2185 5221 Latina
2215 5162 2630 5234 signiﬁcatione
2671 5162 2930 5227 confessio
2957 5157 3182 5225 dicitur,
3207 5155 3294 5208 vel
3321 5159 3475 5209 certe
3518 5155 3610 5209 dc-

1985 5259 2199 5314 solatio.
2235 5257 2344 5312 Nec
2390 5255 2601 5310 discors
2627 5270 2693 5308 ac
2723 5252 3023 5307 dissonans
3067 5249 3287 5303 videtur
3332 5246 3611 5318 interpre-

2050 5438 2119 5500 (6)
2163 5437 2373 5488 Omnes
2429 5435 2579 5495 edit.,
2628 5432 2898 5497 sapientia
2936 5444 3038 5481 sua
3083 5427 3616 5500 instruxit._0mnes

1989 5498 2142 5571 mss,
2183 5507 2444 5572 patientia
2486 5519 2589 5557 sua
2633 5503 2919 5572 instruxit.
2943 5500 3163 5572 Melius,
3204 5512 3334 5572 cum
3376 5498 3485 5550 hoc
3532 5510 3617 5572 se-

1991 5567 2198 5645 quatur
2220 5592 2289 5631 ex
2319 5575 2697 5642 superioribus
2721 5574 2860 5636 istis,
2892 5571 3130 5624 Christus
3152 5584 3207 5624 se
3234 5569 3383 5636 offert
3403 5567 3618 5634 suppli-

257 5655 598 5719 plectuntur,
641 5655 928 5706 lenitatem
967 5653 1232 5706 adversus
1272 5653 1456 5718 ipsum
1491 5651 1684 5705 solitos
1725 5650 1891 5703 exhi-
1991 5652 2092 5713 cio,
2121 5654 2230 5704 etc.

259 5728 403 5779 bere.
