3958 6166
476 233 608 282 1399

1938 230 1991 283 S.
2033 229 2346 286 AMBROSII

3653 246 3775 301 1400

473 351 626 406 latio.
659 351 954 422 Siquidem
977 351 1324 421 quidesolati
1355 356 1503 418 sunt,
1528 351 1692 405 citius
1712 352 2091 420 confitentur;
2121 363 2365 436 Anam,
2426 357 2486 405 ut
2537 368 2668 404 cum
2723 350 2957 421 cmperit
3015 349 3303 422 Evangelii
3369 362 3636 429 praecepta
3678 382 3776 420 ser-

471 444 652 515 magis
697 444 852 498 enim
899 444 1159 498 secundis
1203 445 1374 498 rebus
1416 444 1642 498 animus
1669 445 1858 498 extolli
1899 445 2046 499 solet
2080 462 2093 499 :

471 554 603 593 cum
632 542 822 592 autem
871 541 1108 607 urgetur
1139 537 1410 604 adversis,
1439 542 1573 591 tunc
1603 537 1858 592 divinum
1895 539 2094 608 implo-

470 637 558 686 rat
582 631 878 686 auxilium.
911 632 1054 685 Nam
1083 635 1140 685 et
1162 632 1222 685 in
1244 630 1310 685 iis
1336 648 1463 702 quae
1490 632 1736 686 humana
1763 636 1912 698 sunt,
1948 633 2099 686 hunc

468 741 637 779 usum
670 740 790 779 esse
823 724 1236 796 cognoscimus,
1265 727 1327 778 ut
1351 725 1441 780 cui
1468 726 1777 780 succedunt
1807 740 2096 796 prospera,

468 819 691 873 animus
723 819 924 873 elatior
959 819 1064 885 sit;
1106 818 1197 873 cui
1241 818 1442 873 mundi
1480 819 1651 888 hujus
1688 818 1896 874 infesta
1942 823 2096 887 sunt,

472 918 530 966 et
573 913 833 983 potentia
875 912 1113 982 alicujus
1158 913 1417 980 adversa,
1449 915 1584 966 tunc
1627 911 1939 983 confugiat,
1968 915 2100 967 tunc

472 1022 639 1077 opem
686 1010 920 1076 quaerat,
960 1011 1025 1060 ut
1071 1007 1157 1060 vel
1205 1005 1461 1076 rogando
1513 1004 1820 1076 superioris
1873 1004 2102 1076 mitiget

471 1101 832 1170 potestatem,
856 1098 942 1153 vel
964 1115 1022 1152 se
1048 1098 1258 1152 viribus
1289 1101 1478 1152 armet
1498 1098 1780 1168 adjunctis
1801 1115 1817 1167 ;
1843 1114 1914 1153 ne
1942 1099 2099 1170 quasi

470 1191 704 1248 inferior
733 1191 1146 1262 potentioribus
1178 1191 1392 1246 viribus
1421 1191 1799 1261 opprimatur.

541 1289 596 1340 2.
643 1285 898 1354 Denique
949 1285 1226 1338 Jeremias
1270 1285 1372 1338 sub
1423 1286 1526 1339 hac
1579 1283 1773 1339 littera
1829 1284 1906 1339 sic
1959 1284 2039 1339 ait
2083 1301 2096 1340 :

476 1400 508 1429 ιι
543 1380 735 1434 Manus
797 1394 929 1431 suas
989 1377 1242 1432 extendit
1297 1377 1398 1449 qui
1458 1377 1762 1432 tribulatur
1803 1378 1861 1432 in
1913 1378 2103 1433 omnia

473 1472 752 1528 desideria
798 1473 937 1541 ejus.
986 1470 1136 1525 Vidit
1199 1471 1354 1525 enim
1405 1475 1602 1542 gentes
1643 1473 1998 1526 introeuntes
2045 1471 2104 1525 in

473 1565 978 1620 sanctificationem
1007 1581 1190 1631 suam,
1220 1563 1424 1635 quibus
1454 1564 1740 1618 mandasti
1783 1580 1856 1619 ne
1899 1564 2100 1618 introi-

471 1663 603 1714 rent
646 1658 705 1712 in
749 1659 1051 1713 Ecclesiam
1097 1658 1218 1728 ejus
1265 1658 1505 1726 (Thren.,
1538 1675 1575 1725 ι,
1619 1659 1702 1726 10)
1746 1680 1796 1712 ››.
1824 1660 1899 1713 De
1939 1660 2099 1711 Jeru-

2199 461 2346 512 vare,
2419 449 2478 499 et
2556 443 2823 515 operibus
2895 444 3136 515 implere
3207 445 3526 503 mandatum
3589 455 3778 514 Domini

2197 539 2347 604 Jesu,
2419 541 2553 590 tunc
2618 537 2828 607 jugum
2902 535 3241 607 captivitatis
3297 537 3365 592 de
3433 557 3540 596 suae
3602 548 3781 606 animae

2201 629 2413 685 cervice
2458 630 2724 700 deponat,
2770 647 2899 685 cum
2947 646 3007 684 se
3063 629 3380 684 subdiderit
3411 631 3546 704 jugo
3588 638 3779 698 Christi.

2270 724 2321 776 4.
2393 725 2464 777 Et
2526 723 2850 786 satiabitur,
2918 723 3136 794 inquit,
3200 725 3261 776 in
3323 728 3627 794 opprobriis.
3681 733 3782 789 Non

2200 815 2343 870 dixit
2389 832 2401 870 :
2444 816 2666 872 Subibit
2710 815 3103 886 opprobrium,
3129 816 3295 870 facile
3341 821 3424 872 est
3459 821 3603 875 enim
3636 841 3782 881 unam

2202 914 2301 964 aut
2364 909 2602 964 alteram
2666 909 3073 964 contumeliam
3136 909 3449 980 sustinere;
3495 914 3590 968 sed
3647 918 3782 972 addi-

2203 1002 2286 1058 dit
2341 1021 2354 1056 :
2405 1004 2713 1060 Satiabitur
2771 1005 2830 1056 in
2896 1002 3220 1072 opprobriis,
3272 1018 3383 1073 quo
3434 1005 3640 1061 facilius
3694 1012 3782 1065 Do-

2203 1096 2393 1151 minus
2435 1101 2657 1150 moveat
2697 1095 3165 1163 misericordiam,
3201 1096 3629 1167 opprobriorum
3659 1118 3781 1156 com-

2200 1190 2453 1261 plurium
2500 1189 2856 1244 deformitate
2911 1187 3274 1243 miserabilis.
3310 1189 3470 1253 Quod
3517 1193 3694 1264 utique
3730 1213 3782 1250 ex
3880 1243 3882 1246 ,

2203 1283 2346 1336 libro
2400 1285 2733 1353 Regnorum
2792 1287 2954 1353 potes
3008 1282 3351 1354 intelligere.
3411 1284 3622 1356 Quippe
3677 1305 3784 1342 cum

2202 1375 2616 1430 conviciaretur
2657 1375 2844 1430 Semei
2886 1374 3040 1430 ﬁlius
3084 1375 3226 1430 Gera
3270 1376 3467 1430 Sancto
3511 1378 3686 1445 David,
3720 1381 3784 1434 vi-

2203 1485 2333 1523 rum
2387 1468 2816 1539 sanguinarium
2869 1469 3177 1539 appellans,
3227 1473 3285 1522 et
3337 1469 3676 1525 malediceret
3720 1473 3785 1539 ei,

2203 1563 2428 1634 quando
2488 1562 2745 1632 fugiebat
2784 1561 2968 1616 ﬁlium
3015 1577 3180 1615 suum
3225 1561 3547 1632 Abessalon,
3585 1565 3783 1634 parrici-

2204 1655 2354 1709 dalia
2408 1655 2479 1708 ad
2526 1660 2748 1724 tempus
2793 1654 2940 1709 bella
2985 1653 3299 1721 declinans,
3348 1655 3566 1709 tacebat
3603 1673 3705 1723 rex,
3743 1664 3786 1711 et

473 1753 648 1808 salem
698 1753 893 1822 utique
950 1751 1056 1805 hoc
1104 1750 1242 1804 dicit
1283 1751 1569 1821 Propheta
1632 1752 1791 1821 cujus
1847 1729 2179 1821 deploratB
2204 1763 2495 1802 summum
2525 1747 2811 1818 patientiae
2838 1747 3063 1817 insigne
3087 1746 3411 1817 praestabat.
3444 1747 3652 1802 Etenim
3684 1765 3784 1803 cum

472 1861 810 1911 serumnam,
841 1844 1001 1914 cujus
1040 1843 1326 1914 praecessit
1368 1843 1640 1899 desolatio
1684 1861 1749 1898 ac
1788 1843 2099 1913 destitutio,
2202 1840 2536 1896 tentationis
2575 1857 2691 1894 suae
2738 1843 2963 1911 tempus
2994 1839 3360 1911 intelligeret,
3393 1846 3452 1893 ut
3500 1841 3549 1894 ei
3590 1842 3783 1910 parrici-

474 1945 536 1994 ut
609 1942 809 2009 postea
880 1941 1212 2008 sequeretur
1279 1937 1588 1991 confessio.
1643 1938 1889 2008 Castigat
1949 1939 2099 1993 enim
2204 1935 2330 1989 dale
2356 1934 2616 2005 prmlium
2647 1937 2995 2018 moveretur,
3017 1933 3203 2004 magis
3223 1933 3496 1988 humilem
3523 1950 3579 1987 se
3609 1934 3788 1988 volebat
3897 1991 3900 1994 λ

473 2033 749 2088 Dominus
794 2047 1025 2085 omnem
1073 2029 1252 2084 ﬁlium
1310 2047 1484 2100 quem
1543 2030 1766 2102 recipit.
1818 2032 2098 2101 Receptu-
2202 2026 2398 2097 videri,
2430 2043 2541 2098 quo
2569 2026 2793 2082 Domini
2828 2026 3118 2098 mitigaret
3154 2026 3452 2094 offensam,
3485 2043 3646 2096 quam
3685 2043 3785 2080 exa-

472 2144 570 2180 rus
619 2125 793 2196 igitur
841 2124 1186 2190 Jerusalem,
1230 2127 1360 2176 ante
1409 2123 1749 2193 captivitatis
1800 2124 2105 2195 ﬂagellavit
2203 2121 2549 2193 sperandum
2611 2120 2733 2191 ejus
2792 2120 3177 2175 arbitrabatur
3241 2119 3300 2173 in
3362 2135 3463 2174 sua
3519 2119 3789 2173 tentatione

475 2217 776 2273 aerumnis.
837 2216 1086 2271 Nimium
1153 2216 1309 2270 enim
1372 2216 1735 2282 insoleverat,
1784 2221 1841 2270 et
1907 2217 2102 2273 inflato
2195 2214 2500 2286 judicium,
2532 2215 2576 2267 si
2604 2215 2751 2268 forte
2777 2230 2908 2267 suas
2947 2213 3184 2282 injurias
3224 2213 3411 2267 ultum
3440 2213 3564 2266 iret.
3591 2211 3728 2267 Unde
3749 2217 3791 2266 et

475 2330 532 2366 se
580 2312 746 2366 corde
780 2311 1102 2381 jactaverat
1123 2327 1139 2378 ;
1188 2313 1253 2363 ut
1299 2313 1470 2379 caput
1513 2311 1705 2364 tenere
1754 2326 1871 2364 non
1917 2315 2105 2382 posset
2204 2309 2276 2361 ad
2299 2307 2494 2378 populi
2523 2307 2725 2362 ducem
2755 2306 3021 2362 Abessam
3053 2305 3338 2361 vindicare
3363 2305 3671 2377 cupientem
3695 2304 3788 2358 ait:

474 2404 784 2459 Dominum
829 2405 1056 2467 Jesum,
1098 2403 1156 2456 id
1211 2406 1322 2469 est,
1371 2401 1785 2472 humilitatem,
1838 2404 2099 2474 gratiam,

465 2496 771 2568 justitiam,
812 2495 1174 2566 sapientiam,
1214 2495 1323 2549 hoc
1375 2499 1478 2564 est,
1521 2511 1668 2548 verte
1715 2495 1844 2550 ﬁdei
1891 2497 2100 2567 magis-

470 2589 683 2645 terium
726 2605 843 2643 non
885 2591 1124 2642 teneret.
1171 2589 1237 2640 Et
1283 2587 1408 2641 ideo
1476 2588 1750 2642 Dominus
1806 2588 2105 2659 castigavit

474 2699 633 2749 eam,
693 2682 791 2752 qui
863 2681 1190 2734 moderator
1263 2680 1520 2734 omnium
1597 2682 1758 2736 novit
1823 2682 2100 2752 quemad-

471 2774 712 2830 modum
751 2789 1224 2844 unumquemque
1266 2773 1525 2843 castiget.
1583 2775 1654 2828 Ut
1706 2775 1858 2828 enim
1920 2775 2101 2830 medi-

472 2885 570 2924 cus
597 2867 857 2940 graviora
896 2867 1128 2921 vulnera
1158 2866 1534 2937 asperioribus
1562 2867 1990 2923 medicamentis
2014 2884 2105 2922 cu-

471 2980 601 3019 rare
627 2961 936 3027 consuevit,
975 2959 1185 3014 leviora
1227 2960 1555 3028 levioribus,
1587 2961 1664 3014 ita
1709 2965 1764 3015 et.
1806 2962 1956 3015 Deus
1985 2977 2105 3014 nos-

470 3060 560 3111 ter
618 3054 876 3126 graviora
939 3054 1166 3123 peccata
1226 3053 1440 3122 majore
1496 3053 1793 3108 severitate
1844 3053 2100 3124 castigat.

475 3149 584 3204 Sed
656 3149 777 3217 ipsa
843 3145 1135 3216 castigatio
1209 3145 1282 3198 ad
1331 3145 1572 3199 salutem
1645 3146 1897 3216 prolicit.
1958 3146 2108 3201 Dixit

475 3241 630 3296 enim
659 3240 923 3294 Dominus
954 3255 967 3291 :
999 3259 1028 3288 «
1059 3238 1396 3306 Percutiam,
1426 3243 1483 3293 et
1522 3255 1632 3310 ego
1661 3239 1870 3294 sanabo
1900 3239 2104 3310 (Deut,

474 3351 643 3403 xxxii,
673 3332 785 3404 39).
820 3353 846 3382 »

545 3432 598 3482 3.
636 3425 892 3497 Denique
943 3426 1012 3480 de
1052 3425 1366 3480 Jerusalem
1414 3442 1575 3497 spem
1621 3425 1789 3496 coepit
1832 3427 2106 3480 Jeremias

475 3521 760 3594 prOpheta
824 3518 1176 3589 promittere.
1221 3521 1365 3573 Nam
1413 3519 1470 3572 in
1536 3519 1940 3589 posterioribus
2001 3520 2104 3573 sub

475 3616 579 3668 hac
639 3613 826 3669 littera
885 3612 964 3666 ait
1015 3630 1028 3667 :
1095 3632 1123 3662 ‹‹
1180 3612 1345 3667 Dabit
1404 3612 1745 3682 percutienti
1814 3613 2105 3667 maxillam

477 3724 662 3774 suam,
721 3709 779 3760 et
835 3706 1134 3762 satiabitur
1189 3706 1248 3759 in
1306 3705 1646 3776 opprobriis.
1700 3704 1866 3760 Dabit
1917 3705 1974 3759 in
2025 3722 2107 3760 se-

477 3802 706 3872 pultura
752 3817 813 3854 os
869 3815 1068 3868 suum,
1120 3799 1166 3853 si
1228 3801 1419 3853 tamen
1484 3803 1569 3852 est
1628 3814 1756 3868 spes
1821 3798 2105 3868 patientiae

476 3895 718 3965 (Thren.,
772 3910 849 3958 Ill,
896 3896 964 3948 3O
1017 3895 1075 3946 et
1124 3893 1231 3962 29).
1275 3915 1301 3943 »
1367 3894 1425 3945 In
1479 3891 1785 3962 Evangelio
1832 3891 2107 3945 Dominus

475 3989 635 4041 Jesus
695 3988 904 4040 docens
966 3986 1235 4039 virtutem
1290 3988 1462 4056 atque
1531 3985 1753 4055 insigne
1817 3984 2108 4055 patientia:

480 4077 734 4151 1087
787 4078 868 4132 ait
917 4095 930 4132 :
981 4098 1008 4127 «
1055 4078 1159 4141 Qui
1207 4081 1262 4133 te
1303 4078 1648 4148 percusserit
1689 4078 1746 4130 in
1797 4077 2105 4146 maxillam,

477 4172 672 4242 praebe
719 4171 769 4226 ei
817 4173 877 4224 et
917 4171 1151 4225 alteram
1198 4172 1437 4240 (Matth.,
1469 4187 1522 4238 ν,
1557 4171 1668 4240 39).
1703 4193 1731 4220 ››
1786 4171 1911 4224 Vult
1955 4170 2108 4224 enim

477 4264 778 4334 discipulos
821 4280 952 4318 suos
992 4268 1050 4317 et
1093 4263 1444 4333 injuriarum
1489 4280 1609 4318 esse
1656 4263 1956 4334 patientes,
2007 4279 2109 4318 nec

478 4357 714 4412 referire
781 4356 977 4424 facile,
1051 4356 1265 4411 nedum
1349 4357 1550 4411 ferire.
1616 4355 1887 4411 Patientia
1953 4357 2108 4410 enim

2210 2423 2236 2450 ‹‹
2269 2400 2414 2464 Quid
2443 2399 2587 2454 mihi
2613 2404 2671 2454 et
2713 2399 2817 2453 tibi
2845 2404 2949 2468 est,
2978 2399 3057 2453 tili
3086 2399 3301 2454 Sarvim
3322 2399 3350 2453 ?
3381 2399 3508 2453 Ideo
3551 2397 3791 2451 maledicit
3892 2459 3898 2464 ι

2203 2494 2367 2560 mihi,
2404 2493 2676 2565 quoniam
2713 2493 2988 2547 Dominus
3039 2493 3176 2547 dixit
3216 2493 3324 2559 illi,
3367 2496 3428 2548 ut
3469 2491 3789 2546 maledicat...
3891 2551 3896 2555 _

2203 2589 2340 2641 Ecce
2384 2587 2532 2640 filius
2581 2603 2762 2653 meus,
2790 2587 2887 2657 qui
2917 2586 3092 2641 exivit
3139 2587 3209 2642 de
3253 2590 3453 2640 ventre
3503 2585 3646 2650 meo:
3662 2598 3790 2653 quaa-
3898 2619 3903 2625 -

2202 2680 2280 2735 rit
2338 2679 2588 2733 animam
2653 2695 2867 2734 meam.
2926 2679 2982 2735 Si
3041 2683 3235 2734 autem
3308 2679 3476 2733 modo
3537 2681 3794 2732 extraneas
3886 2740 3888 2742 _

2203 2772 2495 2827 maledicit
2539 2773 2702 2838 mihi,
2733 2772 2959 2828 dimitte
3002 2773 3185 2842 illum,
3227 2776 3294 2826 ut
3343 2770 3790 2839 maledicat,quo-

2202 2866 2359 2920 niam
2408 2865 2684 2920 Dominus
2733 2865 2873 2920 dixit
2935 2866 3036 2932 illi,
3084 2872 3148 2919 ut
3210 2866 3404 2920 videat
3461 2863 3794 2919 humilitatem

2205 2975 2413 3027 meam,
2447 2962 2505 3012 et
2529 2959 2805 3014 retribuet
2843 2957 2986 3012 mihi
3026 2959 3300 3014 Dominus
3337 2959 3489 3012 bona
3521 2974 3617 3028 pro
3649 2955 3792 3010 male-

2207 3053 2354 3107 dicto
2398 3053 2504 3106 hoc
2551 3053 2616 3123 (ll
2641 3056 2791 3119 Reg.,
2821 3068 2932 3120 xw,
2967 3052 3167 3123 iO-t2).
3203 3075 3230 3102 ››
3275 3051 3437 3117 Quod
3481 3056 3535 3106 et
3579 3049 3792 3121 prephe-

2205 3145 2315 3201 tico
2362 3145 2506 3200 dixit
2549 3145 2773 3217 spiritu,
2806 3149 2860 3200 et
2902 3145 3168 3216 probavit
3214 3151 3447 3200 eventu.
3495 3145 3627 3200 Cum
3673 3140 3792 3196 enim
3889 3182 3903 3219 ζ

2205 3239 2421 3310 repleta
2459 3239 2631 3293 fuerit
2674 3239 2985 3306 humilitas,
3033 3243 3330 3310 peccatum
3377 3237 3622 3294 solvitur.
3659 3232 3790 3288 Deni-

2206 3349 2317 3404 que
2363 3337 2421 3387 et
2462 3331 2520 3386 in
2563 3331 2721 3387 Isaiae
2761 3332 2906 3386 libro
2952 3332 3126 3386 habes
3173 3332 3314 3402 quia
3351 3332 3488 3387 dixit
3524 3328 3789 3386 Dominus:

2208 3446 2236 3476 «
2279 3425 2628 3492 Sacerdotes,
2660 3425 2962 3497 loquimini
3004 3426 3073 3480 ad
3121 3442 3217 3480 cor
3261 3426 3604 3491 Jerusalem;
3630 3434 3789 3476 conso-
3891 3469 3903 3504 ζ

2206 3518 2406 3574 lamini
2438 3535 2586 3588 eam,
2616 3518 2749 3590 quia
2786 3519 3000 3590 repleta
3040 3523 3124 3574 est
3164 3518 3647 3587 humiliatio‘ejus,
3673 3512 3789 3567 solu-

2207 3618 2330 3668 tum
2357 3617 2441 3667 est
2483 3616 2780 3683 peccatum
2805 3613 2945 3684 ejus,
2978 3613 3113 3684 quia
3152 3613 3377 3684 accepit
3421 3612 3489 3666 de
3514 3623 3675 3664 manu
3709 3607 3788 3660 Do-
3883 3681 3887 3686 ἢ

2208 3706 2350 3760 mini
2385 3704 2632 3776 duplicia
2674 3709 2908 3776 peccata
2948 3723 3047 3760 sua
3089 3707 3369 3778 (Isa.,xx,
3399 3705 3474 3775 2).
3507 3725 3535 3752 »
3580 3695 3792 3758 Advertis

2207 3799 2386 3869 igitur
2427 3798 2559 3869 quia
2603 3797 2701 3852 ubi
2747 3797 3034 3868 desolatio,
3067 3799 3143 3852 ibi
3188 3799 3506 3853 humilitas.
3535 3789 3789 3850 Desolatio-

2206 3908 2340 3946 nem
2371 3891 2523 3945 enim
2567 3892 2824 3962 sequitur
2851 3892 3140 3947 humilitas
3157 3893 3319 3963 justo
3359 3891 3575 3955 ordine,
3601 3881 3789 3941 humili-

2208 3988 2382 4040 tatem
2426 3983 2724 4056 patientia,
2756 3985 3090 4056 patientiam
3135 3986 3420 4056 probatio,
3447 3979 3790 4054 probationem

2209 4077 2531 4133 consolatio.
2561 4078 2723 4142 Quod
2773 4079 2945 4134 habes
2993 4082 3050 4133 et
3095 4080 3152 4133 in
3201 4079 3471 4150 Apostolo
3517 4073 3789 4144 scriptum:

2211 4190 2239 4223 α
2279 4171 2416 4236 Quia
2468 4171 2760 4226 tribulatio
2828 4172 3161 4242 patientiam
3217 4173 3517 4242 operatur,
3565 4160 3790 4238 patientia
3887 4220 3891 4252 ζ

2208 4269 2399 4319 autem
2458 4264 2874 4335 probationem,
2924 4264 3184 4335 probatio
3239 4268 3436 4319 autem
3488 4275 3654 4332 spem,
3692 4267 3789 4324 Spes
3890 4329 3895 4334 .

2209 4360 2403 4413 autem
2447 4374 2559 4411 non
2592 4359 2914 4425 confundit,
2946 4357 3082 4429 quia
3108 4358 3358 4413 charitas
3382 4356 3482 4412 Dei
3521 4352 3701 4407 diffusa
3725 4345 3790 4399 est

479 4450 816 4505 humilitatis
886 4449 1163 4504 indicium
1239 4454 1326 4504 est
1381 4450 1475 4521 (7).
1531 4451 1597 4504 Et
1646 4449 1771 4504 ideo
1844 4450 2111 4520 quoniam
2131 4451 2271 4526 Din
2300 4451 2566 4507 cordibus
2589 4452 2795 4505 nostris
2828 4468 2934 4522 per
2963 4451 3238 4524 Spiritum
3268 4455 3530 4505 sanctum
3565 4446 3731 4515 (Romo
3753 4454 3792 4501 ν,

481 4543 735 4599 desolata
783 4545 908 4598 erat
969 4559 1032 4597 ac
1089 4543 1359 4598 destituta
1414 4544 1722 4598 Jerusalem
1779 4560 1792 4596 :
1851 4564 1878 4590 «

478 4637 698 4708 inquit,
755 4635 1099 4708 percutienti
1158 4636 1446 4691 maxillam
1506 4653 1713 4708 suam;
1795 4659 1820 4688 ››
1880 4640 1945 4692 ut
1999 4654 2112 4692 non

482 4746 542 4785 se
567 4730 842 4785 subducat
883 4730 1106 4800 injuriae
1134 4749 1151 4800 ;
1179 4747 1284 4785 nec
1329 4730 1573 4785 declinet
1609 4730 1780 4786 caedis
1828 4732 2108 4797 dolorem,

479 4823 580 4879 sed
628 4823 972 4894 percutienti
1033 4824 1315 4878 maxillam
1371 4823 1585 4880 offerat.
1633 4825 1947 4896 Utrumque
2020 4825 2107 4878 in-

481 4916 664 4987 telligi
730 4919 948 4986 potest,
1001 4917 1116 4971 sive
1180 4917 1231 4971 ei
1317 4917 1414 4988 qui
1479 4920 1778 4989 percutere
1846 4917 2107 4988 incipiat,

480 5010 596 5065 sive
658 5009 710 5065 ei
779 5010 880 5080 qui
927 5010 1051 5080 jam
1120 5011 1495 5080 percusserit;
1551 5013 1612 5065 ut
1669 5011 1809 5064 illud
1869 5026 2106 5082 evange-

479 5102 652 5157 licum
718 5103 1070 5174 compleatur
1133 5119 1146 5157 :
1220 5123 1248 5153 «
1317 5104 1423 5168 Qui
1497 5107 1550 5158 te
1631 5103 1975 5172 percusserit
2050 5103 2109 5158 in

480 5195 792 5264 maxillam,
849 5195 1038 5268 praebe
1089 5196 1142 5252 ei
1203 5200 1261 5252 et
1326 5197 1584 5251 alteram.
1649 5217 1675 5244 ››
1734 5197 1801 5250 Et
1861 5196 2106 5268 prephe-

479 5286 589 5341 tice
657 5289 762 5343 hoc
836 5290 1084 5360 positum
1157 5293 1259 5357 est,
1321 5292 1386 5344 ut
1452 5289 1685 5344 doceret
1732 5287 2106 5356 Hierusalem,

479 5377 592 5432 hoc
658 5383 760 5448 est,
812 5383 994 5451 plebis
1067 5382 1313 5437 Judaica:
1383 5380 1686 5436 Ecclesiam
1755 5396 1873 5434 non
1945 5382 2110 5436 aliter

483 5485 604 5528 esse
688 5475 1049 5543 servandam,
1120 5475 1229 5530 nisi
1313 5491 1415 5546 per
1488 5473 1777 5545 Evangelii
1861 5473 2105 5546 discipli-

1931 4543 2112 4612 Dabit,

547 5604 612 5665 (7)
643 5603 786 5653 Edit.
815 5620 1027 5670 omnes,
1056 5611 1130 5659 Ne
1148 5610 1274 5660 dum
1300 5609 1463 5671 ferire
1495 5613 1677 5672 potens
1715 5609 1976 5673 injuriam
2013 5607 2107 5670 [a-

479 5680 634 5736 ceret,
662 5676 917 5727 indicium
955 5678 1267 5730 humilitatis
1298 5694 1405 5730 non
1438 5680 1714 5732 exhiberet.
1752 5682 1826 5730 At
1867 5694 1932 5732 ea
1981 5693 2106 5744 quas

479 5746 855 5800 resecavimus
907 5747 963 5796 in
1011 5760 1141 5798 mss.
1195 5749 1597 5816 desiderantur,
1635 5756 1693 5805 et
1737 5751 1850 5804 huc
1891 5752 2104 5805 intrusa

2214 4545 2344 4614 3-5),
2398 4544 2495 4615 qui
2558 4544 2752 4616 utique
2799 4547 3128 4599 nostrorum
3171 4545 3494 4600 consolator
3543 4541 3622 4594 est
3661 4532 3790 4587 atl'cc-
3889 4600 3896 4606 _

2212 4643 2394 4692 tuum.

2286 4729 2542 4803 1088
2575 4734 2624 4784 5.
2657 4729 2813 4794 Quod
2839 4733 3030 4784 autem
3059 4729 3140 4785 ait
3167 4747 3179 4784 :
3213 4753 3242 4779 (ί
3273 4728 3439 4783 Dabit
3470 4728 3526 4782 in
3552 4721 3792 4795 sepultura

2213 4841 2276 4879 os
2321 4840 2489 4878 suum
2536 4824 2776 4890 (Thren.,
2804 4839 2880 4891 ιιι,
2913 4823 3026 4893 29),
3057 4845 3082 4872 η
3116 4823 3366 4878 ostendit
3409 4818 3688 4892 quamdam
3725 4826 3790 4863 su-

2211 4934 2315 4989 pra
2363 4917 2595 4972 modum
2637 4916 2932 4988 sapientiae
2973 4916 3441 4981 taciturnitatem,
3470 4917 3533 4967 ut
3562 4917 3788 4977 tanquam

2211 5011 2450 5082 sepeliet
2475 5027 2538 5066 os
2565 5009 2882 5082 proprium,
2911 5026 2985 5064 ne
3015 5011 3304 5080 loquatur,
3327 5014 3382 5063 et
3408 5008 3555 5062 velut
3575 4997 3785 5072 quodam
3894 5012 3896 5015 ·

2210 5120 2418 5175 aggere
2457 5103 2732 5157 virtutum
2763 5102 3036 5172 obstruat,
3066 5119 3140 5156 ne
3177 5117 3367 5157 vocem
3414 5097 3610 5153 doloris
3649 5087 3786 5146 emit-
3889 5151 3895 5157 ,

2209 5201 2312 5263 tat,
2340 5201 2562 5251 tantum
2606 5196 2828 5268 pondus
2871 5211 3125 5250 asserens
3167 5193 3454 5266 patientiae
3486 5204 3644 5262 quam
3683 5195 3787 5252 spes
3887 5203 3903 5237 -:

2210 5290 2416 5355 foveat,
2445 5295 2506 5345 ut
2529 5306 2724 5344 vocem
2768 5289 2948 5360 ipsam
2974 5289 3128 5343 velut
3172 5289 3341 5342 busto
3367 5284 3600 5358 quodam
3625 5294 3682 5332 ac
3711 5278 3784 5328 tu-
3892 5357 3898 5364 .

2209 5385 2365 5437 mulo
2397 5382 2646 5454 sepeliat,
2674 5399 2737 5436 ac
2783 5383 3052 5449 includat,
3083 5398 3255 5454 quam
3282 5381 3440 5434 nulla
3464 5379 3783 5460 extorquere.

2207 5477 2433 5532 nullave
2456 5449 2717 5533 excitare
2753 5477 2931 5548 possit
2980 5449 3202 5548 injuria.
3234 5475 3410 5545 Hujus
3463 5454 3671 5541 quoque
3706 5460 3776 5513 lit-

2206 5609 2465 5660 videntur
2511 5610 2582 5661 ab
2624 5610 2842 5674 aliquo,
2895 5611 2990 5674 qui
3035 5609 3225 5661 nedum
3267 5608 3444 5670 ferire,
3494 5603 3628 5674 idem
3655 5603 3778 5674 33$

2205 5693 2271 5730 ac
2293 5679 2455 5731 multo
2481 5681 2656 5730 minus
2676 5663 2859 5742 fériré,
2887 5663 3003 5731 sive
3037 5663 3280 5745 aggredi,
3305 5663 3561 5729 nonsatis
3598 5663 3776 5719 intelli-

2204 5749 2384 5816 gebat.
