4082 6186
294 247 389 314 um

1355 252 1708 308 EXPOSITIO
1739 201 1816 309 .IN
1857 253 2174 310 PSALMUM
2210 255 2435 311 CXVIII.

3437 260 3456 311 I
3469 259 3571 312 402

285 389 386 439 tera:
419 377 941 449 interpretationem,
973 381 1039 430 ut
1075 376 1383 447 potuimus,
1410 377 1840 448 explicavimus,
1864 378 2049 463 Abas
2091 380 2407 435 viventibus
2451 380 2799 446 anteferret,
2847 382 2921 456 de
2961 397 3074 452 quo
3117 399 3233 436 non
3281 381 3571 437 immerito

281 475 517 532 veniamus
539 472 605 525 ad
629 471 930 542 psalmum.

331 573 372 624 6.
405 568 559 633 (Vers.
605 567 704 632 73.)
744 565 944 634 Itaque
973 562 1192 634 primus
1223 562 1532 618 versiculus
1561 567 1647 619 est
1676 581 1688 618 :
1720 567 1834 622 Ma-

277 678 354 717 nus
379 666 471 715 tuae
499 661 736 725 fecerunt
762 672 866 720 me,
896 662 945 712 et
967 663 1309 726 paraverunt
1339 673 1459 724 me;
1488 659 1560 712 da
1592 660 1728 714 mihi
1765 661 1842 713 in-

275 757 513 815 tellectum,
543 758 601 804 ut
628 751 832 805 discam
856 751 1124 805 mandata
1166 755 1282 804 tua.
1314 751 1517 822 Magno
1544 767 1841 806 commen-

274 845 475 902 dationis
515 843 738 898 exordio
779 859 908 898 usus
955 846 1060 912 est,
1105 847 1167 897 ut
1203 859 1344 914 opus
1379 843 1474 899 Dei
1514 860 1637 898 esse
1668 861 1726 899 se
1756 844 1841 899 di-

272 943 414 1007 ceret,
453 954 559 1010 quo
602 934 822 992 facilius
862 935 1009 991 circa
1051 936 1242 1007 operis
1280 937 1370 992 sui
1410 937 1652 1008 gratiam
1690 938 1845 992 favor

272 1033 594 1088 inclinaretur
614 1029 875 1085 auctoris.
899 1029 1141 1084 Grandis
1169 1029 1324 1084 enim
1350 1031 1732 1102 praerogativa
1758 1034 1846 1086 est

269 1127 411 1180 etiam
435 1125 487 1178 in
511 1124 675 1179 rebus
703 1123 991 1192 humanis,
1020 1127 1088 1177 ut
1124 1122 1329 1195 aliquis
1357 1122 1624 1195 operibus
1655 1129 1712 1178 et
1739 1123 1842 1179 be-

267 1219 440 1274 neﬁciis
464 1218 642 1272 faveat
685 1215 820 1284 suis,
853 1232 958 1271 nec
999 1215 1269 1271 meritum
1310 1220 1525 1288 spectet
1568 1217 1842 1286 alienum,

267 1313 342 1367 sed
378 1313 430 1366 in
467 1327 578 1366 suae
618 1309 821 1382 gratia:
862 1325 1072 1364 munus
1115 1309 1389 1377 intendat,
1434 1326 1504 1365 ne
1540 1310 1846 1366 videantur

266 1405 496 1476 abrogare
539 1403 694 1474 quod
739 1403 860 1474 ipse
909 1402 1161 1457 donavit.
1216 1406 1414 1474 Itaque
1462 1403 1565 1459 etsi
1612 1405 1680 1459 de
1727 1406 1844 1460 luto

266 1499 471 1569 corporis
511 1497 691 1551 nostri
734 1494 1053 1551 substantia
1096 1496 1188 1563 sit,
1219 1499 1277 1552 et
1315 1513 1482 1552 carne
1519 1497 1842 1567 induamur,

267 1598 307 1645 et
335 1607 515 1662 corpus
551 1591 768 1645 ossibus
806 1590 1094 1644 intexatur
1131 1594 1188 1644 et
1227 1590 1432 1658 nervis,
1464 1594 1661 1645 tamen
1691 1591 1845 1662 quod

267 1685 407 1738 simus
431 1682 897 1755 pretiosissimum
927 1699 1069 1753 opus
1107 1682 1232 1751 Dei,
1273 1699 1445 1737 nemo
1477 1683 1842 1738 dubitaverit.

268 1779 373 1831 Nam
411 1783 461 1831 et
501 1777 776 1832 fabricam
819 1776 1000 1846 ipsam
1043 1776 1286 1831 humani
1327 1777 1584 1846 corporis
1635 1777 1680 1830 si
1720 1758 1921 1848 quisB

267 1870 572 1925 considerare
616 1869 772 1936 velit,
822 1869 966 1924 nihil
1010 1869 1221 1940 poterit
1260 1869 1319 1923 in
1359 1875 1514 1924 terra
1551 1869 1846 1941 pretiosius

262 1963 488 2032 judicare.
516 1965 615 2018 Est
648 1963 803 2018 enim
846 1962 1018 2016 homo
1068 1967 1216 2017 statu
1253 1963 1450 2031 celsus,
1484 1963 1642 2016 vultu
1684 1963 1846 2018 deco-

267 2073 354 2126 rus,
383 2056 593 2111 caesarie
625 2061 842 2126 gratus,
872 2072 986 2110 non
1014 2057 1076 2109 in
1104 2056 1294 2110 alvum
1319 2060 1659 2111 casterorum
1685 2073 1846 2111 more

267 2153 480 2204 curvatus
513 2149 924 2216 animantium,
953 2149 1050 2204 sed
1087 2149 1211 2219 ipso
1257 2152 1478 2203 naturae
1509 2149 1641 2219 jure
1681 2149 1845 2204 subli-

270 2244 365 2308 mis,
389 2243 474 2312 qui
503 2244 557 2296 in
587 2243 798 2297 cmlum
826 2241 1004 2298 libero
1036 2244 1251 2313 spectet
1283 2242 1506 2309 obtutu,
1535 2242 1690 2296 nulla
1716 2259 1846 2314 cap-

271 2337 361 2388 tivae
397 2335 661 2390 servitute
713 2335 942 2390 cervicis
994 2335 1295 2406 depressus
1351 2335 1411 2389 in
1465 2338 1697 2403 terram,
1750 2336 1847 2392 sed

275 2433 489 2499 tanquam
542 2428 801 2500 propriae
849 2427 1107 2482 conscius
1149 2427 1444 2499 libertatis,
1493 2431 1553 2483 et
1594 2429 1848 2501 locuples

277 2521 332 2574 sui
350 2522 478 2577 testis
507 2521 790 2576 auctoris.

326 2619 363 2667 7.
398 2615 804 2670 Verumtamen
854 2613 913 2668 in
964 2614 1182 2669 caeteris
1233 2615 1624 2670 animantibus
1662 2631 1843 2672 mem-

289 2706 444 2762 brorum
470 2710 671 2763 forma
708 2707 992 2774 laudetur,
1031 2707 1090 2761 in
1129 2707 1333 2778 quibus
1360 2711 1572 2779 praeter
1602 2708 1847 2781 gratiam

289 2801 460 2869 corporis
495 2801 654 2856 nihil
697 2805 782 2856 est
823 2800 980 2854 aliud
1011 2799 1167 2871 quod
1207 2800 1547 2871 requiratur.
1581 2803 1758 2856 Homo
1786 2801 1846 2856 in

280 2906 324 2944 eo
343 2896 404 2946 est
427 2893 726 2964 pulchrior
753 2892 908 2964 quod
945 2909 1058 2947 non
1096 2892 1341 2963 videtur,
1369 2910 1488 2949 non
1525 2894 1585 2949 in
1610 2911 1846 2966 corpore

274 2986 381 3054 quod
411 2987 637 3042 videtur
665 3004 678 3041 :
708 2986 768 3040 in
801 3002 860 3041 se
888 2985 1106 3041 habens
1131 2985 1466 3041 aeternitatis
1493 2987 1760 3058 gratiam,
1794 2993 1850 3043 et

271 3080 585 3146 prasentium
613 3081 990 3135 venustatem.
1020 3099 1048 3127 «
1071 3079 1211 3143 Quin
1231 3079 1387 3135 enim
1407 3079 1687 3144 videntur,
1710 3086 1849 3136 tem-
1868 3120 1922 3194 Ο

272 3173 431 3194 _..__L'_
463 3178 590 3194 ----ι
646 3189 771 3194 _-_..
809 3189 926 3194 ---μ
955 3189 1066 3194 ___
1097 3172 1364 3194 _-:J-_L___.
1387 3175 1583 3194 “1-....-
1617 3175 1678 3194 III
1703 3174 1800 3194 n4“

272 3173 439 3240 poralia
460 3178 622 3242 sunt,
645 3189 778 3228 nam
803 3189 930 3244 qua:
955 3189 1073 3227 non
1097 3172 1366 3228 videntur
1383 3175 1593 3229 aeterna
1615 3175 1678 3243 (Il
1701 3174 1846 3244 Cor.,

269 3279 321 3331 Iv,
356 3267 442 3337 18).
481 3290 507 3317 υ
537 3269 612 3323 In
639 3267 746 3321 hoc
782 3265 1034 3320 terrestri
1070 3265 1314 3337 hospitio
1352 3266 1585 3322 indutus
1623 3267 1846 3323 habita-

267 3357 382 3413 tione
403 3360 636 3429 ctelesti,
667 3360 757 3415 cui
787 3359 959 3414 simul
988 3360 1260 3431 competit
1287 3363 1346 3414 et
1370 3360 1428 3414 in
1453 3361 1622 3415 terris
1647 3359 1847 3429 videri,

264 3456 303 3503 et
340 3452 436 3506 Deo
476 3453 675 3524 jungi.
724 3454 995 3524 Magnum
1046 3469 1185 3508 sane
1235 3469 1473 3521 munus,
1524 3453 1570 3508 si
1617 3471 1677 3508 se
1729 3454 1848 3526 ipse

263 3552 533 3617 cognoscat,
569 3551 638 3601 et
676 3546 940 3618 quaedam
966 3546 1151 3601 forma
1183 3545 1442 3617 justitiae,
1470 3547 1686 3602 mundo
1726 3563 1847 3601 ma-

262 3637 325 3704 gis
359 3655 516 3709 quam
567 3638 682 3694 sibi
722 3639 882 3694 nasci
934 3641 1026 3711 (8).
1079 3639 1238 3694 Unde
1289 3644 1346 3694 et
1392 3639 1661 3696 Salomon
1704 3639 1784 3694 ait
1832 3657 1845 3695 :

263 3731 498 3788 «Grande
531 3733 736 3802 homo,
770 3736 828 3788 et
854 3733 1171 3805 pretiosum
1202 3748 1346 3804 opus
1370 3733 1455 3787 vir
1477 3733 1799 3788 misericors
1833 3750 1846 3788 :

259 3822 405 3879 virum
441 3829 640 3881 autem
671 3825 902 3881 ﬁdelem
943 3842 1085 3897 opus
1121 3828 1208 3880 est
1234 3825 1493 3882 invenire
1526 3827 1726 3897 (Prom,
1757 3845 1848 3897 xx,

258 3916 314 3980 6).
336 3938 358 3965 ιι
387 3919 446 3972 Et
469 3935 610 3974 vere
644 3936 890 3990 magnus
916 3923 1001 3975 est
1031 3918 1128 3991 qui
1161 3924 1217 3974 et
1244 3919 1418 3974 divini
1460 3920 1646 3991 operis
1673 3921 1846 3976 inter-

258 4023 357 4076 pres
383 4014 477 4080 est,
507 4019 562 4068 et
597 4012 850 4068 imitator
873 4013 991 4068 Dei.
1021 4013 1199 4068 Homo
1231 4016 1316 4068 est
1349 4013 1501 4069 enim
1538 4015 1637 4085 qui
1667 4015 1852 4085 potuit

258 4101 410 4158 dicere
436 4123 450 4160 :
478 4127 505 4155 ι(
531 4106 858 4162 lmitatores
885 4105 1002 4161 mei
1032 4110 1233 4176 estote,
1262 4106 1406 4162 sicut
1431 4112 1490 4162 et
1513 4123 1620 4179 ego
1645 4108 1850 4164 Christi

259 4193 290 4250 (I
329 4196 454 4263 Con,
502 4217 581 4269 xI,
630 4200 702 4270 I).
749 4220 778 4249 »
824 4200 1055 4255 Terram
1105 4200 1332 4268 excolit,
1379 4200 1527 4256 mari
1575 4204 1850 4273 tanquam

260 4293 568 4357 possessione
607 4292 808 4361 utitur,
849 4291 972 4348 coeli
1006 4299 1342 4348 ornamenta
1383 4296 1578 4366 gratus
1609 4294 1853 4350 miratur

258 4389 463 4440 assertor
499 4388 600 4456 (9).
639 4387 966 4441 Evanuerat
1009 4402 1203 4442 rerum
1239 4392 1463 4458 natura,
1509 4387 1620 4442 nisi
1659 4388 1754 4460 qui
1787 4406 1852 4443 ea

263 4480 498 4547 uteretur,
526 4479 719 4534 divina
744 4479 1101 4550 providentia
1127 4485 1274 4536 esset
1297 4480 1572 4550 adjectus.

313 4570 356 4622 8.
381 4571 633 4643 Denique
667 4578 969 4644 postquam
1000 4572 1134 4627 fecit
1160 4573 1304 4628 Deus
1335 4574 1536 4628 coelum
1563 4576 1620 4629 et
1643 4576 1855 4630 terram

260 4665 302 4713 et
352 4665 552 4734 maria,
607 4670 980 4738 posteaquam
1035 4665 1229 4720 omnia
1274 4667 1528 4738 reptilia,
1584 4667 1850 4736 volatilia,

258 4753 556 4827 animantia,
584 4764 781 4830 postea
821 4759 1118 4814 hominem
1158 4760 1308 4827 fecit,
1340 4776 1511 4832 quem
1547 4761 1850 4840 animanti-

282 4876 360 4952 I(8)
387 4878 543 4952 Hanc
567 4879 907 4952 sententiam
931 4879 1338 4952 elegantissimis
1364 4883 1673 4944 expositam
1702 4895 1854 4946 repe-

259 4950 343 5016 ries
378 4950 520 5012 apud
563 4951 878 5001 Romanum
920 4956 1211 5013 oratorem,
1245 4951 1341 5001 lib.
1375 4965 1393 5002 ι
1431 4954 1508 5002 De
1551 4953 1752 5016 ofﬁciis,
1795 4953 1852 5002 in

260 5011 354 5067 haec
386 5011 550 5070 verba
579 5036 590 5068 :
623 5039 653 5067 ‹‹
696 5021 806 5072 Sed
853 5022 1138 5086 quoniam,
1169 5011 1233 5071 ut
1273 5023 1538 5085 praeclare
1583 5011 1851 5087 scriptum

258 5090 322 5134 est
347 5102 374 5137 a
399 5090 642 5154 Platone,
670 5105 780 5142 non
805 5093 969 5142 nobis
997 5093 1180 5142 solum
1203 5094 1319 5142 nati
1345 5106 1560 5155 sumus,
1587 5097 1852 5158 ortusque

259 5161 399 5229 nostri
424 5166 634 5225 partem
668 5164 845 5227 patria
874 5164 1138 5224 vindicat,
1175 5167 1386 5226 partem
1423 5169 1699 5227 parentes,
1725 5179 1850 5229 par-

260 5228 344 5306 tem
377 5232 534 5282 amici
568 5248 580 5281 :
613 5237 782 5306 atque
822 5237 899 5306 ut_
925 5234 1109 5306 placet
1153 5233 1374 5296 Stoicis,
1420 5248 1547 5299 quas
1591 5228 1851 5306 initerris

261 5302 543 5363 gignuntur,
571 5302 638 5352 ad
681 5317 844 5354 usum
886 5303 1179 5354 hominum
1215 5305 1400 5355 omnia
1437 5307 1631 5367 creari,
1667 5305 1849 5356 homi-

261 5378 339 5444 nes
376 5378 557 5424 autem
601 5374 891 5425 hominum
942 5389 1112 5426 causa
1161 5389 1284 5426 esse
1329 5377 1574 5440 genitos,
1626 5380 1690 5426 ut
1745 5378 1848 5440 ipsi

260 5442 376 5510 inter
404 5456 460 5494 se
483 5444 625 5495 alius
651 5446 745 5496 alii
780 5446 1044 5510 prodesse
1075 5450 1317 5510 possent,
1353 5447 1412 5496 in
1450 5447 1559 5498 hoc
1594 5452 1847 5498 naturam

262 5506 495 5565 debemus
537 5516 736 5569 ducem
776 5506 953 5582 sequi,
1003 5506 1432 5569 tat—communes
1479 5519 1747 5569 utilitates
1788 5520 1845 5570 in

260 5582 472 5635 medium
504 5586 711 5651 aﬂ‘erre,
737 5603 768 5637 is
802 5594 907 5640 etc.
935 5588 1145 5640 Laudat
1172 5590 1340 5640 etiam
1375 5589 1634 5641 Lucanus
1681 5589 1846 5642 Cato-

261 5659 361 5702 nem
388 5654 692 5712 Uticensem
722 5660 872 5724 quod
898 5661 1020 5723 ejus
1041 5664 1192 5712 secta
1222 5661 1387 5712 fuerit
1415 5675 1426 5708 :

362 5768 470 5819 Non
499 5773 619 5836 sibi,
648 5775 745 5826 sed
773 5777 873 5827 toti
897 5777 1147 5841 genitum
1177 5789 1237 5830 se
1266 5753 1492 5828 credere
1520 5776 1746 5828 mundo.

1943 473 2153 528 caelesti
2197 474 2479 530 sententia
2518 473 2810 529 resultavit
2849 491 2861 529 :
2911 496 2937 523 ‹‹
2982 474 3268 529 Faciamus
3311 473 3568 548 1089

1943 567 2239 622 hominem
2277 567 2347 621 ad
2387 566 2700 638 imaginem
2743 571 2801 622 et
2838 567 3272 622 similitudinem
3318 573 3568 622 nostram

1944 661 2124 732 (Gem,
2153 678 2192 727 ι,
2215 661 2327 729 26).
2351 682 2378 710 ››
2400 682 2512 710 -‹‹
2541 664 2753 718 Caetera
2785 661 2944 729 dixit,
2966 666 3022 716 et
3041 662 3188 715 facta
3219 663 3379 728 sunt;
3408 677 3567 714 man-

1944 754 2096 809 davit
2124 758 2182 809 et
2206 759 2390 809 creata
2417 758 2548 809 sunt
2575 755 2740 824 (Psal.
2772 771 2986 824 chVIII,
3016 755 3092 824 5),
3122 775 3150 803 »
3179 757 3244 808 ut
3270 755 3445 809 homo
3476 755 3570 808 tiat

1943 847 2200 919 specialis
2226 847 2460 919 quidam
2501 847 2601 902 Dei
2642 848 2862 903 accedit
2889 849 3169 916 hortatus,
3203 852 3264 902 ut
3294 850 3568 918 tanquam

1944 940 2250 996 laborantis
2276 940 2375 996 Dei
2411 940 2470 995 in
2511 941 2680 1012 hujus
2714 957 2956 996 munere
2984 944 3258 996 creaturae
3294 941 3569 1011 signiﬁca-

1942 1039 2104 1089 retur
2146 1035 2420 1106 operatio.
2469 1035 2615 1090 Deus
2664 1035 2894 1106 quidem
2947 1051 3145 1106 expers
3189 1035 3402 1090 laboris
3451 1039 3568 1102 est,

1941 1127 2037 1183 sed
2073 1130 2266 1183 tamen
2295 1127 2599 1199 Scriptura:
2636 1128 2808 1183 verba
2848 1127 2985 1199 quid
3015 1129 3187 1198 aliud,
3217 1128 3325 1183 nisi
3356 1127 3568 1182 studio—

1942 1237 2064 1275 sam
2111 1221 2194 1275 tui
2240 1221 2626 1292 operationem
2678 1222 2803 1292 ejus
2855 1222 3168 1278 ostendunt
3217 1222 3378 1292 (10)?
3420 1223 3569 1292 Ergo

1945 1314 1992 1368 si
2033 1315 2183 1370 Deus
2221 1314 2442 1385 majore
2478 1314 2728 1385 quodam
2763 1315 2950 1370 studio
2977 1320 3032 1370 te
3063 1315 3289 1382 creavit,
3323 1331 3422 1369 cur
3453 1315 3572 1386 ipse

1943 1407 2027 1462 tui
2075 1407 2332 1462 studium
2373 1407 2781 1479 derelinquas?
2820 1409 2878 1464 Si
2908 1409 3056 1463 Deus
3086 1408 3143 1464 in
3187 1415 3240 1463 te
3272 1407 3568 1474 laboravit,

1945 1501 2040 1572 qui
2080 1500 2336 1555 laborare
2374 1517 2492 1555 non
2533 1501 2709 1571 novit,
2745 1517 2845 1556 cur
2875 1501 2996 1573 ipse
3025 1502 3274 1573 fugitans
3301 1501 3375 1556 sis
3409 1501 3569 1556 labo-

1941 1593 2060 1648 ris?

2017 1691 2069 1742 9.
2100 1688 2297 1743 Manus
2332 1691 2460 1751 tuae,
2501 1686 2708 1759 inquit,
2733 1689 2973 1754 fecerunt
3013 1704 3116 1750 me,
3146 1694 3197 1742 et
3231 1695 3567 1758 paraverunt

1944 1796 2044 1836 me.
2098 1781 2313 1836 Clamat
2351 1780 2422 1834 ad
2467 1781 2646 1835 Deum
2685 1780 3007 1851 Propheta:
3039 1782 3190 1851 Opus
3232 1786 3416 1848 tuum,
3460 1782 3568 1835 Do-

1944 1873 2119 1939 mine,
2157 1889 2230 1927 ne
2269 1874 2514 1941 deseras,
2547 1889 2662 1927 non
2709 1873 3072 1944 derelinquas
3124 1875 3294 1942 (Psal.
3335 1890 3570 1943 cxxxvn,

1945 1968 2021 2036 8).
2072 1968 2146 2021 Te
2192 1969 2482 2021 auctorem
2529 1966 2828 2033 convenio,
2878 1968 2934 2020 te
2977 1971 3144 2021 teneo
3191 1967 3570 2036 conditorem,

1947 2059 2214 2131 praesidia
2239 2059 2428 2114 aliena
2456 2076 2570 2114 non
2603 2075 2818 2130 quaero.
2855 2061 2914 2114 In
2949 2059 3352 2130 adjumentum
3382 2061 3569 2115 accin-

1946 2169 2100 2224 gere,
2139 2153 2238 2224 qui
2269 2153 2554 2208 accinctus
2585 2169 2644 2208 es
2687 2158 2748 2207 ut
2781 2169 3020 2208 creares.
3059 2153 3173 2221 Dic,
3213 2154 3333 2225 ipse
3379 2153 3570 2220 David,

1948 2247 2084 2318 quid
2113 2246 2374 2316 senseris,
2404 2262 2505 2300 cur
2530 2245 2742 2301 dixeris
2771 2263 2785 2300 :
2813 2249 3010 2302 Manus
3041 2251 3145 2302 tuae
3170 2249 3415 2314 fecerunt
3447 2264 3527 2303 me
3547 2250 3575 2300 ?

1946 2339 2056 2395 Sed
2099 2339 2286 2395 dixisti
2327 2339 2567 2394 inferius
2601 2357 2614 2394 :
2646 2359 2674 2388 «
2714 2340 2973 2409 Domine,
3018 2340 3297 2395 retribues
3335 2345 3574 2411 propter

1947 2448 2074 2500 me;
2119 2431 2375 2501 Domine,
2415 2433 2806 2488 misericordia
2840 2437 2936 2488 tua
2968 2433 3029 2487 in
3072 2434 3363 2501 saeculum,
3403 2450 3574 2504 opera

1945 2542 2223 2580 manuum
2255 2529 2483 2580 tuarum
2513 2543 2632 2581 non
2671 2526 2901 2581 omittas
2932 2526 3140 2597 (Ibid.),
3180 2549 3206 2576 ››
3242 2527 3346 2580 hoc
3375 2530 3462 2582 est
3487 2527 3572 2581 di-

1947 2635 2077 2674 cere
2107 2636 2122 2674 :
2154 2619 2367 2675 Bestias
2395 2635 2512 2674 non
2539 2621 2802 2675 fecerunt
2826 2636 3029 2674 manus
3057 2625 3193 2687 tuae,
3223 2619 3319 2674 sed
3347 2619 3534 2674 dixisti
3559 2637 3572 2674 :

1949 2733 1977 2761 ‹‹
2029 2712 2348 2768 Producant
2403 2729 2568 2784 aqua:
2615 2713 2840 2783 reptilia
2882 2712 3206 2767 animarum
3262 2712 3574 2768 viventium

1947 2805 2124 2876 (Gem,
2172 2823 2208 2874 ι,
2240 2805 2354 2875 20),
2385 2828 2412 2855 »
2458 2809 2516 2860 et
2553 2806 2822 2877 produxit
2858 2809 3009 2860 terra
3039 2805 3352 2860 secundum
3391 2822 3574 2877 genus

1949 2897 2362 2970 quadrupedia,
2401 2903 2458 2953 et
2497 2899 2739 2970 reptilia,
2783 2902 2841 2953 et
2873 2897 3085 2952 bestias
3124 2902 3314 2952 terrae.
3358 2899 3442 2953 Me
3482 2915 3574 2952 au-

1946 2997 2083 3061 tem,
2116 2991 2322 3063 inquit,
2361 2991 2564 3059 fecisti,
2595 3008 2687 3047 me
2726 2991 2836 3046 tuis
2869 2991 3133 3046 manibus
3161 2991 3436 3062 ﬁgurasti,
3464 2991 3574 3046 hoc

1948 3089 2052 3152 est,
2095 3101 2208 3139 non
2249 3084 2506 3156 ﬁgurasti
2540 3084 2742 3141 bestias
2773 3083 3036 3139 manibus
3069 3085 3201 3153 tuis,
3236 3100 3351 3139 non
3389 3085 3573 3156 repti-

1948 3178 2041 3246 lia,
2087 3194 2205 3234 non
2241 3178 2492 3234 volatilia
2525 3200 2535 3231 :
2570 3179 2654 3234 Me
2698 3185 2881 3234 autem
2922 3181 3170 3246 fecerunt
3209 3194 3405 3234 manus
3448 3186 3572 3241 tua,

1948 3278 2000 3327 et
2021 3277 2361 3343 paraverunt
2387 3287 2487 3326 me.

2024 3368 2108 3421 tO.
2139 3365 2259 3420 Non
2299 3365 2586 3420 mediocre
2630 3382 2772 3436 opus
2813 3369 2915 3433 est,
2944 3365 3098 3437 quod
3139 3369 3402 3436 paratum
3441 3367 3527 3419 est
3559 3382 3572 3419 :

1948 3473 2078 3512 cum
2103 3456 2383 3528 sapientia
2410 3457 2868 3529 unumquodque
2895 3457 3217 3529 disponitur
3243 3463 3299 3512 et
3324 3463 3574 3528 paratur.

1949 3550 2200 3622 Denique
2231 3550 2518 3620 Sapientia
2547 3549 2686 3604 dicit
2710 3567 2724 3604 :
2756 3572 2783 3600 ς(
2812 3551 2952 3604 Cum
2982 3554 3210 3621 pararet
3234 3551 3418 3618 caelos,
3447 3567 3577 3604 cum

1950 3643 2043 3698 illo
2094 3659 2250 3697 eram
2295 3643 2501 3713 (Prom,
2549 3659 2664 3713 vm,
2705 3644 2817 3712 37).
2864 3664 2890 3692 ››
2936 3644 3092 3707 Quod
3138 3644 3208 3698 de
3250 3643 3579 3698 hominibus

1950 3735 2084 3790 dicit
2122 3735 2275 3790 idem
2314 3736 2594 3806 Propheta
2639 3754 2653 3790 :
2709 3758 2736 3785 ‹‹
2778 3737 2893 3790 Vox
2935 3736 3165 3791 Domini
3202 3736 3578 3808 praeparantis

1950 3845 2144 3884 cervos
2184 3829 2354 3900 (Psat.
2387 3845 2577 3897 xxvuI,
2609 3829 2684 3899 9).
2717 3851 2744 3879 »
2777 3829 2913 3894 Qua:
2942 3846 3042 3884 vox
3079 3829 3307 3884 Domini
3335 3829 3434 3883 Dei
3471 3832 3575 3896 est,

1949 3923 2056 3978 nisi
2105 3940 2119 3978 :
2169 3944 2198 3973 «
2243 3922 2531 3978 Faciamus
2573 3922 2870 3978 hominem
2915 3924 3096 3993 (Gem,
3151 3939 3189 3990 ι,
3240 3922 3351 3991 28).
3397 3944 3426 3973 »
3467 3921 3576 3986 Qui

1951 4019 2084 4071 sunt
2119 4016 2213 4071 isti
2248 4015 2417 4085 cervi,
2454 4015 2560 4070 nisi
2589 4015 2807 4071 inimici
2845 4015 3228 4087 serpentibus,
3265 4013 3366 4087 qui
3404 4031 3577 4086 super

1951 4109 2170 4180 aspides
2199 4109 2499 4164 ambulant
2527 4114 2584 4164 et
2612 4125 2833 4166 venena
2859 4126 2973 4165 non
3000 4109 3295 4164 sentiunt?
3323 4109 3445 4163 Non
3469 4107 3577 4163 vile

1950 4202 2148 4274 igitur,
2186 4219 2304 4257 non
2339 4203 2635 4275 corporale
2666 4203 2931 4272 arbitror,
2966 4203 3118 4275 quod
3158 4202 3375 4274 paravit
3410 4202 3576 4257 Deus.

1950 4296 2128 4350 Nosce
2157 4299 2211 4351 te
2237 4297 2451 4368 ipsum,
2480 4297 2653 4352 homo
2683 4315 2697 4352 :
2731 4300 2844 4351 tuae
2868 4296 3078 4351 anima:
3106 4295 3314 4351 dicitur
3341 4294 3400 4350 in
3431 4295 3575 4349 Can-

1951 4389 2075 4443 ticis
2119 4389 2472 4445 canticorum
2509 4413 2520 4444 :
2565 4412 2592 4439 «
2638 4390 2752 4444 Nisi
2793 4388 3122 4460 cognoveris
3167 4394 3224 4443 te
3267 4389 3576 4442 formosam

1869 4487 1928 4557 D
1952 4483 2010 4537 in
2059 4483 2391 4538 mulieribus
2433 4484 2638 4555 (Cant.,
2678 4501 2714 4553 ι,
2754 4484 2829 4553 7).
2873 4505 2900 4532 ››
2949 4475 3234 4553 Cognosce
3263 4485 3339 4548 te,
3366 4481 3574 4548 anima,

1954 4577 2091 4647 quia
2116 4593 2234 4632 non
2269 4577 2338 4631 de
2369 4579 2536 4646 terra,
2567 4592 2680 4630 non
2707 4576 2778 4630 de
2804 4575 2926 4630 luto
2958 4591 3037 4644 es,
3067 4573 3164 4646 qui
3192 4573 3498 4629 insufﬂavit
3522 4577 3578 4628 te

1953 4672 2102 4726 Deus
2143 4670 2278 4741 (II),
2325 4673 2382 4724 et
2413 4669 2545 4724 fecit
2587 4671 2640 4724 te
2682 4669 2741 4723 in
2783 4668 3035 4723 animam
3076 4667 3357 4723 viventem
3401 4667 3576 4737 (Gem,

1955 4780 2014 4832 II,
2054 4764 2130 4832 7).
2169 4763 2324 4834 Opus
2353 4779 2412 4816 es
2445 4763 2837 4834 magniﬁcum,
2880 4763 2974 4817 Dei
3007 4763 3375 4833 generatione
3410 4759 3579 4830 inspi-

1953 4885 2155 4935 Mirum
2184 4889 2269 4935 est
2297 4885 2487 4948 itaque
2515 4885 2804 4935 inventum
2842 4897 2964 4936 esse
2993 4884 3358 4935 christianum
3392 4881 3579 4931 homi—

1951 4968 2100 5018 nem,
2137 4956 2233 5020 qui
2277 4956 2606 5019 praeclarum
2649 4955 2759 5007 hoc
2797 4957 3216 5019 pronuntiatum
3252 4955 3582 5016 impugnare

1950 5027 2198 5078 auderet.
2237 5027 2524 5090 Praecipua
2559 5028 2679 5090 ejus
2708 5030 3033 5091 argumenta
3064 5025 3306 5088 displosa
3341 5023 3582 5086 reperies

1950 5100 2086 5147 tom.
2113 5097 2186 5146 Ill
2230 5096 2420 5147 Philas.
2458 5101 2555 5146 vet.
2597 5102 2644 5147 at
2673 5110 2817 5156 nou,
2847 5099 2998 5147 tract.
3028 5097 3076 5157 3,
3107 5095 3249 5157 disp.
3295 5096 3340 5154 1,
3382 5095 3583 5157 quast.

1949 5169 1997 5230 3,
2026 5172 2124 5218 art.
2156 5169 2204 5218 2.

2015 5240 2082 5302 (9)
2125 5238 2273 5290 Edit.
2316 5253 2531 5303 omnes,
2577 5240 2798 5304 grandis
2844 5241 3080 5289 miratur
3123 5242 3385 5299 assertor;
3429 5249 3582 5299 mss.,

1949 5316 2159 5375 gratus,
2185 5315 2292 5362 etc.

2015 5382 2109 5444 (10)
2168 5382 2330 5433 Rom.
2383 5382 2537 5444 edit.,
2595 5383 2702 5432 nisi
2755 5381 3049 5432 custodiam
3104 5381 3184 5431 tui
3233 5381 3296 5430 ob
3353 5381 3583 5444 gratiam

1947 5454 2317 5517 oporationum
2355 5455 2471 5516 ejus
2495 5453 2791 5503 ostendunt.
2826 5453 2947 5502 Vet.
2980 5450 3132 5512 edit.,
3163 5451 3270 5500 nisi
3291 5451 3583 5501 studiosam

1947 5522 2010 5574 ob
2054 5525 2291 5588 gratiam
2340 5524 2416 5574 tui
2463 5525 2843 5586 operationem,
2890 5526 2996 5573 etc.
3045 5520 3172 5584 Sed,
3216 5521 3278 5571 ob
3323 5523 3582 5584 gratiam,

1945 5606 2056 5644 nec
2115 5596 2173 5644 in
2231 5607 2364 5645 mss.
2431 5593 2730 5658 reperitur,
2787 5607 2895 5645 nec
2954 5594 3144 5645 sensui
3203 5591 3581 5643 necessarium

1947 5667 2105 5788 e881)
2133 5725 2368 5778 Cuncta
2397 5726 2550 5788 edit.,
2576 5727 2708 5790 quia
2729 5726 3021 5790 insufﬂauit
3040 5727 3097 5777 in
3122 5728 3171 5775 te
3193 5726 3352 5775 Deus.
3380 5721 3583 5773 Cuncti

1946 5798 2060 5851 fere
2087 5812 2220 5852 mss.
2249 5812 2362 5852 non
2386 5803 2699 5864 agnoscunt
2725 5799 3194 5865 praepositionem.
3226 5796 3441 5848 Rursus
3464 5796 3578 5844 vet.
