4082 6186
485 223 618 276 1403

1957 228 2011 281 S.
2054 224 2364 281 AMBROSII

3699 227 3831 282 1404

483 350 688 399 ratum.
722 367 748 393 α
781 345 1020 402 Attende
1063 345 1186 418 tibi,
1219 369 1246 396 ››
1287 352 1348 402 ut
1390 349 1476 402 lex
1508 348 1646 403 dicit
1682 348 1879 416 (Deut.,
1921 365 1990 417 iv,
2024 349 2100 420 9),
2125 361 2183 432 Α
2206 345 2539 402 Vindicatur
2571 346 2735 417 quasi
2772 347 3022 418 expulsa,
3070 364 3187 404 non
3220 347 3637 404 condemnatur
3670 349 3830 420 quasi

377 435 384 440 “
478 438 585 493 hoc
631 441 718 494 est
763 439 886 507 tibi,
931 439 986 494 id
1032 445 1136 508 est,
1181 441 1390 496 anima:
1435 446 1568 497 tuae.
1612 443 1914 498 Seecularia
1953 446 2008 498 te
2047 448 2105 498 et

478 532 772 588 mundana
795 549 869 588 ne
911 537 1163 603 teneant,
1194 535 1484 590 terrestria
1514 553 1631 592 non
1668 541 1980 592 morentur.
2020 537 2100 592 Ad

477 625 637 680 illum
675 629 795 681 tota
821 627 1140 684 intentione
1167 629 1396 696 festina,
1426 646 1496 684 ex
1536 631 1694 700 cujus
1730 631 2101 702 inspiratione

475 719 753 775 consistis.
808 740 837 769 ‹‹
889 722 1132 789 Grande,
1185 723 1401 794 inquit,
1458 723 1634 778 homo
1684 730 1739 778 et
1790 723 2099 794 pretiosum

477 829 618 884 opus
647 813 733 868 vir
758 814 1076 870 misericors
1099 833 1116 885 ;
1147 817 1336 872 virum
1363 820 1555 873 autem
1590 815 1815 872 fidelem
1849 833 1990 888 opus
2017 821 2102 872 est

474 905 727 963 invenire
769 908 972 976 (Prov.,
1012 927 1104 975 xx,
1149 911 1222 980 6).
1260 932 1286 960 »
1328 910 1509 976 Disce,
1546 911 1742 979 homo,
1785 910 1883 964 ubi
1926 926 2096 981 gran-

475 1000 576 1067 dis,
613 1000 708 1054 ubi
751 1002 1028 1072 pretiosus
1065 1003 1156 1057 sis.
1194 1004 1370 1059 Vilem
1413 1008 1468 1057 te
1519 1008 1668 1058 terra
1706 1003 2097 1072 demonstrat,

473 1093 572 1148 sed
602 1093 910 1165 gloriosum
941 1096 1114 1152 virtus
1141 1097 1294 1164 facit,
1326 1097 1466 1151 fides
1504 1112 1718 1163 rarum,
1747 1096 1938 1169 imago
1964 1113 2095 1168 pre-

475 1186 702 1243 tiosum.
729 1192 812 1245 An
849 1189 1158 1262 quidquam
1188 1193 1306 1244 tam
1338 1190 1651 1262 pretiosum
1691 1206 1866 1262 quam
1903 1191 2097 1262 imago

475 1284 560 1336 est
595 1281 718 1350 Dei,
753 1298 880 1354 quae
910 1283 1098 1354 primo
1135 1283 1238 1338 tibi
1275 1283 1448 1338 ﬁdem
1493 1283 1664 1340 debet
1687 1283 2009 1351 infundere,
2038 1288 2100 1340 ut

472 1373 530 1428 in
575 1375 742 1430 corde
786 1381 883 1431 tuo
926 1377 1208 1448 refulgeat
1241 1377 1506 1450 quaedam
1552 1377 1800 1432 auctoris
1842 1376 2094 1448 etﬁgies;

470 1484 541 1523 ne
569 1469 666 1540 qui
692 1475 938 1525 mentem
979 1475 1133 1524 tuam
1168 1471 1498 1542 interrogat,
1530 1487 1645 1526 non
1672 1473 1945 1542 agnoscat
1969 1485 2097 1525 auc-

471 1564 653 1615 torem
671 1561 698 1615 ?
722 1563 807 1616 An
832 1561 1145 1634 quidquam
1175 1566 1294 1618 tam
1331 1563 1668 1635 pretiosum,
1697 1579 1874 1635 quam
1912 1563 2098 1618 humi-

472 1653 614 1721 litas,
660 1659 717 1709 et
762 1660 1022 1710 naturam
1064 1657 1318 1726 corporis
1361 1656 1682 1727 animaeque
1725 1655 2093 1727 perspiciens,

469 1746 631 1801 alteri
661 1749 716 1802 te
743 1747 1025 1818 subjicias,
1057 1749 1301 1804 alterum
1342 1765 1546 1820 regere
1590 1747 1846 1822 1090
1884 1765 2094 1819 cogno-

470 1855 591 1893 scas
619 1840 775 1909 (l'2)?
811 1842 993 1894 Prona
1023 1841 1081 1896 in
1109 1841 1311 1896 vitium
1356 1842 1540 1896 carnis
1586 1841 1842 1897 illecebra
1879 1843 2097 1897 miseri-

469 1931 718 1987 cordiam
764 1932 983 2001 suadet,
1030 1933 1165 2006 quia
1212 1935 1363 2005 quod
1412 1936 1576 1991 alteri
1619 1935 1942 2003 contuleris,
1990 1936 2095 1990 tibi

470 2025 676 2079 solvis:
709 2025 985 2097 quidquid
1020 2044 1053 2082 a
1089 2030 1143 2082 te
1189 2027 1466 2098 procedit,
1506 2027 1563 2083 in
1603 2031 1659 2082 te
1714 2029 1992 2098 recurrit;
2039 2032 2097 2085 et

470 2117 746 2189 quidquid
773 2119 1075 2190 profueris,
1104 2120 1207 2175 tibi
1234 2121 1478 2192 prolicit.

545 2215 628 2267 11.
661 2212 869 2267 Vivacis
908 2213 1117 2268 animae
1155 2213 1319 2286 vigor
1359 2230 1577 2284 sensus,
1621 2215 1876 2285 rationis,
1919 2220 1976 2271 et
2013 2216 2094 2271 in-

472 2305 726 2360 tellectus
779 2323 972 2378 capax,
1030 2311 1202 2378 atque
1253 2308 1455 2377 judicii
1484 2326 1500 2378 ;
1556 2314 1618 2363 ut
1665 2309 1841 2380 digna
1893 2309 2094 2364 domus

470 2402 628 2454 tanto
679 2399 991 2455 habitatore
1031 2401 1310 2469 videatur,
1359 2417 1471 2456 non
1523 2402 1751 2457 amittat
1793 2419 1907 2458 suae
1954 2419 2094 2474 prae-

468 2491 780 2562 rogativam
843 2497 1083 2561 naturas,
1147 2510 1220 2548 ne
1285 2494 1534 2549 hominis
1587 2511 1795 2550 nomen
1847 2496 2090 2552 amittat.

465 2584 756 2657 Scriptura
798 2585 955 2642 enim
1005 2603 1137 2642 eum
1181 2587 1474 2643 hominem
1517 2588 1684 2658 dicit,
1742 2588 1841 2660 qui
1888 2595 1974 2644 est
2021 2589 2093 2644 ad

466 2677 780 2751 imaginem
807 2685 864 2735 et
887 2680 1318 2737 similitudinem
1347 2683 1477 2750 Dei;
1506 2687 1847 2754 peccantem
1875 2686 2090 2751 autem,

464 2789 579 2828 non
627 2773 964 2841 hominem,
1017 2775 1112 2830 sed
1163 2777 1265 2830 aut
1309 2781 1672 2846 serpentem,
1725 2782 1821 2832 aut
1877 2792 2092 2848 equum

466 2865 895 2923 adhinnientem
926 2868 1174 2936 feminis,
1205 2873 1300 2924 aut
1331 2870 1712 2941 vulpeculam,
1740 2874 1837 2924 aut
1856 2869 2090 2940 jumen-

467 2963 588 3014 tum
636 2977 838 3016 vocare
879 2962 1188 3019 consuevit.
1239 2984 1267 3010 «
1319 2963 1496 3018 Nolite
1546 2962 1673 3018 ﬁeri
1720 2963 1863 3017 sicut
1911 2979 2092 3035 equus

466 3056 566 3108 aut
593 3054 781 3108 mulus
816 3054 1021 3125 quibus
1059 3071 1176 3110 non
1216 3060 1301 3110 est
1343 3055 1684 3110 intellectus.
1725 3057 1787 3110 In
1831 3071 1998 3110 camo
2037 3063 2092 3110 et

466 3147 627 3201 freno
670 3147 926 3202 maxillas
969 3162 1168 3202 eorum
1207 3148 1561 3219 constringe,
1607 3149 1704 3219 qui
1753 3148 1823 3202 ad
1869 3154 1926 3204 te
1972 3166 2090 3206 non

461 3239 931 3310 apprOpinquant
969 3241 1141 3309 (Paul.
1179 3258 1328 3308 xxxx,
1363 3243 1437 3311 9).
1483 3264 1510 3290 ››
1541 3243 1650 3295 Et:
1685 3263 1713 3291 «
1743 3242 1920 3297 Dicite
1960 3243 2091 3298 huic

464 3331 618 3403 vulpi
655 3333 828 3401 (Luc.,
867 3349 979 3400 xm,
1013 3336 1101 3400 32,
1144 3355 1170 3382 »
1216 3334 1284 3389 de
1331 3334 1547 3390 Herode
1585 3336 1685 3390 ait.
1735 3358 1762 3385 ‹‹
1792 3336 2088 3392 Generatio

462 3424 784 3495 viperarum
827 3445 854 3478 »
904 3429 1137 3482 vocatur
1195 3444 1226 3481 a
1285 3429 1502 3483 Joanne
1565 3429 1722 3500 plebs
1782 3430 2087 3485 hominum

464 3521 634 3582 (Luc.,
685 3535 764 3585 ur,
813 3521 888 3588 7).
937 3521 1204 3592 Magnum
1250 3537 1390 3591 ergo
1433 3538 1573 3592 opus
1623 3523 1718 3578 Dei
1759 3538 1842 3592 es,
1890 3523 2087 3591 homo,

465 3627 740 3683 magnum
784 3616 871 3668 est
903 3614 1054 3685 quod
1097 3614 1258 3669 dedit
1301 3614 1403 3670 tibi
1449 3616 1616 3684 Deus,
1658 3616 1780 3671 vide
1824 3633 1896 3672 ne
1935 3618 2088 3688 quod

465 3707 609 3760 Deus
645 3707 862 3774 tribuit,
902 3708 1130 3762 amittas
1166 3725 1442 3779 magnum
1479 3709 1618 3764 illud
1663 3726 1892 3780 munus,
1933 3711 2089 3781 quod

461 3816 520 3854 es
557 3801 626 3856 ad
658 3801 977 3872 imaginem
1013 3801 1138 3870 Dei,
1176 3807 1229 3858 et
1261 3802 1366 3857 hoc
1404 3802 1465 3857 in
1503 3808 1555 3858 te
1587 3803 1852 3873 puniatur
1880 3804 2086 3875 magis.

462 3894 610 3948 Deus
633 3895 787 3950 enim
817 3911 928 3949 non
957 3894 1124 3964 punit
1148 3894 1585 3950 similitudinem
1615 3912 1798 3962 suam,
1827 3895 1928 3950 sed
1954 3912 2086 3952 eum

459 3987 628 4057 punit
664 3987 762 4058 qui
803 3988 875 4041 ad
921 3987 1358 4044 similitudinem
1405 3989 1499 4044 Dei
1543 3989 1740 4056 factus,
1781 3988 1891 4044 hoc
1935 3989 2089 4060 quod

462 4080 699 4150 accepit,
732 4096 952 4137 servare
983 4097 1100 4136 non
1132 4083 1319 4152 potuit
1349 4085 1481 4150 (l3).
1513 4082 1750 4138 Punitur
1777 4099 1914 4154 ergo
1950 4083 2088 4139 illud

460 4172 613 4243 quod
657 4174 727 4228 ad
771 4173 1210 4230 similitudinem
1249 4176 1346 4230 Dei
1393 4192 1510 4230 esse
1557 4176 1796 4243 desistit,
1838 4177 1947 4232 hoc
1982 4180 2086 4243 est,

460 4268 757 4334 peccatum
805 4269 991 4321 tuum.
1045 4268 1185 4322 Nam
1248 4285 1410 4322 suam
1463 4269 1612 4324 Deus
1672 4285 1789 4324 non
1854 4269 2090 4323 damnat

458 4358 793 4430 imaginem,
828 4376 929 4415 nec
956 4361 1015 4416 in
1045 4361 1181 4416 illud
1211 4361 1536 4417 incendium
1568 4362 1743 4417 mittit
1772 4365 2086 4427 aeternum;

2203 456 2318 494 rea.
2367 441 2665 510 Postquam
2709 439 2862 495 enim
2900 441 3158 510 peccasti,
3207 441 3365 496 aliud
3419 457 3540 496 esse
3589 441 3830 513 coepisti,

2201 533 2342 588 illud
2397 532 2548 604 quod
2607 549 2773 598 eras,
2836 550 2957 589 esse
3019 533 3251 590 desiisti.
3307 535 3602 599 Quomodo
3655 535 3835 606 igitur

2201 627 2437 698 punitur
2476 627 2536 682 in
2577 631 2655 696 te,
2696 627 2848 698 quod
2884 627 2939 682 in
2981 631 3038 682 te
3078 644 3196 683 non
3232 628 3558 683 invenitur?
3601 630 3744 684 Nam
3785 629 3832 683 si

2200 721 2526 777 inveniatur
2551 721 2611 776 in
2646 724 2703 776 te
2743 721 2932 791 imago
2963 721 3059 777 Dei
3094 724 3152 776 et
3179 721 3516 788 similitudo,
3545 739 3663 778 non
3693 739 3829 794 sup-

2201 814 2370 884 plicio
2410 814 2611 886 incipis
2651 814 2859 885 dignus
2897 830 3040 881 esse,
3083 814 3182 870 sed
3218 815 3474 886 praemio.
3521 817 3600 871 Ita
3641 816 3832 887 imago

2201 907 2291 962 illa
2335 923 2449 980 qua
2485 907 2551 962 ad
2583 907 2897 979 imaginem
2939 911 2996 962 et
3039 907 3474 964 similitudinem
3511 909 3610 964 Dei
3647 909 3832 964 factus

2201 1017 2280 1067 es,
2310 1017 2422 1056 non
2457 1000 2896 1067 condemnatur,
2929 1000 3029 1056 sed
3064 1005 3388 1056 coronatur.
3422 1003 3830 1058 Condemnaris

2199 1100 2394 1149 autem
2441 1094 2500 1148 in
2544 1111 2631 1160 eo,
2671 1095 2822 1166 quod
2864 1095 2984 1165 ipse
3029 1098 3279 1150 mutatus
3321 1111 3401 1162 es,
3446 1098 3509 1149 ut
3547 1096 3716 1150 ﬁeres
3757 1113 3830 1151 ex

2200 1187 2428 1242 homine
2489 1203 2751 1259 serpens,
2808 1189 3027 1254 mulus,
3090 1203 3299 1259 equus,
3355 1189 3674 1260 vulpecula.
3733 1189 3830 1246 His

2199 1280 2350 1335 enim
2389 1279 2712 1336 nominibus
2752 1281 2878 1352 jam
2917 1297 3022 1336 nos
3065 1281 3356 1354 Scriptura
3396 1282 3827 1352 condemnavit,

2197 1373 2331 1444 quia
2386 1373 2540 1428 exuti
2595 1373 2834 1430 coelest
2895 1373 3166 1446 imaginis
3227 1381 3593 1444 ornamento,
3650 1375 3827 1432 etiam

2201 1481 2410 1522 nomen
2462 1466 2708 1522 hominis
2759 1467 3095 1535 amittimus,
3143 1467 3241 1540 qui
3288 1469 3536 1541 gratiam
3580 1469 3828 1525 hominis

2199 1575 2311 1614 non
2343 1565 2622 1616 tenemus.

2273 1656 2358 1708 t2.
2403 1655 2464 1709 In
2515 1653 2796 1726 aliquibus
2847 1657 3041 1710 tamen
3097 1654 3388 1710 codicibus
3438 1655 3768 1712 invenimus
3810 1673 3824 1711 :

2117 1727 2395 1802 BManus
2439 1753 2547 1801 tuae
2592 1750 2840 1815 fecerunt
2880 1764 2982 1810 me,
3025 1755 3076 1803 et
3120 1749 3531 1819 plasmaverunt
3567 1766 3667 1805 me.
3713 1751 3828 1805 Nec

2195 1839 2346 1894 istud
2390 1839 2676 1906 alienum;
2726 1840 2863 1912 quia
2905 1843 2964 1896 et
3009 1841 3112 1898 Job
3156 1841 3298 1896 dixit
3344 1859 3357 1895 :
3409 1864 3437 1891 ‹‹
3479 1843 3676 1898 Manus
3711 1849 3826 1899 tua:

2195 1933 2612 2004 plasmaverunt
2653 1949 2777 2003 me,
2827 1939 2884 1990 et
2929 1934 3191 1990 fecerunt
3228 1952 3321 1990 me
3367 1937 3504 2002 (Job,
3560 1953 3626 2003 x,
3671 1938 3748 2003 8).
3793 1959 3821 1986 ιι

2195 2027 2356 2082 Unde
2395 2030 2454 2082 et
2487 2027 2579 2082 hic
2609 2027 2872 2096 edicitur,
2909 2031 2971 2083 ut
2997 2028 3330 2084 meminerit
3359 2029 3507 2084 Deus
3541 2028 3674 2102 quia
3706 2031 3826 2101 pul-

2195 2118 2276 2175 vis
2301 2136 2516 2187 sumus,
2549 2124 2612 2175 ut
2639 2120 2919 2177 uberioris
2946 2120 3146 2193 gratiae
3171 2137 3378 2176 munus
3406 2122 3690 2190 infundat,
3718 2139 3823 2180 nec

2195 2211 2489 2268 inﬁrmum
2519 2229 2662 2286 opus
2699 2213 2946 2270 deserat.
2987 2213 3342 2271 Gubernator
3374 2214 3680 2271 fluctuante
3718 2233 3822 2270 na-

2194 2307 2346 2377 vigio
2395 2308 2524 2378 plus
2568 2306 2778 2362 laboris
2826 2307 3134 2380 impendit,
3171 2324 3350 2380 quam
3391 2325 3522 2364 cum
3571 2309 3825 2365 secundo

2194 2399 2504 2471 remigium
2543 2398 2754 2456 labitur
2790 2400 2988 2470 ﬂuctu,
3023 2404 3124 2456 aut
3150 2404 3455 2457 ventorum
3492 2403 3682 2473 ﬂatus,
3718 2419 3824 2458 suo

2194 2497 2496 2564 superante
2525 2491 2742 2560 labore,
2771 2493 3068 2564 praecurrit
3100 2495 3233 2562 (14).

2266 2588 2350 2641 13.
2390 2588 2587 2642 Manus
2629 2591 2755 2649 tuae,
2793 2587 3001 2657 inquit,
3043 2589 3450 2658 plasmauerunt
3487 2604 3589 2644 me.
3629 2589 3823 2643 Manus

2192 2679 2329 2734 dicit
2374 2679 2687 2750 pluraliter,
2735 2695 2851 2734 non
2902 2696 3160 2735 manum.
3209 2683 3279 2736 At
3320 2697 3455 2736 vero
3499 2681 3636 2736 alibi
3676 2680 3758 2736 ait
3803 2699 3817 2736 :

2195 2792 2222 2820 ‹‹
2265 2773 2382 2844 Ego
2413 2787 2587 2826 manu
2625 2788 2756 2827 mea
2790 2772 3023 2827 solidavi
3061 2774 3263 2828 calum
3305 2777 3453 2842 (lsa.,
3493 2791 3614 2841 xnv,
3648 2778 3756 2842 l2).
3790 2797 3817 2824 »ι

2194 2867 2259 2920 Et
2285 2881 2296 2919 :
2323 2886 2351 2914 «
2380 2867 2576 2921 Manus
2600 2881 2730 2921 mea
2749 2865 2885 2921 fecit
2909 2866 3029 2921 haec
3057 2869 3206 2936 (Isu.,
3231 2885 3375 2937 vai,
3404 2870 3480 2937 2).
3502 2890 3530 2918 ››
3555 2867 3604 2940 1
3621 2867 3808 2941 091

2193 2961 2255 3014 In
2305 2958 2554 3014 hominis
2599 2959 3004 3014 constitutione
3052 2961 3272 3016 videtur
3319 2978 3436 3017 non
3477 2962 3820 3029 abundasse,

2194 3052 2348 3123 quod
2380 3052 2482 3107 toti
2518 3052 2760 3121 mundo,
2792 3059 2852 3107 ut
2879 3053 3061 3122 fieret,
3090 3053 3418 3110 abundavit.
3447 3055 3665 3112 Caslum
3706 3073 3824 3110 una

2192 3146 2441 3200 ﬁrmavit
2482 3161 2706 3214 manus,
2756 3149 2818 3200 ut
2864 3145 3139 3218 scriptum
3183 3151 3286 3215 est,
3333 3154 3391 3202 et
3433 3151 3679 3221 utraque
3719 3149 3820 3204 Dei

2191 3255 2393 3294 manus
2426 3239 2725 3294 hominem
2754 3239 3038 3310 ﬁguravit,
3067 3245 3128 3295 ut
3154 3239 3420 3313 legimus.
3458 3242 3671 3298 Ctelum
3704 3259 3821 3297 non

2191 3333 2262 3387 ad
2304 3331 2768 3402 similitudinem,
2810 3332 2978 3388 homo
3017 3334 3088 3388 ad
3124 3333 3577 3391 similitudinem.
3615 3337 3820 3408 Angeli

2191 3425 2263 3480 ad
2292 3424 2699 3492 ministerium,
2728 3426 2902 3481 homo
2929 3427 2999 3481 ad
3026 3427 3367 3499 imaginem.

2265 3519 2349 3573 14.
2398 3520 2528 3574 Esto
2582 3523 2644 3573 ut
2687 3524 2743 3573 et
2783 3519 2972 3590 angeli
3028 3519 3099 3574 ad
3154 3519 3485 3592 imaginem.
3535 3521 3825 3593 Scriptura

2190 3618 2381 3666 tamen
2405 3612 2476 3668 de
2507 3611 2740 3667 homine
2766 3612 2954 3668 locuta
2979 3616 3064 3667 est
3090 3613 3245 3684 quod
3277 3613 3350 3668 sit
3377 3614 3450 3669 ad
3481 3614 3817 3686 imaginem.

2191 3704 2478 3760 Habemus
2525 3705 2683 3759 enim
2723 3704 2938 3776 aliquid
2984 3706 3139 3777 quod
3185 3707 3424 3762 fortasse
3467 3709 3658 3784 angeli
3703 3726 3819 3764 non

2189 3797 2470 3866 habeant;
2525 3797 2620 3852 ubi
2672 3798 2830 3852 enim
2886 3798 3197 3854 abundavit
3253 3805 3565 3870 peccatum,
3612 3817 3820 3873 snper-

2189 3889 2504 3946 abundavit
2547 3891 2749 3963 gratia.
2779 3890 2950 3946 Nobis
2987 3899 3070 3946 est
3109 3897 3278 3948 natus
3304 3893 3556 3950 Christus
3587 3910 3655 3950 ex
3693 3894 3819 3950 Vir-

2190 3984 2342 4055 gine.
2385 3984 2652 4055 Legimus
2683 3984 2840 4039 enim
2888 4001 2901 4040 :
2943 4005 2972 4033 «
3011 3986 3158 4040 Puer
3197 3989 3367 4041 natus
3409 3991 3494 4042 est
3538 3987 3719 4055 nobis,
3764 3995 3826 4044 et

2188 4077 2334 4132 ﬁlius
2361 4077 2524 4133 datus
2567 4083 2651 4133 est
2693 4077 2854 4133 nobis
2899 4079 3052 4146 (Isa.,
3088 4095 3162 4147 ιι,
3207 4081 3285 4148 6).
3318 4100 3346 4129 η
3382 4081 3548 4136 Nobis
3587 4097 3819 4138 carnem

2189 4171 2470 4242 suscepit,
2521 4171 2635 4226 imo
2686 4171 2874 4242 potius
2920 4187 3023 4226 nos
3071 4171 3128 4225 in
3179 4172 3278 4227 illa
3327 4190 3494 4228 carne
3539 4175 3820 4246 suscepit,

2190 4265 2339 4335 quod
2388 4263 2589 4319 Filium
2640 4267 2752 4332 (l5)
2785 4264 3037 4320 hominis
3080 4265 3138 4320 in
3183 4266 3281 4320 Dei
3321 4267 3454 4322 sede
3499 4269 3818 4323 constituit.

2189 4357 2308 4412 Non
2355 4357 2485 4428 lego
2535 4357 2770 4428 angelos
2815 4356 2871 4412 in
2921 4357 3017 4413 Dei
3070 4358 3201 4414 sede
3255 4358 3363 4414 nisi
3418 4363 3652 4428 stantes,
3706 4362 3820 4417 nisi

459 4452 554 4508 sed
609 4453 788 4525 magis
848 4453 1095 4509 vindicat
1153 4455 1473 4527 imaginem
1531 4471 1691 4510 suam
1740 4456 1812 4510 de
1865 4471 1936 4510 eo
1989 4450 2571 4527 quiDministerium
2607 4451 2928 4506 deierantes
2973 4452 3181 4518 (Hebr.,
3231 4469 3268 4518 1,
3322 4454 3414 4521 14;
3461 4456 3652 4524 Apoc.,
3699 4471 3819 4524 vm,

460 4543 696 4615 imagini
726 4543 806 4599 illi
847 4544 979 4598 fecit
1015 4542 1304 4614 injuriam,
1333 4547 1398 4599 ut
1434 4562 1538 4616 per
1575 4544 1852 4600 malitiam
1884 4545 2082 4613 homo,

459 4633 612 4704 quod
655 4649 802 4702 eras,
847 4650 966 4688 esse
1001 4633 1307 4701 desineres,
1349 4639 1406 4690 et
1447 4635 1612 4690 fieres
1645 4635 1831 4689 mulus
1869 4651 1937 4690 ex
1975 4635 2082 4690 ho-

456 4723 631 4777 mine.
677 4721 1006 4777 Vindicatur
1046 4739 1186 4793 ergo
1231 4723 1444 4795 imago,
1492 4740 1607 4778 non
1648 4723 2082 4778 condemnatur.

455 4844 609 4904 edit.,
647 4844 788 4908 Opus
829 4847 907 4894 est
944 4844 1300 4909 magniﬁcum,
1331 4845 1430 4894 Dei
1467 4845 1802 4908 generatione
1842 4844 2086 4908 inspira-

453 4920 581 4965 tum.
614 4915 792 4976 Rom.,
828 4916 969 4979 Opus
1010 4915 1345 4977 magnificum
1381 4919 1454 4964 est
1491 4914 1661 4973 homo,
1701 4914 1800 4964 Dci
1843 4913 2087 4977 inspira-

455 4989 597 5038 tione
630 4988 936 5050 formatum.
977 4985 1186 5036 Omnes
1216 4997 1347 5034 mss.
1390 4988 1454 5034 ut
1479 4985 1535 5034 in
1577 4988 1752 5046 textu,
1788 4985 1895 5035 nisi
1938 4984 2087 5048 quod

453 5061 645 5110 ultima
670 5058 837 5110 verba
867 5061 978 5107 tres
1018 5057 1100 5108 sic
1139 5056 1524 5117 invertunt....,
1556 5056 1906 5118 inspiratione
1932 5069 2086 5120 gene-

454 5136 650 5181 ratum.

513 5202 611 5264 (l2)
646 5201 794 5252 Edit.
837 5203 948 5250 ant.
982 5212 1048 5250 ac
1095 5211 1226 5249 mss.
1255 5211 1425 5263 prope
1469 5211 1664 5250 omnes
1704 5197 1798 5250 hic
1841 5198 2088 5262 corrupti

453 5276 600 5322 sunt.
644 5271 792 5322 Edit.
825 5271 1004 5332 Rom.,
1027 5269 1201 5320 altera
1243 5275 1290 5319 te
1312 5269 1587 5333 subjicias,
1619 5269 1790 5320 altero
1825 5273 1872 5319 te
1907 5281 2087 5333 recog-

456 5356 660 5394 noscas.
712 5344 923 5394 Verum
966 5356 1096 5394 cum
1142 5357 1174 5392 a
1222 5355 1356 5392 mss.
1405 5355 1470 5392 ac
1512 5345 1620 5391 vet.
1671 5341 1803 5391 edit.
1851 5341 2087 5391 nimium

454 5413 693 5474 recedat,
720 5413 844 5464 cod.
875 5413 1041 5464 Vind.
1073 5418 1129 5465 et
1157 5412 1316 5464 Sorb.
1345 5412 1638 5464 lectionem
1661 5413 1843 5463 secutl
1869 5424 2084 5462 sumus.

453 5486 667 5537 Rursus
695 5485 904 5536 ibidem
948 5484 1076 5536 edit.
1123 5497 1339 5545 omnes,
1378 5483 1623 5534 itlecebra
1665 5497 1682 5531 :
1720 5481 2089 5533 misericordia

449 5554 656 5606 suadet.
693 5556 898 5608 Contra
939 5569 1132 5607 omnes
1175 5569 1327 5617 mss.,
1383 5553 1627 5605 illecebra
1669 5552 2088 5604 misericordiam

450 5627 655 5678 suadet.
689 5628 810 5679 Non
837 5627 999 5678 male.

515 5699 613 5760 (l3)
643 5699 799 5750 Rom.
847 5699 978 5749 edit.
1023 5698 1160 5759 sola,
1190 5710 1404 5748 servare
1443 5709 1551 5747 non
1593 5694 1777 5746 uoluit.
1823 5692 1935 5746 Sed
1978 5694 2089 5756 hic,

451 5771 644 5835 potuit,
679 5772 758 5822 uti
803 5768 872 5819 de
914 5768 1114 5820 eodem
1163 5767 1336 5822 verbo
1377 5771 1493 5834 jam
1536 5766 1802 5830 diximus,
1847 5765 2091 5820 liberiori

2185 4545 2248 4605 2;
2292 4543 2457 4602 Dun.,
2497 4556 2590 4609 vn,
2642 4541 2749 4607 10).
2794 4539 2913 4594 Non
2953 4539 3083 4611 lego
3125 4540 3373 4612 angelos,
3415 4541 3516 4596 sed
3549 4542 3820 4598 homines

2186 4629 2549 4700 consepultos
2609 4626 2868 4696 Christo,
2937 4634 2993 4684 et
3055 4629 3112 4683 in
3179 4629 3402 4685 Christo
3459 4631 3821 4687 resuscitatos

2190 4722 2383 4787 (Rom.,
2426 4734 2500 4785 vi,
2550 4719 2605 4785 4,
2649 4721 2724 4785 5).
2779 4717 3030 4789 Denique
3075 4719 3156 4772 ait
3199 4719 3496 4790 Apostolus
3536 4739 3550 4772 :
3590 4741 3618 4768 ‹‹
3669 4721 3820 4786 Quia

2186 4853 2356 4892 sensu
2385 4843 2472 4890 est
2498 4839 2993 4903 interpretandum.

2249 4912 2348 4972 (14)
2395 4911 2516 4962 Vet.
2564 4909 2719 4970 edit.,
2757 4911 2987 4962 secundo
3031 4909 3252 4975 remigio
3301 4909 3500 4962 labitur
3546 4913 3724 4976 ﬂuctu,
3773 4922 3824 4965 et

2187 4988 2461 5034 ventorum
2488 4983 2668 5046 ﬂatum
2701 4995 2938 5046 suppara
2998 4987 3299 5046 superante.
3335 4983 3484 5047 (Gill.
3512 4985 3566 5034 in
3603 5000 3825 5052 marg...

2185 5055 2518 5120 properante)
2561 5053 2851 5118 procurrit.
2896 5053 3077 5115 Rom.,
3121 5055 3348 5106 secundo
3398 5054 3599 5106 labitur
3639 5057 3821 5120 ﬂuctu,

2187 5131 2282 5176 aut
2327 5130 2601 5176 ventorum
2651 5125 2781 5188 ﬂatu
2827 5137 3065 5188 suppara
3119 5132 3482 5189 prosperante,
3528 5133 3634 5179 etc.
3689 5130 3817 5180 Mss.

2189 5209 2338 5256 vero,
2407 5209 2620 5258 omnes,
2690 5195 2916 5246 secundo
2990 5195 3272 5259 remigium
3345 5195 3546 5247 labitur
3622 5197 3823 5260 ﬂuctu;

2187 5271 2245 5318 at
2299 5267 2393 5318 hic
2451 5266 2634 5327 divisi,
2695 5266 2909 5330 aliquot
2965 5265 3207 5327 habent,
3263 5272 3357 5318 aut
3410 5268 3538 5330 ﬂatu
3602 5282 3822 5334 prospe-

2189 5343 2342 5388 rante
2379 5337 2699 5400 praecurrit;
2742 5337 2930 5401 plures
2975 5351 3041 5388 ac
3086 5337 3448 5402 probatiores,
3476 5342 3538 5389 ut
3579 5340 3635 5390 in
3677 5353 3824 5390 con-

2191 5411 2363 5458 textu.

2252 5479 2350 5541 (15)
2380 5478 2463 5528 Ita
2509 5478 2760 5542 plerique
2807 5492 2936 5529 mss.
2987 5483 3042 5529 et
3089 5493 3284 5531 omnes
3324 5481 3479 5542 edit,
3518 5481 3627 5532 nisi
3668 5481 3821 5545 quod

2191 5551 2279 5602 hui
2325 5551 2517 5614 legunt
2562 5551 2781 5616 quando
2821 5550 3010 5614 ﬁlium,
3052 5565 3169 5615 pro,
3200 5553 3344 5616 quod
3379 5552 3565 5617 ﬁlium.
3598 5553 3822 5618 Reliqui

2190 5634 2345 5684 mss.,
2391 5633 2521 5685 quos
2574 5625 2751 5670 tamen
2785 5635 2884 5687 per
2927 5621 3116 5685 ﬁlium,
3167 5626 3274 5674 etc.
3316 5622 3457 5686 Quas
3500 5624 3666 5676 lectio
3706 5637 3819 5674 non

2191 5691 2532 5757 displiceret,
2558 5691 2666 5742 nisi
2687 5704 2801 5744 vox
2827 5698 3002 5743 tamen
3025 5693 3119 5747 hic
3144 5693 3328 5760 inepte
3356 5695 3550 5759 posita,
3577 5696 3822 5759 interpo-

2191 5763 2456 5816 lationem
2489 5761 2736 5829 aliquam
2761 5764 3032 5817 innueret.
