4082 6186
351 243 366 292 l
379 239 481 293 405

1503 237 1856 294 EXPOSITIO
1898 239 1962 293 IN
2002 237 2319 293 PSALMUM
2362 237 2586 293 CXVIII.

3575 238 3708 293 1406

342 359 754 415 conviviﬁcavit
811 377 917 414 nos
968 361 1027 414 in
1079 359 1341 427 Christo,
1395 360 1554 432 cujus
1608 360 1792 433 gratia
1842 359 1977 416 estis
1997 359 2333 444 Aanimam
2378 359 2680 414 viventem.
2721 360 2829 415 Sed
2875 359 3010 430 quia
3045 363 3305 430 peccator
3347 361 3706 432 signaculum

343 455 476 508 salvi
533 454 692 519 facti,
747 459 803 508 et
853 452 1022 508 simul
1078 453 1390 521 suscitavit,
1441 453 1724 525 simulque
1777 453 1973 510 sedere

339 548 480 602 fecit
525 547 587 602 in
635 547 972 614 cmlestibus,
1013 547 1073 601 in
1119 547 1342 604 Christo
1381 549 1509 602 Jesu
1550 547 1788 617 (Ephes.,
1827 564 1886 615 II,
1919 552 1972 617 5,

339 644 415 707 6).
462 661 492 692 ι)
548 641 720 696 Filius
764 657 902 711 ergo
943 640 1200 696 hominis
1239 640 1310 695 ad
1354 639 1654 696 dexteram
1699 640 1815 708 Dei,
1855 657 1973 696 non

333 733 616 804 Angelus,
661 751 774 789 non
817 735 1226 806 Archangelus,
1271 750 1377 790 nec
1419 734 1725 790 Cherubim
1774 740 1831 791 et
1875 736 1972 791 Se-

336 827 594 898 raphim.
638 827 735 884 llla
772 828 1029 895 laudant,
1076 828 1246 884 Filius
1287 827 1539 884 hominis
1577 827 1757 884 sedet.
1805 827 1974 883 Filius

336 920 593 976 hominis
642 922 977 991 angelorum
1034 937 1133 976 ore
1188 921 1485 988 laudatur,
1540 922 1692 992 quod
1740 922 1974 993 angelos

337 1015 527 1071 malos
578 1014 792 1085 vicerit,
843 1015 914 1069 de
957 1014 1230 1086 nequitiis
1273 1015 1617 1087 spiritalibus
1665 1032 1792 1087 quas
1844 1018 1977 1070 sunt

335 1107 402 1163 in
444 1107 788 1176 caelestibus,
827 1107 1282 1180 triumphaverit,
1328 1109 1484 1179 quod
1523 1108 1721 1164 fecerit
1761 1107 1974 1163 similes

336 1201 682 1272 angelorum
710 1201 992 1268 homines,
1021 1201 1079 1256 in
1109 1201 1314 1274 quibus
1343 1205 1476 1260 ante
1514 1206 1680 1258 erant
1713 1201 1974 1273 contagia

334 1299 729 1351 mortuorum.

417 1393 502 1443 l5.
535 1411 563 1436 ι(
589 1388 792 1458 Verbo,
829 1387 1037 1460 inquit,
1067 1387 1291 1443 Domini
1331 1389 1456 1443 coeli
1491 1387 1702 1443 ﬁrmati
1734 1394 1886 1456 sunt,
1917 1392 1977 1444 et

335 1483 546 1554 spiritu
588 1481 703 1537 oris
746 1481 870 1553 ejus
913 1481 1096 1536 omnis
1134 1481 1311 1536 virtus
1351 1497 1549 1537 eorum
1595 1483 1761 1550 (Psal.
1805 1497 1972 1549 χχιιι,

337 1576 414 1644 6).
465 1597 495 1624 ››
543 1577 725 1630 Homo
769 1591 997 1646 quoque
1044 1575 1246 1646 spiritu
1294 1575 1516 1630 Domini
1564 1576 1974 1646 perfectionem

334 1671 489 1736 vitae,
518 1669 1188 1739 consummationemque
1213 1667 1436 1723 virtutis
1461 1668 1697 1739 accepit.
1729 1689 1758 1718 «
1789 1669 1970 1740 Inspi-

338 1763 490 1818 ravit
540 1763 600 1816 in
653 1778 785 1817 eum
834 1763 986 1816 Deus
1035 1738 1301 1832 spiritum
1353 1761 1500 1830 vitae,
1555 1738 1612 1816 et
1660 1762 1838 1817 factus
1887 1738 2051 1818 estB

338 1858 516 1911 homo
543 1856 603 1910 in
635 1855 887 1910 animam
916 1855 1200 1910 viventem
1231 1855 1410 1926 (Gem,
1437 1871 1495 1922 II,
1524 1856 1598 1925 7).
1628 1877 1655 1905 ››
1686 1855 1811 1910 Vita
1837 1871 1975 1926 ergo

336 1955 534 2005 nostra
573 1950 742 2021 coepit
783 1964 852 2004 ex
892 1949 1264 2019 inspiratione
1307 1949 1516 2016 divina,
1557 1949 1656 2003 sed
1697 1949 1809 2003 vita
1852 1949 1976 2004 haec

335 2043 658 2098 secessione
705 2043 935 2110 animae,
981 2042 1351 2114 corporisque
1394 2042 1749 2112 dissolvitur,
1798 2042 1973 2114 inspi-

332 2137 487 2191 ratio
522 2139 715 2190 autem
759 2135 949 2190 divina
990 2152 1104 2189 non
1146 2135 1394 2190 solvitur.
1438 2136 1504 2189 Et
1547 2134 1672 2190 ideo
1717 2136 1974 2207 intellige

331 2229 496 2284 aliud
537 2245 659 2285 esse
697 2229 854 2299 quod
895 2228 1203 2300 ﬁguratum
1245 2232 1349 2297 cst,
1385 2227 1538 2282 aliud
1575 2229 1728 2300 quod
1765 2229 1975 2285 factum

328 2329 432 2391 at,
468 2324 556 2378 vel
599 2328 882 2394 paratum.
909 2322 1216 2394 Meritoque
1253 2321 1553 2392 dupliciter
1589 2322 1763 2378 habes
1794 2323 1972 2395 scrip-

329 2423 456 2472 tum
516 2416 592 2470 de
650 2416 898 2471 homine.
953 2415 1206 2469 Primum
1271 2414 1428 2469 enim
1485 2413 1759 2486 scriptum
1817 2421 1902 2470 est
1958 2433 1971 2470 :

335 2533 363 2558 ιι
401 2510 710 2564 Faciamus
749 2509 1044 2564 hominem
1085 2509 1156 2562 ad
1199 2507 1514 2578 imaginem
1555 2510 1613 2562 et
1652 2508 1973 2564 similitudi-

336 2619 464 2658 nem
508 2607 772 2658 nostram
812 2602 986 2672 (Gem,
1025 2617 1064 2670 ι,
1100 2601 1211 2671 26).
1246 2623 1274 2650 »
1305 2602 1370 2656 Et
1399 2617 1412 2655 :
1445 2623 1472 2650 ι‹
1499 2600 1973 2670 Dominabuntur,

347 2697 556 2767 inquit,
620 2695 708 2750 vel
769 2694 1147 2766 principatum
1211 2693 1504 2749 habebunt
1559 2695 1727 2763 (Psal.
1782 2711 1970 2764 XLVIII,

355 2791 448 2856 15).
485 2791 550 2844 Et
604 2805 619 2843 :
665 2788 823 2843 Fecit
867 2788 1014 2843 Deus
1057 2787 1354 2842 hominem
1395 2787 1469 2842 ad
1513 2787 1828 2860 imaginem
1873 2789 1971 2843 Dei

337 2883 510 2954 (Gem,
538 2899 582 2950 ι,
612 2883 724 2953 27).
753 2881 1018 2936 Secundo
1053 2885 1244 2935 autem
1277 2880 1402 2935 loco
1441 2881 1522 2936 ita
1558 2882 1835 2954 scriptum
1866 2888 1970 2950 est,

331 2978 472 3048 quia
502 2998 531 3025 κ
560 2975 798 3046 Accepit
823 2976 971 3029 Deus
1007 2975 1299 3045 pulverem
1336 2974 1405 3030 de
1437 2979 1608 3043 terra,
1640 2979 1697 3030 et
1726 2977 1970 3046 plasma-

330 3071 410 3123 vit
453 3068 755 3124 hominem
781 3067 956 3137 (Gen.,
986 3084 1040 3134 II,
1067 3069 1140 3138 7).
1177 3088 1204 3117 ››
1233 3060 1569 3138 Ubi'pulvis,
1608 3068 1686 3124 ibi
1726 3071 1970 3140 plasma-

332 3163 448 3229 tio;
501 3160 603 3216 ubi
654 3165 848 3216 autem
907 3175 1020 3214 non
1069 3160 1285 3230 pulvis,
1338 3159 1417 3213 ibi
1469 3176 1584 3215 non
1633 3165 1807 3230 terra,
1858 3179 1972 3216 non

337 3257 603 3321 materia,
629 3254 727 3308 sed
763 3253 1187 3324 incorporeum,
1220 3253 1317 3308 sed
1343 3253 1712 3323 admirabile;
1744 3254 1821 3309 ibi
1857 3272 1972 3311 non

337 3349 600 3414 materia,
646 3346 749 3402 sed
803 3346 1206 3402 immateriale.
1249 3347 1405 3410 Quod
1456 3347 1609 3402 enim
1660 3349 1971 3404 secundum

341 3443 659 3513 imaginem
713 3439 811 3496 Dei
868 3444 971 3507 est,
1025 3455 1141 3494 non
1198 3443 1285 3494 est
1336 3440 1396 3494 in
1449 3456 1705 3511 corpore,
1757 3458 1861 3496 nec
1913 3442 1973 3498 in

337 3536 602 3603 materia,
631 3534 726 3589 sed
764 3533 823 3588 in
859 3532 1051 3587 anima
1085 3533 1432 3589 rationabili.
1462 3533 1542 3588 lbi
1577 3537 1866 3606 operatur,
1894 3535 1971 3590 ibi

339 3627 664 3683 ostenditur
716 3628 892 3682 homo
943 3626 1015 3680 ad
1070 3625 1499 3681 similitudinem
1551 3632 1606 3682 et
1659 3627 1973 3699 imaginem

339 3723 456 3789 Dei,
498 3721 596 3776 ubi
633 3720 890 3791 justiﬁes,
932 3719 1026 3775 ubi
1070 3719 1383 3791 sapientiai,
1425 3721 1521 3775 ubi
1565 3721 1749 3776 omnis
1793 3722 1974 3776 forma

339 3815 561 3870 virtutis
588 3813 917 3868 assumitur.

409 3912 496 3964 l6.
525 3908 586 3963 Si
615 3907 902 3977 intelligas
929 3906 1262 3978 imaginem,
1284 3907 1500 3962 videbis
1525 3908 1597 3963 ad
1625 3908 1972 3980 imaginem;

338 4004 511 4057 homo
559 4001 715 4055 enim
763 4016 876 4055 non
924 4005 1008 4054 est
1049 4000 1240 4072 imago
1285 4001 1404 4068 Dei,
1448 4002 1542 4056 sed
1589 4001 1656 4056 ad
1702 4002 1972 4058 similitu-

335 4097 535 4152 dinem
580 4096 758 4150 factus
805 4098 909 4150 est.
953 4093 1108 4148 Alius
1153 4099 1236 4149 est
1277 4095 1466 4166 imago
1512 4096 1610 4150 Dei
1657 4095 1971 4164 invisibilis,

332 4189 756 4262 primogenitus
799 4189 1077 4243 universas
1120 4193 1416 4256 creaturae,
1466 4205 1565 4260 per
1607 4206 1778 4260 quem
1826 4191 1974 4245 facta

335 4289 474 4340 sunt
508 4282 721 4338 omnia.
759 4283 856 4338 llle
895 4299 1009 4336 non
1046 4282 1114 4336 ad
1145 4281 1483 4352 imaginem,
1525 4283 1620 4338 sed
1652 4282 1880 4355 imago;
1913 4287 1973 4339 tu

335 4395 456 4433 non
493 4378 702 4448 imago,
729 4377 823 4432 sed
853 4376 922 4430 ad
961 4375 1293 4448 imaginem.
1327 4376 1508 4432 Habes
1538 4393 1677 4448 ergo
1708 4376 1758 4449 1
1777 4376 1971 4450 092

2075 458 2272 508 tenere
2298 470 2413 508 non
2442 453 2646 524 potuit,
2675 457 2732 510 et
2759 452 2818 508 in
2849 452 3087 508 crimine
3125 454 3340 524 positus
3374 470 3492 509 non
3522 454 3702 509 habe-

2073 547 2175 601 bat
2218 563 2346 618 quze
2391 547 2483 601 Dei
2529 549 2682 613 sunt,
2715 547 2813 601 sed
2855 563 2982 618 quas
3027 546 3362 615 hominum;
3409 553 3707 618 pr0pterea

2075 638 2230 694 venit
2275 639 2545 694 Dominus
2593 644 2784 694 noster
2825 641 2980 694 Jesus
3028 640 3302 705 Christus,
3351 642 3411 693 ut
3457 640 3598 710 legis
3644 641 3704 696 in

2075 732 2411 804 Evangelio,
2463 739 2520 788 et
2573 750 2604 788 a
2657 733 2894 788 mortuis
2940 748 3244 804 resurgens
3303 748 3431 786 cum
3487 732 3706 788 clausos

2074 825 2378 897 discipulos
2425 827 2750 898 reperisset,
2802 826 3060 880 claustris
3108 827 3398 896 ingressus
3453 831 3536 879 est
3584 843 3701 880 ma-

2074 918 2358 988 nentibus,
2405 922 2462 974 et
2504 919 2645 974 dixit
2686 936 2699 972 :
2755 942 2782 968 ‹‹
2831 921 2943 974 Pax
2993 920 3168 974 vobis.
3211 919 3366 974 Sicut
3409 917 3566 972 misit
3614 935 3704 974 me

2075 1013 2263 1080 Pater,
2319 1018 2376 1067 et
2427 1029 2535 1084 ego
2589 1012 2752 1068 mitto
2803 1029 2918 1068 vos.
2967 1013 3222 1084 Cumque
3282 1013 3391 1067 hoc
3442 1011 3704 1080 dixisset,

2074 1105 2404 1172 insufflavit,
2437 1111 2493 1160 et
2526 1106 2666 1160 dixit
2691 1106 2771 1160 eis
2806 1125 2816 1160 :
2851 1105 3099 1178 Accipite
3141 1105 3414 1177 Spiritum
3447 1108 3704 1161 sanctum

2078 1198 2275 1267 (10011.,
2308 1215 2396 1268 XX,
2429 1202 2519 1266 2l,
2549 1201 2658 1268 22).
2692 1222 2720 1248 ››

2149 1296 2234 1348 l7.
2265 1292 2506 1348 Videsne
2533 1309 2671 1363 ergo
2711 1309 2840 1364 qua:
2876 1309 3079 1348 manus
3107 1293 3350 1348 fecerint
3382 1293 3704 1360 hominem,

2073 1389 2171 1441 aut
2216 1402 2389 1457 quem
2430 1386 2726 1442 hominem
2770 1387 3043 1452 fecerint;
3095 1387 3261 1440 illum
3299 1386 3496 1458 utique
3534 1402 3705 1458 quem

2075 1479 2396 1535 secundum
2424 1479 2711 1536 Christum
2749 1479 3041 1536 induimus
3072 1497 3084 1534 :
3130 1503 3156 1529 ‹‹
3182 1481 3570 1550 Exspoliantes
3607 1496 3701 1533 ve-

2076 1576 2256 1628 terem
2314 1573 2609 1628 hominem
2660 1590 2792 1628 cum
2841 1574 3059 1628 actibus
3112 1573 3252 1644 ejus,
3309 1578 3368 1628 et
3410 1572 3704 1627 induimus

2077 1682 2320 1732 novum,
2373 1668 2472 1738 qui
2527 1671 2832 1722 renovatur
2887 1667 2945 1720 in
2993 1667 3341 1737 agnitionem
3394 1665 3703 1721 secundum

2076 1759 2384 1830 imaginem
2415 1760 2538 1830 ejus
2569 1760 2668 1832 qui
2696 1760 2906 1814 creavit
2934 1776 3085 1826 eum,
3119 1758 3217 1814 ubi
3247 1775 3362 1814 non
3396 1761 3545 1814 est...
3578 1775 3703 1812 ser-

2077 1869 2178 1907 vus
2233 1857 2292 1907 et
2335 1853 2499 1920 liber,
2547 1854 2644 1908 sed
2693 1853 2883 1908 omnia
2937 1856 2996 1907 et
3034 1853 3094 1906 in
3145 1852 3408 1907 omnibus
3455 1851 3705 1906 Christus

2078 1946 2319 2016 (601035.,
2348 1963 2426 2014 Ill,
2459 1947 2625 2015 9-H).
2663 1966 2688 1997 η
2719 1946 3004 2001 Christum
3047 1963 3184 2016 ergo
3222 1945 3533 2012 induimus,
3561 1945 3707 1999 sicut

2077 2044 2134 2094 et
2173 2039 2308 2094 alibi
2354 2038 2570 2095 dictum
2609 2044 2694 2094 est
2733 2056 2747 2094 :
2799 2061 2826 2088 ‹‹
2855 2039 3137 2094 Christum
3178 2039 3440 2093 induistis
3477 2038 3704 2108 (Galat.,

2077 2149 2154 2199 III,
2199 2133 2306 2202 27).
2354 2153 2380 2182 »
2424 2133 2762 2204 Accepimus
2806 2132 3078 2203 Spiritum
3117 2135 3399 2199 sanctum,
3447 2131 3542 2202 qui
3585 2147 3704 2185 non

2076 2227 2256 2280 solum
2301 2229 2491 2281 nostra
2531 2229 2764 2296 peccata
2810 2226 3051 2281 dimittit
3081 2225 3214 2297 (16),
3245 2225 3342 2281 sed
3383 2224 3558 2280 etiam
3599 2240 3704 2278 nos

2077 2318 2210 2373 facit
2251 2319 2571 2374 sacerdotes
2611 2336 2742 2374 suos
2785 2319 2906 2374 aliis
2946 2325 3178 2391 peccata
3224 2318 3529 2374 dimittere.
3570 2316 3703 2371 ldeo

2074 2411 2152 2466 ait
2180 2411 2460 2483 Propheta
2487 2429 2500 2465 :
2533 2434 2558 2461 ‹‹
2589 2413 2668 2466 Tu
2697 2412 2907 2468 tinxisti
2934 2429 3046 2482 me,
3077 2416 3132 2467 et
3158 2410 3395 2483 posuisti
3426 2426 3594 2481 super
3614 2427 3705 2464 me

2076 2522 2316 2560 manum
2348 2509 2503 2560 tuam
2545 2506 2707 2575 (Psal.
2744 2507 3018 2576 CXXXVIII).
3045 2528 3072 2554 »
3115 2506 3306 2560 Finxit
3339 2521 3441 2575 per
3481 2505 3700 2571 lutum;

2075 2599 2265 2669 posuit
2303 2615 2405 2670 per
2447 2599 2694 2671 gratiam
2724 2600 3062 2670 spiritalem,
3091 2599 3225 2653 licet
3265 2597 3522 2670 plerique
3548 2596 3703 2651 hunc

2074 2692 2357 2762 psalmum
2407 2709 2475 2748 ex
2524 2709 2765 2762 persona
2811 2693 3022 2748 dictum
3065 2690 3361 2747 Salvatoris
3399 2690 3700 2761 accipiant.

2074 2784 2214 2840 Audi
2256 2786 2390 2856 quia
2437 2802 2637 2839 manus
2678 2785 2926 2850 Domini,
2970 2784 3142 2840 etiam
3191 2783 3434 2854 Spiritus
3475 2782 3697 2838 dicitur.

2073 2879 2290 2932 Clamat
2318 2878 2458 2933 Job:
2495 2898 2522 2930 α
2552 2879 2796 2948 Spiritus
2839 2878 3086 2942 divinus,
3129 2877 3227 2948 qui
3269 2876 3403 2931 fecit
3437 2891 3529 2930 me
3571 2875 3701 2942 (Job,

2075 2988 2258 3039 χχχιιι,
2285 2972 2358 3042 4).
2391 2993 2416 3019 n
2463 2973 2588 3026 Istze
2634 2974 2768 3026 sunt
2805 2987 2942 3042 ergo
2984 2987 3190 3025 manus
3231 2985 3360 3042 quae
3405 2968 3701 3024 hominem

2075 3069 2455 3135 paraverunt,
2509 3064 2762 3119 Christus
2819 3070 2878 3118 et
2919 3063 3179 3135 Spiritus.
3234 3065 3380 3134 Ergo
3432 3062 3703 3118 Dominus

2072 3160 2231 3213 Jesus
2284 3161 2340 3212 et
2383 3158 2635 3230 corporis
2681 3164 2879 3214 auctor
2923 3162 3008 3212 est
3058 3157 3256 3226 nostri,
3303 3157 3401 3228 qui
3449 3155 3702 3228 primum

2075 3252 2206 3307 fecit
2256 3252 2548 3307 hominem
2606 3251 2680 3306 ad
2719 3251 3057 3323 imaginem,
3107 3253 3164 3306 et
3212 3253 3406 3321 postea
3459 3249 3529 3304 de
3583 3249 3702 3303 luto

2075 3345 2257 3412 tinxit,
2288 3349 2344 3399 et
2380 3345 2548 3400 voluit
2584 3361 2811 3399 servare
2852 3345 3007 3416 quod
3047 3344 3272 3412 fecerat,
3302 3344 3511 3398 salvare
3551 3342 3704 3412 quod

2075 3439 2463 3509 plasmaverat,
2518 3442 2580 3492 ut
2623 3440 2808 3492 totum
2861 3437 3155 3492 hominem
3202 3437 3416 3490 salvum
3473 3435 3702 3500 faceret,

2076 3532 2220 3586 sicut
2261 3532 2381 3602 ipse
2427 3530 2569 3586 dixit
2612 3531 2673 3584 in
2718 3530 3031 3601 Evangelio
3079 3547 3091 3584 :
3137 3529 3327 3584 «Mihi
3368 3527 3700 3595 irascimini,

2074 3626 2210 3697 quia
2238 3630 2418 3679 totum
2445 3624 2746 3678 hominem
2768 3624 2984 3678 salvum
3009 3623 3119 3677 feci
3149 3622 3206 3676 in
3231 3621 3476 3677 Sabbato
3498 3621 3700 3692 (J0an..

2079 3735 2169 3786 VII,
2229 3721 2336 3776 23).
2394 3741 2420 3766 ››
2471 3717 2630 3780 Quod
2682 3716 3001 3788 specialiter
3058 3715 3299 3770 Ecclesia
3352 3715 3517 3769 docet
3569 3714 3700 3784 (l7),

2075 3812 2207 3884 quia
2265 3827 2378 3866 non
2434 3811 2616 3865 solum
2667 3810 2892 3876 anima,
2949 3809 3046 3865 sed
3099 3809 3271 3862 etiam
3329 3823 3459 3862 caro
3507 3811 3703 3862 nostra

2076 3909 2360 3973 servetur;
2412 3903 2604 3959 anima
2657 3919 2758 3975 per
2811 3902 3202 3974 cognitionem
3251 3899 3369 3969 Dei,
3419 3915 3552 3954 caro
3598 3915 3703 3969 per

2077 3998 2584 4066 resurrectionem;
2642 4011 2888 4066 quorum
2956 3995 3202 4049 alterum
3265 3992 3459 4048 docuit
3526 3991 3702 4046 divini

2074 4092 2409 4148 auctoritate
2461 4089 2756 4156 sermonis,
2812 4090 3058 4144 alterum
3111 4086 3362 4159 propria:
3415 4102 3698 4141 resurrec-

2076 4185 2248 4241 tionis
2275 4184 2559 4255 exemplo.

2147 4282 2232 4333 18.
2277 4279 2373 4333 Hic
2411 4283 2495 4333 est
2529 4294 2668 4349 ergo
2709 4277 2883 4332 homo
2919 4275 3165 4348 geminae
3207 4273 3553 4328 substantiae.
3583 4273 3708 4328 Alia

2075 4376 2161 4427 est
2205 4371 2360 4426 enim
2409 4371 2539 4426 facti
2585 4370 2925 4435 substantia,
2975 4369 3088 4422 alia
3130 4367 3362 4439 ﬁgurati
3407 4365 3515 4436 (l8)
3532 4383 3550 4433 ;
3599 4367 3706 4418 ista

336 4472 398 4526 in
428 4474 528 4525 tua
557 4469 871 4525 substantia
899 4469 1118 4540 aliquid
1144 4470 1216 4524 de
1246 4469 1496 4541 imagine
1526 4476 1583 4525 et
1609 4470 2051 4544 similitudineD
2076 4465 2146 4520 de
2188 4465 2287 4520 Dei
2329 4465 2563 4536 Spiritu,
2614 4464 2707 4519 illa
2751 4463 2822 4517 de
2869 4463 3027 4516 limo.
3073 4462 3381 4531 Propterea
3426 4458 3503 4512 ait
3543 4457 3645 4512 Job
3687 4473 3699 4509 :

338 4563 462 4630 Dei,
521 4563 674 4634 quod
726 4563 800 4617 sit
854 4561 1058 4617 divina:
1105 4562 1290 4617 simile
1339 4562 1627 4634 imaginis.
1678 4565 1978 4634 Propterea

337 4660 541 4728 imago
591 4656 666 4710 ad
710 4672 842 4711 eum
897 4655 995 4727 qui
1044 4661 1130 4710 est
1180 4656 1253 4711 ad
1300 4656 1636 4726 imaginem,
1688 4658 1869 4726 venit;
1923 4660 1979 4712 et

335 4749 552 4822 «ψει-ιι
586 4750 780 4820 imago
825 4765 958 4804 cum
1004 4749 1101 4821 qui
1147 4755 1232 4804 est
1277 4749 1348 4804 ad
1395 4749 1824 4805 similitudinem
1865 4750 1973 4818 sui,

335 4847 410 4898 ut
437 4844 649 4897 iterum
689 4841 896 4914 signet,
936 4845 1001 4896 ut
1038 4842 1248 4896 iterum
1289 4841 1626 4908 conﬁrmet;
1658 4842 1792 4914 quia
1831 4843 1974 4898 ami-

339 4951 502 4990 seras
532 4936 684 5007 quod
729 4934 1014 5006 accepisti.
1045 4935 1438 4990 lnsufllaverat
1470 4935 1625 4990 enim
1664 4935 1769 4990 tibi
1810 4937 1973 5005 Deus,

340 5034 408 5083 ut
444 5028 832 5100 inspirationis
870 5044 986 5083 suae
1029 5029 1181 5083 dono
1221 5028 1460 5083 haberes
1502 5029 1767 5099 gratiam,
1802 5045 1976 5100 quam

340 5121 443 5176 tibi
470 5121 638 5193 culpa
667 5122 986 5178 sustulerat.
1018 5123 1221 5178 Factus
1252 5139 1377 5177 eras
1408 5122 1468 5176 in
1495 5123 1748 5177 animam
1774 5125 1970 5178 viven-

341 5223 496 5281 tem;
549 5215 678 5269 audi
731 5215 866 5288 quid
922 5215 1104 5282 dicat,
1157 5231 1271 5270 non
1325 5215 1382 5269 in
1434 5231 1704 5284 carnem,
1760 5217 1858 5270 scd
1918 5217 1974 5270 in

405 5365 507 5426 (16)
529 5364 774 5416 Adverte
798 5365 892 5416 hic
917 5365 1121 5417 diserte
1150 5365 1338 5417 doceri
1371 5366 1684 5417 sacerdotes
1724 5370 1821 5416 aut
1850 5366 1974 5429 epi-

339 5449 575 5500 scopum
597 5435 654 5485 in
679 5436 1024 5488 ordinatione
1050 5451 1151 5487 sua
1171 5441 1226 5488 et
1246 5438 1590 5501 propriorum
1619 5441 1975 5500 peccatorum

336 5508 732 5558 remissionem
759 5508 1029 5572 accipere,
1066 5512 1122 5558 et
1145 5511 1475 5572 potestatem
1504 5507 1821 5559 remittendi
1852 5520 1976 5572 pec-

336 5584 460 5630 cata
491 5579 747 5630 aliorum.

401 5651 504 5711 (l7)
531 5650 660 5701 Mss.
690 5662 801 5700 non
839 5651 1023 5714 pauci,
1059 5663 1163 5701 nec
1192 5649 1466 5701 inferioris
1494 5652 1661 5711 notae,
1688 5649 1975 5699 Ecclesium

340 5722 503 5771 docet.

400 5792 502 5855 (18)
527 5791 688 5843 Rom.
718 5791 871 5854 edit,
892 5791 1008 5844 alia
1033 5793 1308 5856 insufﬂali.
1336 5791 1446 5845 Sed
1468 5791 1821 5844 retinendum
1842 5803 1973 5842 cum

2078 4580 2106 4609 «
2151 4558 2516 4614 Resuscitabit
2553 4556 2772 4612 corium
2811 4571 3010 4610 meum
3050 4554 3187 4626 (Job,
3230 4568 3338 4619 XIX,
3369 4553 3479 4622 26),
3507 4574 3535 4602 »
3577 4550 3708 4622 quia

2076 4653 2231 4725 quod
2288 4652 2360 4706 de
2415 4651 2549 4705 limo
2599 4654 2712 4719 est,
2769 4648 3162 4713 resuscitatur;
3217 4652 3368 4701 terra
3429 4645 3584 4702 enim
3647 4644 3704 4698 in

2077 4751 2287 4801 terram
2316 4745 2496 4814 redit;
2532 4744 2682 4816 quod
2710 4747 2906 4797 autem
2935 4742 3145 4796 factum
3175 4745 3276 4810 est,
3320 4743 3382 4794 ut
3414 4738 3701 4810 principa-

2076 4843 2201 4894 tum
2228 4839 2463 4894 haberet
2505 4854 2674 4909 super
2699 4840 2931 4892 caeteras
2969 4835 3308 4902 animantes,
3339 4834 3396 4888 id
3430 4834 3703 4904 praestau-

2076 4934 2186 4988 tius
2215 4949 2336 4988 esse
2369 4931 2658 5004 intelligis.
2701 4930 2824 4985 Luti
2871 4929 3026 4983 enim
3069 4929 3243 4983 etiam
3278 4925 3472 4981 bestiis
3512 4923 3702 4978 nobis-

2077 5044 2205 5082 cum
2224 5043 2526 5081 commune
2546 5024 2895 5080 consortium
2915 5027 3017 5090 est,
3041 5027 3095 5076 et
3121 5021 3249 5075 ideo
3271 5019 3478 5073 animae
3501 5017 3706 5088 specia-

2076 5121 2143 5176 lis
2173 5119 2552 5192 prmrogativa
2590 5118 2800 5173 donata
2829 5121 2930 5171 est.
2961 5115 3116 5172 idem
3149 5117 3342 5166 tamen
3369 5111 3504 5181 quia
3534 5113 3702 5164 caete-

2076 5213 2153 5268 ris
2193 5211 2576 5268 animantibus
2623 5211 2867 5281 imperat
2911 5213 2971 5261 ut
3017 5205 3198 5277 possit
3245 5203 3354 5274 (l9)
3400 5202 3703 5273 imperare,

2076 5363 2198 5414 aliis
2228 5367 2283 5414 et
2321 5361 2537 5412 cunctis
2580 5373 2709 5410 mss.
2747 5357 2862 5407 alia
2900 5355 3130 5419 ﬁgurati.
3162 5352 3270 5403 Hic
3309 5351 3584 5417 siquidem
3616 5351 3707 5399 in-

2075 5435 2284 5495 nuitur,
2319 5432 2469 5498 quod
2499 5445 2662 5496 supra
2691 5443 2803 5479 non
2843 5427 3018 5498 semel
3060 5423 3323 5476 traditum
3353 5426 3452 5498 est,
3492 5422 3707 5498 homini

2076 5519 2188 5557 non
2217 5492 2544 5566 incorpore,
2568 5492 2674 5552 sed
2705 5501 2762 5549 in
2791 5498 2975 5547 anima
3005 5497 3332 5560 impressam
3367 5493 3538 5544 fuisse
3565 5492 3708 5542 divi-

2075 5591 2206 5627 nam
2231 5577 2546 5639 imaginem.

2137 5649 2233 5712 (19)
2264 5638 2422 5698 Rom.
2451 5644 2605 5704 edit.,
2627 5642 2831 5692 donata
2853 5645 2948 5698 est,
2974 5643 3032 5690 ut
3060 5639 3212 5691 homo
3236 5639 3435 5691 caeteris
3459 5638 3706 5689 animan-

2076 5718 2215 5771 tibus
2241 5719 2482 5782 imperet,
2503 5714 2593 5767 sed
2617 5718 2673 5764 ut
2690 5713 2874 5777 possit,
2901 5713 3007 5763 etc.
