3958 6166
390 236 524 287 1407

1863 236 1916 290 S.
1958 237 2271 292 AMBROSII

3578 243 3693 310 nos

381 355 551 410 debet
597 356 709 409 Deo
767 371 889 410 esse
945 357 1247 428 subjectus.
1293 359 1530 414 Docetur
1573 360 1747 430 igitur
1800 359 2011 414 servire
2034 357 2430 444 Ainlelligat;
2465 364 2522 412 et
2565 358 2668 413 scit
2693 358 2799 412 nisi
2827 375 2860 412 a
2885 358 3128 412 Domino
3159 358 3431 429 acceperit
3461 361 3695 430 gratiam,

382 453 447 501 ut
467 448 540 502 ad
571 465 816 519 regnum
848 450 1146 520 pervenire
1185 457 1488 507 mereatur.
1518 452 1622 517 Qui
1660 453 1815 508 enim
1845 452 2015 507 servit

383 541 627 604 Christo,
688 543 905 612 placuit
962 545 1094 598 Deo.
1151 545 1254 609 Qui
1312 547 1482 600 servit
1545 546 1766 602 Christo
1827 547 2015 616 placet

385 636 581 706 utique
615 634 875 708 1093
905 637 1129 692 veritati
1157 639 1288 708 (20),
1317 644 1374 693 et
1412 639 1579 695 debet
1605 641 1822 694 nescire
1850 655 2009 693 men~

386 729 631 782 dacium.
663 729 768 793 Qui
802 729 975 784 servit
1007 730 1243 800 justitize
1287 732 1455 787 debet
1496 734 1771 804 repellere
1804 732 2010 804 iniqui-

387 825 581 876 tatem.
625 822 734 886 Qui
779 823 953 878 servit
990 825 1357 880 immaculato
1396 825 1564 881 debet
1606 831 1798 881 tenere
1844 826 2008 880 casti-

385 915 595 970 monia:
645 914 1019 987 disciplinam.
1071 917 1181 982 Qui
1233 919 1405 973 servit
1460 919 1568 974 luci
1614 919 1783 975 debet
1829 918 2012 973 odisse

383 1008 648 1064 tenebras
678 1016 1062 1079 peccatorum.
1106 1013 1275 1083 Ergo,
1305 1012 1436 1082 quia
1474 1028 1678 1082 corpus
1719 1012 2010 1066 inﬁrmum

385 1108 488 1171 est,
544 1101 927 1159 visitationem
975 1105 1200 1160 Domini
1252 1107 1628 1176 postulemus.
1677 1105 1835 1160 Unde
1875 1107 2009 1160 Pro-

383 1197 555 1267 pheta
599 1196 679 1251 ait
730 1212 744 1250 :
801 1216 829 1248 α
880 1197 1022 1262 Quid
1075 1202 1160 1252 est
1208 1198 1401 1264 homo,
1461 1197 1614 1269 quod
1678 1215 1906 1253 memor
1953 1215 2012 1254 es

382 1290 534 1359 ejus;
580 1295 678 1344 aut
729 1289 878 1344 filius
926 1290 1207 1358 hominis,
1255 1291 1390 1363 quia
1439 1291 1626 1347 visitas
1663 1308 1794 1348 eum
1844 1294 2008 1361 (Psal.

321 1375 326 1378 ’
384 1399 500 1450 νιιι,
534 1382 632 1452 5)?
664 1403 691 1434 »

459 1480 543 1530 l9.
591 1478 658 1530 Et
709 1492 858 1531 nunc
903 1477 962 1530 in
1009 1477 1228 1548 reliqua
1270 1478 1532 1534 versiculi
1575 1479 1836 1550 portione
1875 1479 1956 1534 ait
1993 1496 2006 1533 :

381 1572 464 1623 Da
503 1570 639 1622 mihi
680 1570 1028 1633 intellectum,
1068 1577 1131 1625 ut
1173 1571 1379 1626 discam
1417 1572 1684 1626 mandata
1725 1576 1841 1627 tua.
1888 1571 2008 1644 Spi-

2113 451 2433 523 intelligere
2460 451 2581 522 ejus
2607 468 2664 506 se
2696 451 2966 506 mandata
2993 468 3105 506 non
3127 467 3308 522 posse.
3345 454 3400 505 In
3425 453 3698 525 Evangelia

2113 561 2341 616 quoque
2371 545 2524 616 lego,
2567 545 2701 616 quia
2745 544 3098 616 prOponebat
3136 545 3425 615 parabolas
3459 547 3700 602 Dominus

2111 640 2288 706 Jesus,
2338 642 2395 692 et
2439 638 2679 710 apostoli
2723 655 2835 692 non
2885 637 3282 708 intelligebant
3320 639 3548 706 (Matth.,
3594 657 3698 706 xm,

2113 732 2220 803 36).
2278 732 2528 803 Denique
2579 731 3036 803 explanationem
3091 731 3393 802 propositae
3450 732 3702 802 parabolae

2113 825 2493 896 postulabant.

2181 923 2269 973 21.
2312 921 2436 990 Ipse
2474 917 2745 973 Dominus
2785 919 2944 972 Jesus
2988 933 3118 972 cum
3167 917 3398 985 diceret,
3445 923 3503 972 ut
3541 919 3702 990 legisti

2112 1011 2171 1066 in
2200 1012 2344 1067 libro
2380 1011 2671 1083 Evangelii
2696 1010 3012 1066 secundum
3050 1011 3376 1066 Matthmum
3414 1013 3701 1082 scriptum:

2111 1107 2267 1160 Beati
2302 1120 2567 1175 pauperes
2607 1107 2805 1175 spiritu
2853 1104 3092 1170 (Matth.,
3144 1120 3198 1171 v,
3249 1106 3334 1173 3);
3380 1104 3608 1174 subjecit
3656 1106 3704 1159 in

2111 1198 2516 1269 posterioribus
2543 1198 2647 1268 (22)
2677 1214 2691 1252 :
2729 1219 2757 1248 ‹‹
2784 1198 2982 1252 Omnis
3008 1197 3106 1269 qui
3143 1197 3389 1252 audierit
3416 1214 3536 1252 mea
3557 1199 3703 1253 verba

2111 1292 2252 1360 haec,
2286 1295 2345 1346 et
2371 1291 2566 1347 fecerit
2591 1307 2676 1358 ea,
2706 1291 2903 1346 similis
2929 1290 3038 1346 erit
3066 1291 3188 1346 viro
3215 1291 3461 1362 sapienti
3490 1293 3706 1360 (Matth,

2111 1401 2208 1455 vn,
2234 1387 2347 1452 24).
2383 1406 2406 1436 υ
2440 1386 2563 1440 Non
2591 1401 2728 1456 ergo
2757 1385 2855 1456 qui
2891 1383 3052 1438 audit
3082 1385 3504 1453 tantummodo,
3534 1385 3708 1440 similis

2112 1478 2250 1544 erit;
2301 1478 2399 1534 sed
2443 1479 2538 1550 qui
2588 1478 2722 1532 facit
2773 1493 2901 1550 quae
2947 1477 3213 1532 audierit.
3269 1475 3530 1550 1094
3580 1479 3707 1549 Ergo

2111 1587 2298 1644 neque
2339 1573 2549 1626 factum
2602 1571 2722 1626 sine
2769 1571 3082 1640 auditione,
3123 1587 3316 1643 neque
3358 1571 3568 1626 auditio
3604 1571 3711 1626 sine

381 1661 604 1716 ritalem
646 1661 824 1734 igitur
860 1679 917 1717 se
965 1679 1085 1718 esse
1127 1680 1480 1736 cognoscens
1525 1665 1828 1736 Propheta,
1869 1665 2070 1738 petit_
2114 1666 2264 1720 facto
2301 1667 2489 1737 potest
2522 1681 2645 1720 esse
2685 1665 2972 1736 sapientis,
3015 1665 3114 1720 sed
3142 1665 3240 1736 qui
3283 1663 3437 1719 audit
3477 1668 3532 1718 et
3572 1665 3709 1719 facit.

382 1755 622 1824 gratiam
642 1755 885 1825 Spiritus
906 1756 1084 1810 sancti
1107 1735 1235 1826 (21
1262 1757 1484 1812 Etenim
1506 1735 2011 1814 intellectumvdari
2031 1735 2088 1807 B
2111 1735 2422 1815 Audiamus
2449 1757 2627 1829 igitur
2649 1761 2710 1812 ut
2737 1735 3128 1829 intelligamus
3144 1735 3460 1826 {faciamus
3485 1763 3546 1812 ut
3567 1757 3713 1811 intel-

381 1863 415 1900 a
447 1847 701 1914 Domino,
724 1854 782 1902 et
806 1847 960 1903 inter
985 1866 1224 1904 munera
1251 1850 1562 1921 gratiarum
1596 1851 1780 1922 primo
1808 1853 2012 1907 consti-

381 1941 464 1993 tui
494 1941 636 2008 loco,
668 1941 728 1995 in
766 1943 1084 2012 Apostolica
1107 1942 1348 1998 lectione
1385 1943 1627 1999 didicisti
1663 1945 1727 2011 (Il
1760 1948 1918 2008 Tim.,
1950 1963 2008 2016 ιι,

383 2038 429 2100 7)
465 2033 600 2104 quia
621 2035 928 2106 unicuique
958 2035 1129 2090 datur
1154 2037 1539 2092 manifestatio
1562 2037 1794 2109 spiritus
1818 2039 1887 2093 ad
1910 2039 2011 2094 uti-

380 2127 606 2181 litatem
641 2128 678 2196 (l
708 2128 854 2192 Cor.,
892 2145 990 2196 xu,
1029 2129 1104 2200 7),
1145 2133 1203 2184 et
1239 2129 1298 2184 in
1338 2131 1625 2202 propheta
1663 2131 1854 2203 primo
1882 2131 2009 2188 loco

382 2221 679 2290 sapientize
719 2226 774 2276 et
809 2220 1127 2278 intellectus
1164 2222 1430 2294 spiritalis
1465 2224 1653 2294 gratia
1692 2225 2013 2297 postulatur

382 2313 536 2381 (Isa.,
566 2330 640 2380 χι,
683 2315 756 2383 2).
789 2315 1005 2370 Petitur
1043 2332 1181 2387 ergo
1224 2314 1316 2370 Dei
1356 2316 1590 2372 donum.
1631 2318 1844 2373 Deinde
1885 2318 2010 2373 vide

383 2405 648 2461 ordinem
685 2425 696 2460 :
740 2411 822 2463 Da.
861 2409 1016 2471 mihi,
1063 2409 1265 2480 inquit,
1311 2411 1659 2474 intellectum,
1699 2418 1761 2466 ut
1809 2413 2010 2468 discam

380 2500 646 2554 mandata
699 2507 816 2555 tua.
873 2502 1196 2558 Intellectus
1233 2504 1619 2574 praemittitur,
1665 2509 1728 2559 ut
1776 2505 2011 2561 scientia

381 2595 674 2663 sequatur.
726 2595 865 2648 Nam
912 2595 1019 2649 nisi
1063 2597 1192 2667 quis
1239 2596 1603 2665 intellexerit,
1651 2597 1847 2653 doctus
1890 2615 2008 2654 esse

276 2712 283 2719 -
383 2701 499 2739 non
528 2687 750 2756 poterit.
787 2687 1111 2743 Doctrinam
1157 2689 1333 2760 igitur
1361 2689 1685 2746 intellectus
1709 2691 1865 2761 facit,
1895 2709 2008 2748 non

382 2777 682 2833 memoria.
736 2779 887 2834 Nihil
934 2779 1088 2835 enim
1131 2781 1365 2852 prodest
1408 2783 1590 2837 multa
1626 2783 1855 2856 legisse,
1899 2785 2010 2840 nisi

378 2870 660 2942 intelligas
703 2871 824 2943 ipse
886 2890 1016 2945 quas
1065 2874 1293 2945 legeris.
1345 2877 1413 2931 Et
1455 2876 1512 2930 in
1571 2879 1834 2948 Apostolo
1882 2881 2010 2948 post

381 2964 895 3021 manifestatiouem
953 2967 1192 3038 Spiritus
1246 2968 1285 3038 (l
1335 2971 1476 3032 Cor.,
1527 2987 1620 3036 xu,
1671 2972 1744 3040 7),
1793 2987 2005 3026 sermo-

2110 1851 2314 1906 lexisse
2340 1868 2442 1907 nos
2471 1851 2623 1923 quod
2655 1850 2990 1918 audivimus,
3023 1851 3479 1923 comprobemus.

2181 1949 2269 2000 22.
2317 1945 2490 2015 (Vers.
2535 1945 2646 2014 74.)
2689 1945 2959 2016 Sequitur
3007 1961 3200 2000 versus
3247 1945 3575 2001 secundus:
3619 1947 3710 2012 Qui

2113 2040 2305 2095 timent
2331 2044 2402 2101 te,
2429 2039 2690 2094 videbunt
2720 2055 2822 2102 me,
2849 2044 2899 2094 et
2929 2039 3297 2105 laetabuntur;
3326 2042 3458 2109 quia
3487 2041 3544 2093 in
3567 2040 3711 2093 verba

2113 2138 2211 2187 tua
2252 2134 2647 2202 supersperavi.
2696 2133 2951 2186 Fortasse
2997 2131 3280 2204 aliquibus
3324 2131 3578 2187 videatur
3617 2132 3710 2186 hoc

2110 2241 2227 2280 esse
2263 2224 2637 2294 contrarium,
2682 2224 2815 2296 quia
2845 2224 3032 2295 justus
3069 2224 3201 2280 dicit
3232 2241 3246 2279 :
3291 2225 3400 2291 Qui
3438 2227 3618 2281 timent
3651 2230 3708 2287 te,

2109 2317 2367 2374 videbunt
2426 2333 2530 2380 me,
2581 2324 2633 2373 et
2686 2319 3051 2384 laetabuntur;
3110 2318 3305 2373 multis
3353 2317 3504 2373 enim
3547 2319 3713 2389 justus

2111 2411 2296 2483 gravis
2320 2415 2424 2481 est,
2455 2426 2586 2466 cum
2625 2410 2868 2466 videtur.
2909 2411 3164 2484 Denique
3193 2411 3252 2466 in
3277 2411 3577 2483 Evangelia
3601 2411 3710 2482 ple-

2111 2504 2271 2576 rique
2308 2501 2612 2560 Dominum
2646 2505 2837 2560 Iesum
2873 2504 3063 2560 videre
3106 2521 3223 2559 non
3262 2509 3549 2576 poterant;
3587 2503 3713 2559 sicut

2109 2597 2371 2653 Geraseni
2419 2597 2696 2669 rogabant
2743 2613 2898 2666 eum,
2943 2603 3007 2652 ut
3058 2597 3242 2653 abiret
3283 2598 3357 2654 de
3404 2596 3712 2670 regionibus

2111 2707 2309 2746 eorum
2339 2691 2511 2761 (Luc.,
2540 2707 2652 2759 vui,
2684 2693 2808 2761 37);
2839 2696 2896 2746 et
2933 2690 3029 2746 alii
3066 2692 3120 2746 ei
3153 2691 3464 2747 transitum
3492 2691 3712 2762 denega-

2109 2784 2267 2854 bant,
2309 2783 2537 2855 quando
2575 2787 2768 2840 tamen
2809 2800 2910 2854 per
2947 2800 3047 2839 eos
3087 2783 3330 2839 transire
3366 2785 3591 2840 nolebat
3620 2784 3711 2851 (23)

2109 2880 2279 2948 (Luc.,
2336 2893 2426 2944 ix,
2483 2880 2550 2933 52
2591 2882 2640 2933 et
2685 2876 2795 2948 53).
2831 2877 2993 2932 Unde
3037 2881 3177 2949 puto
3231 2878 3386 2949 quod
3431 2879 3573 2933 sicut
3615 2876 3713 2931 illic

2106 2970 2353 3026 Judaicaa
2418 2963 2605 3025 forma
2667 2969 2982 3041 impietatis
3045 2970 3429 3040 exprimitur,
3497 2971 3574 3025 ita
3635 2969 3712 3023 hic

381 3073 515 3114 nem
553 3057 806 3113 scientia:
845 3058 1032 3130 legisti
1073 3063 1274 3130 postea
1313 3061 1682 3118 substitutum
1711 3064 1891 3134 (1bid.,
1919 3067 2004 3133 8);
2030 3093 2084 3168 Ο
2109 3064 2372 3120 Ecclesia:
2428 3062 2612 3135 gratia
2659 3063 2961 3118 reveletur.
3006 3063 3292 3134 Propheta
3343 3063 3499 3118 enim
3546 3066 3712 3118 totum

382 3156 446 3205 ut
497 3151 637 3205 scias
692 3151 1049 3207 intellectum
1101 3155 1396 3210 memoriae
1460 3157 1899 3227 praeferendum,
1953 3163 2012 3214 et

381 3243 544 3299 illum
582 3259 744 3314 posse
788 3244 996 3300 habere
1035 3245 1352 3318 scientiam,
1389 3249 1480 3304 cui
1515 3253 1647 3304 ante
1690 3251 2009 3307 intellectus

381 3335 673 3391 affulserit.

451 3432 539 3484 20.
589 3430 770 3485 Simul
823 3431 1209 3488 humilitatem
1261 3435 1578 3492 considera.
1625 3437 1686 3494 Si
1729 3439 2007 3510 Propheta

379 3523 738 3578 intellectum
775 3524 898 3579 dari
938 3524 1043 3580 sibi
1081 3528 1346 3597 postulat,
1384 3529 1511 3600 quis
1550 3533 1671 3584 tam
1710 3548 2002 3603 arrogans,

378 3616 475 3686 qui
509 3615 843 3687 proﬁteatur
869 3617 927 3673 in
952 3635 1051 3674 sua
1077 3625 1350 3692 potestate
1379 3638 1502 3678 esse
1528 3622 2005 3696 intelligentiam?

378 3709 736 3764 Intellectum
785 3711 947 3782 petit,
999 3716 1061 3768 ut
1113 3713 1231 3785 ipse
1286 3731 1346 3770 se
1389 3717 1624 3786 noverit,
1675 3722 1732 3774 et
1781 3725 2005 3774 natura:

376 3818 492 3857 suae
539 3802 712 3874 possit
756 3804 899 3859 scire
943 3805 1249 3875 rationem;
1298 3812 1358 3864 at
1405 3809 1484 3864 illi
1535 3811 1632 3882 qui
1683 3811 1753 3866 de
1809 3828 2003 3867 rerum

376 3901 580 3951 natura
631 3896 940 3968 disputant,
997 3901 1120 3955 caeli
1173 3905 1493 3956 scrutantur
1535 3904 1749 3974 plagas,
1797 3905 1896 3976 qui
1942 3922 2004 3960 se

375 3988 530 4059 ipsos
568 3989 709 4044 scire
741 4006 854 4044 non
886 3999 1140 4062 possunt,
1184 4000 1383 4065 putant
1411 3996 1839 4068 intelligentiam
1881 3998 2003 4054 sine

378 4081 476 4136 Dei
509 4081 659 4136 dono
690 4098 856 4154 posse
896 4085 1151 4140 concedi.
1185 4087 1346 4143 Unde
1387 4091 1444 4142 et
1481 4105 1584 4144 nos
1620 4089 1998 4148 humilitatem

377 4173 651 4229 debemus
691 4191 1003 4245 assumere,
1048 4195 1118 4232 ne
1152 4181 1509 4250 extollamur,
1553 4182 1599 4236 si
1645 4184 1788 4239 forte
1826 4201 2001 4240 unam

377 4267 624 4338 aliquam
679 4269 746 4324 de
803 4270 1110 4341 Scripturis
1156 4273 1487 4344 parabolam
1533 4278 1998 4348 cognoverimus;

375 4366 471 4414 aut
508 4361 640 4433 quia
683 4361 976 4419 interdum
1019 4367 1330 4422 secundum
1371 4367 1615 4424 litteram
1661 4371 1832 4442 plana
1859 4371 2000 4444 legi-

2109 3158 2306 3213 orbem
2332 3156 2668 3229 replendum
2699 3171 2817 3212 esse
2843 3156 3056 3211 timore
3083 3155 3303 3225 divino;
3331 3163 3390 3212 et
3418 3157 3544 3212 ideo
3570 3155 3712 3227 quasi

2107 3251 2376 3306 timentes
2404 3252 2580 3306 Deum
2619 3253 2944 3304 sanctorum
2985 3249 3122 3304 dicit
3159 3249 3496 3321 cognitione
3520 3249 3710 3318 laetari;

2109 3344 2208 3415 qui
2247 3345 2402 3399 enim
2443 3342 2854 3413 videtjustum,
2882 3348 2940 3398 et
2981 3342 3207 3412 gaudet,
3241 3343 3416 3398 etiam
3461 3344 3578 3415 ipse
3609 3343 3714 3396 vult

2108 3454 2230 3492 esse
2251 3437 2458 3509 justus.
2494 3435 2798 3491 Pulchrum
2836 3439 2922 3489 est
2953 3435 3108 3490 enim
3143 3439 3210 3489 ut
3238 3437 3298 3490 in
3325 3437 3455 3492 aliis
3483 3437 3709 3492 delecte-

2108 3537 2220 3600 tur,
2262 3530 2414 3602 quod
2452 3529 2569 3584 vult
2611 3528 2668 3583 in
2698 3543 2755 3583 se
2786 3543 3031 3596 servare,
3061 3528 3106 3582 si
3140 3530 3450 3599 sumpserit
3479 3531 3601 3600 (24).
3632 3530 3713 3584 Est

2107 3625 2259 3679 enim
2300 3623 2532 3677 insitum
2558 3621 2755 3690 bonis;
2784 3624 2851 3676 ut
2883 3625 3119 3690 castum,
3145 3621 3447 3692 pudicum,
3477 3622 3710 3694 pruden-

2106 3722 2224 3772 tem
2261 3717 2489 3788 sapiens
2529 3715 2730 3771 ati‘ectu
2772 3714 2866 3786 pio
2908 3714 3125 3785 diligat,
3163 3715 3489 3771 misericors
3518 3716 3708 3771 libera-

2104 3812 2246 3878 lem;
2276 3813 2333 3865 et
2361 3810 2597 3864 virtutes
2636 3824 2764 3863 suas
2801 3807 2859 3862 in
2891 3807 3012 3862 aliis
3047 3811 3216 3863 amet.
3253 3809 3546 3881 Plerisque
3576 3807 3711 3864 enim

2098 3904 2236 3975 justi
2265 3905 2524 3974 aspectus
2556 3901 2866 3957 admonitio
2895 3901 3258 3956 correctionis
3289 3908 3398 3972 est,
3426 3901 3707 3974 perfectio-

2104 3997 2261 4052 ribus
2312 4011 2446 4051 vero
2495 3995 2694 4050 laetan
2739 3998 2842 4050 est.
2892 3996 3068 4059 Quam
3113 3994 3418 4066 pulchrum
3468 4011 3618 4067 ergo,
3654 3996 3711 4048 ut

2103 4089 2350 4146 videaris
2376 4093 2430 4144 et
2455 4088 2636 4161 prosis
2656 4088 2684 4143 ?
2715 4089 2938 4144 Bonum
2968 4104 3076 4160 ego
3104 4089 3189 4142 vir
3207 4088 3421 4159 justus.

2175 4187 2263 4240 23.
2299 4185 2602 4256 Propterea
2637 4181 2882 4253 denique
2911 4182 3118 4236 Paulus
3153 4185 3443 4254 apostolus
3477 4181 3710 4238 ascendit

2102 4277 2570 4348 Hierosolymam,
2620 4279 2687 4330 ut
2725 4275 2910 4346 justas
2961 4275 3214 4345 videret;
3269 4283 3328 4331 et
3373 4294 3506 4333 cum
3557 4279 3706 4332 Petro

2101 4370 2310 4424 mansit
2343 4369 2540 4426 diebus
2573 4368 2902 4440 quindecim
2931 4369 3155 4435 (Galat.,
3187 4386 3225 4438 ι,
3256 4371 3376 4442 18);
3409 4375 3471 4425 ut
3505 4386 3572 4425 ex
3599 4369 3708 4440 ejus

376 4469 523 4523 mus,
554 4455 599 4508 si
623 4454 771 4512 forte
803 4459 1116 4514 secundum
1160 4460 1406 4516 litteram
1450 4461 1664 4534 aliquid
1706 4459 2312 4534 intellexe-Daliquid
2375 4461 2794 4519 cohabitatione
2859 4462 3183 4533 proﬁceret.
3238 4465 3548 4536 Propterea
3598 4463 3706 4533 ipse

375 4547 572 4615 rimus,
615 4549 886 4605 doctrina:
925 4553 1087 4607 nobis
1118 4570 1474 4610 assumamus
1515 4557 1825 4613 scientiam.
1869 4559 2000 4615 Pro-

373 4639 550 4710 pheta
579 4641 676 4696 ille
708 4643 805 4714 qui
839 4646 1059 4715 accepit
1094 4646 1365 4718 Spiritum
1396 4653 1675 4720 sanctum,
1707 4655 2000 4724 postquam

373 4737 580 4790 unctus
621 4738 707 4790 est
743 4735 801 4790 in
844 4752 1108 4808 regnum,
1155 4745 1354 4796 unctus
1395 4747 1482 4797 est
1525 4743 1584 4798 in
1630 4745 1996 4816 Prophetam,

373 4828 751 4884 centesimum
797 4834 854 4885 et
894 4834 1152 4888 octavum
1192 4835 1479 4890 decimum
1530 4840 1814 4908 psalmum
1859 4841 1995 4894 scri-

371 4919 532 4990 bens,
565 4921 922 4978 intellectum
951 4924 1057 4979 sibi
1099 4926 1222 4981 dari
1263 4931 1460 4999 poscit,
1491 4934 1557 4985 ut
1592 4932 1863 4987 mandata
1896 4933 1997 4988 Dei

433 5062 529 5122 (20)
563 5063 718 5112 Rom.
752 5064 906 5126 edit.,
928 5065 1090 5115 servit
1120 5067 1298 5130 utique
1327 5069 1560 5119 veritati.

435 5132 528 5207 (21)
575 5134 653 5182 Ita
698 5134 821 5207 cod.
862 5135 1055 5207 scripti
1105 5137 1385 5188 tredecim.
1434 5140 1544 5189 Alii
1592 5143 1778 5192 autem
1831 5147 1997 5207 atque

371 5201 500 5276 edit.
545 5205 808 5266 cognoscit
848 5206 1103 5269 propheta
1129 5221 1224 5272 per
1264 5210 1493 5272 gratiam
1533 5211 1764 5276 Spiritus
1805 5201 1993 5264 sancti.

371 5271 576 5348 Eprum
603 5279 786 5348 autem
812 5290 938 5342 quae
958 5271 1272 5342 sequuntur
1295 5295 1324 5330 a
1349 5295 1489 5332 voce
1516 5271 1790 5343 deidicisti,
1818 5297 1998 5348 usque

369 5341 439 5390 ad
491 5343 776 5396 intellectus
825 5341 1185 5411 prmittitur,
1238 5351 1488 5403 ordinem
1528 5353 1657 5404 edit.
1708 5341 1866 5405 Rom.
1905 5341 1999 5406 ’δίο

369 5413 596 5491 invertit
642 5429 653 5461 :
704 5416 963 5491 Propheta
1004 5433 1129 5471 vero
1169 5423 1342 5484 primo
1386 5421 1496 5473 loco
1541 5425 1832 5488 sapientia,
1875 5426 2000 5475 inde

370 5481 658 5560 intellectus
700 5485 897 5560 donum
931 5489 1067 5540 inter
1095 5481 1321 5541 munera
1361 5481 1665 5556 gratiarum
1711 5481 1996 5546 constituit.

370 5553 624 5632 Etmquia
678 5556 970 5632 unicuique
1019 5560 1186 5632 datur
1236 5553 1594 5624 manifestatio
1654 5565 1872 5629 spiritus
1927 5567 1999 5616 ad

371 5623 690 5700 utilitatem;
729 5626 844 5676 ideo
880 5630 971 5700 Dei
1005 5631 1203 5682 donum
1243 5623 1720 5700 petitProphetal'
1745 5639 1829 5688 Da
1867 5638 1999 5687 mihi

373 5693 706 5769 intettectum,
755 5701 812 5744 ut
860 5698 1058 5769 discam
1100 5693 1359 5756 mandata
1409 5693 1530 5759 tua:
1569 5708 1694 5759 Vide
1739 5709 1999 5769 ordinem,

373 5762 661 5816 intellectus
681 5767 1041 5829 praemittitur,
1070 5775 1172 5822 etc.

2101 4557 2306 4612 Paulus
2345 4561 2400 4612 et
2445 4555 2751 4623 Barnabas,
2799 4572 2930 4610 cum
2974 4555 3420 4627 Hierosolymam
3464 4554 3706 4628 ingrede-

2100 4652 2318 4717 rentur,
2376 4649 2676 4721 magnitice
2731 4648 3155 4719 excipiebantur
3206 4649 3276 4704 ab
3330 4651 3591 4718 Ecclesia,
3643 4647 3705 4701 ab

2098 4742 2384 4815 apostolis,
2412 4749 2468 4798 et
2495 4742 2809 4812 majoribus
2837 4747 2968 4796 natu
3007 4741 3180 4813 (Act.,
3207 4759 3294 4809 xv,
3323 4743 3399 4815 4).
3439 4745 3575 4798 Cum
3611 4756 3702 4794 au-

2100 4840 2217 4892 tem
2252 4835 2409 4890 abire
2451 4836 2678 4902 vellent,
2717 4851 2789 4890 ne
2830 4834 3189 4890 discederent
3224 4836 3600 4907 rogabantur;
3636 4839 3703 4897 et,

2100 4935 2163 4985 ut
2188 4935 2381 5001 postea
2411 4929 2481 4984 de
2522 4929 2693 4984 Paulo
2719 4929 2984 5001 legimus,
3017 4944 3147 4983 cum
3184 4929 3449 5002 lacrymis
3473 4927 3700 4984 deduce-

2160 5071 2258 5134 (22)
2314 5070 2453 5121 Voci
2513 5069 2923 5134 posterioribus,
2978 5070 3267 5134 subjungit
3336 5070 3488 5129 edit;
3539 5069 3704 5126 Rom,

2099 5143 2192 5207 qui
2234 5147 2411 5192 autem
2455 5139 2652 5203 fecerit,
2681 5146 2728 5190 et
2775 5141 3028 5199 docuerit,
3076 5154 3298 5204 magnus
3341 5140 3610 5191 vocabitur
3651 5139 3702 5186 in

2099 5226 2264 5278 regno
2293 5212 2560 5263 calorum.
2587 5212 2656 5262 Et
2694 5213 2750 5262 in
2791 5211 2900 5263 alio
2942 5213 3084 5273 loco,
3127 5213 3306 5264 Omnis
3337 5213 3432 5277 qui
3468 5210 3702 5267 audierit,

2098 5289 2204 5334 etc.

2161 5355 2261 5414 (9.3)
2307 5355 2388 5404 Ita
2432 5354 2620 5404 cuncti
2665 5367 2796 5403 mss.
2840 5367 2907 5405 ac
2953 5359 3060 5405 vet.
3104 5354 3258 5412 edit;
3302 5355 3456 5405 Rom.
3511 5354 3698 5409 autem,

2099 5425 2314 5489 quando
2355 5430 2560 5475 tantum
2576 5425 2687 5488 [per
2716 5437 2802 5475 eos
2833 5426 3064 5475 transire
3096 5425 3317 5475 volebat.
3357 5425 3554 5474 Planus
3584 5435 3700 5472 seu-

2097 5509 2212 5556 sus,
2243 5496 2346 5545 nisi
2377 5500 2523 5546 esset
2545 5495 2695 5545 omni
2720 5496 2830 5546 alio
2849 5496 3107 5559 praesidio
3132 5496 3443 5546 destitutus.

2161 5568 2256 5630 (24)
2288 5568 2432 5618 Edit.
2470 5569 2648 5628 Rom.,
2671 5569 2719 5618 si
2740 5570 2918 5632 possit.
2948 5569 3087 5620 Alias
3117 5582 3248 5619 cum
3273 5581 3401 5618 mss.
3439 5565 3698 5620 omnibus.

2097 5639 2145 5688 si
2181 5640 2480 5703 sumpserit.
2521 5638 2754 5689 Videtur
2798 5644 2985 5691 autem
3033 5641 3081 5690 is
3120 5652 3316 5690 sensus
3354 5651 3492 5700 esse,
3533 5637 3696 5686 virum

2094 5710 2308 5772 justum
2333 5723 2398 5760 eo
2427 5711 2575 5760 bono
2608 5710 2867 5762 delectari
2896 5711 2951 5760 in
2979 5711 3121 5773 aliis,
3151 5711 3301 5776 quod
3335 5710 3451 5774 ipse
3489 5705 3698 5772 elegerit

2098 5792 2170 5832 ac
2195 5782 2501 5845 susceperit
2521 5780 2578 5832 in
2608 5793 2669 5833 se
2698 5780 3159 5834 conservandum.
