4082 6186
323 247 434 302 1409

1411 241 1759 297 EXPOSITIO
1797 242 1864 297 IN
1903 243 2219 302 PSALMUM
2257 245 2484 301 CXVIII.

3482 246 3622 300 1410

316 370 492 423 bantur
515 365 669 434 (Act,
698 379 791 432 xx,
813 363 920 434 38).
941 364 1084 419 Nam
1115 363 1162 417 si
1186 366 1269 417 est
1295 366 1454 418 tanta
1479 365 1560 419 vis
1586 365 1645 420 in
1671 371 1896 421 natura—
1916 381 1973 451 Α
1992 367 2252 439 inquam,
2281 369 2442 423 illum
2466 367 2636 434 videt,
2667 365 2773 421 nisi
2807 366 2928 438 ejus
2955 365 3161 421 viderit
3197 370 3472 436 mentem,
3512 369 3622 424 nisi

311 462 449 528 libus,
477 464 538 514 ut
559 457 761 513 animal
789 457 968 512 visum
996 456 1177 528 prosit
1197 456 1466 526 ictericis;
1497 457 1572 513 ita
1594 461 1656 513 ut
1681 459 1893 514 mortui

312 568 509 626 quoque
531 567 700 608 cornu
729 551 852 622 ejus
879 549 1187 606 animantis
1216 549 1325 622 ('25)
1351 550 1622 622 prodesse
1653 551 1892 623 dicatur,

309 648 346 701 si
385 645 541 702 fuerit
579 645 1024 700 demonstratum
1069 644 1134 698 iis
1174 643 1274 715 qui
1311 643 1640 714 hujusmodi
1679 644 1892 701 incide-

307 741 406 795 rint
452 739 800 810 passionem,
864 737 1126 793 dubitare
1187 753 1490 809 possumus
1551 739 1700 810 quod
1757 737 1897 810 justi

307 836 443 888 sanet
502 831 793 903 aspectus?
850 832 996 902 Ergo
1058 830 1166 886 vile
1233 831 1448 886 animal
1513 831 1897 888 irrationabile

307 929 499 980 tantam
534 925 797 981 virtutem
839 924 1029 992 habet,
1061 930 1121 980 ut
1159 941 1355 980 sanare
1392 925 1568 996 possit
1601 925 1899 981 hominem

307 1021 570 1074 momento
619 1018 849 1090 exiguo,
899 1034 1011 1091 quo
1061 1018 1313 1088 videtur;
1366 1018 1538 1074 homo
1586 1019 1800 1091 justus,
1850 1018 1898 1074 si

306 1119 473 1168 tamen
524 1127 649 1166 cum
704 1111 815 1168 ﬁde
859 1111 930 1167 ab
969 1128 1039 1168 eo
1087 1111 1414 1184 aspiciatur,
1457 1112 1555 1184 qui
1593 1112 1899 1168 utilitatem

301 1205 359 1260 ab
397 1221 456 1261 eo
499 1205 788 1277 percipere
835 1204 1131 1274 desiderat,
1173 1205 1314 1261 nihil
1360 1206 1614 1263 confert?
1653 1211 1738 1262 An
1780 1223 1899 1263 non

303 1300 372 1354 vel
397 1299 494 1371 ipsi
519 1299 812 1354 oculorum
835 1299 980 1354 radii
1007 1298 1280 1355 virtutem
1298 1300 1607 1372 quamdam
1635 1300 1901 1356 videntur

301 1392 573 1448 infundere
602 1392 671 1447 iis
711 1393 810 1464 qui
851 1391 1095 1449 ﬁdeliter
1131 1409 1265 1448 eum
1305 1393 1497 1449 videre
1533 1393 1899 1449 desiderant?

358 1487 436 1540 24.
467 1485 571 1542 Sed
601 1486 1089 1558 quemadmodum
1111 1487 1298 1558 justus
1327 1487 1576 1543 laetiﬁcat
1602 1503 1699 1542 cor
1725 1487 1896 1542 inno-

299 1580 544 1649 centium,
573 1596 704 1636 cum
732 1579 978 1648 videtur,
1011 1579 1088 1636 ita
1114 1580 1362 1652 improbi
1384 1581 1672 1652 justorum
1701 1580 1896 1652 cogni-

302 1675 426 1729 tione
459 1678 812 1746 torquentur;
849 1673 985 1746 quia
1025 1675 1113 1728 vel
1153 1673 1339 1730 tacitis
1374 1679 1696 1730 sanctorum
1727 1675 1899 1730 mori-

1995 461 2119 531 ejus
2148 477 2466 516 sermonem
2503 459 2829 528 intenderit,
2861 459 2971 514 nisi
3013 475 3206 514 sensus
3241 460 3386 515 illius
3416 465 3618 532 potue-

1996 553 2073 608 rit
2098 553 2612 626 comprehendere,
2643 552 2984 624 sapientiam
3013 551 3084 607 de
3117 555 3358 607 tractatu
3387 554 3506 624 ejus
3530 571 3620 610 as-

1995 662 2238 702 sumere.
2269 648 2422 702 Tunc
2461 647 2638 718 igitur
2671 645 2976 715 laetabitur,
3018 661 3148 700 cum
3180 645 3286 700 ista
3313 662 3620 717 perspexe-

1994 739 2089 810 rit,
2141 757 2272 795 cum
2320 739 2428 796 ista
2470 740 2826 812 cognoverit.
2873 741 2955 794 Ita
3001 755 3142 810 ergo
3189 742 3249 794 et
3295 755 3399 794 nos
3449 740 3622 795 sicubi

1996 833 2316 889 audivimus
2361 834 2614 905 justum,
2666 833 3008 888 festinemus
3053 833 3278 902 videre,
3334 833 3476 888 sicut
3531 834 3624 888 illa

1995 926 2203 982 mulier
2231 942 2358 999 quae
2399 926 2616 983 audivit
2648 926 2707 981 in
2751 927 2924 982 domo
2961 926 3230 982 Pharisaei
3273 926 3624 983 discumbere

1996 1019 2300 1076 Dominum
2344 1021 2559 1088 Jesum,
2609 1025 2668 1074 et
2709 1020 2969 1091 ingressa
3016 1023 3124 1090 est,
3177 1023 3236 1074 et
3279 1020 3401 1091 ejus
3448 1021 3624 1092 pedes

1996 1113 2245 1186 perfudit
2283 1118 2578 1186 unguento
2627 1113 2799 1186 (Luc.,
2846 1130 2938 1182 vn,
2977 1116 3068 1183 37,
3113 1115 3224 1183 38).
3252 1113 3405 1169 Illius
3438 1113 3622 1170 imita-

1997 1212 2150 1263 tores
2201 1207 2416 1274 simus;
2471 1195 2719 1279 namque
2771 1206 3080 1262 Ecclesium
3133 1206 3194 1261 in
3240 1207 3331 1262 illa
3386 1207 3627 1264 muliere

1997 1300 2304 1372 ﬁguratam
2364 1317 2486 1356 esse
2539 1301 2664 1372 quis
2712 1299 2964 1356 dubitat?
3012 1299 3200 1355 Sicubi
3256 1316 3394 1372 ergo
3441 1302 3628 1372 justus

1999 1395 2216 1462 sedeat,
2262 1393 2440 1450 sicubi
2489 1393 2810 1464 accumbat,
2856 1393 3192 1449 festinemus
3235 1393 3425 1451 videre
3470 1412 3624 1452 eum.

2000 1488 2314 1543 Pretiosum
2351 1493 2436 1544 est
2469 1487 2660 1543 videre
2692 1487 2877 1542 virum
2907 1488 3146 1558 justum,
3179 1493 3245 1543 ut
3279 1488 3468 1544 videas
3494 1507 3627 1546 eum

1999 1581 2315 1637 secundum
2369 1581 2684 1653 imaginem
2735 1581 2856 1638 Dei.
2911 1580 3074 1646 Quod
3124 1581 3264 1636 foris
3315 1587 3428 1650 est,
3483 1583 3628 1638 nihil

1999 1675 2232 1746 prodest
2262 1692 2276 1730 :
2309 1675 2462 1747 quod
2499 1675 2654 1731 intus
2693 1678 2796 1742 est,
2835 1681 3018 1730 sanat.
3060 1674 3205 1730 Sane
3246 1680 3304 1731 et
3333 1675 3392 1730 in
3430 1692 3498 1731 eo
3527 1677 3627 1748 qui

300 1767 385 1820 bus
428 1771 766 1840 arguuntur.
819 1768 1068 1839 Torquet
1121 1768 1348 1822 castitas
1385 1767 1854 1824 incontinentiam
1882 1809 1897 1838 ,
1921 1746 1976 1820 Β
2000 1767 2139 1824 foris
2175 1774 2261 1824 est
2289 1746 2451 1824 illum
2477 1768 2575 1840 qui
2607 1769 2763 1824 intus
2801 1773 2906 1838 est,
2945 1769 3273 1840 frequenter
3303 1746 3626 1841 aspicimus,

302 1861 560 1916 avaritiam
587 1860 918 1931 liberalitas,
947 1861 1303 1933 impietatem
1329 1861 1492 1917 ﬁdes.
1521 1862 1598 1918 De
1625 1861 1732 1916 hoc
1761 1878 1899 1933 quo-

302 1970 394 2024 que
437 1955 616 2025 parile
672 1955 797 2009 vilis
853 1954 1161 2010 animantis
1211 1971 1501 2010 sumamus
1549 1955 1896 2027 exemplum.

300 2049 414 2103 Nam
449 2049 585 2104 sicut
626 2049 898 2120 prodesse
938 2048 1186 2105 diximus
1217 2054 1443 2105 mutum
1479 2047 1734 2122 1095
1775 2049 1895 2105 ani-

301 2145 412 2209 mal,
456 2159 583 2198 cum
629 2143 872 2210 videtur,
925 2143 999 2198 ita
1045 2143 1242 2198 obesse
1286 2143 1630 2215 percipimus
1672 2143 1895 2214 lupum,

303 2236 337 2289 si
357 2237 589 2308 aliquem
622 2236 871 2292 videndo
898 2236 1238 2308 praevenerit
1254 2253 1270 2305 ;
1297 2252 1498 2292 vocem
1524 2237 1682 2291 enim
1709 2237 1898 2292 ferun-

304 2335 373 2386 tur
402 2330 686 2396 amittere,
729 2346 872 2402 quos
918 2330 1076 2400 prius
1121 2331 1288 2400 lupus
1333 2329 1558 2385 viderit.
1607 2329 1899 2386 Basiliscus

305 2439 507 2494 quoque,
557 2424 672 2478 hoc
718 2426 824 2490 est,
868 2423 1067 2478 noxius
1111 2439 1367 2496 serpens,
1407 2424 1456 2478 si
1499 2423 1900 2496 quodcumque

309 2517 426 2585 prior
453 2515 665 2572 viderit
701 2517 936 2585 animal,
977 2517 1162 2572 fertur
1199 2517 1473 2586 occidere,
1517 2520 1576 2573 et
1621 2517 1900 2589 allegatur

314 2610 451 2665 statim
487 2609 712 2678 necari,
761 2610 859 2682 qui
905 2610 1154 2681 potuerit
1190 2627 1221 2664 a
1266 2615 1527 2682 serpente
1570 2610 1898 2682 hujusmodi

325 2704 578 2770 pravideri.
648 2705 772 2775 Ipse
825 2720 1052 2777 quoque
1097 2720 1329 2776 serpens
1382 2703 1528 2760 mori
1575 2704 1803 2772 dicitur,
1852 2705 1900 2760 si

317 2795 435 2852 fuel-it
475 2797 742 2854 hominis
781 2803 1103 2870 prazventus
1149 2802 1404 2870 aspectu.
1449 2799 1598 2870 Ergo
1650 2798 1696 2852 si
1745 2803 1900 2854 tanta

313 2890 463 2958 virtus,
508 2892 603 2948 vel
667 2891 727 2946 in
775 2892 948 2947 oculis
996 2891 1308 2963 serpentis,
1355 2891 1442 2947 vel
1489 2892 1549 2947 in
1595 2891 1770 2947 oculis
1818 2895 1901 2948 est

305 2983 525 3056 hominis,
573 2988 652 3040 ut
693 2985 740 3040 si
782 2987 924 3042 alter
967 2987 1211 3041 alterum
1254 2985 1413 3057 prior
1454 2985 1680 3054 viderit,
1723 2987 1902 3058 possit

302 3079 532 3149 occidere,
578 3096 708 3135 non
749 3085 833 3136 est
871 3079 1046 3136 virtus
1081 3079 1140 3134 in
1175 3079 1354 3135 oculis
1386 3079 1544 3150 justi,
1575 3079 1674 3152 qui
1713 3080 1897 3152 reple-

302 3175 371 3225 tus
391 3173 613 3229 virtutis
645 3176 729 3229 est
761 3173 964 3245 gratia,
993 3189 1123 3228 cum
1164 3173 1487 3245 praesertim
1510 3175 1738 3228 tantum
1765 3190 1896 3246 ope-

300 3270 426 3318 retur
451 3267 622 3336 ﬁdes,
649 3271 715 3321 ut
747 3269 805 3322 et
841 3267 937 3321 illa
965 3283 1095 3338 qua:
1121 3267 1408 3323 ﬁmbriam
1439 3266 1661 3322 Domini
1690 3267 1898 3339 tetigit,

300 3366 557 3416 sanaretur
617 3360 856 3424 (Matth,
905 3377 980 3427 ix,
1024 3363 1237 3430 20-22),
1280 3366 1338 3416 et
1380 3361 1474 3416 ille
1516 3361 1607 3416 cui
1656 3361 1904 3417 intendit

299 3449 533 3508 Dominus
559 3455 590 3510 Ι
599 3470 752 3521 esus,
785 3454 978 3509 statim
1010 3470 1077 3509 ex
1115 3454 1238 3525 ejus
1268 3455 1445 3510 oculis
1475 3455 1723 3527 gratiam
1750 3456 1899 3511 sani-

299 3546 404 3600 tatis
430 3547 693 3603 hauriret
721 3547 886 3619 (Luc.,
918 3564 996 3616 ix,
1028 3551 1114 3618 38,
1142 3549 1232 3616 43)
1251 3550 1279 3602 ?

353 3641 431 3695 25.
457 3641 567 3697 Sed
603 3641 702 3714 qui
722 3641 872 3697 videt
889 3641 1131 3712 justum,
1156 3642 1328 3697 debet
1349 3642 1494 3698 scire
1516 3643 1653 3715 quid
1678 3643 1898 3700 videat:

298 3747 392 3787 non
414 3734 568 3790 illum
603 3734 756 3790 videt
782 3734 843 3790 in
874 3751 1130 3807 corpore,
1161 3751 1277 3790 non
1309 3736 1369 3790 in
1395 3736 1755 3805 vestimento,
1789 3753 1901 3791 non

297 3824 343 3879 in
370 3827 737 3899 patrimonio,
766 3845 881 3884 non
919 3829 978 3890 in
1010 3830 1200 3896 vultu;
1231 3831 1327 3886 sed
1356 3830 1513 3886 intus
1547 3830 1721 3898 videt,
1762 3847 1900 3899 non,

347 4045 432 4108 {25)
460 4047 675 4099 Eadem
704 4047 839 4098 edit.
870 4047 1054 4110 Rom.,
1083 4061 1275 4114 corpus
1310 4051 1422 4113 ejus
1460 4050 1771 4101 animantis.
1803 4051 1906 4100 Ni-

297 4118 474 4168 mirum
504 4121 640 4182 quia
671 4132 801 4169 cum
845 4119 1008 4180 Plin.,
1036 4119 1132 4170 lib.
1165 4132 1294 4170 xxx
1334 4119 1462 4170 Hist.
1497 4122 1642 4177 Nat,
1673 4135 1791 4185 cap.
1823 4123 1900 4183 11,

298 4188 503 4240 aviculae
542 4192 810 4240 virtutem
845 4189 1106 4240 medendi
1141 4190 1367 4241 icterico
1397 4191 1590 4242 morbo
1626 4190 1905 4252 attribuat,

297 4269 390 4306 non
429 4259 725 4312 videbatur
768 4273 878 4311 vox
926 4273 1091 4311 cornu
1125 4261 1435 4325 legitimum
1479 4274 1703 4312 sensum
1741 4262 1907 4312 exhi-

297 4326 426 4379 bere.
479 4331 592 4382 Sed
635 4344 768 4382 cum
816 4330 1010 4381 eadem
1057 4343 1165 4382 vox
1218 4335 1536 4382 constanter
1590 4333 1804 4395 legatur
1849 4333 1906 4381 in

298 4399 532 4451 omnibus
556 4407 613 4452 et
643 4415 776 4452 mss.
809 4406 864 4451 et
891 4407 1002 4452 ant.
1029 4402 1180 4464 edit.,
1210 4402 1510 4453 dicendum
1539 4402 1691 4453 hunc
1717 4402 1906 4454 locum

1999 1868 2064 1918 ut
2100 1863 2147 1917 si
2175 1862 2490 1918 viderimus
2516 1877 2852 1934 pauperem,
2880 1862 3043 1917 illum
3071 1862 3143 1918 ad
3173 1862 3332 1934 cujus
3360 1862 3624 1918 similitu-

1998 1957 2193 2012 dinem
2237 1957 2416 2012 factus
2453 1959 2558 2026 est,
2600 1955 2959 2011 honoremus
2995 1956 3056 2010 in
3095 1972 3368 2027 paupere,
3411 1957 3481 2011 de
3516 1973 3629 2028 quo

1999 2049 2080 2104 ait
2126 2066 2140 2105 :
2191 2051 2422 2106 Dedistis
2481 2050 2617 2105 mihi
2667 2049 3064 2105 manducare...
3127 2053 3261 2119 quia
3319 2051 3467 2120 quod
3529 2054 3630 2106 uni

1997 2159 2179 2199 eorum
2217 2143 2460 2207 dedistis,
2500 2144 2636 2198 mihi
2676 2144 2900 2199 dedistis
2942 2144 3190 2210 (Matth,
3221 2160 3348 2213 xxv,
3386 2147 3474 2214 35,
3510 2145 3623 2214 40).

1999 2237 2108 2302 Qui
2154 2237 2309 2292 enim
2360 2240 2598 2293 coronat
2636 2236 2956 2308 imaginem
3005 2236 3388 2308 imperatoris,
3435 2239 3628 2312 utique

1998 2330 2160 2386 illum
2208 2331 2455 2386 honorat
2501 2331 2663 2402 cujus
2713 2330 3030 2402 imaginem
3073 2331 3360 2387 coronavit
3404 2332 3530 2405 (26),
3571 2337 3630 2389 et

1999 2424 2100 2496 qui
2133 2427 2376 2480 statuam
2405 2424 2834 2496 contempserit,
2873 2425 3208 2495 imperatori
3247 2425 3437 2498 utique
3466 2426 3628 2498 cujus

1998 2522 2243 2573 statuam
2301 2518 2753 2588 consputaverit,
2807 2518 3004 2574 fecisse
3061 2519 3281 2575 videtur
3329 2519 3624 2589 injuriam.

1997 2611 2243 2666 Gentiles
2267 2611 2487 2682 lignum
2507 2611 2766 2680 adorant,
2790 2611 2923 2682 quia
2945 2611 3039 2667 Dei
3060 2611 3370 2684 imaginem
3390 2615 3625 2683 putant;

1998 2703 2098 2759 sed
2126 2703 2427 2759 invisibilis
2458 2704 2558 2759 Dei
2586 2704 2802 2776 imago,
2835 2721 2952 2760 non
2981 2705 3041 2760 in
3073 2721 3142 2760 eo
3177 2709 3264 2760 est
3291 2707 3441 2777 quod
3471 2707 3625 2762 vide-

1998 2801 2112 2866 tur,
2144 2797 2244 2851 sed
2270 2797 2330 2850 in
2363 2812 2432 2851 eo
2454 2797 2654 2869 utique
2682 2798 2837 2868 quod
2863 2814 2979 2853 non
3008 2797 3258 2854 videtur.

2069 2893 2158 2946 26.
2201 2890 2366 2946 Vides
2404 2906 2541 2961 ergo
2583 2889 2716 2962 quia
2758 2890 2910 2946 inter
2952 2893 3162 2946 multas
3189 2891 3393 2947 Christi
3427 2893 3630 2966 imagi-

1999 3000 2103 3038 nes
2149 2985 2552 3040 ambulamus?
2597 2985 2908 3040 Caveamus
2953 3001 3026 3040 ne
3073 3002 3346 3041 coronam
3391 2986 3627 3060 imagini

2001 3077 2301 3134 detrahere
2330 3078 2647 3148 videamur,
2680 3095 2854 3151 quam
2890 3078 3195 3151 unicuique
3228 3081 3482 3136 Christus
3517 3082 3626 3136 im-

1998 3173 2209 3244 posuit.
2241 3173 2558 3228 Caveamus
2586 3189 2659 3228 ne
2687 3173 2906 3244 aliquid
2937 3173 3304 3230 detrahamus
3328 3173 3397 3229 iis
3425 3174 3631 3246 quibus

1999 3265 2276 3321 debemus
2316 3267 2649 3338 adiungere.
2687 3265 2799 3322 Sed
2839 3266 2994 3338 quod
3036 3268 3200 3338 pejus
3243 3271 3349 3337 est,
3390 3285 3505 3323 non
3546 3285 3632 3323 so-

2000 3359 2120 3414 lum
2144 3375 2262 3415 non
2293 3361 2659 3415 honestamus
2687 3375 2987 3431 pauperes,
3015 3359 3114 3416 sed
3141 3361 3319 3417 etiam
3349 3361 3628 3418 dehones-

2003 3454 2208 3521 tamns,
2271 3453 2634 3521 destruimus,
2693 3453 3126 3525 persequimur;
3190 3458 3248 3509 et
3299 3455 3634 3527 ignoramus

2001 3547 2156 3617 quod
2177 3547 2283 3600 has
2305 3546 2407 3601 Dei
2427 3545 2670 3618 imagini
2689 3562 3070 3619 congeramus
3096 3547 3350 3618 injurias,
3375 3548 3423 3621 1
3441 3547 3633 3622 096

2001 3655 2132 3695 cum
2160 3639 2338 3695 factos
2368 3639 2441 3694 ad
2473 3629 2785 3711 imaginem
2821 3639 2916 3695 Dei
2957 3643 3225 3712 putamus
3260 3657 3380 3698 esse
3415 3642 3629 3697 laeden-

2002 3734 2124 3789 dos.
2169 3733 2276 3798 Qui
2325 3734 2478 3788 enim
2528 3733 2725 3789 irridet
2767 3749 3108 3805 pauperem,
3155 3735 3455 3790 exacerbat
3499 3751 3633 3790 eum

2003 3827 2103 3898 qui
2133 3827 2265 3884 fecit
2293 3826 2474 3882 illum.
2502 3827 2608 3882 Sed
2638 3827 2824 3883 aderit
2853 3826 2951 3881 ille
2985 3827 3084 3899 qui
3123 3827 3273 3883 dicat
3303 3845 3316 3882 :
3352 3849 3380 3878 «
3412 3829 3632 3883 Esurivi

2003 4047 2143 4101 ξύλου
2182 4047 2262 4094 καὶ
2305 4046 2568 4110 χρωμάτων
2609 4047 2832 4111 λοιδορεῖ,
2875 4047 2969 4111 οὐχ
3019 4048 3086 4102 ὡς
3125 4047 3242 4111 πρὸς
3294 4047 3482 4112 ἄψυχον
3523 4049 3630 4098 τολ-

2005 4119 2160 4181 μήσας
2221 4117 2446 4182 κρίνεται,
2512 4118 2634 4166 ἀλλὰ
2685 4119 2807 4166 κατὰ
2859 4116 2944 4167 τοῦ
3011 4118 3260 4182 βασιλέως.
3325 4119 3635 4172 Observatu

2004 4202 2169 4252 porro
2223 4189 2452 4253 dignum
2507 4193 2591 4239 est
2640 4189 2998 4240 Ambrosium
3050 4194 3174 4254 post
3224 4194 3463 4253 quatuor
3508 4205 3637 4242 ver-

2005 4273 2101 4309 sus
2133 4261 2188 4310 in
2231 4273 2298 4310 eo
2338 4259 2709 4311 idololatriam
2748 4260 3100 4312 ethnicorum
3139 4263 3494 4323 constituere,
3524 4275 3637 4313 non

2007 4329 2157 4392 quod
2210 4329 2358 4380 idola
2408 4329 2542 4380 deos
2584 4343 2706 4381 esse
2750 4330 3056 4388 crederent,
3105 4330 3203 4381 sed
3249 4331 3398 4394 quod
3442 4332 3636 4383 eadem

2007 4400 2334 4462 adorarent,
2401 4401 2782 4451 existimantes
2851 4402 2910 4450 in
2978 4401 3088 4450 illis
3159 4402 3457 4464 imaginem
3534 4405 3636 4454 Dei

300 4466 420 4520 forte
446 4471 514 4522 de
530 4471 914 4556 quadrupede
925 4473 1205 4556 quopiam
1229 4472 1456 4555 animali
1484 4472 1906 4556 intelligendum
1927 4485 1986 4556 D
2007 4471 2408 4556 residereuqui
2455 4485 2584 4556 cum
2636 4472 2707 4522 sit
2751 4473 3108 4556 incorporeup
3145 4473 3413 4556 materiali
3455 4473 3637 4556 efﬁgie

297 4550 402 4591 esse
439 4559 450 4590 :
488 4545 599 4594 nisi
637 4545 764 4608 quis
808 4544 964 4594 malit
1003 4557 1101 4607 per
1144 4557 1318 4595 cornu
1357 4543 1604 4607 ejusdem
1643 4545 1760 4594 avis
1794 4542 1979 4593 un-"
2008 4543 2299 4592 assimilari
2342 4544 2670 4606 neutiquam
2709 4546 2908 4605 potest.
2941 4542 3087 4592 Hinc
3131 4546 3321 4594 autem
3365 4546 3638 4595 contraria

297 4621 414 4670 gues
441 4626 503 4663 ac
533 4619 776 4666 rostrum
807 4614 1126 4678 signiﬁcari.

347 4682 437 4743 (ΞΘ)
483 4684 616 4734 Mss.
677 4697 911 4746 novem,
971 4685 1073 4747 Qui
1137 4686 1275 4734 enim
1335 4685 1656 4735 honorat.....
1719 4686 1908 4749 imagi-

294 4763 392 4800 aem
452 4755 750 4807 honoravit.
803 4757 914 4807 Alii
983 4761 1036 4808 et
1091 4760 1310 4808 cunctae
1365 4756 1528 4818 edit.,
1584 4761 1907 4806 coronat.....

294 4828 563 4876 coronavit.
609 4828 844 4888 Melius;
875 4828 1128 4879 solebant
1160 4829 1308 4878 enim
1346 4828 1741 4890 imperatorum
1775 4829 1906 4876 ima-

295 4893 428 4954 gines
473 4897 706 4949 ﬂoribus
753 4900 1026 4961 coronari,
1077 4902 1141 4949 ut
1192 4899 1449 4950 observat
1505 4899 1617 4949 Jos.
1667 4898 1907 4948 Lauren-

297 4963 391 5014 tius
436 4967 671 5033 Polym.,
716 4970 813 5020 lib.
854 4983 912 5034 v,
961 4983 1084 5034 pag.
1127 4970 1236 5020 391.
1287 4971 1478 5034 Neque
1519 4983 1650 5020 vero
1705 4970 1908 5018 mirum

297 5038 546 5096 ejusmodi
591 5041 858 5093 honorem
900 5043 1067 5094 etiam
1103 5041 1545 5093 Christianorum
1593 5041 1907 5105 principum

298 5110 472 5178 statuis
509 5111 787 5163 redditum
832 5126 974 5172 esse,
1019 5113 1474 5178 quandoquidem
1524 5116 1741 5163 constat
1781 5125 1910 5161 eas—

299 5174 406 5230 dem
444 5194 572 5232 cum
624 5184 678 5232 in
723 5183 923 5248 Oppida
971 5174 1372 5246 inferebantur,
1415 5199 1444 5235 a
1485 5185 1811 5247 magistratu
1845 5195 1909 5231 ac

298 5256 495 5314 populis
536 5270 663 5307 cum
710 5258 894 5320 thure,
933 5259 1110 5308 cereis
1156 5262 1326 5322 atque
1368 5257 1687 5308 adoratione
1726 5258 1911 5320 excipi

298 5325 485 5378 solitas.
528 5329 640 5381 Sed
678 5344 808 5381 eum
849 5331 1067 5382 cultum
1106 5331 1334 5382 tandem
1367 5331 1654 5396 prohibuit
1695 5329 1907 5381 Theod.

299 5396 407 5471 {Im
449 5402 604 5467 Cod.,
634 5407 712 5456 tit.
752 5407 802 5469 4,
837 5405 942 5470 leg.
971 5407 1158 5468 unica,
1195 5420 1366 5471 quam
1408 5406 1639 5457 consule
1673 5406 1824 5456 sicut
1856 5409 1912 5456 et

301 5469 495 5526 Comm.
525 5477 773 5528 Gothofr.
808 5480 865 5528 in
902 5469 1175 5530 eamdem.
1208 5469 1366 5529 Libet
1399 5483 1584 5529 autem
1618 5477 1731 5528 huc
1773 5476 1910 5540 adji-

301 5556 408 5598 cere
444 5564 570 5614 quve
605 5553 850 5602 Hilarius
888 5553 1044 5604 Pont.
1091 5553 1248 5604 Rom.
1292 5554 1450 5617 epist.
1492 5551 1755 5603 secundas
1789 5551 1907 5601 Nic.

303 5631 406 5682 syn.
434 5625 631 5676 inserta
663 5628 828 5679 refert
857 5640 925 5678 ex
954 5629 1019 5678 D.
1052 5626 1362 5692 Chrysost.;
1392 5633 1524 5678 sunt
1553 5629 1700 5677 enim
1735 5626 1915 5676 simil-

307 5692 416 5746 lima
461 5700 528 5749 iis
584 5716 705 5767 qua:
754 5703 824 5752 ab
873 5702 1168 5754 Ambrosio
1215 5706 1401 5754 nostro
1453 5703 1546 5752 hic
1599 5700 1909 5752 traduntur.

310 5769 387 5818 Ait
438 5772 599 5836 igitur
650 5793 661 5825 :
717 5777 823 5826 Οὐκ
879 5776 1010 5832 οἶδας
1061 5777 1132 5825 ὅτι
1193 5775 1321 5832 ὅστις
1369 5777 1452 5833 τὴν
1509 5776 1668 5826 εἰκόνα
1729 5776 1811 5832 τήν
1859 5776 1911 5823 ἐκ

2009 4614 2223 4662 ratione
2247 4614 2610 4677 consequitur
2636 4627 2766 4663 eum
2790 4611 2998 4664 Christi
3025 4614 3266 4676 Domini,
3295 4616 3354 4664 B.
3376 4615 3635 4679 Virginis,

2007 4687 2340 4746 martyrum,
2400 4685 2748 4748 aliorumque
2801 4688 3117 4735 sanctorum
3173 4699 3362 4736 sacras
3419 4687 3632 4745 icones,

2010 4753 2361 4818 honoresque
2433 4755 2569 4818 ipsis
2633 4754 2912 4806 exhibitos
2983 4757 3211 4806 minime
3273 4757 3634 4820 improbasse.

2010 4823 2173 4875 Certe
2211 4827 2391 4875 omnis
2420 4825 2671 4877 doctrina
2698 4840 2776 4878 vu
2815 4840 2974 4878 conc.
3003 4839 3202 4878 aecum.
3230 4841 3396 4890 supra
3427 4827 3633 4877 laudati

2009 4897 2068 4944 in
2111 4910 2178 4947 eo
2207 4898 2367 4961 quasi
2398 4897 2623 4948 cardine
2662 4899 2908 4949 vertitur.
2937 4899 3156 4950 Etenim
3197 4900 3400 4962 passim
3443 4899 3639 4949 asserit

2009 4968 2112 5017 Dei
2161 4969 2389 5032 quidem
2419 4972 2695 5030 naturam,
2744 4973 2935 5034 utpote
2975 4969 3279 5034 spiritalem
3326 4970 3479 5032 pingi
3523 4981 3636 5018 non

2009 5049 2170 5101 posse
2204 5053 2216 5087 :
2248 5053 2360 5103 qua
2402 5040 2459 5088 in
2499 5053 2558 5091 re
2598 5040 2677 5088 illi
2717 5041 3007 5104 praaiverat
3045 5041 3230 5102 Greg.,
3262 5039 3332 5100 II,
3371 5051 3454 5102 ep.
3487 5041 3536 5099 1,
3569 5037 3639 5088 ad

2010 5111 2252 5161 Leonem
2293 5113 2546 5160 lsaurum
2586 5112 2838 5163 scribens
2871 5128 2882 5160 :
2910 5110 3036 5161 Θεοῦ
3074 5110 3213 5173 φύσιν
3250 5110 3477 5158 ἀδὺνατον
3505 5113 3637 5158 ἱστο-

2013 5181 2153 5245 ρῆσαι
2198 5182 2279 5230 καὶ
2314 5183 2636 5247 ζωγραφῆσαι.
2669 5183 2751 5233 De
2790 5183 2993 5234 Christi
3042 5195 3170 5231 vero
3216 5185 3270 5230 et
3323 5185 3642 5232 sanctorum

2011 5254 2351 5317 imaginibus
2399 5256 2560 5319 plane
2612 5258 2950 5306 contrarium
2998 5256 3287 5318 colligunt,
3334 5260 3503 5320 atque
3544 5255 3639 5307 de-

2012 5333 2248 5379 cernunt
2294 5329 2462 5379 iidem
2521 5331 2723 5382 Patres.
2781 5331 2928 5392 Quin
2982 5331 3092 5380 imo
3139 5343 3270 5381 cum
3316 5331 3639 5394 angelorum

2012 5417 2240 5468 quoque
2281 5405 2616 5469 imaginibus
2655 5405 3048 5469 suffragantur,
3078 5418 3144 5456 ea
3172 5405 3523 5469 potissimum
3553 5420 3640 5454 ra-

2012 5479 2164 5529 tione
2207 5481 2272 5533 ὡς
2316 5479 2552 5543 ἄνθρωποι
2602 5478 2966 5542 ἐνεφανίσθησαν
3013 5495 3025 5528 :
3070 5479 3264 5530 eodem
3313 5484 3643 5545 argumento

2012 5552 2289 5602 evincitur
2319 5553 2576 5604 illicitum
2615 5567 2726 5603 non
2767 5567 2906 5615 esse,
2949 5553 3284 5618 symbolicas
3327 5555 3640 5604 divinarum

2013 5640 2374 5690 personarum
2417 5627 2686 5689 imagines
2729 5626 2837 5678 sub
2869 5629 3074 5692 quibus
3112 5629 3246 5692 ipsas
3287 5643 3347 5680 se
3375 5629 3638 5680 manifes-

2017 5706 2162 5753 tasse
2223 5703 2278 5751 in
2335 5701 2636 5766 Scripturis
2695 5701 2974 5766 leguntur,
3035 5704 3242 5768 populo
3297 5703 3640 5755 venerandus

2013 5789 2336 5841 proponere.
2375 5775 2484 5827 Sed
2514 5773 2708 5828 ist-hec
2738 5776 2808 5828 ad
2834 5779 3308 5830 controversistas.
