3862 6166
251 229 270 246 ’
321 257 447 311 um
1789 249 1842 302 s.
1886 245 2201 302 AMBROSH
3511 258 3627 314 4m

315 383 373 432 ct
425 393 538 432 non
598 373 828 430 dedistis
877 373 1016 427 mihi
1067 373 1447 440 manducare;
1499 371 1670 439 sitivi,
1719 375 1778 426 et
1829 385 1944 425 non
1969 375 2104 453 Aet
2147 368 2486 439 cognitionis
2531 369 2731 439 gratia,
2775 369 3006 441 agnovit
3034 370 3188 442 justa
3223 387 3335 430 esse
3370 377 3461 431 Dei
3493 379 3628 449 judi-

314 469 542 527 dedistis
579 469 726 523 mihi
768 467 998 532 bibere;
1033 507 1046 521 .
1078 506 1093 521 .
1131 507 1144 521 .
1181 481 1338 536 ager
1381 481 1539 520 eram
1569 506 1582 520 .
1618 506 1631 520 .
1674 505 1687 519 .
1736 469 1793 520 et
1833 480 1946 518 non

313 562 576 618 visitastis
615 577 708 616 me
749 561 993 629 (Matth.,
1040 575 1163 628 xxv,
1205 559 1275 613 42
1313 566 1364 615 et
1395 559 1506 628 43).
1551 579 1580 609 ››
1624 559 1693 613 Et
1731 562 1946 628 quanto

316 657 422 712 ista
455 655 670 711 leviora
697 659 848 721 sunt,
888 670 1062 726 quam
1096 653 1142 707 si
1179 652 1330 708 dicat
1363 670 1376 706 :
1411 651 1650 724 lnjurias
1683 651 1822 705 mihi
1861 650 1944 704 fe-

316 749 486 818 cistis,
528 748 779 802 nudastis
826 763 943 814 me,
976 746 1313 802 verberastis
1349 745 1483 800 me?
1523 745 1700 808 Quem
1733 743 1779 797 si
1822 742 1948 814 quis

319 841 762 913 interrogaverit
820 857 833 895 :
888 840 1133 904 Quando
1201 839 1302 894 tibi
1367 838 1606 909 injurias
1671 836 1944 905 fecimus,

317 935 552 1008 quando
593 934 973 1006 spoliavimus,
1012 933 1242 1005 quando
1283 932 1458 987 etiam
1483 928 1946 986 verberavimus‘?

317 1029 515 1084 Dicet:
553 1049 581 1077 κ
617 1028 880 1092 Quandiu
916 1027 1019 1082 uni
1056 1027 1263 1081 horum
1303 1024 1675 1079 minimarum
1713 1021 1945 1090 fecistis,

320 1122 462 1177 mihi
492 1122 704 1176 fecistis
736 1121 920 1192 (Ibid.,
947 1121 1057 1191 45).
1087 1143 1115 1170 ››
1149 1121 1455 1190 PrOpterea
1487 1133 1782 1173 caveamus
1817 1116 1945 1172 dili-

323 1216 579 1287 gentius,
624 1231 697 1270 ne
738 1215 828 1269 cui
867 1215 957 1268 vel
1000 1213 1242 1268 minimo
1284 1211 1692 1267 contumeliam
1731 1211 1946 1281 irroge-

320 1326 469 1375 mus,
505 1325 575 1364 ne
615 1309 723 1379 ipsi
767 1309 1008 1363 Domino
1039 1307 1098 1361 in
1132 1306 1242 1360 illis
1278 1304 1529 1360 minimis
1560 1303 1948 1360 contumeliosi

321 1403 490 1457 fuisse
523 1401 840 1456 videamur.

388 1499 477 1549 27.
510 1494 632 1558 Qua
657 1493 880 1548 ratione
908 1497 1101 1546 autem
1131 1491 1336 1546 dixerit
1363 1507 1376 1546 :
1407 1491 1515 1557 Qui
1545 1493 1735 1546 timent
1768 1497 1836 1553 te,
1863 1491 1944 1544 vi-

316 1589 517 1643 debunt
562 1602 645 1641 me
691 1591 740 1641 et
789 1586 1142 1650 laetabuntur,
1196 1585 1315 1656 ipse
1370 1583 1632 1655 exposuit
1685 1583 1876 1638 dicens
1930 1599 1943 1636 :

317 1683 454 1749 Quia
499 1684 557 1735 in
605 1681 768 1735 verba
813 1687 909 1734 tua
956 1681 1370 1750 super-Speraui;
1424 1678 1529 1734 hoc
1579 1682 1663 1731 est
1704 1677 1890 1732 dicere
1929 1693 1942 1731 :

2049 463 2166 529 cia;
2208 477 2516 533 agnoscere
2557 465 2748 518 autem
2795 464 3031 534 perfecti
3079 470 3184 520 est.
3216 465 3459 540 Denique
3497 473 3629 529 aliud

2049 560 2134 611 est
2175 555 2428 623 credere,
2473 556 2625 611 aliud
2668 573 2998 628 agnoscere.
3040 559 3197 615 Fides
3243 560 3497 631 timentis,
3541 582 3630 638 ag-

2048 648 2186 704 nitio
2228 654 2310 706 est
2351 650 2640 720 sapientis.
2681 650 2783 714 Qui
2820 651 2973 706 enim
3020 651 3201 720 timet,
3245 654 3504 711 rationem
3529 675 3631 715 non

2048 744 2267 814 quaerit,
2299 744 2524 814 sapiens
2562 749 2753 800 autem
2793 751 2847 800 et
2885 745 3244 816 agnitionem
3279 763 3466 804 eorum
3497 751 3632 808 inve-

2047 837 2235 908 stigat,
2273 853 2626 909 quascunque
2667 839 2961 910 percipere
3003 839 3305 894 desiderat.
3351 863 3378 890 «
3413 843 3635 913 Credidi,

2047 931 2250 1002 inquit,
2278 934 2513 1002 propter
2537 932 2686 1002 quod
2718 932 2938 986 locutus
2973 949 3099 988 sum
3134 933 3300 1004 (Psal.
3330 950 3448 1004 cxx,
3480 941 3586 1009 lO);
3612 959 3636 990 η

2048 1023 2313 1096 cognovit
2336 1031 2530 1080 autem
2557 1024 2880 1096 intelligens
2905 1026 3060 1097 quod
3086 1027 3303 1082 locutus
3329 1032 3425 1083 est.

2120 1121 2208 1174 30.
2254 1120 2314 1172 In
2359 1135 2472 1190 quo
2519 1134 2656 1188 ergo
2700 1120 2852 1190 justa
2887 1120 3103 1190 judicia
3156 1121 3254 1175 Dei
3302 1125 3474 1178 sunt?
3518 1125 3640 1188 Quia

2049 1228 2152 1284 per
2211 1213 2473 1281 labores,
2521 1215 2576 1266 et
2629 1213 3056 1282 tribulationes,
3109 1217 3168 1268 et
3216 1214 3536 1270 afﬂictiones
3582 1218 3640 1272 ad

2049 1306 2270 1361 caeleste
2311 1306 2614 1376 praemium
2646 1307 2994 1377 pervenitur.
3027 1307 3184 1363 Sicut
3223 1308 3370 1363 enim
3401 1311 3639 1364 certanti-

2047 1400 2152 1454 bus
2201 1399 2432 1454 athletis
2481 1415 2696 1454 corona
2748 1399 3006 1455 defertur
3041 1401 3198 1472 justo
3238 1401 3446 1472 judicio
3489 1403 3646 1458 homi-

2050 1509 2217 1561 num,
2267 1493 2351 1573 ita
2401 1492 2658 1564 legitime
2707 1494 3052 1549 certantibus
3105 1494 3434 1550 Christianis
3478 1495 3643 1550 divino

2041 1587 2260 1659 judicio
2290 1586 2480 1658 palma
2515 1586 2840 1642 decernitur
2868 1604 2882 1641 :
2917 1610 2944 1638 ι(
2972 1588 3252 1658 Vincenti,
3285 1588 3484 1660 inquit,
3520 1589 3645 1644 dabo

2048 1681 2245 1736 sedere
2285 1696 2509 1736 mecum
2548 1681 2608 1734 in
2649 1681 2779 1736 sede
2816 1697 2945 1735 mea
2985 1682 3197 1752 (Apoc.,
3241 1698 3318 1748 ιιι,
3350 1685 3457 1751 21).
3486 1705 3511 1731 ››
3544 1681 3647 1737 Vita

321 1776 476 1830 Intus
517 1791 608 1828 me
652 1773 934 1841 viderunt,
977 1773 1128 1827 intus
1171 1787 1262 1826 me
1301 1772 1632 1842 tetigerunt,
1663 1771 1817 1824 intus
1857 1751 2189 1846 meBergo
2233 1779 2426 1829 nostra
2473 1775 2830 1829 examinatur
2875 1775 3032 1845 igne,
3083 1775 3228 1830 sicut
3278 1775 3536 1846 splendor
3569 1792 3646 1828 ar-

323 1871 703 1939 aspexerunt;
743 1866 838 1920 ubi
867 1881 1027 1937 spem
1067 1864 1347 1936 assumpsi
1377 1865 1444 1920 de
1482 1864 1593 1919 tuis
1618 1863 1818 1930 verbis,
1849 1863 1948 1918 ubi

321 1969 419 2016 tua
456 1960 630 2015 verba
668 1959 917 2031 percepi.
964 1959 1122 2014 Beati
1164 1974 1302 2029 ergo
1345 1958 1445 2029 qui
1487 1957 1683 2012 vident
1703 1957 1946 2027 justum,

320 2061 378 2110 et
400 2055 685 2119 luatantur,
714 2053 848 2124 quia
875 2057 1103 2124 sperant
1131 2052 1189 2106 in
1221 2052 1322 2106 Dei
1350 2052 1540 2106 verba.
1572 2051 1756 2114 Quam
1783 2049 1951 2105 multi

319 2153 514 2203 autem
536 2152 667 2202 sunt
688 2147 786 2218 qui
814 2146 1057 2201 oderunt
1069 2146 1268 2217 justos,
1293 2146 1390 2216 qui
1411 2146 1835 2216 perscrutantur
1856 2143 1950 2198 Dei

319 2241 510 2310 verba,
534 2240 632 2312 qui
654 2240 792 2311 justi
821 2243 972 2309 sunt,
1001 2243 1058 2296 et
1086 2255 1218 2294 cum
1247 2239 1466 2311 aliquos
1495 2239 1691 2293 doctos
1712 2237 1952 2292 audiunt

320 2335 503 2406 impii,
552 2351 644 2390 eos
691 2339 925 2405 propter
967 2333 1283 2388 doctrinam
1328 2334 1508 2387 vitare
1555 2330 1949 2386 consuerunt?

391 2430 482 2483 28.
533 2428 706 2498 (Vers.
739 2428 849 2497 75.)
891 2427 1161 2498 Sequitur
1204 2442 1395 2480 versus
1435 2425 1637 2480 tertius
1672 2441 1686 2479 :
1718 2427 1946 2492 Agnovi,

319 2525 556 2584 Domine,
604 2523 862 2591 quoniam
892 2521 1050 2590 justa
1088 2520 1302 2590 judicia
1342 2525 1438 2574 tua
1479 2538 1495 2573 :
1537 2525 1587 2574 et
1625 2521 1685 2572 in
1725 2520 1950 2573 veritate

320 2622 416 2670 tua
457 2615 763 2670 humiliasti
795 2631 895 2670 me.
928 2614 1034 2678 Qui
1076 2615 1261 2684 potest
1289 2613 1608 2684 intelligere
1650 2627 1778 2683 quae
1820 2619 1951 2665 sunt

317 2709 525 2763 divina:
569 2708 972 2775 Providentiae,
1016 2708 1202 2762 utitur
1245 2723 1312 2762 eo
1356 2723 1622 2762 sermone
1665 2721 1776 2777 quo
1820 2722 1950 2759 usus

319 2807 403 2857 est
429 2803 703 2874 propheta
735 2805 958 2856 sanctus
989 2800 1192 2868 David;
1226 2801 1360 2873 quia
1387 2800 1581 2856 omnia
1605 2799 1822 2871 judicio
1855 2798 1948 2852 Dei

315 2896 482 2963 ﬁunt,
535 2899 596 2950 ut
640 2912 861 2966 aegrum
907 2911 1108 2966 corpus
1151 2895 1356 2966 aliquis
1407 2893 1635 2961 habeat,
1689 2895 1751 2946 ut
1798 2893 1946 2946 salu-

319 2991 440 3058 bre,
481 2995 545 3044 ut
585 2989 759 3057 dives,
799 2993 864 3044 ut
905 3005 1121 3060 pauper
1160 2988 1248 3057 sit,
1286 2993 1352 3042 ut
1391 2987 1672 3042 moriatur
1701 2985 1946 3056 juvenis,

2049 1869 2205 1940 genti
2248 1874 2310 1923 ut
2347 1869 2522 1922 virtus
2561 1867 2964 1923 certaminibus
3002 1869 3371 1939 approbetur.
3407 1890 3434 1917 «
3468 1870 3648 1923 Trans-

2048 1961 2272 2030 ivimus,
2311 1961 2518 2032 inquit,
2563 1977 2665 2032 per
2707 1962 2905 2032 ignem
2952 1966 3007 2016 ct
3045 1979 3280 2033 aquam,
3315 1967 3372 2017 et
3410 1961 3650 2017 induxisti

2049 2072 2155 2110 nos
2211 2055 2272 2110 in
2323 2055 2686 2125 refrigerium
2739 2057 2914 2124 (Psal.
2967 2072 3089 2124 va,
3145 2057 3265 2126 l2).
3317 2077 3344 2106 »
3400 2057 3503 2110 Per
3545 2055 3647 2110 haec

2049 2148 2224 2220 igitur
2274 2165 2406 2203 vera
2456 2148 2662 2219 judicia
2709 2151 2807 2202 tua
2855 2165 2977 2204 esse
3027 2149 3290 2220 cognovi.
3343 2147 3649 2203 Humiliatus

2049 2243 2204 2297 enim
2249 2259 2394 2310 sum,
2448 2246 2508 2297 ut
2554 2242 2676 2296 haec
2724 2241 3004 2312 viderem;
3056 2243 3191 2314 quia
3239 2243 3277 2297 ii
3317 2243 3412 2314 qui
3451 2240 3646 2296 exaltati

2050 2342 2180 2392 sunt
2208 2337 2399 2403 corde,
2441 2336 2636 2390 oculos
2673 2335 2746 2389 ad
2784 2336 3080 2390 veritatem
3124 2336 3351 2407 aperire
3393 2352 3500 2389 non
3540 2350 3648 2405 pos-

2049 2433 2198 2484 sunt.
2266 2431 2407 2486 Cum
2469 2436 2662 2484 autem
2731 2428 3120 2498 humiliamur,
3196 2432 3426 2500 peccata
3485 2431 3649 2483 nostra

2049 2523 2464 2594 cognoscimus,
2495 2526 2553 2578 et
2586 2522 2704 2594 ipsa
2732 2522 3057 2577 humilitate
3096 2522 3304 2578 delicta
3333 2527 3516 2578 nostra
3541 2537 3652 2592 pur-

2050 2633 2272 2688 gamus.
2334 2637 2363 2665 ‹‹
2419 2616 2756 2671 Humiliatus
2819 2633 2984 2684 sum,
3052 2616 3282 2688 inquit,
3341 2621 3397 2670 et
3456 2615 3647 2669 salvum

2048 2726 2141 2764 me
2181 2710 2313 2765 fecit
2353 2710 2524 2779 (Psal.
2562 2725 2703 2776 cxxv,
2741 2711 2817 2779 6).
2855 2729 2884 2758 »
2928 2711 2990 2764 In
3033 2709 3276 2765 veritate
3319 2725 3452 2781 ergo
3492 2706 3652 2762 humi-

2049 2803 2223 2859 liatus
2275 2807 2390 2870 est,
2444 2803 2543 2874 qui
2596 2803 2928 2858 humiliatus
2977 2809 3064 2858 est
3112 2804 3184 2858 ad
3238 2804 3473 2858 salutem
3511 2818 3523 2856 :
3565 2815 3652 2854 nec

2048 2914 2193 2952 vane
2233 2897 2467 2968 pertulit
2501 2896 2851 2968 passionem,
2894 2897 2994 2968 qui
3030 2897 3275 2953 salutem
3312 2894 3553 2952 veritatis
3585 2909 3652 2947 se-

2049 2995 2212 3046 cutus
2239 2992 2346 3044 est.

319 3084 635 3193 velvsen‘ex.
675 3083 739 3193 Si
779 3081 906 3185 quis
936 3080 1212 3193 intendat
1253 3080 1555 3193 scripturis
1594 3079 1820 3148 divinis,
1859 3079 1945 3132 in-
1969 3119 2023 3193 Ο
2119 3088 2205 3139 3t.
2247 3083 2424 3138 Distat
2461 3081 2639 3154 igitur
2675 3083 2824 3138 inter
2862 3099 3208 3155 cognoscere
3256 3086 3313 3138 et
3347 3083 3560 3148 timere,
3599 3084 3654 3134 ut

315 3175 521 3247 telligit
549 3176 670 3229 haec
705 3174 828 3229 ﬁeri
851 3173 1070 3244 judicio
1100 3172 1230 3242 Dei;
1264 3173 1407 3227 nihil
1436 3173 1586 3227 enim
1615 3176 1702 3226 est
1737 3176 1947 3244 praeter

319 3271 420 3325 Dei
457 3267 770 3324 scientiam.
815 3267 1155 3338 Exemplum
1197 3266 1546 3337 quaerimus?
1575 3267 1695 3320 Non
1734 3271 1817 3321 est
1853 3266 1948 3321 ab-

317 3362 668 3428 sconditum;
701 3361 990 3432 siquidem
1029 3359 1134 3415 Job
1167 3375 1462 3432 nunquam
1495 3359 1774 3414 amisisset
1810 3377 1945 3431 pro-

318 3458 475 3529 prias
509 3455 822 3522 facultates,
867 3453 974 3508 nisi
1012 3456 1160 3509 esset
1197 3453 1437 3508 traditus
1477 3453 1810 3508 adversariae
1841 3470 1944 3524 po-

318 3550 528 3607 testati.
581 3549 746 3605 Dedit
793 3548 949 3603 enim
998 3547 1272 3602 Dominus
1327 3546 1555 3602 diabolo
1612 3551 1948 3617 potestatem

319 3646 380 3700 in
407 3645 696 3699 facultates
721 3643 842 3714 ejus
872 3642 1004 3713 (Job,
1037 3658 1076 3710 ι,
1113 3641 1218 3712 12),
1247 3645 1313 3696 ut
1341 3644 1662 3696 tentaretur
1691 3642 1944 3712 qualem,

317 3739 523 3794 amisso
551 3736 912 3810 patrimonio,
938 3727 1175 3790 haberet
1200 3733 1488 3803 affectum,
1513 3734 1672 3789 dedit
1695 3734 1751 3788 in
1781 3734 1944 3799 ﬁlios,

319 3832 480 3890 dedit
505 3833 564 3887 in
595 3847 802 3903 corpus
836 3830 956 3901 ejus
980 3830 1110 3901 (Job,
1153 3846 1211 3898 ιι,
1250 3830 1322 3901 6),
1353 3833 1418 3883 ut
1445 3829 1777 3900 probaretur
1808 3845 1945 3882 num

319 3929 388 3983 de
423 3930 725 3982 unctorum
761 3924 956 3980 dolore
987 3923 1322 3990 liberorum,
1350 3927 1448 3977 aut
1474 3922 1721 3977 cruciatu
1747 3938 1943 3993 corpo-

319 4021 396 4075 ris
425 4039 459 4075 a
486 4019 805 4074 constantia
831 4018 1037 4073 mentis
1062 4017 1353 4088 animique
1382 4015 1734 4072 descisceret.
1764 4016 1948 4071 Domi-

321 4131 426 4169 nus
448 4112 682 4185 quidem
709 4113 948 4166 noverat
971 4110 1208 4177 fortem;
1229 4109 1327 4165 sed
1348 4110 1409 4164 in
1434 4109 1532 4164 illo
1553 4109 1755 4165 docere
1777 4115 1947 4181 atque

322 4208 652 4264 examinare
695 4222 800 4260 nos
839 4204 1035 4273 voluit,
1079 4211 1274 4259 utrum
1320 4203 1634 4258 imitatores
1666 4204 1788 4274 ejus
1826 4219 1946 4258 esse

318 4317 627 4376 possemus.
684 4301 937 4372 Denique
981 4305 1037 4353 et
1085 4297 1371 4353 Abraham
1417 4299 1676 4366 tentavit,
1722 4297 1947 4368 quando

320 4397 504 4451 [ilium
529 4395 676 4450 senis
705 4393 939 4450 unicum
969 4393 1076 4448 sibi
1101 4391 1266 4464 petiit
1292 4391 1573 4446 immolari
1609 4392 1784 4460 (Gem,
1813 4407 1945 4458 xxn,

2050 3194 2117 3233 eo
2146 3182 2512 3233 revertamur.
2541 3177 2798 3248 Denique
2828 3176 3122 3248 Evangelii
3147 3177 3320 3232 lectio
3349 3176 3542 3231 docere
3569 3188 3656 3228 nos

2050 3270 2241 3327 debet.
2279 3271 2370 3326 Ait
2402 3271 2555 3325 enim
2593 3271 2867 3326 Dominus
2905 3270 2976 3325 ad
3018 3286 3116 3324 eos
3144 3271 3249 3342 qui
3289 3269 3585 3326 credebant
3613 3265 3656 3320 ei

2048 3381 2115 3420 ex
2151 3364 2362 3420 Judaais
2407 3382 2420 3419 :
2457 3386 2484 3414 ‹‹
2527 3365 2581 3419 Si
2624 3364 2944 3419 manseritis
2987 3365 3047 3418 in
3086 3365 3264 3420 verbo
3306 3379 3497 3419 meo...
3538 3375 3655 3430 cog-

2048 3459 2288 3514 noscetis
2327 3459 2642 3526 veritatem,
2687 3461 2745 3513 et
2789 3458 2991 3513 veritas
3027 3457 3298 3513 liberabit
3337 3474 3432 3512 vos
3477 3458 3658 3525 (Joan.,

2050 3569 2161 3619 vm,
2207 3555 2296 3619 3t,
2344 3554 2450 3623 32).
2499 3573 2525 3602 ››
2571 3553 2623 3606 Si
2672 3551 3015 3621 manseritis,
3049 3552 3261 3623 inquit,
3307 3547 3656 3623 cognoscetis.

2049 3646 2214 3700 Vides
2252 3646 2389 3717 quia
2429 3662 2543 3700 non
2579 3662 2611 3699 a
2641 3645 2921 3717 principio
2957 3645 3142 3716 potuit
3171 3659 3515 3717 cognoscere
3548 3640 3656 3713 qui-

2047 3754 2271 3811 cunque
2320 3740 2498 3794 Deum
2550 3739 2759 3793 timens
2806 3738 3039 3793 verbum
3092 3739 3218 3808 ejus
3271 3738 3503 3793 audivit.
3551 3735 3657 3789 Non

2047 3833 2227 3888 solum
2265 3837 2460 3887 autem
2496 3848 2615 3886 non
2656 3831 2806 3886 idem
2843 3835 2929 3886 est
2969 3831 3140 3886 timor
3181 3836 3240 3888 et
3280 3830 3547 3903 cognitio,
3585 3841 3659 3880 ve-

2046 3942 2178 3981 rum
2233 3926 2402 3980 etiam
2462 3941 2578 3980 non
2633 3925 2782 3980 idem
2834 3928 2918 3980 est
2974 3925 3111 3979 fides
3161 3930 3223 3980 et
3276 3925 3538 3996 cognitio.
3583 3919 3654 3974 Si-

2047 4018 2282 4091 quidem
2330 4019 2502 4073 etiam
2545 4018 2846 4089 Apostolus
2893 4017 3087 4073 docuit
3127 4018 3352 4074 diversa
3395 4032 3513 4072 esse
3557 4027 3658 4069 mu-

2049 4128 2186 4167 nera
2220 4111 2553 4183 gratiarum.
2586 4133 2613 4161 ‹‹
2653 4111 2756 4167 Alii
2795 4111 2969 4180 enim,
3005 4111 3219 4182 inquit,
3261 4128 3368 4183 per
3405 4109 3654 4181 Spiritum

2049 4206 2217 4261 datur
2251 4223 2439 4260 sermo
2471 4205 2789 4276 sapientiae,
2829 4205 2923 4260 alii
2965 4220 3152 4260 sermo
3201 4204 3456 4260 scientiae
3486 4215 3656 4256 secun-

2046 4299 2183 4354 dum
2212 4299 2480 4354 eumdem
2508 4299 2802 4369 Spiritum,
2833 4299 2931 4352 alii
2957 4298 3098 4354 ﬁdes
3125 4298 3187 4353 in
3221 4299 3431 4354 eodem
3471 4293 3656 4367 Spiritu

2048 4393 2090 4464 (1
2135 4392 2278 4454 Cor”
2320 4409 2414 4461 xu,
2455 4395 2508 4460 8,
2551 4393 2624 4464 9).
2666 4415 2693 4443 »
2739 4392 2799 4448 Si
2849 4408 2986 4464 ergo
3031 4393 3127 4447 alii
3167 4392 3313 4448 ﬁdes
3354 4391 3533 4456 datur,
3574 4383 3654 4440 alii

316 4492 394 4560 2).
449 4489 671 4544 Sciebat
718 4488 918 4560 utique
971 4490 1226 4542 mentem
1276 4484 1517 4539 Abrahae
1546 4502 1559 4551 ;
1615 4484 1714 4538 sed
1763 4484 2024 4562 sciensD
2045 4486 2315 4558 cognitio,
2347 4485 2503 4540 vides
2537 4486 2668 4557 quia
2697 4486 2796 4541 ubi
2837 4486 2996 4554 ﬁdes,
3029 4503 3145 4542 non
3172 4486 3368 4542 statim
3399 4480 3654 4555 cognitio;

319 4589 502 4640 tentat
527 4583 816 4651 Dominus,
841 4582 984 4636 sicut
1010 4579 1198 4652 legisti
1227 4579 1285 4634 in
1309 4578 1634 4650 Evangelio,
1660 4578 1791 4650 quia
1817 4593 1945 4632 cum

320 4679 728 4748 interrogasset
758 4676 1026 4730 Dominus
1057 4677 1218 4730 Jesus
1247 4674 1569 4745 discipulos,
1599 4679 1738 4744 quot
1775 4689 1948 4744 panes

319 4772 624 4839 haberent,
665 4773 721 4826 et
765 4768 843 4823 illi
892 4768 1315 4840 respondissent
1352 4769 1486 4841 quia
1527 4767 1779 4839 quinque
1820 4772 1943 4820 tan-

319 4870 442 4922 tum
478 4864 756 4920 haberent
792 4878 988 4935 panes,
1019 4862 1140 4933 ipse
1166 4863 1247 4918 ait
1275 4881 1289 4918 :
1319 4862 1463 4928 Quid
1494 4861 1768 4916 faciemus
1799 4859 1948 4914 inter

319 4963 503 5016 tantos
543 4957 856 5014 homines?
901 4957 1008 5012 hoc
1045 4961 1239 5011 autem
1280 4956 1506 5012 dicebat
1545 4958 1779 5009 tentans
1817 4969 1943 5021 eos;

319 5053 531 5110 sciebat
582 5051 736 5107 enim
784 5050 926 5123 quid
979 5051 1228 5105 facturus
1279 5055 1423 5104 esset
1475 5050 1684 5114 (Joan.,
1739 5064 1809 5114 v1,
1863 5049 1943 5117 6).

317 5148 422 5213 Qui
454 5145 705 5220 1097
741 5161 879 5216 ergo
904 5144 1092 5215 justus
1129 5147 1233 5210 est,
1267 5143 1530 5198 examine
1561 5141 1799 5212 justitize
1831 5155 1948 5194 suae

317 5242 500 5297 credit
542 5241 676 5312 quia
714 5241 810 5296 Dei
844 5239 996 5310 justa
1031 5237 1243 5307 judicia
1290 5241 1422 5290 sunt
1467 5236 1596 5306 (27);
1631 5233 1722 5288 vel
1753 5249 1950 5288 secun-

319 5336 459 5390 dum
497 5333 776 5402 Graecum,
823 5333 956 5405 quia
996 5331 1092 5388 Dei
1125 5329 1340 5401 judicia
1377 5333 1509 5384 sunt
1537 5329 1662 5399 ipsa
1702 5326 1945 5399 justitia.

393 5432 480 5484 29.
525 5428 630 5482 Sed
671 5427 778 5482 hoc
818 5432 882 5482 ut
924 5426 1277 5498 agnosceret,
1323 5421 1456 5478 fecit
1497 5420 1790 5493 praemissa
1821 5437 1948 5491 pre-

319 5523 460 5579 catio
507 5521 777 5593 quoniam
826 5521 1178 5576 intellectum
1225 5516 1332 5572 sibi
1385 5515 1511 5570 dari
1561 5514 1836 5585 poposcit,
1891 5520 1950 5570 ut

320 5615 590 5674 mandata
620 5614 720 5669 Dei
762 5613 1021 5669 disceret.
1053 5616 1295 5682 Accepta
1332 5612 1410 5665 est
1455 5624 1593 5679 ergo
1631 5607 1950 5663 intellectus

388 5741 481 5806 (27)
514 5739 672 5790 Rom.
701 5735 854 5797 edit.,
889 5735 1024 5797 Quid
1045 5739 1169 5785 sunt
1196 5735 1336 5783 inter
1359 5736 1532 5783 tantos
1567 5730 1799 5806 homines
1824 5729 1864 5806 ?_
1885 5731 1949 5806 lit

322 5801 538 5876 subjecit
568 5813 622 5859 in
657 5805 997 5870 Evangelisto
1024 5821 1038 5854 :
1067 5807 1173 5855 Hoc
1198 5811 1435 5855 autem...
1464 5802 1703 5853 examine
1726 5801 1949 5863 justiti}?

2051 4579 2146 4634 ubi
2182 4585 2371 4635 autem
2415 4579 2686 4650 cognitio,
2728 4583 2786 4634 et
2819 4581 2957 4635 fides
2993 4584 3080 4635 est
3114 4585 3172 4635 et
3214 4577 3533 4651 prudentia,
3568 4586 3657 4627 nec

2049 4673 2118 4728 ab
2148 4689 2214 4728 eo
2243 4689 2544 4744 possumus
2573 4672 2927 4744 diligentiam
2955 4689 3249 4744 separare.

2119 4769 2206 4822 32.
2245 4767 2450 4821 Habuit
2485 4781 2624 4837 ergo
2662 4766 3054 4838 cognitionem
3087 4773 3321 4822 sanctus
3359 4762 3540 4828 David,
3579 4762 3657 4811 ut-

2048 4863 2178 4932 pote
2231 4860 2513 4931 propheta
2550 4861 2852 4932 perfectus,
2903 4859 3378 4932 quandoquidem
3432 4857 3504 4911 ita
3551 4867 3659 4923 per-

2047 4955 2192 5008 fecte
2244 4953 2526 5024 cognovit,
2570 4957 2636 5008 ut
2687 4954 3086 5009 humiliaretur
3138 4953 3198 5007 in
3253 4953 3375 5023 ipsa
3421 4948 3656 5003 veritate.

2048 5048 2171 5103 Sive
2216 5063 2355 5118 ergo
2397 5047 2455 5102 in
2493 5047 2738 5102 adversis
2778 5047 3013 5119 positus,
3057 5047 3295 5118 agnovit
3337 5035 3658 5116 probationis

2050 5140 2315 5214 gratiam,
2355 5157 2422 5196 ea
2458 5156 2586 5212 qua:
2625 5140 2908 5196 laboriosa
2951 5143 3007 5196 et
3042 5140 3281 5194 adversa
3325 5141 3471 5203 sunt,
3516 5128 3656 5186 susti-

2048 5234 2240 5290 nenda
2274 5234 2536 5304 :justum
2583 5237 2777 5290 autem
2825 5249 2946 5290 esse
2989 5233 3086 5289 Dei
3114 5231 3425 5305 judicium,
3467 5234 3520 5283 et
3546 5224 3658 5279 ideo

2048 5328 2191 5384 bene
2234 5331 2518 5383 certantes
2570 5344 2872 5400 nunquam
2922 5327 3124 5396 deseri,
3174 5326 3262 5381 vel
3311 5319 3567 5392 relinqui,
3611 5319 3658 5368 et

2049 5437 2318 5476 coronam
2349 5421 2440 5475 his
2473 5424 2601 5491 post
2630 5421 2850 5478 labores
2876 5437 3043 5492 posse
3077 5419 3326 5486 deferri;
3358 5417 3470 5470 sive
3504 5413 3558 5466 in
3577 5423 3656 5462 'se-

2049 5515 2252 5570 cundis
2290 5520 2345 5569 et
2383 5515 2664 5586 prosperis
2693 5515 2928 5587 positus,
2957 5512 3223 5586 cognovit
3255 5512 3428 5566 etiam
3457 5501 3657 5562 divitias

2048 5623 2274 5679 regum,
2339 5607 2700 5679 diversosque
2763 5623 3072 5674 successus,
3126 5601 3454 5660 tentationis
3507 5607 3654 5652 causa

2048 5743 2155 5780 suae
2184 5731 2400 5793 agnovit
2427 5730 2578 5793 quia,
2609 5733 2714 5780 etc.

3803 5299 3862 5362 iam

3815 5593 3862 5649 Ἥ

3830 5677 3854 5692 .'-—.

3839 5689 3862 5728 ςη

3825 5771 3836 5779 ε
