4082 6186
279 223 382 277 1613

1352 219 1699 276 EXPOSITIO
1739 218 1806 274 IN
1851 219 2164 276 PSALMUM
2203 220 2426 276 CXVIII.

3425 225 3560 278 1414

270 347 414 399 solere
448 346 727 415 suppetere
774 343 886 414 (28)
921 348 989 399 ut
1027 344 1074 399 is
1124 345 1222 416 qui
1268 344 1356 399 his
1402 345 1596 410 utitur,
1639 359 1830 400 rerum
1853 343 2176 426 Acordiaa,
2225 343 2459 397 evidens
2507 342 2898 398 testimonium
2941 343 3137 413 docet;
3186 345 3352 417 Moysi
3399 347 3553 401 enim

268 435 584 508 prosperitate
617 439 886 492 tentetur.
931 439 992 492 In
1027 453 1094 492 eo
1137 437 1312 508 igitur
1342 438 1617 509 propheta
1658 437 1829 492 David

266 530 544 597 laudandus,
578 529 704 601 quia
733 545 866 584 cum
904 530 1010 585 ista
1047 536 1403 602 agnosceret,
1437 528 1694 602 1098
1732 531 1832 584 hu-

264 623 558 691 miliabatur,
591 627 650 677 ut
676 622 995 679 humilitate
1023 640 1146 691 sua,
1177 626 1262 680 vel
1294 640 1699 696 prosperorum
1731 640 1829 680 ex-

264 717 472 772 cluderet
521 719 886 784 tentamenta,
921 717 1010 772 vel
1046 718 1410 774 adversorum
1451 717 1666 774 subiret
1701 734 1832 772 con-

263 809 397 862 stanti
424 809 837 880 aequanimitate
866 810 1250 866 tolerantiam.

311 903 384 956 33.
425 903 536 956 Non
585 919 718 974 ergo
764 918 1116 976 magnopere
1156 903 1452 960 laudabilis
1495 909 1642 960 esset
1689 906 1826 959 Pro-

258 997 411 1067 pheta,
447 997 490 1050 si
529 995 786 1051 laudaret
814 996 1034 1067 judicia
1073 998 1196 1065 Dei,
1238 1013 1372 1053 usus
1412 997 1701 1054 afﬂuentia
1740 1015 1828 1053 se-

254 1089 548 1146 cundorum.
577 1089 723 1154 Quid
751 1089 903 1145 enim
929 1106 1205 1162 magnum
1231 1091 1490 1161 facimus,
1523 1091 1570 1147 si
1601 1090 1830 1164 quando

253 1186 296 1239 in
335 1184 571 1239 secundis
611 1201 834 1253 sumus,
881 1185 1178 1241 laudamus
1230 1188 1439 1255 Deum,
1492 1185 1719 1257 quando
1768 1183 1830 1240 in

251 1278 420 1331 divitiis
462 1294 687 1346 sumus,
742 1278 974 1350 quando
1023 1279 1195 1334 nullis
1243 1294 1518 1335 vexamur
1566 1278 1830 1350 injuriis?

252 1371 360 1424 Illud
395 1375 472 1425 est
507 1371 897 1443 magniﬁcum,
935 1372 982 1427 si
1019 1372 1304 1444 subjectus
1342 1372 1586 1444 injuriis,
1630 1377 1825 1427 contu-

253 1464 416 1531 meliis,
439 1465 713 1535 judicium
753 1466 852 1520 Dei
890 1465 1104 1536 laudes,
1135 1467 1182 1521 si
1221 1469 1452 1521 vexatus
1481 1464 1827 1536 egritudine,

247 1557 418 1624 judicia
462 1558 556 1612 Dei
603 1557 907 1629 praedices;
961 1559 1006 1613 si
1058 1562 1112 1614 te
1159 1559 1358 1630 inopia
1403 1575 1521 1614 non
1568 1561 1826 1626 revocet,

249 1651 506 1722 quominus
540 1650 736 1706 laudes
771 1651 1048 1722 justitiam
1086 1652 1204 1707 Dei.
1242 1654 1388 1723 Ergo
1427 1668 1656 1723 semper
1700 1652 1825 1706 lau-

1932 435 2067 490 dicit
2109 437 2254 490 Deus
2285 458 2295 489 :
2329 456 2357 488 α
2383 435 2690 492 Miserebor
2723 436 2812 491 cui
2855 437 3120 491 misertus
3155 454 3274 507 ero,
3303 442 3361 493 et
3387 441 3550 496 mise-

1931 528 2235 584 ricordiam
2274 529 2550 600 praestabo
2591 529 2683 584 cui
2728 528 3177 584 misericordiam
3216 531 3549 601 praestitero.

1930 621 2112 692 Igitur
2149 638 2266 677 non
2309 627 2395 678 est
2431 623 2690 690 volentis,
2731 639 2922 694 neque
2961 622 3261 690 currentis,
3309 625 3406 678 sed
3447 628 3553 680 mi-

1931 716 2170 771 serantis
2217 715 2312 771 Dei
2351 721 2436 772 est
2480 719 2675 785 (Rom,
2725 732 2800 786 1x,
2843 720 2928 783 l5,
2971 719 3076 786 l6).
3109 737 3136 767 »
3166 716 3329 772 Forte
3357 717 3508 773 dicas
3541 737 3553 774 :

1930 810 2080 879 Ergo
2121 825 2236 864 non
2279 809 2576 879 debemus,
2615 809 2704 864 vel
2747 810 2908 878 velle,
2956 811 3046 865 vel
3093 826 3356 880 currere;
3403 813 3556 882 atqui

1927 903 2290 973 negligentes
2347 905 2492 959 Deus
2549 903 2808 959 deserere
2863 903 3169 958 consuevit.
3239 905 3358 959 Non
3419 921 3556 976 ergo

1931 995 2037 1050 hoc
2077 995 2246 1065 dicit;
2292 997 2390 1052 sed
2435 997 2572 1068 quid
2621 997 2769 1051 dicat
2808 996 3251 1052 consideremus.
3296 999 3418 1053 Non
3458 1014 3554 1053 vo-

1928 1087 2116 1156 lentis,
2161 1105 2347 1161 neque
2385 1090 2668 1144 currentis
2707 1090 2960 1145 hominis
2999 1091 3418 1162 perseverantia
3444 1096 3554 1159 est;

1929 1199 2047 1238 non
2089 1188 2174 1238 est
2213 1183 2367 1238 enim
2407 1183 2466 1237 in
2514 1183 2762 1238 hominis
2801 1187 3103 1254 potestate,
3134 1185 3232 1238 sed
3271 1185 3555 1239 miseren-

1927 1277 1999 1330 tis
2025 1276 2128 1330 Dei
2153 1279 2256 1344 est,
2290 1279 2350 1330 ut
2388 1277 2568 1348 possis
2597 1277 2884 1348 complere
2920 1293 3049 1348 qua:
3087 1278 3344 1348 cceperis.
3385 1278 3555 1332 Deni-

1928 1385 2040 1441 que
2083 1371 2292 1425 iterum
2333 1370 2528 1441 Moysi,
2571 1368 2707 1424 dicit
2747 1387 2760 1424 :
2792 1391 2820 1418 «
2851 1370 3000 1434 Quia
3039 1370 3096 1424 in
3129 1371 3240 1426 hoc
3279 1371 3471 1443 ipsum
3506 1377 3558 1426 te

1928 1462 2208 1531 suscitavi,
2237 1469 2301 1518 ut
2335 1463 2635 1518 ostendam
2671 1462 2728 1518 in
2756 1466 2812 1517 te
2852 1463 3120 1518 virtutem
3156 1479 3343 1518 meam
3374 1465 3561 1534 (Ibid.,

1931 1561 2038 1624 17).
2080 1580 2107 1607 n
2149 1555 2406 1629 1099
2445 1557 2750 1628 Colligitur
2781 1573 2920 1628 ergo
2959 1556 3422 1612 adhortationem
3465 1557 3554 1611 di-

1929 1651 2074 1705 vina:
2123 1650 2527 1705 misericordiae
2575 1649 2984 1721 deputandam.
3031 1650 3190 1705 Unde
3235 1651 3488 1723 sequitur
3541 1668 3553 1705 :

250 1721 395 1798 danda
419 1750 542 1799 sunt
561 1721 787 1815 judicia
813 1745 932 1814 Dei,
961 1744 1103 1800 sicut
1130 1721 1404 1816 scriptum
1432 1750 1517 1800 est
1544 1721 1609 1798 τῆς(
1641 1721 1905 1800 Exsul-B
1931 1764 1960 1793 (ι
2001 1745 2149 1814 Ergo
2188 1743 2279 1797 cui
2317 1744 2438 1798 vult
2476 1743 2798 1812 miseretur,
2845 1747 2902 1798 et
2941 1758 3111 1814 quem
3148 1744 3267 1798 vult
3311 1721 3558 1799 obdurat

252 1841 467 1892 laverunt
491 1837 623 1892 ﬁlia:
651 1837 807 1892 Iuda:
841 1842 1072 1910 propter
1103 1839 1318 1909 judicia
1342 1844 1442 1893 tua
1469 1839 1634 1905 (Psal.
1663 1855 1826 1906 van,

253 1933 331 1988 12).
367 1953 390 1980 »ι
423 1930 551 1995 Quae
589 1937 728 1986 sunt
760 1930 896 1985 ﬁlim
929 1932 1108 1997 Iudas,
1141 1931 1250 1986 nisi
1280 1933 1485 1986 animm
1522 1930 1824 2002 religiosae,

249 2024 407 2078 anima:
449 2024 708 2079 Ecclesia:
760 2040 888 2095 quae
936 2025 1134 2080 Iesum
1184 2024 1470 2081 Christum
1523 2024 1827 2080 Dominum

250 2117 564 2184 conﬁtentur,
631 2133 759 2189 quae
821 2117 1076 2173 videntes
1141 2117 1423 2173 rationem
1481 2117 1825 2188 judiciorum

252 2216 449 2277 tuorum,
475 2226 710 2282 semper
736 2211 1058 2266 exsultant?
1085 2209 1190 2274 Qui
1221 2211 1374 2266 enim
1398 2227 1514 2266 non
1539 2226 1608 2266 ex
1638 2211 1828 2282 aliquo

251 2303 566 2358 secundorum
619 2309 930 2375 proventu,
970 2303 1069 2358 sed
1112 2319 1180 2358 ex
1221 2304 1545 2375 cognitione
1592 2304 1828 2360 rationis

258 2397 387 2452 induit
418 2397 700 2468 laetitiam,
745 2414 862 2453 non
905 2397 1011 2452 nisi
1041 2397 1099 2452 in
1136 2397 1514 2453 exsultatione
1551 2404 1828 2470 perpetua

258 2491 521 2546 constitutus
545 2497 663 2546 est.

309 2585 368 2638 3t.
407 2585 570 2651 (Vers.
634 2585 747 2650 76.)
798 2583 1069 2654 Sequitur
1110 2599 1306 2638 versus
1349 2588 1591 2655 quartus
1636 2602 1650 2638 :
1707 2588 1826 2640 Fiat

271 2691 367 2728 nmis
395 2677 756 2734 misericordia
805 2683 901 2732 tua
933 2684 997 2731 ut
1041 2678 1354 2733 exhortatur
1391 2693 1494 2742 me,
1531 2679 1828 2734 secundum

273 2769 408 2825 om
437 2778 588 2827 tuum
638 2786 786 2826 seruo
825 2776 936 2826 tuo.
967 2768 1159 2841 Aliqui
1186 2770 1402 2826 habent
1425 2772 1483 2826 in
1517 2772 1625 2828 hoc
1654 2773 1778 2827 loco
1809 2790 1823 2828 :

263 2863 488 2920 fasciatim
549 2880 667 2920 me.
725 2864 840 2920 Sed
893 2866 1069 2921 etiam
1129 2866 1188 2920 in
1247 2865 1517 2938 Apostolo
1583 2866 1826 2937 legimus

256 2955 649 3024 exhortationem
696 2975 804 3031 pro
854 2959 1240 3016 consolatione
1288 2960 1528 3027 dictam,
1577 2965 1634 3014 et
1687 2977 1823 3016 con-

249 3047 514 3166 iolationem
577 3068 699 3124 pro
761 3052 1152 3110 exhortatione
1217 3055 1281 3123 (ll
1337 3056 1480 3122 Corn,
1541 3070 1578 3121 ι,
1632 3055 1686 3124 4,
1744 3057 1821 3121 6).
1846 3092 1900 3166 C

247 3141 399 3214 lagna
429 3151 507 3202 est
542 3161 696 3218 ergo
737 3147 1126 3203 misericordia
1172 3147 1290 3216 Dei,
1330 3163 1455 3220 quae
1487 3163 1604 3202 non
1637 3148 1825 3202 solum

251 3237 574 3296 remissionem
632 3239 835 3296 tribuit
889 3244 1249 3312 peccatorum
1271 3283 1284 3308 ,
1329 3240 1426 3296 sed
1471 3241 1648 3296 etiam
1695 3257 1820 3296 cer-

251 3330 443 3388 tantibus
465 3333 706 3389 adhibet
737 3334 1142 3390 exhortationis
1175 3335 1432 3402 calcaria,
1471 3350 1543 3390 ne
1580 3334 1825 3405 suscepti

249 3427 514 3483 certaminis
569 3427 864 3499 passiones
925 3427 1142 3483 imbelli
1207 3428 1513 3483 formidine
1579 3429 1821 3486 derelin-

247 3524 399 3586 quant.
421 3521 538 3576 Non
569 3537 717 3591 ergo
746 3519 1218 3585 misericordiam,
1250 3521 1411 3594 quasi
1441 3522 1489 3576 is
1515 3521 1615 3594 qui
1644 3523 1824 3578 victus

246 3610 381 3678 cedat,
406 3617 495 3668 aut
523 3619 586 3669 ut
623 3614 810 3669 venite
843 3617 1122 3685 precator,
1159 3614 1428 3685 implorat
1468 3618 1598 3686 (29),
1628 3616 1724 3672 sed
1765 3620 1825 3670 ut

247 3703 315 3756 Dei
360 3706 717 3763 miseratione
763 3707 1103 3778 succinctus,
1153 3708 1373 3780 majora
1416 3708 1627 3764 viribus
1671 3713 1824 3764 tanto

245 3809 436 3853 munere
475 3801 654 3856 fultus
697 3800 984 3872 expediat.
1029 3801 1332 3873 Egregiam
1381 3806 1440 3856 et
1477 3801 1822 3873 singularem

244 3887 486 3961 Propheta:
512 3898 767 3965 spectato
793 3893 1078 3949 virtutem.
1110 3895 1266 3950 Alius
1302 3894 1458 3949 enim
1495 3895 1824 3950 humiliatus

243 3985 463 4040 arumnis
501 3991 783 4058 posceret,
821 3993 882 4042 ut
921 3987 1068 4043 circa
1105 4003 1237 4042 eum
1285 3992 1644 4044 tentamenta
1684 3988 1827 4044 desi-

243 4085 424 4147 nerent,
449 4084 505 4134 et
540 4080 747 4136 sedare
782 4081 1059 4136 Dominus
1097 4081 1331 4137 adversa
1369 4081 1721 4154 dignaretur,
1750 4099 1825 4138 ne

239 4168 620 4229 tribulationum
663 4175 908 4245 procella
938 4175 1000 4229 in
1029 4191 1160 4230 eum
1203 4175 1460 4245 saeviret;
1504 4175 1605 4231 iste
1634 4179 1824 4232 autem

241 4265 465 4335 iniquam
505 4268 726 4323 athleta
760 4267 923 4323 fortis
963 4271 1022 4323 et
1059 4270 1306 4341 patiens,
1340 4269 1437 4342 qui
1477 4271 1730 4325 exerceri
1769 4276 1826 4325 et

241 4357 350 4427 ungi
398 4361 646 4416 animam
701 4361 812 4433 (30)
871 4378 1033 4417 suam
1085 4362 1551 4419 tribulationibus
1604 4369 1822 4432 nosset,

1927 1836 2117 1902 (Ibid.,
2156 1837 2262 1905 l8).
2300 1857 2327 1885 ››
2359 1837 2517 1890 Hunc
2557 1836 2864 1891 miseratus
2910 1835 3188 1903 hortatur,
3235 1836 3394 1890 illum
3441 1852 3554 1891 non

1930 1933 2154 1984 revocat
2198 1937 2544 1985 exsecratus.
2593 1931 2661 1984 Et
2709 1945 2838 1984 vere
2887 1929 3285 1984 misericordia
3335 1933 3420 1984 est
3461 1931 3556 1984 Dei

1928 2026 2254 2078 nostrarum
2281 2023 2480 2078 militia
2511 2024 2865 2094 passionum,
2896 2039 2999 2095 per
3023 2039 3196 2094 quam
3226 2023 3393 2078 nobis
3423 2040 3554 2094 pec-

1926 2121 2054 2171 cata
2080 2117 2435 2172 minuuntur.
2477 2116 2736 2189 Denique
2762 2118 2999 2172 Lazarus
3035 2133 3276 2188 pauper,
3318 2118 3456 2188 quia
3499 2119 3556 2173 in

1927 2210 2030 2264 hac
2081 2210 2192 2265 vita
2241 2210 2499 2266 toleravit
2555 2211 2707 2265 mala
2762 2209 3168 2282 complurima,
3228 2211 3285 2264 in
3335 2211 3556 2283 gremio

1926 2303 2167 2358 Abrahae
2204 2304 2460 2376 requiem
2493 2303 2895 2359 consolationis
2935 2303 3181 2371 invenit;
3230 2304 3322 2360 ille
3365 2309 3556 2361 autem

1927 2396 2102 2466 dives,
2145 2398 2241 2468 qui
2284 2397 2734 2453 consolationem
2785 2396 2985 2452 habuit
3041 2398 3101 2452 in
3151 2397 3376 2467 saeculo,
3434 2405 3559 2470 post

1927 2491 2209 2546 curricula
2244 2491 2373 2546 vita:
2408 2491 2578 2562 hujus
2606 2492 2855 2546 fructum
2893 2491 3103 2561 quietis
3137 2491 3343 2546 amisit.
3373 2492 3556 2556 Quem

1928 2583 1973 2637 si
2011 2583 2314 2638 miseratus
2348 2588 2495 2639 esset
2533 2585 2703 2646 Deus,
2744 2584 3076 2655 castigasset
3118 2585 3309 2655 potius
3353 2584 3408 2639 in
3451 2586 3554 2639 hoc

1927 2677 2154 2745 saeculo,
2191 2684 2255 2731 ut
2291 2683 2484 2748 postea
2525 2693 2642 2731 non
2688 2677 3100 2748 ﬂagellaretur.
3152 2677 3408 2748 Denique
3450 2679 3554 2733 Job

1925 2769 2059 2825 licet
2087 2771 2338 2843 graviter
2365 2771 2704 2843 ﬂagellatus,
2737 2776 2794 2825 et
2817 2770 3052 2842 quidem
3093 2769 3334 2842 ﬂagellis
3374 2772 3550 2842 pluri-

1927 2865 2036 2918 mis
2064 2864 2294 2936 inopias,
2325 2864 2647 2920 amissionis
2672 2863 2942 2933 ﬁliorum,
2965 2863 3258 2919 doloribus
3282 2866 3550 2936 corporis,

1925 2959 2244 3030 opprobriis
2293 2958 2636 3028 amicorum,
2682 2957 3066 3014 consolatione
3110 2964 3301 3016 tamen
3347 2959 3556 3016 fruitur

1927 3056 2164 3107 aeterna.

1995 3149 2083 3201 36.
2131 3147 2281 3217 Ergo
2325 3149 2542 3217 quanto
2588 3145 2832 3217 majores
2867 3145 3266 3202 tribulationes
3306 3146 3551 3216 fuerint,

1924 3242 2081 3294 tanto
2122 3239 2352 3294 uberior
2392 3239 2704 3295 consolatio
2747 3243 3089 3296 reservatur.
3137 3241 3206 3294 Et
3242 3243 3437 3295 tamen
3483 3258 3554 3295 ne

1925 3331 2092 3387 cadas
2115 3335 2288 3404 atque
2319 3333 2677 3400 succumbas,
2705 3339 2918 3404 quanto
2944 3334 3188 3405 majores
3215 3335 3556 3390 tentationes

1924 3425 2153 3495 videris,
2178 3429 2340 3481 tanto
2371 3427 2557 3498 magis
2592 3443 2730 3498 roga
2765 3427 3014 3482 Verbum
3044 3429 3164 3493 Dei,
3195 3430 3260 3483 ut
3293 3428 3558 3484 adhorta-

1924 3520 2138 3575 tionem
2189 3519 2293 3575 tibi
2338 3519 2536 3576 aiferat
2577 3537 2591 3575 :
2634 3521 2780 3576 sicut
2825 3521 3048 3593 rogavit
3089 3525 3148 3577 et
3199 3522 3402 3577 Paulus
3459 3524 3556 3594 qui

1925 3613 2006 3668 ait
2034 3630 2048 3667 :
2078 3635 2108 3663 ‹‹
2137 3613 2476 3668 Benedictus
2502 3615 2651 3668 Deus
2679 3619 2736 3670 et
2774 3616 2938 3670 Pater
2966 3614 3190 3670 Domini
3221 3617 3397 3671 nostri
3423 3617 3554 3672 Jesu

1922 3707 2148 3775 Christi,
2179 3709 2345 3762 Pater
2374 3707 2913 3776 misericordiarum,
2944 3714 2999 3764 et
3029 3710 3180 3763 Deus
3205 3709 3392 3764 omnis
3415 3726 3551 3765 con-

1923 3799 2238 3870 solationis,
2273 3800 2370 3871 qui
2396 3817 2500 3855 nos
2529 3801 2860 3857 exhortatur
2885 3801 2944 3855 in
2977 3801 3131 3856 omni
3166 3803 3463 3872 angustia;
3494 3807 3557 3857 ut

1926 3894 2203 3965 possimus
2247 3899 2304 3949 et
2355 3894 2462 3965 ipsi
2507 3894 2782 3950 consolari
2829 3911 2925 3950 eos
2969 3895 3067 3966 qui
3109 3898 3242 3950 sunt
3287 3895 3346 3950 in
3395 3896 3553 3950 omni

1925 3988 2308 4055 tribulatione,
2339 4004 2442 4059 per
2465 3988 2921 4044 exhortationem
2951 4004 3065 4060 qua
3095 3992 3152 4043 et
3182 3989 3288 4060 ipsi
3317 3989 3552 4044 advoca-

1925 4097 2057 4136 mur
2105 4098 2140 4136 a
2191 4083 2338 4150 Deo,
2398 4083 2666 4154 quoniam
2723 4081 2866 4138 sicut
2919 4082 3212 4139 abundant
3267 4083 3556 4154 passiones

1924 4175 2130 4233 Christi
2171 4176 2229 4230 in
2271 4177 2454 4244 nobis,
2501 4176 2580 4232 ita
2624 4192 2727 4247 per
2768 4175 3056 4233 Christum
3098 4176 3347 4232 abundat
3384 4177 3556 4233 etiam

1925 4271 2231 4326 consolatio
2283 4272 2349 4338 (ll
2398 4273 2542 4334 Cor.,
2590 4288 2628 4339 ι,
2672 4273 2804 4338 3-5).
2849 4291 2877 4320 ››
2921 4272 3097 4325 Tanta
3138 4271 3188 4325 vi
3231 4271 3555 4343 apostolicae

1926 4363 2218 4434 petitionis
2259 4368 2443 4436 rogat,
2487 4367 2547 4419 ut
2591 4364 3036 4420 consolationem
3085 4365 3325 4433 accipiat
3369 4381 3404 4419 a
3445 4365 3553 4420 Do-

239 4463 330 4505 non
374 4454 546 4510 tristia
596 4455 907 4523 dimovere,
949 4472 1064 4511 non
1107 4456 1502 4529 impugnantia
1545 4457 2088 4538 declinareDmino
2131 4458 2190 4513 in
2237 4458 2397 4514 omni
2449 4457 2835 4523 tribulatione,
2887 4474 3000 4529 quo
3042 4474 3160 4512 non
3203 4457 3389 4513 solum
3433 4459 3554 4531 ipse

241 4540 498 4617 desiderat,
540 4565 661 4604 non
697 4564 869 4604 omne
913 4549 1054 4605 illud
1101 4551 1384 4620 desinere,
1425 4551 1578 4622 quod
1620 4551 1820 4623 fatiga-

240 4634 414 4694 tionem
446 4646 504 4696 et
530 4643 784 4698 laborem
811 4642 1061 4711 afferret,
1094 4645 1379 4716 exposcit;
1407 4645 1508 4700 sed
1553 4645 1736 4717 magis
1764 4645 1824 4700 in

242 4732 451 4802 tempore
477 4735 686 4791 laboris
714 4737 803 4792 sui
835 4737 1101 4792 adversus
1141 4739 1523 4794 tentationum
1553 4738 1825 4810 procellas

243 4818 336 4878 dari
367 4826 463 4882 sibi
501 4829 743 4885 verbum
783 4830 1188 4887 consolationis
1231 4832 1507 4903 exposcit;
1553 4836 1616 4888 ut
1653 4832 1827 4903 possit

244 4912 344 4971 forti
381 4936 503 4992 qua
551 4924 898 4995 ingeruntur
945 4932 1142 4981 mente
1187 4926 1468 4993 tolerare,
1523 4942 1595 4982 ne
1637 4925 1827 4997 aliqua

245 5011 477 5070 mestitiae
511 5017 944 5088 perturbatione
979 5019 1232 5075 lassatur.
1267 5021 1328 5076 In
1357 5035 1424 5074 eo
1454 5018 1631 5091 igitur
1659 5019 1822 5075 obse-

245 5109 334 5158 crat
354 5109 788 5166 misericordiam
811 5113 929 5183 Dei,
958 5129 1030 5169 ne
1057 5113 1270 5169 auxilio
1310 5113 1613 5168 destitutus
1649 5105 1820 5185 expe-

245 5193 416 5268 diendi,
443 5208 680 5276 captam
707 5205 970 5262 militiam
998 5223 1072 5262 ne
1101 5207 1479 5278 derelinquat.

297 5291 370 5346 35.
407 5295 654 5369 Denique
692 5298 1156 5357 adhortationem
1192 5300 1398 5356 divinte
1441 5317 1562 5356 esse
1603 5301 1820 5358 miseri-

293 5409 373 5490 (ᾖ)
396 5413 535 5466 Edit.
565 5431 776 5481 omnes,
818 5433 884 5471 ac
921 5434 1051 5470 mss.
1096 5420 1327 5485 aliquot,
1369 5419 1586 5472 divitias
1624 5433 1823 5479 rerum,

249 5488 486 5548 variosque
553 5501 814 5541 successus
879 5492 1184 5542 tsntatiom‘s
1250 5503 1442 5542 causas
1511 5493 1822 5554 (nonnulli,

252 5558 393 5613 causa)
431 5558 596 5608 solere
638 5566 924 5626 suppetere.
956 5562 1068 5613 Alii
1111 5562 1406 5614 nobiscum
1447 5564 1676 5626 faciunt,
1721 5576 1824 5614 ex—

254 5628 377 5698 θεριρ
395 5629 538 5692 quod
562 5631 720 5683 Vind.
747 5633 898 5698 legit,
927 5634 1164 5692 diuitias,
1190 5646 1433 5698 regnum,
1463 5639 1569 5687 etc.

299 5694 375 5772 (Et)
403 5699 506 5772 Sex
531 5717 678 5767 mss,
703 5694 1030 5758 autpeniam
1053 5694 1316 5770 peccator,
1337 5707 1605 5772 implorat.

299 5763 378 5828 (αἱ)
420 5771 531 5822 Vet.
575 5763 697 5827 edit.
739 5790 869 5829 cum
909 5763 1101 5842 majori
1149 5763 1482 5843 scriptorum
1531 5779 1654 5832 cod.
1711 5791 1821 5828 nu-

1925 4551 2127 4606 induat
2165 4552 2548 4619 tolerantiam,
2587 4567 2784 4606 verum
2818 4551 2994 4607 etiam
3033 4550 3174 4606 alios
3207 4553 3554 4623 consoletur,

1925 4650 1989 4700 ut
2020 4650 2074 4700 et
2112 4645 2218 4716 ipsi
2256 4645 2474 4716 possint
2513 4645 2762 4716 propriae
2809 4644 3016 4701 mentis
3055 4647 3347 4717 angustias
3385 4648 3550 4703 susti-

1926 4755 2080 4795 nere.
2124 4739 2181 4794 Si
2223 4739 2402 4809 igitur
2442 4739 2563 4809 ipse
2611 4738 2668 4792 in
2714 4739 2871 4793 omni
2909 4738 3276 4795 tribulatione
3317 4741 3555 4795 idoneus

1925 4833 2101 4888 fueris
2143 4833 2517 4904 approbatus,
2559 4837 2696 4887 tunc
2742 4833 2974 4888 demum
3021 4833 3227 4906 dignus
3269 4834 3406 4899 eris,
3454 4833 3553 4904 qui

1925 4925 2367 4981 consolationem
2419 4925 2662 4997 accipias
2713 4925 2772 4982 in
2827 4927 2982 4982 omni
3038 4927 3427 4983 tribulatione.
3486 4927 3554 4981 Et

1927 5024 2120 5075 tamen
2174 5036 2290 5074 non
2336 5019 2524 5074 omnis
2567 5020 2750 5091 passio
2806 5021 2984 5092 digna
3035 5020 3420 5075 consolatione
3468 5024 3554 5075 est

1927 5114 2066 5186 (31);
2096 5113 2196 5168 sed
2224 5129 2352 5185 quae
2385 5114 2574 5186 passio
2601 5130 2702 5185 per
2725 5113 3014 5171 Christum
3051 5115 3153 5182 est,
3186 5114 3310 5168 haec
3350 5129 3550 5169 conso-

1923 5208 2198 5262 lationem
2223 5206 2428 5264 Christi
2454 5212 2724 5262 meretur.

1993 5303 2083 5356 37.
2129 5301 2367 5356 Pulchre
2414 5306 2605 5356 autem
2649 5300 2870 5356 addidit
2922 5316 2934 5354 :
2979 5300 3287 5356 Secundum
3335 5301 3554 5357 verbum

1925 5432 2077 5470 mero
2122 5433 2134 5466 :
2186 5418 2285 5480 Qui
2334 5418 2570 5468 exerceri
2623 5424 2670 5468 st
2715 5419 2860 5481 cingi
2898 5417 3138 5466 animam
3177 5431 3348 5468 suam.
3393 5419 3553 5471 Rom.

1925 5505 2052 5542 cum
2095 5490 2345 5553 reliquis,
2388 5492 2451 5538 ut
2492 5490 2545 5538 in
2595 5499 2843 5550 corpore.
2888 5487 3132 5552 Utraque
3171 5493 3357 5540 autem
3397 5491 3559 5543 lectio

1925 5575 1992 5646 ex
2021 5575 2190 5613 arena
2218 5561 2461 5625 profecta
2501 5563 2604 5621 est,
2635 5557 2783 5622 quod
2824 5558 2969 5623 apud
3003 5559 3360 5612 Ambrosium
3397 5563 3554 5613 fami-

1926 5635 2086 5766 haéﬁ)
2128 5701 2282 5754 Edit.
2331 5706 2443 5752 aut.
2499 5715 2564 5752 ac
2611 5715 2744 5751 mss.
2796 5702 2946 5753 haud
2987 5704 3172 5768 pauci,
3227 5718 3336 5755 non
3387 5707 3557 5756 omnis

1922 5779 2131 5840 passio,
2187 5777 2373 5827 divina
2419 5774 2709 5828 consolatio
2759 5781 2848 5828 est.
2912 5776 3111 5828 Melius
3174 5778 3265 5828 alii
3325 5779 3554 5843 aliquot,
