3862 6166
374 181 514 234 HIS
1867 178 1899 231 ε

2158 177 2275 232 3811
3570 184 3683 238 1416

373 305 524 353 tuum
573 312 722 354 servo
775 303 883 352 tuo.
935 299 1057 369 Ipse
1103 297 1258 353 enim
1303 297 1574 352 Dominus
1616 314 1720 368 pro
1765 314 1865 353 suo
1907 314 2004 352 no-
2025 297 2421 384 Afundantur
2469 296 2732 368 superbi,
2786 296 3059 370 quoniam
3111 296 3314 368 injuste
3364 298 3688 370 iniquitatem

369 392 523 446 mine
575 391 968 463 praeliantibus
1019 391 1295 446 auxilium
1350 391 1680 463 pollicetur,
1739 392 1934 447 dicens
1985 409 1999 446 :
2103 395 2402 462 gesserunt
2430 390 2492 444 in
2519 407 2641 461 me;
2675 406 2784 462 ego
2826 395 3016 445 autem
3057 391 3356 447 exercebor
3381 391 3436 446 in
3466 409 3686 466 princep-

375 506 404 535 «
442 487 583 541 Cum
638 500 775 555 ergo
833 483 1064 539 tradent
1117 501 1243 554 vos,
1297 484 1471 540 nolite
1528 485 1806 557 cogitare,
1865 501 2003 556 quo-
2102 483 2170 538 tis
2208 483 2339 538 tuis.
2373 505 2399 534 ››
2442 484 2719 556 Superius
2758 484 2836 538 ait
2874 483 3032 538 idem
3071 485 3392 556 Propheta:
3423 508 3450 534 «ι
3490 486 3542 542 Si
3575 489 3688 542 red-

373 577 544 633 modo
585 580 686 632 aut
723 577 862 648 quid
896 577 1256 648 loquamini:
1289 577 1518 634 dabitur
1555 579 1710 633 enim
1749 578 1903 632 vobis
1941 578 2001 632 in
2101 576 2222 631 didi
2283 577 2729 633 retribuentibus
2785 577 2929 632 mihi
2984 577 3133 632 mala
3187 579 3350 645 (Psal.
3400 594 3500 646 vn,
3550 583 3616 647 5).
3665 603 3690 630 »

374 671 470 724 illa
513 671 653 725 hora
695 671 830 742 quid
869 669 1207 742 loquamini.
1240 671 1363 726 Non
1408 671 1563 726 enim
1600 688 1700 726 vos
1734 671 1866 727 estis
1904 669 2002 742 qui
2101 669 2386 741 Numquid
2421 669 2512 724 hic
2535 669 2826 725 maledicit
2864 671 2932 724 iis
2969 669 3066 742 qui
3102 671 3160 725 in
3200 687 3257 724 se
3296 670 3488 742 iniqua
3527 687 3692 742 gesse-

373 763 697 835 loquimini,
745 764 843 818 sed
896 765 1060 819 Pater
1105 780 1268 819 meus
1311 764 1407 836 qui
1453 764 1705 836 loquitur
1743 765 1800 818 in
1849 763 2003 820 vobis
2101 764 2274 816 runt?
2310 764 2431 818 Non
2465 764 2684 834 utique.
2723 763 2960 818 Videbat
2995 763 3150 817 enim
3184 763 3511 818 charitatem
3539 765 3691 820 etiam

377 857 620 925 (Matth,
671 873 725 923 x,
783 860 867 925 l9,
923 860 1034 926 20).
1088 877 1118 909 ι)
1173 860 1350 929 Ergo,
1406 875 1480 912 ne
1531 858 1778 929 impares
1829 857 2004 912 simus
2101 854 2506 910 inimicissimis
2547 855 2948 924 deferendam,
2989 871 3118 910 cum
3154 856 3398 911 venisset
3435 857 3694 928 Evangelii

377 950 694 1017 certamini,
742 949 999 1006 divinum
1045 967 1274 1022 semper
1318 967 1548 1006 oremus
1591 950 1894 1019 auxilium,
1939 954 2006 1006 ut
2102 949 2456 1019 praedicator.
2486 949 2646 1004 Unde
2682 948 2928 1004 arbitror
2953 949 3086 1020 quia
3121 951 3281 1021 quasi
3315 949 3557 1004 medicus
3582 951 3697 1005 velit

377 1043 540 1098 nobis
611 1042 825 1098 tribuat
891 1043 1370 1099 adhortationem.
1440 1044 1499 1098 Si
1561 1043 1715 1099 enim
1789 1042 2001 1098 habea-
2102 1059 2201 1099 eos
2246 1042 2398 1114 ipsos
2441 1058 2644 1098 sanare
2688 1043 2788 1114 qui
2831 1042 3112 1111 laeserint;
3160 1048 3225 1098 ut
3266 1042 3565 1113 iniquitatis
3600 1059 3695 1097 suae

379 1151 507 1191 mus
560 1151 692 1191 eum
745 1136 843 1207 qui
889 1153 993 1192 nos
1050 1137 1411 1204 exhortetur,
1465 1153 1580 1192 non
1634 1135 1798 1192 facile
1849 1136 2000 1192 cedi-
2103 1136 2588 1207 contemplatione
2623 1136 2908 1203 conventi,
2949 1135 3016 1191 de
3062 1136 3313 1207 propriis
3345 1135 3562 1206 ﬂagitiis
3597 1151 3696 1191 eru-

380 1246 527 1284 mus.
2102 1229 2365 1298 bescant;
2395 1228 2454 1282 in
2479 1244 2594 1299 quo
2633 1245 2750 1284 non
2791 1229 2976 1283 solum
3016 1228 3410 1299 propheticam
3453 1227 3695 1298 incipiunt

448 1325 537 1378 38.
605 1321 862 1394 Plerique
922 1328 1114 1378 autem
1178 1323 1393 1379 habent
1454 1340 1467 1378 :
1533 1323 1639 1389 Qui
1702 1323 2005 1378 consoletur
2103 1322 2342 1394 probare
2380 1321 2740 1393 patientiam,
2771 1338 2974 1376 verum
3004 1322 3181 1376 etiam
3222 1321 3530 1376 emendare
3565 1338 3695 1375 suam

378 1430 491 1476 nos.
545 1432 650 1470 nec
701 1415 971 1470 abhorret
1018 1433 1052 1471 a
1096 1433 1253 1472 vero.
1310 1416 1638 1488 lnstigantis
1693 1416 1848 1472 enim
1899 1416 2002 1471 ali-
2103 1415 2480 1470 insolentiam.
2521 1414 2710 1470 Pudor
2735 1415 2892 1471 enim
2932 1415 3280 1486 plerumque
3323 1420 3593 1470 corrector
3631 1419 3699 1468 est

378 1524 548 1580 quem
584 1508 794 1563 blanda
819 1508 1087 1580 quaedam
1125 1513 1210 1564 est
1244 1510 1580 1579 exhortatio,
1611 1526 1742 1582 qua:
1779 1512 2002 1564 certan-
2106 1509 2317 1578 nostri;
2364 1512 2422 1563 et
2464 1509 2602 1563 dum
2643 1508 2846 1580 incipit
2886 1525 2991 1564 nos
3036 1510 3251 1580 pudere
3296 1508 3602 1576 commissi,
3639 1525 3697 1563 ne

378 1604 497 1656 tem
538 1601 722 1656 studio
764 1601 946 1658 laudis
985 1602 1273 1673 accendat,
1303 1607 1360 1658 et
1393 1603 1547 1659 velut
1589 1603 1834 1674 quadam
1878 1619 2007 1658 con-
2105 1601 2316 1656 diutius
2361 1601 2604 1672 pudeat,
2656 1601 2921 1657 deserere
2970 1618 3096 1673 quae
3147 1601 3521 1657 erubescenda
3561 1607 3695 1667 sunt,

379 1695 650 1751 solatione
693 1696 1043 1763 demulceat;
1083 1712 1156 1750 ne
1198 1695 1462 1752 laborum
1507 1697 1808 1768 asperitate
1847 1677 2496 1753 revo-Badmonemur.
2551 1695 2676 1750 Non
2732 1711 2870 1766 ergo
2920 1695 3210 1750 maledicit
3264 1694 3568 1766 Propheta,
3621 1694 3698 1748 sed

381 1793 562 1844 cetur.
2107 1789 2266 1860 quasi
2305 1788 2492 1843 bonus
2521 1787 2780 1843 medicus
2808 1788 2927 1842 vult
2955 1788 3082 1844 illos
3117 1804 3459 1859 cognoscere
3495 1792 3548 1841 et
3582 1787 3699 1841 scire

452 1884 541 1936 39.
589 1881 764 1948 (Vers.
821 1883 930 1954 77).
983 1882 1252 1954 Sequitur
1305 1899 1498 1939 versus
1549 1882 1781 1955 quintus
1837 1901 1850 1938 :
1904 1887 2005 1940 Vc-
2108 1881 2246 1955 quid
2296 1881 2563 1950 fecerint;
2619 1887 2680 1937 ut
2724 1898 2856 1938 cum
2903 1899 2963 1937 se
3009 1883 3069 1936 in
3120 1898 3285 1936 suam
3335 1880 3698 1936 conscientiam

380 1976 538 2029 niant
598 1975 735 2028 mihi
785 1977 1153 2032 miserationes
1208 1983 1334 2040 tuae,
1387 1983 1437 2033 et
1488 1979 1699 2043 vivum;
1723 2023 1726 2032 .
1750 1979 2010 2048 quoniam
2109 1974 2449 2046 receperint,
2479 1979 2691 2045 quanto
2725 1992 2957 2032 suorum
2994 1976 3069 2029 sit
3104 1974 3374 2030 colluvies
3403 1972 3698 2029 delictorum

382 2070 470 2124 lem
513 2072 608 2123 tua
655 2068 936 2125 meditatio
981 2086 1100 2125 mea
1142 2077 1235 2126 est.
1286 2070 1386 2126 Cui
1431 2071 1524 2125 lex
1571 2071 1668 2126 Dei
1716 2070 2009 2125 meditatio
2109 2068 2382 2140 incipiant
2427 2068 2788 2139 erubescere;
2837 2069 3237 2126 erubescentes
3287 2071 3473 2124 autem
3518 2066 3701 2138 possint

381 2167 484 2230 est,
537 2161 670 2216 huic
722 2165 929 2232 praesto
979 2169 1108 2218 sunt
1159 2163 1588 2230 misericordiae,
1637 2169 1700 2218 ut
1752 2163 1897 2218 vivat
1952 2163 2009 2217 in
2109 2161 2392 2233 prioribus
2420 2162 2746 2218 renuntiare
2777 2163 3042 2233 peccatis.
3075 2162 3386 2219 Considera
3417 2160 3548 2215 mihi
3575 2175 3699 2214 nunc

383 2260 684 2310 aeternum.
727 2255 1028 2319 Quomodo
1067 2256 1219 2312 enim
1257 2257 1459 2313 beatus
1495 2257 1621 2329 quis
1664 2260 1852 2328 potest
1890 2272 2012 2313 esse
2110 2255 2326 2327 aliquos
2362 2256 2727 2323 fornicantes,
2765 2255 3156 2327 inequitantes
3195 2254 3379 2310 viduis
3414 2271 3474 2309 ac
3511 2253 3699 2325 puellis,

383 2349 506 2402 sine
535 2348 905 2403 miseratione
954 2349 1180 2404 divina?
1213 2371 1238 2401 ε(
1277 2351 1544 2406 Beatus...
1589 2354 1780 2405 autem
1815 2350 1914 2422 qui
1954 2351 2012 2404 in
2114 2348 2296 2403 aliena
2341 2349 2660 2420 rapientes;
2690 2351 2749 2404 et
2788 2350 2846 2404 in
2875 2349 2962 2403 his
2998 2365 3112 2403 non
3143 2349 3331 2404 solum
3364 2364 3479 2402 non
3515 2345 3702 2401 erubes-

382 2440 607 2497 Domini
635 2441 764 2512 lege
791 2441 883 2496 die
913 2458 978 2497 ac
1003 2447 1168 2499 nocte
1195 2443 1504 2498 meditatur
1532 2443 1697 2512 (Psal.
1732 2459 1770 2513 ι,
1804 2447 1852 2510 l,
1883 2444 2009 2514 2).»
2112 2457 2260 2512 cere,
2303 2441 2401 2498 sed
2442 2442 2617 2498 etiam
2664 2441 2896 2514 gloriari
2937 2443 3138 2512 solere,
3186 2446 3459 2514 tanquam
3497 2441 3574 2495 vel
3608 2437 3703 2510 pul-

385 2534 496 2590 Sed
541 2534 639 2605 qui
684 2535 994 2590 meditatur
1035 2535 1092 2589 in
1132 2537 1290 2608 lege,
1339 2535 1599 2592 eruditur
1643 2536 1702 2590 in
1753 2536 1915 2608 lege;
1959 2543 2014 2592 et
2113 2535 2483 2603 chritudinis,
2535 2535 2617 2590 vel
2668 2537 2936 2607 potentia;
2981 2552 3098 2590 suae
3149 2535 3350 2591 titulos
3393 2535 3701 2597 deferentes,

384 2644 557 2699 quem
583 2629 672 2682 lex
706 2627 964 2701 1100
996 2629 1287 2699 erudierit,
1319 2629 1594 2685 Dominus
1613 2628 1886 2698 erudivit,
1913 2630 2013 2701 qui
2115 2629 2186 2684 de
2217 2628 2422 2700 quibus
2451 2629 2599 2684 bene
2637 2628 2781 2684 dixit
2801 2629 3122 2700 Apostolus,
3162 2630 3318 2701 quod
3353 2644 3527 2684 eorum
3558 2627 3702 2696 gloria

383 2721 604 2776 locutus
638 2724 722 2776 est
755 2721 964 2793 legem.
1004 2722 1246 2794 Ideoque
1277 2723 1552 2795 scriptum
1591 2728 1718 2779 est:
1755 2743 1782 2775 «
1813 2724 2014 2778 Beatus
2113 2725 2172 2778 in
2208 2724 2518 2790 confusione
2557 2723 2796 2793 ipsorum
2835 2723 3121 2793 (Philipp,
3165 2739 3247 2792 ιιι,
3292 2725 3408 2793 19);
3445 2737 3508 2776 eo
3543 2720 3702 2775 detes-

383 2831 554 2887 quem
583 2819 646 2870 tu
675 2815 972 2882 erudieris,
1001 2815 1258 2884 Domine,
1289 2819 1346 2871 et
1377 2816 1447 2872 de
1473 2817 1600 2888 lege
1626 2822 1725 2871 tua
1753 2816 2014 2872 docueris
2115 2815 2403 2870 tabiliores
2449 2815 2582 2887 ipsis
2624 2815 2957 2870 criminibus
3008 2815 3142 2883 suis,
3197 2815 3355 2886 quod
3408 2829 3532 2869 cum
3575 2815 3704 2868 tanta

383 2925 516 2964 eum
559 2911 724 2978 (Psal.
768 2924 915 2976 xcm,
959 2911 1068 2978 t2).
1111 2932 1139 2958 »
1180 2909 1472 2965 Discamus
1516 2926 1674 2981 ergo,
1719 2913 1776 2963 et
1816 2926 1921 2965 nos
1954 2909 2014 2964 in
2115 2909 2495 2976 committant,
2540 2925 2658 2964 non
2706 2909 3148 2965 confundantur.
3200 2911 3411 2964 Verum
3457 2923 3636 2964 eorum
3668 2904 3703 2958 si

383 3002 511 3074 lege
560 3001 853 3070 meditari,
897 3018 1016 3057 non
1063 3017 1366 3057 avocemur
1410 3003 1776 3058 saecularibus
1822 3003 2012 3058 illece-
2035 3043 2089 3118 C
2117 3001 2241 3073 quis
2265 3006 2459 3074 postea
2484 3002 2672 3058 veniat
2694 3001 2753 3057 in
2773 3002 3096 3070 Ecclesiam,
3128 3003 3327 3057 credat
3350 3001 3408 3056 in
3437 2999 3702 3056 Dominum

383 3096 498 3118 ι-ι-
554 3113 664 3118 ___
706 3111 1048 3118 ---_-_-_.--_
1075 3095 1524 3118 :_._-.‘I:._.-_11--
1557 3096 1646 3118 --.1
1687 3112 1911 3118 -______
1948 3097 2011 3118 ,Δ
2123 3097 2300 3118 1-----.
2391 3095 2575 3118 ___.I£-L
2621 3095 2985 3118 n___._-1:___.
3073 3099 3486 3118 ___...._-_._AL--..
3536 3091 3700 3118 --.ιλιι-

382 3096 520 3164 bris,
553 3113 670 3150 non
701 3111 1048 3166 occupemur
1075 3095 1526 3167 impedimentis;
1555 3096 1651 3151 sed
1684 3112 1912 3168 semper
1945 3097 2014 3151 ad
2037 3091 2089 3118 υ
2113 3097 2304 3152 Jesum
2325 3137 2340 3166 ,
2387 3095 2580 3151 audiat
2620 3095 3022 3168 Evangelium,
3067 3099 3487 3168 compungatur
3532 3091 3700 3159 corde;

383 3189 571 3261 legem
605 3188 702 3242 Dei
743 3188 920 3245 simus
954 3189 1173 3244 attenti.
1207 3189 1494 3260 Scriptum
1529 3193 1614 3244 est
1651 3189 1806 3245 enim
1839 3207 1852 3245 :
1892 3212 1919 3239 ‹‹
1944 3190 2015 3245 Os
2116 3197 2248 3249 tunc
2285 3195 2526 3249 demum
2557 3194 2787 3266 incipiet
2831 3211 3005 3266 quam
3042 3194 3260 3249 atrocia
3297 3196 3355 3249 et
3379 3191 3564 3265 gravia
3595 3187 3703 3244 deli-

376 3283 516 3353 justi
553 3281 919 3337 meditabitur
944 3282 1306 3354 sapientiam,
1347 3286 1404 3338 et
1431 3284 1630 3355 lingua
1667 3283 1788 3354 ejus
1825 3273 2026 3354 loquer
2117 3289 2321 3360 querit,
2353 3304 2692 3361 agnoscere;
2723 3293 2781 3344 et
2811 3288 2870 3343 in
2898 3288 2966 3344 iis
2992 3304 3119 3360 quae
3162 3286 3480 3360 agnoverit,
3506 3284 3700 3341 erubes-

384 3380 478 3430 tur
521 3374 800 3446 judicium
851 3378 1018 3445 (Psal.
1071 3392 1256 3444 xxxvx,
1302 3378 1414 3445 30).
1468 3400 1496 3427 ››
1552 3377 1665 3432 Hoc
1719 3377 1778 3431 in
1833 3377 2015 3432 Veteri
2114 3398 2261 3438 cere.

381 3470 778 3539 Testamento;
818 3470 951 3524 audi
990 3469 1272 3526 dicentem
1315 3473 1373 3526 et
1415 3470 1474 3525 in
1521 3471 1675 3526 Novo
1716 3487 1729 3524 :
1773 3493 1800 3519 α
1841 3472 2016 3542 Prope
2185 3476 2272 3530 42.
2316 3474 2465 3539 Quid
2491 3475 2562 3530 sit
2590 3478 2783 3530 autem
2814 3475 3064 3531 exerceri
3101 3474 3160 3530 in
3191 3475 3485 3548 praeceptis
3514 3470 3700 3528 Domini

384 3567 470 3618 est
500 3563 737 3618 verbum
773 3562 829 3618 in
861 3579 958 3618 ore
989 3570 1109 3631 tuo,
1139 3568 1200 3619 et
1228 3564 1285 3618 in
1321 3564 1488 3620 corde
1518 3569 1616 3620 tuo
1642 3567 1842 3632 (Deut.,
1880 3581 2012 3632 xxx,
2117 3569 2314 3636 nostri,
2343 3569 2474 3640 quia
2499 3568 2640 3624 dixit
2679 3571 2788 3637 (32)
2824 3586 2837 3622 :
2870 3570 2983 3638 Ego
3017 3574 3200 3625 autem
3233 3569 3501 3626 exercebar
3524 3570 3575 3622 in
3595 3579 3701 3636 pm-

387 3656 472 3710 14.
504 3659 678 3720 Rom,
719 3673 772 3724 x,
810 3659 885 3725 8).
926 3678 953 3706 ››
993 3659 1059 3710 Et
1102 3657 1351 3712 maxime
1396 3657 1539 3712 hanc
1585 3656 2014 3712 meditationem
2113 3665 2278 3733 ceptis
2319 3665 2448 3726 tuis,
2487 3663 2545 3716 in
2584 3663 2714 3735 lege
2741 3661 3023 3718 didicisti?
3051 3663 3155 3718 hoc
3189 3667 3295 3733 est,
3332 3664 3377 3716 si
3405 3663 3504 3717 bos
3535 3659 3698 3714 adver-

384 3750 776 3806 sacerdotibus
827 3750 1201 3806 necessariam
1246 3751 1496 3807 ostendit
1536 3751 1608 3806 ad
1651 3751 1838 3806 Titum
1883 3752 2016 3806 scri-
2114 3755 2242 3810 sarii
2271 3754 2517 3828 1101
2562 3756 2845 3824 ceciderit,
2881 3756 2971 3810 vel
3003 3756 3362 3827 jumentum,
3393 3761 3455 3810 ut
3486 3769 3591 3809 non
3623 3750 3697 3804 dc-

382 3843 543 3912 bens,
581 3845 716 3916 quia
754 3844 925 3899 debet
967 3843 1263 3916 episcopus
1299 3846 1565 3916 amplecti
1607 3861 1739 3900 eum
1779 3862 1792 3900 :
1839 3864 1866 3897 ‹‹
1909 3844 2015 3909 Qui
2114 3849 2419 3904 serendum
2455 3849 2760 3918 existimes,
2793 3849 2893 3905 sed
2927 3848 3112 3920 potius
3146 3849 3480 3905 elevandum
3520 3843 3698 3915 (Exodo

381 3937 690 3991 secundum
725 3937 1043 3992 doctrinam
1074 3941 1161 3992 est
1184 3937 1410 3992 fidelem
1440 3953 1802 4005 sermonem;
1834 3941 1896 3992 ut
1922 3954 2017 4008 po-
2114 3959 2264 4009 χχιιι,
2294 3943 2366 4012 5).
2394 3942 2558 4006 Quod
2585 3948 2781 3998 autem
2808 3942 2887 3998 ait
2919 3959 2932 3996 :
2964 3944 3175 4013 Injuste
3205 3946 3541 4014 iniquitatem
3564 3951 3698 4008 gesse-

385 4034 514 4083 tens
549 4031 624 4083 sit
647 4030 937 4084 exhortari
965 4030 1022 4083 in
1054 4031 1304 4086 doctrina
1336 4048 1490 4099 sana,
1522 4036 1580 4086 et
1607 4048 1704 4087 eos
1741 4031 1839 4103 qui
1878 4049 2011 4087 con-
2112 4041 2269 4102 mnt;
2310 4035 2368 4090 in
2407 4051 2578 4107 quem
2622 4036 2728 4091 hoc
2766 4037 2989 4092 dicatur
3027 4037 3350 4104 considera,
3386 4036 3488 4090 nisi
3516 4035 3567 4089 in
3592 4044 3694 4086 eum

385 4121 694 4192 tradicunt,
714 4138 954 4192 arguere
979 4126 1130 4191 (Tit.,
1153 4141 1192 4189 ι,
1218 4127 1294 4190 9).
1319 4144 1343 4174 ››
1368 4124 1523 4188 Quod
1547 4125 1742 4197 utique
1765 4125 2013 4179 sollicitae
2113 4129 2213 4200 qui
2257 4129 2403 4184 forte
2438 4130 2592 4200 juste
2632 4129 2990 4201 iniquitatem
3027 4134 3222 4201 gerat;
3257 4129 3318 4184 id
3359 4133 3461 4195 est,
3499 4126 3540 4180 si
3568 4126 3696 4178 laesus

383 4220 553 4286 atque
592 4216 829 4270 intentae
880 4215 1264 4271 meditationis
1301 4223 1406 4284 est,
1449 4235 1562 4272 non
1607 4219 2013 4288 perfunctorie
2113 4239 2217 4294 per
2269 4223 2456 4295 legem
2507 4240 2566 4276 se
2620 4223 2854 4294 incipiat
2907 4223 3200 4278 vindicare
3251 4225 3410 4294 juxta
3462 4219 3694 4292 przecepta

385 4309 660 4364 lectionis.
701 4311 769 4363 Et
798 4309 868 4364 ad
897 4309 1263 4365 Timotheum
1301 4310 1572 4378 scribens,
1607 4312 1689 4365 ait
1725 4334 1734 4365 :
1768 4332 1796 4363 (ι
1825 4316 2014 4366 Atteu-
2113 4317 2332 4388 Moysis,
2372 4317 2524 4387 juste
2565 4315 2790 4372 videtur
2833 4317 3018 4373 facere
3062 4318 3442 4389 iniquitatem,
3483 4313 3569 4368 sed
3608 4321 3693 4363 non

387 4403 501 4458 dite
544 4403 808 4470 lectioni,
857 4403 1279 4474 exhortationi,
1339 4403 1613 4459 doctrina:
1659 4406 1702 4473 (l
1757 4409 1885 4469 Tit.,
1939 4410 2429 4491 lV,Dsecundum
2472 4410 2764 4482 Evangelii
2804 4416 3107 4482 praecepta.
3137 4413 3205 4466 Et
3239 4411 3370 4466 ideo
3405 4409 3481 4464 ait
3511 4425 3523 4462 :
3553 4403 3694 4456 «Non

389 4499 498 4564 t3).
531 4518 556 4545 η
596 4497 787 4551 Lectio
815 4497 968 4552 enim
995 4497 1286 4569 frequens,
1332 4515 1435 4552 nec
1463 4499 1876 4554 intermissione
1910 4501 2013 4554 ali-
2118 4504 2242 4559 veni
2269 4521 2468 4559 vocare
2489 4505 2694 4575 justos,
2723 4504 2823 4559 sed
2851 4508 3169 4576 peccatores
3197 4505 3432 4574 (Matth,
3463 4519 3530 4568 ιιι,
3558 4497 3653 4565 t3);
3673 4514 3693 4538 ’³

387 4605 499 4659 qua
525 4589 814 4656 destituta,
841 4591 1109 4645 doctrinae
1144 4608 1348 4646 munus
1377 4597 1667 4662 operatur.
2114 4599 2249 4670 quia
2299 4597 2479 4654 Judaei
2530 4598 2601 4653 ad
2647 4597 3052 4654 vindicandum
3105 4615 3164 4655 se
3213 4596 3538 4654 auctoritate
3581 4585 3696 4657 legis

453 4684 543 4737 40.
585 4683 741 4746 Quod
791 4686 983 4738 autem
1021 4685 1205 4755 poscit
1248 4689 1312 4739 ut
1357 4686 1520 4755 vivat,
1557 4687 1884 4758 frequenter
1923 4704 2014 4742 os-
2118 4695 2375 4748 utuntur.

386 4776 672 4831 tendimus
703 4776 872 4848 hujus
911 4777 1161 4848 corporis
1201 4779 1372 4834 vitam
1415 4795 1563 4834 verae
1605 4779 1733 4834 vitae
1775 4781 2014 4852 gratiam
2185 4787 2275 4840 45.
2326 4785 2508 4840 Habes
2551 4785 2657 4840 hoc
2697 4789 2754 4840 et
2789 4785 2846 4840 in
2887 4787 3156 4858 Apostolo
3186 4804 3201 4842 :
3235 4809 3262 4836 α
3311 4784 3489 4842 Sobrii
3530 4778 3692 4840 estote,

385 4887 498 4924 non
549 4871 791 4940 habere;
839 4870 939 4925 sed
985 4871 1140 4926 illam
1190 4888 1382 4926 veram
1431 4873 1607 4928 vitam
1654 4874 1810 4941 fore,
1857 4876 2017 4946 cujus
2116 4883 2174 4934 et
2207 4879 2359 4950 juste
2399 4881 2436 4949 (l
2471 4881 2614 4943 Cor.,
2652 4895 2741 4948 xv,
2771 4881 2879 4948 34).
2916 4902 2944 4929 ››
2977 4881 3100 4936 Νοιι
3139 4880 3320 4935 solum
3363 4875 3563 4932 sobrios
3596 4882 3692 4933 n03,

380 4965 528 5018 bona
571 4964 960 5036 unusquisque
1011 4969 1340 5020 sanctorum
1387 4967 1566 5022 credit
1610 4983 1667 5022 se
1714 4967 1909 5023 videre
1957 4969 2015 5022 in
2115 4972 2212 5027 sed
2240 4972 2414 5026 etiam
2441 4973 2592 5043 juste
2629 4971 2850 5027 sobrios
2891 4989 3013 5028 esse
3055 4973 3263 5028 debere
3292 4970 3478 5028 docuit
3501 4962 3690 5022 eviden-

383 5061 535 5112 terra
580 5058 912 5112 viventium.
955 5059 1115 5122 Quod
1156 5058 1442 5114 credimus
1485 5076 1580 5114 eos
1617 5060 1856 5129 visuros,
1898 5078 2013 5117 non
2113 5070 2219 5120 ter.
2243 5067 2429 5120 Potest
2451 5070 2638 5121 autem
2658 5065 2863 5138 aliquis
2887 5069 2945 5121 et
2965 5065 3182 5120 sobrius
3205 5082 3343 5131 esse,
3367 5067 3422 5119 et
3445 5075 3551 5115 non
3567 5055 3692 5126 Ῑυδίθ

382 5167 632 5220 praesens
657 5153 878 5224 utique,
912 5153 1009 5206 sed
1037 5151 1295 5206 futurum
1328 5155 1431 5206 est.
2114 5158 2336 5214 sobrius
2367 5176 2379 5214 :
2420 5166 2482 5213 ut
2521 5159 2741 5215 sobrius
2775 5160 2846 5214 sit
2885 5176 2919 5215 a
2954 5159 3102 5228 vino,
3147 5163 3206 5215 et
3247 5175 3360 5214 non
3406 5155 3472 5210 sit
3512 5146 3693 5206 sobrius

454 5248 544 5300 41.
589 5246 768 5312 (Vers.
817 5247 927 5317 78.)
968 5246 1236 5317 Sequitur
1280 5262 1476 5300 versus
1520 5250 1712 5303 sextus
1747 5265 1760 5302 :
1805 5270 1832 5298 «
1874 5250 2016 5305 Con-
2116 5252 2402 5324 aequitate,
2441 5257 2614 5325 atque
2631 5253 2853 5325 justitia
2886 5257 2998 5320 est;
3028 5253 3184 5308 enim
3213 5251 3434 5323 crapula
3460 5241 3690 5314 iniquita-

385 5436 492 5474 non
529 5425 699 5475 omnis
731 5425 1041 5486 consolatio,
1084 5427 1271 5478 divina
1306 5426 1618 5488 consolatio,
1652 5434 1740 5478 est.
1784 5430 1854 5478 At
1897 5443 2016 5480 om-
2114 5433 2270 5486 dixit.
2318 5433 2444 5486 Mss.
2497 5449 2626 5486 vero
2679 5435 2974 5486 nobiscum
3019 5434 3249 5494 faciunt,
3299 5431 3518 5493 excepto
3569 5415 3690 5494 σαρξί

385 5501 544 5550 nium
598 5503 805 5562 optime
855 5503 1090 5567 reliqui,
1147 5503 1277 5554 licet
1340 5503 1659 5566 pauciores,
1701 5517 1842 5568 quos
1887 5519 2016 5556 cum
2115 5511 2241 5570 nisi,
2269 5510 2326 5560 in
2368 5511 2657 5561 nonnullis
2699 5525 2798 5574 pro
2839 5510 3009 5560 nostri
3045 5491 3340 5573 reponitur,
3365 5491 3691 5574 inruonnuUiS

383 5576 512 5625 εάίιι
540 5575 700 5626 Βοω-
727 5577 819 5625 hic
844 5578 1022 5627 8600ιὶ
1047 5590 1258 5628 Sumus.
2117 5589 2418 5650 utrumque
2454 5572 2798 5637 desidera—tur
2823 5601 2836 5646 ;
2863 5584 3014 5636 unde
3042 5572 3205 5635 isthic
3227 5583 3410 5632 exorta
3445 5578 3522 5627 est
3545 5572 3689 5621 inter—

444 5651 543 5713 (32)
569 5651 718 5702 Edit.
752 5654 882 5712 vet.,
914 5654 970 5700 in
991 5653 1268 5716 praeceptis
1310 5653 1537 5712 Domini,
1577 5653 1836 5717 quomodo
1873 5655 2016 5704 exis-
2119 5659 2341 5722 polatio.

381 5724 646 5782 timaram,
691 5723 797 5773 nisi
856 5724 988 5787 quia
1039 5724 1194 5774 dixit.
1248 5725 1492 5787 Rom....,
1537 5727 1640 5776 nisi
1696 5727 1822 5790 quia
1875 5725 2016 5789 quod
