4082 6186
242 220 339 271 lii?

244 340 304 393 tis.
340 339 504 391 Potest
543 339 596 390 et
631 334 829 406 aliquis
873 335 1136 391 ebrietati
1178 340 1236 392 et
1272 338 1513 393 luxurias
1557 355 1787 409 semper
1809 355 1865 424 Α

237 431 490 500 indulgens,
517 429 646 484 dum
673 428 857 484 aliena
899 436 1090 485 tamen
1128 431 1376 502 diripere
1414 435 1673 502 conatur,
1718 449 1784 486 eo

235 529 467 595 occupatus
489 522 664 578 studio
692 521 915 578 sobrius
946 540 1067 579 esse
1096 541 1130 579 a
1156 525 1304 592 vino,
1335 530 1392 580 et
1418 541 1538 580 non
1565 524 1785 580 sobrius

233 637 254 672 a
282 617 482 688 rapinis;
531 633 630 672 nec
671 617 776 671 iste
816 617 970 688 juste
1018 617 1260 673 sobrius.
1315 619 1445 674 Ideo
1494 620 1788 690 Apostolus

229 712 444 766 admonet
478 715 538 765 ut
576 711 643 764 sit
684 711 747 765 in
789 711 952 766 nobis
990 711 1147 782 justa
1187 712 1483 767 sobrietas.
1531 713 1786 786 Denique

228 804 431 858 addidit:
468 826 493 852 «
525 806 593 860 Et
618 804 791 860 nolite
814 821 1049 876 peccare
1083 806 1125 877 (Ι
1155 809 1298 868 εον..
1339 823 1430 874 xv,
1470 807 1577 878 34).
1614 828 1642 856 ››
1682 806 1786 872 Qui

226 897 338 952 enim
378 903 583 968 peccat,
632 898 735 953 etsi
780 899 1003 955 sobrius
1052 900 1152 969 sit,
1201 917 1315 955 non
1367 904 1554 972 potest
1595 906 1788 956 tamen

226 999 442 1061 tanquam
463 991 609 1060 juste
650 991 870 1046 sobrius
906 992 1226 1064 praedicari.
1273 1014 1299 1044 ‹‹
1344 993 1542 1060 Nolite,
1585 993 1787 1065 inquit,

222 1084 365 1138 seduci
392 1085 564 1150 (Ibid.,
595 1087 704 1146 33).
741 1108 766 1133 ››
804 1085 908 1139 hoc
937 1090 1040 1153 est,
1069 1102 1140 1140 ne
1166 1086 1335 1141 alieni
1364 1088 1574 1142 erroris
1605 1087 1788 1142 ebrie-

222 1183 284 1230 tas
323 1194 405 1231 vos
448 1178 611 1232 faciat
664 1180 1026 1233 temulentos.
1087 1200 1116 1228 ‹‹
1173 1179 1557 1251 Corrumpunt
1607 1181 1792 1235 bonos

219 1287 360 1326 mores
403 1271 672 1342 colloquia
729 1271 882 1326 mala
928 1273 1148 1342 (Ibid);
1203 1296 1230 1323 ››
1276 1291 1342 1329 eo
1389 1275 1540 1344 quod
1589 1290 1687 1330 ore
1733 1281 1788 1329 et

219 1364 344 1418 labiis
376 1364 679 1419 infidelium
721 1370 994 1437 tanquam
1035 1366 1281 1422 ebrietas
1317 1368 1588 1439 quaedam
1614 1369 1790 1423 mori-

220 1458 294 1511 bus
315 1457 571 1513 audientis
608 1458 945 1515 infunditur.
989 1461 1298 1533 Meritoque
1326 1460 1546 1516 addidit
1574 1478 1587 1516 :
1616 1463 1798 1518 Sobrii

219 1553 504 1619 estotejuste,
533 1559 583 1605 et
611 1551 779 1607 nolite
799 1568 1045 1623 peccare.
1085 1555 1473 1624 Ignorantiam
1510 1555 1661 1609 enim
1697 1555 1793 1609 Dei

219 1644 396 1715 quidam
432 1644 672 1711 habent;
723 1652 783 1700 ut
819 1647 1043 1701 sobrius
1070 1647 1166 1702 ille
1199 1649 1293 1716 sit,
1331 1648 1426 1718 qui
1462 1664 1576 1702 non
1619 1648 1791 1703 habet

219 1738 540 1806 ignorantiam
591 1740 720 1806 Dei,
772 1756 874 1795 nec
932 1741 1135 1796 titubat
1185 1741 1455 1797 ebrietate
1505 1741 1789 1812 perﬁdiae;
1818 1724 1873 1794 Β

216 1832 326 1899 jnste
348 1838 521 1887 autem
548 1832 772 1888 sobrius
791 1833 850 1888 in
877 1851 989 1906 quo
1015 1851 1252 1906 operum
1282 1835 1466 1907 gratia
1501 1851 1630 1890 cum
1660 1835 1796 1890 ﬁdei

221 1923 457 1980 sobrietate
479 1926 833 1998 resplendet.

269 2019 336 2072 44.
371 2020 533 2089 (Vers.
581 2021 701 2091 79.)
740 2020 1007 2092 Sequitur
1046 2038 1240 2077 versus
1275 2023 1554 2094 septimus
1596 2039 1608 2077 :
1659 2025 1793 2080 Con-

222 2116 444 2167 vertuntur
479 2115 554 2168 ad
594 2129 685 2170 me
728 2116 827 2184 qui
871 2118 1054 2171 timent
1101 2122 1170 2180 te,
1201 2121 1252 2172 et
1291 2119 1390 2186 qui
1427 2119 1606 2171 sciunt
1646 2118 1795 2170 testi-

225 2208 354 2259 monia
387 2212 490 2262 tua.
534 2208 699 2262 Alius
741 2207 934 2277 habet,
982 2209 1231 2265 maxime
1271 2209 1439 2280 juxta
1481 2210 1737 2265 Graecum
1780 2228 1793 2265 :

226 2300 550 2355 Conﬁtentur
620 2302 776 2356 mihi.
835 2301 893 2356 Si
946 2303 1022 2356 ad
1079 2319 1162 2357 me
1226 2303 1506 2373 legimus;
1565 2320 1795 2358 conver-

228 2395 366 2446 tantur
411 2394 500 2465 qui
549 2395 769 2450 timent
817 2395 1022 2464 Deum,
1073 2396 1143 2451 de
1188 2396 1506 2451 commissis
1558 2397 1800 2468 propriis

232 2484 510 2556 erubescant;
561 2489 664 2542 vel
708 2492 858 2544 certe
902 2489 1065 2544 luant
1100 2489 1378 2562 supplicia
1426 2489 1795 2555 delictorum;

236 2587 556 2636 convertantur
578 2585 786 2636 autem
817 2582 891 2636 ad
918 2583 1023 2637 Dei
1051 2583 1360 2652 servulum,
1385 2583 1799 2655 propheticam~

245 2685 319 2738 que
334 2673 616 2729 doctrinam
644 2692 657 2741 ;
688 2678 752 2730 ut
777 2675 1070 2732 dediscant
1106 2676 1382 2747 pudenda
1417 2677 1797 2744 committere,

250 2769 284 2815 et
314 2768 401 2821 tanti
427 2768 846 2825 emendatione
889 2769 1136 2825 doctoris
1176 2774 1390 2826 exuant
1424 2787 1609 2826 mores
1647 2787 1798 2840 suos,

241 2854 605 2934 delictorumque
676 2863 805 2918 labe
873 2863 1138 2931 detersa,
1207 2864 1483 2920 virtutum
1556 2864 1803 2918 induant

229 2947 530 3023 disciplinam.
581 2955 653 3011 Si
692 2961 885 3012 autem
931 2957 1011 3012 ita
1052 2957 1302 3028 legimus
1345 2975 1357 3012 :
1410 2960 1803 3016 Convertuntur

225 3046 330 3108 mihi,
353 3048 440 3102 hoc
464 3054 566 3119 est,
611 3050 886 3121 quoniam
912 3050 1220 3106 exercebar
1248 3052 1308 3105 in
1338 3052 1638 3123 praeceptis
1666 3051 1798 3123 tuis,

221 3136 758 3212 mihiconvertantur,
789 3144 930 3199 mihi
972 3150 1166 3201 autem
1201 3145 1324 3216 jam
1367 3161 1483 3200 non
1524 3146 1798 3216 peccanti,

219 3232 307 3299 jam
347 3252 443 3292 non
495 3238 744 3294 erranti.
801 3239 1250 3308 Convertuntur,
1309 3239 1526 3311 inquit,
1581 3239 1680 3311 qui
1732 3239 1801 3293 ti-

225 3331 390 3384 mentes
428 3336 480 3386 te
517 3331 778 3403 propriis
815 3332 1208 3387 renuntiavere
1247 3333 1530 3404 peccatis;
1572 3337 1636 3387 ut
1671 3321 1801 3388 con-

223 3421 350 3476 sortio
382 3425 668 3494 justorum
716 3425 999 3497 PrOpheta
1041 3426 1112 3480 ad
1155 3425 1386 3482 uberius
1434 3426 1802 3498 provehatur,

223 3517 261 3566 et
279 3515 374 3586 ipse
398 3518 462 3574 de
487 3537 553 3575 ea
579 3519 774 3591 gratia
805 3535 933 3591 quae
961 3520 1020 3574 in
1042 3520 1164 3592 ipso
1192 3526 1295 3590 est,
1329 3520 1648 3592 plurimum
1677 3538 1806 3576 con-

221 3605 328 3662 ferat
367 3613 749 3669 audientibus.
798 3613 1218 3670 Convertantur
1272 3614 1451 3686 igitur
1502 3617 1624 3686 jam
1686 3631 1804 3670 non

219 3711 432 3769 peccante
460 3723 575 3777 me,
599 3706 747 3778 justi
776 3705 848 3761 ad
869 3707 1112 3778 justum.
1143 3709 1220 3762 De
1247 3709 1586 3763 testimoniis
1609 3714 1804 3764 autem

217 3801 322 3863 puto
339 3799 447 3868 jam
489 3817 607 3856 non
656 3817 800 3871 opus
843 3816 964 3855 esse
1015 3805 1300 3873 repetere,
1339 3819 1468 3857 cum
1510 3808 1641 3858 ante
1682 3803 1804 3874 jam

219 3886 386 3947 dictum
411 3892 499 3949 sit.
1676 3927 1684 3937 ε

266 3983 336 4038 45.
383 3987 552 4052 (Vers.
612 3989 731 4059 80.)
784 3988 1051 4059 Sequitur
1100 4004 1291 4044 versus
1342 3993 1570 4044 octavus
1614 4008 1627 4045 :
1685 3992 1806 4046 Fiat

215 4090 278 4128 cor
309 4095 465 4135 meum
512 4082 934 4137 immaculatum
970 4086 1029 4137 in
1054 4083 1535 4152 justiﬁcationibus
1578 4086 1704 4148 tuis,
1744 4091 1808 4138 ut

214 4183 293 4223 non
316 4175 634 4240 confundar.
685 4173 908 4238 Quanto
943 4176 1222 4230 excelsior
1258 4182 1343 4233 est
1381 4178 1686 4249 Propheta,
1718 4177 1808 4233 vel

217 4277 407 4322 munere
449 4268 796 4340 prophetiae,
837 4269 924 4324 vel
965 4270 1132 4342 regni
1177 4271 1384 4341 gratia,
1428 4275 1588 4326 tanto
1626 4272 1808 4344 magis

215 4359 428 4426 sequitur
466 4361 884 4432 humilitatem,
913 4368 972 4418 et
1001 4363 1164 4420 docet
1202 4363 1339 4435 quid
1367 4380 1468 4420 nos
1493 4365 1808 4422 debeamus

1822 3095 1876 3168 C

1299 215 1646 272 EXPOSITIO
1685 217 1752 271 IN
1794 215 2105 272 PSALMUM
2144 217 2370 272 CXVIII.

3376 222 3510 275 1418

1887 337 2031 407 fieri,
2062 339 2161 394 sed
2201 341 2390 410 ipsum
2432 339 2741 394 Dominum
2781 341 3142 411 deprecatur,
3177 343 3275 413 qui
3311 344 3514 399 coelum

1886 432 2100 488 creavit
2125 437 2184 487 et
2203 436 2436 487 terram.

1956 529 2044 581 46.
2074 527 2142 580 Et
2167 526 2313 582 bene
2339 527 2420 582 ait
2449 549 2458 580 :
2497 528 2938 596 lmmacutatum;
2971 528 3105 598 quia
3144 544 3238 582 cor
3266 530 3515 584 hominis

1885 620 2133 692 quadam
2159 621 2309 676 velut
2339 620 2729 677 indecentium
2755 621 3170 693 cogitationum
3206 622 3514 680 colluvione

1887 714 2226 768 maculatur.
2259 714 2315 770 Si
2358 714 2624 784 cogitatio
2665 714 2790 786 ipsa
2832 715 3051 786 polluit,
3088 723 3300 788 quanto
3344 716 3518 772 etiam

1888 809 2038 862 facta
2066 808 2185 878 ipsa
2211 807 2640 863 contaminant?
2666 808 2786 863 Noli
2819 809 3286 864 extraordinariis
3312 810 3522 881 cogita-

1891 901 2141 956 tionibus
2164 901 2397 956 adversa
2427 907 2646 957 natura
2669 903 3055 958 contaminare
3084 903 3424 974 penetralia;
3446 920 3520 957 ne

1893 995 1948 1050 id
1974 994 2410 1066 inquinamento
2452 996 2608 1067 gravi
2651 997 2895 1068 polluas,
2926 998 3078 1068 quod
3119 1001 3282 1068 putas
3307 997 3520 1051 habere

1893 1095 1947 1143 te
2000 1089 2304 1142 mundum.
2355 1089 2547 1144 Manus
2597 1091 2749 1144 lavas
2817 1090 2980 1160 quasi
3045 1091 3224 1161 possis
3281 1089 3522 1144 crimina

1893 1182 2108 1249 eluere,
2133 1197 2265 1236 cum
2287 1186 2541 1237 mentem
2571 1186 2728 1237 tuam
2751 1183 3066 1238 immundis
3083 1183 3525 1253 cogitationibus

1893 1275 2250 1346 inquinatam
2278 1277 2393 1346 (33)
2430 1277 2610 1331 lavare
2650 1293 2763 1331 non
2809 1277 3010 1348 possis.
3049 1279 3115 1331 Et
3153 1277 3361 1331 Pilatus
3406 1292 3522 1330 ma-

1894 1385 2002 1422 nus
2028 1368 2186 1436 lavit,
2238 1369 2337 1423 sed
2373 1385 2473 1424 cor
2515 1385 2681 1424 suum
2717 1369 2903 1424 lavare
2939 1387 3055 1424 non
3097 1370 3298 1440 potuit.
3331 1370 3528 1425 Mansit

1896 1461 2104 1517 scelere
2149 1462 2418 1533 pollutus,
2461 1463 2718 1533 quamvis
2757 1479 2957 1517 manus
2999 1479 3132 1517 suas
3173 1479 3338 1533 aquae
3373 1463 3522 1517 infu-

1896 1554 2053 1609 sione
2105 1555 2345 1610 lavisset.
2398 1555 2542 1610 Audi
2595 1555 2730 1626 quia
2779 1562 2836 1609 et
2880 1555 3150 1626 cogitatio
3198 1555 3467 1626 inquinat
3511 1573 3522 1607 :

1900 1671 1925 1697 ‹‹
1968 1649 2090 1703 Non
2119 1648 2274 1720 quod
2298 1648 2470 1703 intrat
2495 1649 2554 1702 in
2584 1665 2702 1716 eos,
2729 1648 3054 1720 coinquinat
3085 1649 3403 1716 hominem;
3429 1648 3522 1701 sed

1882 1722 2049 1813 quod
2077 1741 2189 1797 exit
2229 1742 2297 1796 de
2326 1758 2442 1796 ore.
2485 1743 2560 1796 De
2591 1742 2756 1797 corde
2802 1742 2958 1796 enim
2995 1747 3204 1797 exeunt
3229 1741 3523 1812 cogitatio-

1899 1851 1998 1890 nes
2065 1836 2249 1902 malaz,
2318 1835 2662 1904 homicidia,
2725 1835 3031 1902 adulteria,
3102 1834 3527 1900 fornicationes,

1897 1930 2066 1997 furta,
2092 1928 2232 1984 falsa
2261 1929 2605 1999 testimonia,
2637 1929 3027 2000 blasphemiae.
3064 1931 3191 1984 Haec
3234 1933 3368 1984 sunt
3401 1944 3529 2000 quae

1898 2023 2275 2094 coinquinant
2324 2023 2624 2077 hominem
2681 2024 2920 2093 (Matth.,
2977 2039 3073 2087 xv,
3138 2023 3345 2093 l7-20).
3393 2045 3420 2070 η
3477 2023 3528 2077 Si

1899 2133 2037 2187 ergo
2073 2115 2225 2172 intus
2267 2116 2670 2187 coinquinaris,
2712 2118 2874 2187 prius
2914 2116 3133 2170 munda
3177 2117 3328 2188 quod
3375 2116 3529 2170 intus

1900 2216 2002 2264 est.
2035 2209 2094 2264 Si
2120 2209 2272 2282 quod
2301 2210 2456 2264 intus
2483 2215 2565 2264 est
2593 2209 2977 2277 mundaveris,
2996 2213 3054 2265 et
3074 2210 3350 2264 exteriora
3371 2225 3530 2263 mun-

1899 2303 2064 2372 dasti,
2114 2307 2173 2357 ut
2198 2303 2244 2357 si
2274 2319 2422 2374 aqua
2450 2303 2745 2358 turbidum
2787 2304 2923 2358 ﬂuat
2951 2303 3086 2374 (34),
3120 2304 3328 2358 frustra
3368 2308 3534 2374 putes

1900 2398 2087 2451 lacum
2120 2414 2240 2452 esse
2281 2397 2696 2467 mundandum,
2727 2396 2772 2450 si
2800 2397 2926 2451 fons
2953 2397 3203 2467 proﬂuat
3243 2398 3530 2452 cumulen-

1902 2493 2021 2557 tus;
2061 2489 2413 2561 receptacula
2450 2491 2604 2545 enim
2649 2491 2875 2545 tersisse
2919 2491 3060 2544 nihil
3089 2490 3364 2561 proderit,
3399 2506 3531 2544 cum

1902 2585 1960 2638 in
1994 2586 2150 2639 fonte
2178 2585 2250 2638 sit
2285 2584 2505 2639 vitium.
2538 2585 2661 2655 Ipse
2703 2584 2804 2638 tibi
2840 2589 2972 2639 ante
3001 2583 3335 2654 purgandus
3365 2599 3444 2648 es,
3473 2587 3538 2637 ut

1900 2678 2037 2733 ﬂuat
2061 2693 2230 2733 omne
2256 2677 2410 2749 quod
2440 2694 2647 2748 purum
2677 2683 2780 2732 est.
2800 2678 2910 2732 Cor
2933 2681 3096 2732 tuum
3117 2677 3533 2747 cogitationum

1903 2776 2132 2826 tuarum
2161 2775 2247 2825 est
2267 2772 2574 2842 scaturigo.
2609 2772 2670 2825 In
2698 2771 2797 2825 illo
2827 2771 2988 2825 fonte
3016 2772 3104 2824 vel
3131 2770 3361 2824 turbida
3387 2785 3535 2840 aqua

1901 2865 2249 2936 impuritatis
2306 2865 2622 2932 evomitur,
2678 2865 2766 2917 vel
2822 2863 3038 2920 sincera
3092 2863 3320 2934 pietatis
3383 2863 3534 2918 unda

1901 2958 2244 3030 prorumpit.

1972 3054 2060 3108 47.
2084 3051 2333 3108 Didicisti
2359 3068 2459 3107 cor
2487 3067 2608 3107 esse
2633 3049 3065 3119 mandandum,
3088 3050 3239 3106 disce
3265 3051 3534 3121 quemad-

1905 3146 2141 3202 modum
2185 3146 2449 3202 mundes.
2491 3145 2721 3201 Mundat
2758 3145 2910 3200 hunc
2951 3145 3172 3200 fontem
3205 3144 3534 3215 justiﬂcatio

1905 3242 2182 3312 legitima,
2233 3240 2339 3295 hoc
2381 3245 2485 3307 est,
2533 3239 2810 3295 confessio
2856 3243 3239 3309 peccatorum.
3278 3238 3534 3309 Denique

1904 3333 2242 3389 Publicanus
2267 3334 2359 3389 ille
2390 3333 2487 3405 qui
2515 3338 2746 3404 peccata
2789 3331 3020 3406 propria
3045 3331 3347 3399 fatebatur,
3369 3332 3535 3402 justi-

1905 3428 2104 3482 ﬁcatus
2153 3428 2336 3498 magis
2383 3426 2453 3481 de
2489 3426 2706 3498 templo
2751 3442 2924 3497 quam
2973 3425 3286 3480 Pharisaeus
3331 3425 3531 3490 exivit;

1907 3520 2039 3592 quia
2056 3521 2278 3591 jejunia
2307 3536 2407 3575 sua
2441 3523 2499 3574 et
2529 3535 2772 3574 munera
2807 3517 3140 3586 Pharismus,
3169 3523 3338 3590 atque
3367 3519 3534 3573 inno-

1907 3615 2151 3669 centiam
2216 3613 2572 3684 prmferebat.
2638 3613 2842 3668 Munda
2893 3629 3032 3683 ergo
3093 3629 3301 3684 aquam
3355 3615 3534 3679 tuam,

1906 3709 2059 3764 illam
2090 3721 2298 3780 aquam
2331 3708 2399 3762 de
2429 3723 2544 3778 qua
2572 3706 2789 3760 dictum
2821 3712 2904 3761 est
2933 3723 2945 3760 :
2976 3725 3005 3757 (ι
3035 3711 3193 3777 Aqua
3218 3706 3330 3759 alta
3355 3708 3534 3760 consi-

1907 3802 2049 3856 lium
2073 3802 2134 3856 in
2161 3801 2331 3856 corde
2360 3800 2467 3854 viri
2493 3798 2697 3871 (Prov.,
2721 3816 2811 3866 xx,
2837 3803 2914 3869 5).
2943 3821 2971 3849 »
2999 3801 3215 3853 Bonam
3239 3799 3340 3853 tibi
3365 3816 3535 3870 quam

1907 3899 2116 3951 natura
2153 3895 2327 3964 dedit,
2372 3892 2478 3948 nisi
2522 3910 2651 3948 eam
2693 3910 2852 3948 coeno
2901 3900 2998 3947 tuo
3033 3892 3272 3964 polluas,
3314 3893 3438 3962 ipsa
3480 3897 3534 3945 te

1908 3990 2090 4056 diluit,
2126 3989 2170 4042 si
2200 4005 2361 4059 pura,
2391 3988 2437 4041 si
2477 3987 2738 4059 simplex,
2777 3987 2821 4041 si
2853 3986 3028 4041 etiam
3058 3986 3335 4040 naturalis
3371 3985 3461 4052 sit,
3491 3987 3536 4038 si

1909 4083 2050 4138 nihil
2083 4082 2288 4136 habeat
2333 4080 2626 4135 sordidum
2668 4085 2839 4151 atque
2877 4087 3191 4135 terrenum.
3227 4079 3373 4143 Quid
3403 4079 3534 4133 mali

1909 4180 2012 4245 est,
2047 4176 2092 4229 si
2121 4192 2185 4229 ea
2228 4192 2378 4246 aqua
2417 4191 2544 4246 qua:
2586 4174 2864 4229 mundare
2901 4174 3122 4241 debeat,
3153 4173 3407 4244 polluat?
3433 4174 3535 4228 Sed

1911 4287 2025 4325 non
2056 4275 2140 4324 est
2180 4285 2330 4341 aqua
2370 4275 2465 4323 tua
2503 4285 2632 4340 quae
2673 4274 2727 4323 te
2769 4268 2988 4339 polluit.
3032 4269 3137 4322 Ista
3176 4283 3322 4337 aqua
3354 4267 3539 4321 aliena

1910 4371 2011 4419 est.
2043 4363 2296 4434 Denique
2339 4362 2551 4418 dictum
2599 4368 2683 4417 est
2720 4362 2860 4416 tibi:
2891 4360 2974 4414 Ab
3002 4360 3190 4414 aliena
3227 4376 3373 4431 aqua
3409 4360 3535 4414 abs-

217 4450 410 4522 Imitari,
456 4471 524 4510 eo
575 4455 736 4528 quod
786 4457 1066 4528 Propheta
1106 4462 1328 4514 tantum
1375 4459 1806 4514 immaculatum
1827 4467 1886 4538 D
1911 4459 2027 4513 tine
2058 4463 2116 4512 te
2151 4460 2355 4522 (Pr-01).,
2385 4474 2436 4523 v,
2473 4458 2576 4526 15).
2607 4455 2810 4509 Aliena
2829 4471 2976 4525 aqua
2995 4454 3273 4508 mentitur
3292 4457 3351 4508 et
3373 4454 3535 4519 fallit,

214 4557 287 4594 cor
324 4547 436 4602 ﬁeri
491 4549 600 4605 sibi
653 4550 924 4621 deposcit.
968 4551 1148 4623 Supra
1207 4553 1510 4623 postulavit
1559 4572 1570 4607 :
1622 4574 1650 4605 «
1696 4555 1807 4610 Cor

216 4639 450 4697 mundum
497 4661 634 4699 crea
673 4643 741 4698 in
783 4660 899 4713 me,
947 4645 1092 4700 Deus
1139 4646 1310 4717 (Psal.
1362 4663 1412 4711 L,
1469 4649 1574 4717 l2).
1606 4668 1634 4696 »
1681 4648 1802 4702 Non

216 4727 337 4800 dixit,
364 4736 467 4804 fac,
505 4738 606 4792 sed
637 4753 782 4801 crea,
833 4743 892 4793 ut
933 4739 1002 4794 de
1039 4739 1266 4810 integro
1303 4756 1399 4794 cor
1434 4741 1556 4811 ejus
1588 4741 1803 4796 instau-

217 4826 278 4875 ret
296 4831 343 4880 et
364 4831 620 4886 mandet.
662 4831 844 4902 Major
871 4829 1133 4905 1102
1174 4833 1406 4904 quidem
1442 4833 1500 4887 in
1541 4835 1648 4888 hoc
1684 4851 1805 4888 ser-

219 4929 352 4973 mone
377 4923 626 4978 ambitus
657 4930 759 4979 est.
799 4925 1023 4980 Grande
1055 4927 1212 4981 enim
1251 4943 1346 4981 cor
1375 4932 1460 4981 est
1497 4944 1529 4981 a
1567 4927 1809 4982 Domino

217 5016 442 5085 creatum,
483 5017 642 5089 quod
676 5017 917 5090 recipiat
948 5019 1196 5074 Verbum
1237 5020 1308 5073 de
1338 5021 1658 5074 coelestibus
1691 5022 1806 5075 vir-

222 5104 392 5162 tutibus
431 5127 494 5164 ac
542 5111 937 5182 potestatibus.
980 5113 1207 5169 Grande
1245 5130 1345 5168 cor
1384 5115 1536 5184 quod
1577 5115 1813 5186 recipiat

223 5192 364 5264 ipsum
389 5203 693 5260 Dominum
722 5205 1006 5262 dicentem
1039 5225 1050 5260 :
1087 5228 1114 5257 κ
1139 5206 1472 5263 lnhabitabo
1500 5207 1559 5262 in
1592 5208 1723 5276 illis,
1755 5211 1814 5263 et

224 5287 550 5353 deambulabo
588 5299 648 5353 in
688 5299 824 5370 ipsis
857 5300 919 5368 (Il
949 5302 1092 5364 Cor.,
1124 5317 1199 5368 VI,
1236 5301 1344 5371 l6).
1374 5324 1403 5352 »
1442 5302 1515 5356 Ut
1549 5302 1673 5356 haec
1713 5301 1814 5373 igi-

227 5383 294 5438 tur
312 5391 558 5464 recipiat,
591 5401 905 5450 creatorem
931 5394 1037 5450 sibi
1064 5395 1252 5451 cordis
1282 5395 1369 5450 sui
1406 5411 1516 5451 non
1542 5395 1811 5466 angelum

275 5560 352 5636 (33)
382 5565 590 5619 Omnes
629 5569 758 5621 edit.
799 5568 929 5622 cum
968 5577 1124 5636 parte
1162 5585 1278 5622 mss
1303 5610 1315 5634 ,
1354 5572 1438 5623 vel
1477 5572 1637 5623 nudis
1671 5573 1813 5636 cogi-

233 5634 475 5753 :tcionibus
542 5643 885 5708 iniquitatum
1016 5645 1216 5711 reliqui
1279 5660 1431 5709 mss.,
1499 5634 1813 5704 immundis,

284 5777 521 5839 {35)Edit.
567 5797 778 5851 omnes,
817 5801 965 5852 aqua
1004 5785 1219 5839 turbida
1253 5787 1460 5852 inﬂuat.
1500 5786 1626 5841 Mss.
1667 5801 1816 5850 vero,

517 5863 789 5932 ΡΑτιιοι..
839 5866 944 5931 XV
992 5866 1168 5947 (XIV,
1220 5888 1374 5933 rans
1422 5867 1526 5951 II.)

1905 4556 1962 4607 et
2011 4551 2358 4606 contrarium
2409 4557 2632 4604 natura:
2681 4547 2929 4619 proﬂuit.
2979 4547 3112 4602 Ideo
3162 4547 3242 4601 ait
3286 4565 3298 4602 :
3353 4570 3382 4596 ‹‹
3413 4549 3536 4602 Filii

1907 4645 2076 4700 alieni
2117 4644 2344 4698 mentiti
2385 4648 2516 4697 sunt
2549 4641 2690 4696 mihi
2720 4641 2884 4711 (Psal.
2929 4656 3058 4707 xvn,
3095 4641 3220 4710 46);
3253 4663 3281 4690 »
3320 4657 3454 4696 nam
3495 4642 3536 4694 si

1906 4739 2077 4793 alieni
2115 4755 2232 4792 non
2277 4737 2536 4803 fuissent,
2584 4735 2779 4806 utique
2823 4752 2934 4790 non
2976 4735 3327 4790 fefellissent.
3359 4736 3536 4789 Nemo

1909 4849 2044 4903 ergo
2067 4832 2342 4902 glorietur
2361 4834 2581 4885 castum
2603 4845 2663 4884 se
2681 4829 2894 4884 habere
2917 4845 3034 4896 cor,
3053 4828 3535 4900 quemadmodum

1910 4925 2178 4982 Salomon
2205 4925 2349 4980 dixit
2374 4925 2578 4995 (Prov.,
2600 4939 2692 4990 xx,
2725 4923 2780 4994 9)
2809 4940 2821 4978 :
2855 4943 2884 4975 «
2911 4923 3018 4978 Sed
3045 4923 3141 4993 qui
3164 4921 3457 4992 gloriatur,
3480 4921 3537 4974 in

1911 5020 2151 5075 Domino
2183 5019 2459 5089 glorietur
2488 5020 2550 5086 (II
2584 5021 2726 5081 Con,
2757 5033 2809 5084 x,
2852 5018 2956 5088 ΓΙ),
2996 5036 3022 5068 »
3051 5017 3148 5086 qui
3186 5015 3392 5068 sanctis
3423 5015 3540 5068 suis

1911 5129 2012 5168 cor
2047 5113 2326 5167 mundum
2356 5128 2551 5167 creare
2583 5111 2850 5181 dignatus
2877 5114 2978 5176 est,
3017 5115 3074 5163 et
3111 5108 3538 5162 immaculatum

1915 5208 2100 5263 facere
2122 5205 2621 5278 justificationihus
2648 5204 2781 5260 suis.
2807 5204 2945 5268 Quae
2964 5203 3076 5256 sint
3091 5200 3540 5271 justiﬁcationes,

1913 5301 2118 5356 audisti
2148 5301 2432 5357 dicentem
2465 5316 2477 5355 :
2509 5320 2536 5349 «
2559 5299 2656 5353 Dic
2682 5297 3010 5368 iniquitates
3035 5300 3175 5362 tuas,
3198 5295 3542 5365 utjustifice-

1917 5395 1994 5449 ris
2023 5398 2174 5462 (lsa.,
2207 5411 2353 5462 XLIII,
2384 5397 2495 5462 26).
2531 5414 2556 5442 η
2588 5393 2738 5462 Ergo
2774 5390 2870 5462 qui
2919 5388 3250 5459 iniquitates
3281 5405 3408 5442 suas
3452 5391 3539 5444 di-

1917 5585 2065 5636 aqua
2110 5570 2380 5622 turbidum
2421 5569 2550 5633 ﬂuat
2577 5584 2594 5616 .·
2629 5565 2776 5630 quod
2815 5563 3062 5616 adverbii
3101 5564 3267 5615 modo
3305 5567 3546 5629 ponitur,

1918 5657 2028 5694 non
2060 5655 2224 5694 secus
2247 5655 2311 5693 ac
2343 5639 2489 5704 apud
2517 5638 2830 5698 Horatium,
2855 5636 2950 5687 lib.
2984 5649 3041 5698 II,
3072 5637 3176 5687 ode
3204 5636 3264 5686 19
3296 5653 3306 5686 :

2339 5754 2552 5805 Mens...
2586 5750 2868 5802 turbidum
2897 5751 3129 5804 leuatur.

3156 5866 3232 5923 4ῒό
