4082 6186
229 221 318 274 im
783 171 788 174 ﬁ
1279 213 1631 269 exrosmo
1670 214 1737 269 1N
1778 213 2097 270 PSALMUM
2136 213 2359 268 cxvm.

3368 220 3503 274 14⁸22

273 344 309 394 5.
347 339 494 392 Recte
532 335 758 407 speravi,
803 335 961 403 dixit,
1003 335 1061 390 in
1105 335 1386 406 Verbum;
1431 342 1563 392 ante
1610 337 1768 391 enim
1790 335 1990 420 Aipse
2031 336 2166 391 dicit
2203 335 2269 390 ad
2311 337 2582 408 Sponsam
2613 355 2626 392 :
2661 357 2687 384 ‹‹
2717 337 2893 391 Corde
2925 353 3024 392 nos
3059 337 3254 411 cepisti
3282 357 3394 395 uno
3430 341 3501 395 ab

223 449 309 506 spes
343 429 602 503 precedit,
642 432 697 484 et
732 428 860 484 ideo
904 429 1160 501 sequitur
1198 430 1461 486 defectio.
1508 430 1770 501 Speravit

222 530 360 582 autem
388 525 439 578 in
470 523 694 577 verbum
724 523 873 594 quod
904 523 1278 595 praedicatum
1308 529 1393 579 est
1419 540 1539 580 esse
1569 530 1765 580 ventu-

220 636 325 685 rum,
347 617 480 688 quod
510 621 686 688 potest
717 615 961 688 intelligi
991 617 1059 671 de
1095 617 1206 672 Deo
1235 617 1438 673 Verbo.
1476 621 1586 674 Aut
1618 621 1768 672 certe

218 716 255 767 in
275 711 477 766 verbum
506 710 766 781 speravit,
804 711 902 781 qui
932 711 1100 766 verbo
1131 711 1338 767 caelesti
1366 711 1625 781 credidit,
1654 728 1768 784 quo

217 805 388 860 Domini
426 804 592 858 nostri
633 805 760 860 Jesu
804 804 1010 859 Christi
1060 806 1432 860 annuntiatur
1473 806 1766 872 adventus,

216 899 269 953 vel
295 915 386 969 quo
412 897 524 969 ejus
555 898 736 969 gloria
765 899 1100 954 declaratur.
1132 901 1279 970 Ergo
1306 899 1609 970 Propheta,
1640 916 1770 954 con-

212 993 408 1046 siderans
432 1009 553 1062 quae
585 992 825 1064 legerat,
853 998 909 1048 et
932 1009 1168 1048 cernens
1199 993 1351 1064 quod
1391 1010 1519 1047 cum
1548 993 1771 1048 adesset

211 1085 410 1156 corpori,
457 1086 605 1139 velut
654 1085 1002 1156 quibusdam
1053 1087 1261 1158 ligatus
1312 1087 1548 1141 vinculis
1601 1087 1770 1158 hujus

210 1181 316 1245 vita,
342 1177 521 1233 aberat
557 1196 589 1232 a
627 1179 874 1234 salutare
914 1181 1037 1249 Dei,
1070 1179 1519 1251 concupiscebat,
1551 1180 1768 1235 deside-

209 1272 340 1340 rabat,
376 1271 674 1339 deﬁciebat,
719 1276 774 1326 et
817 1277 932 1328 toto
971 1273 1386 1328 dissolvebatur
1422 1273 1664 1341 affectu;
1708 1277 1771 1328 ut

209 1373 317 1419 totus
343 1366 472 1419 illius
509 1365 667 1420 ﬁeret
707 1366 863 1438 quod
899 1367 1284 1435 desiderabat,
1319 1367 1463 1422 sicut
1497 1368 1670 1421 etiam
1709 1368 1768 1422 in

209 1459 543 1529 posterioribus
589 1460 708 1532 ipse
754 1460 886 1516 dicit
936 1478 948 1514 :
999 1482 1027 1510 «
1076 1461 1316 1516 Eilundo
1360 1461 1417 1516 in
1464 1466 1768 1534 conspectu

208 1555 293 1622 ejus
329 1555 621 1609 orationem
664 1569 872 1623 meam,
916 1554 1348 1610 tribulationem
1397 1571 1586 1610 meam
1638 1559 1770 1610 ante

207 1647 344 1716 ipsum
388 1647 706 1718 pronuntio,
763 1647 820 1702 in
875 1647 1190 1704 deﬁciendo
1245 1665 1311 1704 ex
1363 1665 1455 1703 me
1505 1649 1769 1720 spiritum

1869 430 2042 486 oculis
2071 429 2180 484 tuis
2219 429 2418 499 (Cant,
2453 447 2526 497 iv,
2569 430 2642 500 9).
2674 451 2701 480 »
2739 430 2937 485 Merito
2965 447 3080 485 uno
3120 434 3282 487 oculo
3313 433 3498 489 Chris-

1870 527 1960 578 tus
1998 523 2246 592 videtur;
2298 523 2432 595 quia
2481 540 2594 578 non
2643 523 2867 578 videtur
2910 524 3073 578 oculo
3117 525 3352 596 carnali,
3403 531 3502 582 aut

1870 618 2001 690 quia
2057 617 2198 673 duos
2251 617 2446 672 oculos
2496 617 2716 672 habens
2779 617 3056 685 Ecclesia,
3113 620 3390 674 moralem
3449 626 3505 676 et

1870 711 2195 783 mysticum,
2223 710 2357 766 ﬁdei
2386 710 2550 766 oculo
2579 711 2707 782 plus
2731 710 2883 766 videt
2910 711 3218 766 Christum.
3241 712 3502 785 Mysticus

1871 805 2025 860 enim
2051 805 2248 860 oculus
2274 804 2494 860 acutior
2520 810 2622 872 est,
2654 805 2884 860 moralis
2914 805 3150 860 dulcior.

1943 903 1995 954 8.
2052 900 2119 954 Et
2175 900 2407 954 fortasse
2463 899 2555 953 isti
2609 899 2754 953 oculi
2814 903 2979 967 sunt,
3032 900 3236 970 quibus
3303 900 3505 953 Paulus

1872 991 2104 1047 videbat
2146 995 2388 1060 veterna,
2427 991 2526 1048 ubi
2568 991 2734 1064 coepit
2777 992 3091 1064 corporalia
3136 1009 3250 1048 non
3291 992 3504 1047 videre.

1871 1086 2121 1157 Denique
2180 1085 2278 1157 qui
2329 1085 2615 1142 Christum
2680 1103 2795 1141 non
2859 1085 3105 1153 videbat,
3171 1086 3505 1158 priusquam

1872 1181 2065 1235 oculos
2127 1180 2446 1248 amitteret,
2513 1180 2649 1234 vidit
2695 1197 2828 1234 eum
2888 1185 3256 1251 posteaquam
3318 1181 3504 1234 visum

1872 1274 2066 1328 amisit
2099 1275 2418 1328 oculorum.
2459 1272 2606 1328 Vidit
2649 1273 2804 1327 enim
2838 1274 2932 1344 qui
2979 1272 3122 1328 dixit
3153 1290 3164 1328 :
3201 1295 3227 1324 α
3259 1275 3392 1338 Quis
3425 1291 3507 1340 es,

1873 1367 2111 1422 Domine
2140 1368 2311 1436 (Act.,
2354 1384 2429 1435 lx,
2470 1367 2567 1434 5)?
2611 1388 2636 1415 »
2682 1366 2920 1421 Videbat
2965 1367 3160 1438 utique
3197 1367 3506 1435 Christum,

1870 1477 2044 1533 quem
2087 1461 2258 1515 etiam
2300 1460 2606 1514 Dominum
2649 1459 2955 1514 fatebatur.
2999 1461 3063 1513 Et
3106 1461 3256 1514 infra
3297 1477 3309 1515 :
3348 1481 3376 1510 ‹‹
3407 1463 3510 1516 Do-

1871 1555 2052 1622 mine,
2085 1554 2296 1626 inquit,
2336 1553 2474 1625 quid
2511 1570 2603 1608 me
2643 1553 2724 1606 vis
2751 1554 2931 1607 facere
2973 1553 3156 1620 (Ιὺίίιίη
3189 1553 3292 1622 6)?
3322 1573 3349 1605 ν
3382 1555 3506 1608 Non

1872 1665 2012 1720 ergo
2057 1647 2285 1702 videbat
2335 1663 2490 1715 eum,
2544 1646 2706 1716 cujus
2753 1645 3119 1717 exspectabat
3156 1646 3507 1718 imperium?

207 1756 347 1793 meum
372 1742 527 1809 (Psal.
554 1757 697 1811 cxu,
727 1745 780 1811 3,
802 1742 880 1811 4).
906 1763 932 1790 ››
959 1742 1172 1797 Defecit
1193 1741 1346 1797 enim
1367 1743 1489 1814 ejus
1514 1743 1766 1814 spiritus,
1791 1721 1846 1792 Β
1872 1741 2088 1806 Quibus
2141 1743 2317 1812 igitur
2366 1741 2544 1795 oculis
2604 1739 2790 1794 videre
2856 1739 3060 1793 Paulus
3111 1741 3236 1810 plus
3291 1741 3460 1810 coepit
3491 1783 3504 1806 ,

209 1833 288 1888 imo
309 1833 365 1888 ab
387 1851 449 1888 eo
473 1833 667 1890 deﬁcit
696 1835 925 1906 spiritus
956 1853 1108 1904 suus,
1134 1836 1234 1907 qui
1266 1853 1325 1890 se
1356 1837 1543 1908 ipsum
1574 1841 1766 1907 negat,

210 1932 249 1980 ut
263 1927 505 1982 adhureat
519 1928 768 1984 Christo.
785 1928 948 1984 Unde
970 1929 1186 1984 semitae
1209 1929 1331 2000 ejus
1351 1933 1770 2002 cognoscuntur

209 2036 230 2072 a
249 2019 466 2091 Domino;
495 2023 636 2094 quia
658 2039 770 2077 non
796 2027 930 2077 sunt
954 2023 1156 2091 carnis,
1181 2023 1275 2078 sed
1303 2024 1506 2081 Christi
1529 2025 1765 2079 semitae.

257 2117 295 2168 6.
324 2116 522 2170 Etenim
568 2116 990 2188 requirentium
1032 2117 1214 2172 Deum
1245 2117 1336 2173 via
1373 2118 1627 2173 Christus
1662 2122 1766 2173 est.

209 2207 255 2261 Et
285 2224 361 2262 nos
393 2209 556 2280 igitur
597 2209 745 2264 illud
785 2211 1248 2281 concupiscamus
1293 2215 1595 2280 aeternum,
1629 2212 1768 2267 illud

214 2300 389 2356 salutare
407 2303 490 2358 Dei
512 2321 525 2358 :
544 2319 668 2358 non
685 2304 1155 2377 concupiscamus
1172 2305 1494 2376 pecuniam,
1511 2304 1559 2378 1
1577 2304 1624 2378 1
1642 2303 1765 2378 05

218 2410 333 2464 quam
360 2399 662 2452 avarissimi
694 2399 1114 2470 concupiscunt,
1147 2415 1260 2454 non
1308 2400 1770 2471 concupiscamus

219 2487 355 2542 aliena
378 2492 548 2545 uxoris
575 2491 872 2559 decorem,
903 2508 1018 2547 non
1049 2491 1377 2547 ambitionis
1408 2493 1772 2564 exagitamur

225 2579 443 2651 desiderio,
485 2601 610 2640 non
663 2585 917 2640 saeculari
965 2585 1330 2641 intendamus
1375 2586 1602 2658 gloriae,
1653 2605 1768 2643 non

231 2672 370 2727 fallacis
399 2677 943 2750 circumscriptionis
985 2679 1183 2734 studiis
1237 2696 1602 2752 occupemur,
1655 2699 1768 2736 non

238 2767 452 2834 proximum
484 2771 911 2827 circumvenire
952 2772 1249 2844 iniquitate
1292 2774 1613 2846 cupiamus,
1651 2792 1769 2829 non

228 2867 426 2928 postremo
449 2872 652 2938 partes
681 2866 940 2938 vulpium
978 2866 1157 2920 simus
1191 2867 1250 2921 in
1290 2871 1532 2922 terrena:
1574 2869 1768 2940 volup-

222 2953 305 3008 tatis
335 2957 575 3016 interiora
636 2959 906 3028 demersi,
950 2966 1227 3032 tanquam
1266 2962 1490 3016 exsules
1535 2966 1772 3018 aeterno—

215 3061 315 3115 rum,
340 3053 464 3108 etde
489 3053 583 3109 illa
625 3070 889 3126 superna:
919 3053 1041 3126 spei
1069 3055 1514 3127 praesumptione
1543 3057 1769 3127 dejecti.

211 3143 372 3200 Attollat
408 3147 574 3219 igitur
642 3163 702 3202 se
751 3147 947 3202 anima
1001 3153 1196 3204 nostra
1249 3149 1514 3205 deﬁciens
1563 3151 1772 3206 viribus

214 3235 312 3304 suis;
346 3245 398 3294 ut
430 3242 726 3298 adhaereat
774 3242 1001 3297 salutari
1051 3243 1175 3312 Dei,
1231 3243 1327 3316 qui
1378 3247 1463 3299 est
1517 3245 1772 3300 Christus

215 3325 418 3388 Dominus
433 3334 603 3403 Iesus,
628 3334 791 3407 quod
817 3336 1290 3408 interpretatione
1317 3337 1526 3392 dicitur
1544 3339 1773 3394 Domini

213 3423 329 3479 salus.
364 3427 470 3498 lpse
513 3433 599 3484 est
651 3429 810 3484 enim
859 3429 1042 3499 salus,
1092 3429 1329 3501 veritas,
1379 3432 1556 3487 virtus
1600 3437 1770 3505 atque

211 3515 435 3587 Sapientia.
470 3523 571 3587 Qui
608 3522 794 3594 igitur
835 3521 1029 3577 deﬁcit
1067 3523 1196 3592 sibi,
1237 3529 1302 3580 ut
1344 3525 1537 3580 virtuti
1578 3526 1768 3582 adhaz-

211 3615 307 3678 τω,
332 3615 521 3670 amittit
548 3615 710 3690 quod
743 3633 905 3671 suum
938 3622 1043 3684 est,
1073 3617 1276 3690 accipit
1307 3619 1461 3690 quod
1491 3623 1772 3676 internum

211 3709 280 3756 est.

256 3801 293 3850 ἶ.
333 3801 485 3868 (Vers.
526 3806 643 3873 82.)
693 3803 1002 3875 Sequitur:
1043 3807 1363 3872 Defecerunt
1395 3807 1538 3862 oculi
1573 3811 1679 3863 mei
1717 3811 1774 3863 in

208 3890 366 3948 verbum
406 3903 570 3962 tuum,
623 3898 864 3954 dicentes
909 3917 925 3952 :
977 3899 1206 3965 Quando
1251 3901 1611 3956 consolabem‘s
1653 3905 1776 3958 me?

208 3980 340 4053 Supra
385 3995 460 4044 est
505 3997 790 4062 πρακτικόν,
832 3991 924 4047 hic
988 3999 1270 4065 θεωρητικόν
1341 3996 1449 4064 (37)
1509 4011 1524 4049 :
1576 3994 1653 4049 ibi
1715 3996 1770 4050 in

207 4075 384 4136 salutare
422 4082 607 4140 deﬁcit
653 4085 868 4157 anima,
925 4103 992 4142 eo
1032 4087 1183 4159 quod
1232 4087 1576 4160 concupiscit
1617 4105 1771 4157 eum,

207 4170 321 4239 cujus
349 4176 593 4234 Passione
625 4181 848 4234 servata
885 4184 970 4234 est
1001 4199 1015 4235 :
1053 4181 1141 4236 hic
1179 4182 1239 4236 in
1274 4181 1509 4237 verbum
1548 4183 1774 4237 Domini

206 4265 434 4336 prophetia
463 4271 611 4327 oculi
649 4272 1004 4330 defecerunt.
1047 4277 1112 4330 Et
1147 4275 1444 4331 videamus
1479 4293 1548 4331 ne
1579 4293 1774 4348 quem-

208 4357 449 4418 admodum
489 4365 603 4420 illic
646 4365 949 4422 adhaerens
989 4367 1212 4424 Christo
1255 4369 1455 4426 anima
1497 4369 1687 4426 deﬁcit
1717 4371 1773 4425 in

1877 1834 1982 1890 nisi
2013 1835 2081 1888 iis
2110 1852 2251 1906 quos
2284 1835 2449 1889 nobis
2476 1834 2594 1906 ipse
2623 1833 2978 1901 monstravit,
3007 1832 3200 1888 dicens
3228 1850 3241 1888 :
3273 1855 3300 1882 α
3322 1833 3506 1888 Orabo

1870 1928 2094 2000 spiritu,
2143 1928 2318 1983 orabo
2365 1933 2423 1982 et
2455 1929 2648 1982 mente
2691 1929 2731 1996 (l
2771 1927 2918 1990 Cor.,
2968 1943 3080 1994 xxv,
3119 1927 3244 1998 15‘?)
3273 1947 3302 1978 ι)
3333 1927 3506 1980 Deni-

1869 2039 1981 2096 que
2034 2026 2095 2076 ut
2143 2022 2285 2076 scias
2333 2021 2464 2092 quia
2515 2020 2654 2075 vidit
2706 2021 2926 2075 orando
2976 2043 2985 2073 ς
3040 2040 3068 2069 ‹‹
3123 2020 3357 2074 Factum
3399 2026 3503 2086 est,

1871 2116 2077 2188 inquit,
2119 2116 2428 2170 revertenti
2460 2114 2605 2169 mihi
2641 2114 2700 2168 in
2736 2114 3069 2179 Jerusalem,
3109 2129 3240 2168 cum
3281 2129 3506 2168 orarem

1871 2212 1929 2265 in
1991 2209 2219 2282 templo,
2266 2225 2536 2280 pavorem
2590 2207 2781 2274 habui,
2830 2207 2942 2262 vidi
2995 2208 3158 2286 illum
3218 2206 3503 2263 dicentem

1872 2303 2015 2358 mihi
2066 2321 2078 2357 :
2135 2301 2382 2369 Festina,
2429 2307 2484 2358 et
2529 2302 2618 2356 exi
2664 2301 2826 2356 citius
2871 2301 2942 2356 de
2989 2301 3338 2366 Jerusalem;
3389 2318 3504 2355 non

1870 2403 2025 2458 enim
2047 2401 2322 2473 recipient
2349 2399 2744 2456 testimonium
2771 2406 2934 2454 tuum
2963 2399 3031 2454 de
3056 2415 3146 2453 me
3177 2399 3344 2468 (Act.,
3369 2415 3505 2465 xxu,

1875 2499 1960 2563 l7,
2005 2497 2109 2566 18).
2145 2519 2171 2545 ››
2209 2495 2305 2550 Isti
2336 2511 2475 2566 ergo
2519 2493 2668 2549 oculi
2704 2493 2764 2547 in
2805 2493 3046 2548 verbum
3083 2492 3175 2547 Dei
3213 2492 3504 2560 deﬁciunt,

1872 2595 1928 2645 et
1979 2589 2173 2644 dicunt
2225 2605 2238 2643 :
2288 2589 2516 2656 Quando
2572 2587 2924 2642 consolaberis
2980 2589 3107 2641 me?
3159 2586 3283 2640 Istis
3331 2586 3509 2640 oculis

1871 2684 2165 2756 praphetie
2206 2682 2538 2737 dicebantur
2584 2682 2855 2744 Videntes,
2901 2680 3035 2751 quia
3071 2695 3174 2751 per
3203 2679 3502 2735 revelatio-

1874 2794 2003 2832 nem
2034 2793 2101 2831 ea
2132 2793 2260 2848 quae
2293 2778 2456 2829 erant
2483 2773 2833 2843 abscondita,
2864 2777 3054 2828 mente
3085 2772 3416 2828 cernebant.

1941 2877 1994 2925 9.
2037 2869 2182 2935 Quid
2226 2873 2309 2924 est
2351 2869 2547 2924 oculos
2584 2867 2860 2922 deﬁcere?
2890 2869 2966 2921 De
3011 2866 3398 2938 corporalibus
3430 2867 3507 2920 di-

1871 2981 2097 3031 camus,
2165 2969 2221 3019 ut
2291 2961 2678 3033 intelligamus
2736 2961 2807 3014 de
2886 2960 3255 3033 spiritalibus.
3313 2961 3506 3017 Nonne

1874 3059 2109 3132 quando
2148 3057 2398 3129 aliquem
2435 3055 2850 3123 desideramus,
2882 3057 2940 3110 et
2969 3069 3264 3126 speramus
3294 3053 3510 3121 adfore,

1877 3169 1944 3208 eo
1976 3151 2281 3222 dirigimus
2304 3150 2513 3216 oculos,
2539 3149 2688 3204 unde
2713 3165 3008 3221 speramus
3033 3164 3150 3203 esse
3171 3149 3512 3203 venturum?

1873 3248 2074 3316 Itaque
2093 3244 2338 3300 contenti
2357 3243 2454 3298 diu
2472 3242 2799 3315 quotidiana
2812 3242 3234 3315 exspectatione
3249 3241 3298 3314 1
3316 3240 3364 3314 1
3381 3235 3510 3314 06

1873 3339 2186 3396 deﬁcimus.
2229 3338 2316 3395 Sic
2351 3341 2513 3393 Anna
2553 3337 3017 3408 circumspiciens
3045 3336 3104 3390 in
3150 3337 3324 3404 viam,
3365 3336 3511 3390 solli-

1873 3435 1997 3490 citis
2026 3433 2333 3489 adventum
2363 3431 2464 3486 ﬁlii
2492 3430 2819 3503 explorabat
2847 3430 3100 3486 excubiis
3130 3431 3307 3500 (Tob.,
3335 3445 3392 3499 ι,
3431 3433 3506 3498 7).

1874 3528 1965 3584 Sic
2017 3527 2191 3583 David
2240 3526 2554 3600 propheta,
2606 3530 2933 3580 currentem
2991 3524 3060 3579 de
3115 3522 3312 3596 proelio
3363 3524 3508 3592 (39),

1873 3621 2069 3694 positis
2126 3621 2183 3674 in
2249 3624 2405 3673 turre
2463 3617 2960 3689 exploratoribus,
3027 3616 3383 3687 interrogare
3439 3616 3509 3670 de

1874 3714 2054 3769 salute
2097 3712 2199 3767 ﬁlii
2245 3716 2409 3784 pater
2451 3711 2682 3765 sedulus
2728 3710 3004 3782 gestiebat
3048 3709 3115 3777 (Il
3162 3712 3312 3777 Reg.,
3357 3725 3507 3776 xvm,

1874 3811 1986 3876 2i).
2033 3808 2125 3863 Sic
2169 3811 2380 3862 tenerae
2426 3821 2571 3860 uxor
2618 3804 2801 3859 astatis
2844 3803 2913 3858 de
2963 3803 3190 3874 specula
3240 3802 3509 3872 littorali,

1874 3901 2150 3957 indefessa
2183 3899 2601 3970 exspectatione
2632 3897 2737 3952 viri
2772 3897 3135 3969 praestolatur
3163 3896 3506 3963 adventum;

1873 4000 1940 4051 ut
1971 4010 2372 4067 quamcunque
2406 3992 2597 4048 navim
2621 3991 2848 4058 viderit,
2876 3990 2987 4045 illic
3016 3993 3179 4061 putet
3199 3989 3506 4060 conjugem

1874 4089 2162 4159 navigare,
2224 4089 2554 4158 metuatque
2607 4103 2679 4139 ne
2731 4083 2960 4139 videndi
3018 4083 3265 4155 gratiam
3321 4082 3510 4138 dilecti

1877 4185 2021 4239 alius
2073 4183 2416 4249 antevertat,
2471 4197 2577 4234 nec
2630 4179 2749 4251 ipsa
2797 4177 2974 4251 possit
3023 4177 3212 4248 prima
3259 4177 3449 4232 dicere
3494 4193 3508 4232 :

1874 4277 2046 4332 Video
2094 4281 2169 4345 te,
2216 4275 2459 4344 marite;
2507 4274 2649 4328 sicut
2692 4276 2857 4327 Anna
2901 4271 3124 4326 dicebat
3161 4270 3231 4325 ad
3279 4271 3507 4325 filium:

1880 4394 1905 4419 ‹‹
1947 4369 2121 4424 Video
2163 4373 2240 4438 te,
2275 4369 2374 4436 ﬁli,
2419 4368 2623 4422 amodo
2665 4366 2932 4422 libentius
2976 4365 3188 4420 moriar
3224 4367 3399 4433 (Tob.,
3432 4381 3508 4429 χι,

209 4464 337 4548 nonum
378 4458 665 4528 spiritum,
713 4463 770 4514 et
813 4459 878 4514 ﬁt
918 4478 1069 4516 unus
1110 4463 1370 4534 spiritus,
1413 4464 1491 4518 ita
1530 4471 1586 4520 et
1629 4464 1852 4548 deﬁ-D
1881 4466 2002 4535 l7);
2035 4487 2061 4514 ››
2105 4463 2301 4519 mortis
2347 4462 2606 4516 videlicet
2649 4461 2907 4515 dolorem
2953 4457 3203 4530 exoptati
3245 4474 3509 4528 conspec-

207 4542 318 4598 ciant
349 4552 502 4619 oculi,
538 4557 604 4607 ut
648 4552 750 4608 ﬁat
792 4570 906 4609 una
945 4571 1124 4610 mens.
1173 4555 1333 4612 Oculi
1370 4557 1521 4613 enim
1564 4558 1774 4613 mentis

208 4633 268 4688 isti
300 4648 412 4698 sunt
453 4645 621 4714 oculi,
658 4647 871 4703 scilicet
913 4649 1200 4705 interioris
1245 4651 1512 4720 hominis,
1555 4669 1668 4706 non
1713 4652 1773 4706 hi

209 4730 310 4784 oculi
347 4738 430 4806 qui
476 4740 797 4795 ministerio
836 4742 1156 4814 funguntur
1202 4744 1453 4800 obtutus.
1484 4747 1578 4801 Est
1618 4745 1773 4800 enim

211 4823 351 4881 oculus
373 4836 425 4885 et
452 4848 638 4901 mens,
670 4834 857 4889 carnis
885 4838 1028 4908 (38);
1057 4837 1154 4892 sed
1184 4838 1278 4892 ille
1309 4855 1492 4894 CEBCUS
1526 4844 1611 4895 est
1637 4856 1771 4894 ocu-

211 4912 281 4982 lus,
315 4923 398 4990 qui
439 4942 551 4980 non
598 4927 754 4983 videt
795 4944 925 5000 quae
970 4929 1160 4985 divina
1205 4935 1357 5002 sunt,
1415 4933 1512 5004 qui
1563 4933 1775 4989 frustra

214 5016 349 5067 mente
373 5019 548 5073 carnis
580 5019 812 5076 inﬂatus
848 5027 950 5078 est.
993 5024 1087 5078 Est
1123 5029 1178 5079 et
1208 5025 1355 5080 alius
1395 5028 1611 5095 oculus,
1651 5044 1776 5083 sen-

215 5114 274 5153 sus
313 5108 520 5180 Christi,
574 5130 689 5186 quo
755 5116 994 5172 Ecclesia
1057 5117 1210 5173 videt
1258 5119 1577 5189 Christum;
1632 5120 1776 5177 sicut

367 5277 564 5331 Omnes
609 5282 760 5344 edit.,
807 5297 975 5348 supra
1021 5285 1297 5350 πρακτικὸν,
1344 5286 1426 5337 hic
1471 5287 1772 5352 θεωρητικόν.

219 5334 512 5471 mysi.
542 5352 655 5404 fere
680 5334 759 5404 ad,
774 5334 954 5406 unum
963 5334 1029 5407 in
1058 5334 1774 5410 emendationem—ubstra—m

389 5431 476 5470 iun
509 5459 520 5471 .

443 5435 520 5471 nt.

260 5481 326 5565 (ζῆ
352 5488 494 5565 Rgm.
537 5493 668 5544 edit.
707 5498 846 5560 sola,
878 5499 968 5550 Est
1005 5500 1140 5549 enim
1183 5500 1366 5551 oculus
1404 5505 1450 5551 et
1487 5501 1696 5565 mentis,
1729 5507 1774 5552 et

387 5560 565 5613 Bonus
591 5579 784 5618 sensus
810 5559 854 5619 si
887 5585 984 5634 per
1013 5585 1073 5621 se
1102 5585 1168 5622 ac
1206 5573 1436 5623 seorslm
1475 5559 1771 5636 spectetur.

227 5622 430 5712 30mg
454 5648 561 5685 non
587 5622 1053 5692 convenire.huic
1089 5622 1376 5705 loco,non
1419 5622 1602 5695 soliim
1638 5622 1776 5694 alia--

228 5701 323 5774 Ῥω,
343 5701 450 5752 edit.
487 5719 550 5757 ac
593 5721 720 5760 mss.
761 5724 1068 5763 consensus
1102 5701 1334 5774 evincit;
1375 5729 1569 5766 verum
1607 5716 1775 5766 etiam

227 5765 485 5826 Conﬁrmant
513 5791 694 5844 voces,
718 5795 846 5847 quae
876 5789 1204 5849 sequuntur,
1234 5765 1333 5851 qui
1359 5765 1568 5850 frustra
1611 5765 1777 5836 incute

1875 4565 1965 4614 tus
2006 4557 2284 4612 suavitate
2327 4573 2442 4610 non
2486 4553 2759 4608 sentiens.
2801 4555 2949 4623 Ergo
2993 4558 3054 4606 ut
3095 4551 3188 4606 illa
3225 4568 3352 4622 quin
3409 4551 3505 4606 ad-

1875 4652 2125 4707 venienti
2173 4650 2292 4704 viro
2336 4666 2392 4704 se
2439 4651 2599 4719 optat
2648 4647 2875 4713 offerre,
2923 4645 3201 4717 ablegatis
3243 4643 3510 4699 omnibus

1877 4744 2202 4800 domesticis
2271 4740 2771 4814 occupationibus,
2849 4740 3080 4796 semitas
3143 4740 3348 4793 viantis
3413 4744 3510 4792 aut

1875 4838 2089 4910 pedum
2141 4835 2380 4908 vestigia
2437 4835 2613 4905 legit,
2659 4834 2734 4888 sic
2787 4834 3070 4904 Propheta
3118 4833 3265 4887 curis
3310 4835 3508 4886 exutus

1876 4930 2258 5000 saecularibus,
2308 4930 2642 4984 interiorum
2686 4927 2981 4982 oculorum
3026 4927 3082 4980 in
3131 4925 3366 4980 verbum
3406 4925 3505 4977 Dei

1875 5025 2113 5099 pervigil
2139 5029 2325 5080 custos
2347 5039 2524 5094 usque
2554 5021 2627 5077 ad
2657 5021 3035 5077 defectionem
3063 5017 3150 5073 sui
3173 5016 3505 5072 intendebat

1875 5121 2126 5186 obtutus,
2175 5135 2379 5190 corpus
2428 5132 2594 5172 suum
2642 5115 2904 5186 redigens
2951 5111 3226 5179 servituti,
3279 5114 3334 5164 et
3385 5112 3506 5164 ani-

1875 5288 2060 5338 carm's
2106 5286 2322 5350 inﬂatus
2371 5289 2464 5334 est.
2519 5282 2771 5347 Intellige
2825 5281 2993 5345 igitur
3036 5281 3278 5350 mentem
3327 5279 3510 5350 carnis

1875 5359 2042 5410 etiam
2088 5348 2237 5408 oculi
2283 5354 2561 5405 vocabulo
2607 5366 2769 5417 posse
2809 5350 3106 5409 nominari,
3150 5348 3244 5398 sed
3283 5349 3509 5398 oculum

1876 5430 2035 5480 illum
2065 5441 2282 5479 caecum
2313 5439 2378 5476 ac
2411 5424 2712 5490 superbum
2738 5435 2876 5473 esse.

1935 5501 2036 5564 (39)
2067 5500 2146 5550 Ita
2176 5497 2364 5562 scripti
2401 5495 2524 5548 cod.
2555 5495 2700 5546 Edit.
2743 5507 2894 5554 vero,
2939 5495 3188 5564 currente
3225 5491 3297 5564 de
3325 5491 3510 5555 prndio

1875 5562 1984 5624 uno
2005 5577 2119 5636 post
2148 5570 2378 5620 alterum
2416 5568 2512 5632 qui
2547 5566 2844 5622 nuntiaret,
2883 5563 3084 5628 positis.
3115 5569 3219 5636 etc.
3245 5562 3512 5636 Qui-au-

1875 5649 1989 5697 tem
2003 5633 2338 5707 sequentem
2365 5639 2834 5702 comparationem
2861 5649 2926 5686 ac
2951 5635 3198 5700 epistolae
3242 5633 3511 5685 Phillidos

1877 5714 2166 5767 Ovidianas
2190 5713 2362 5764 ﬁnem
2387 5713 2528 5761 inter
2569 5722 2629 5760 se
2672 5707 2992 5768 contulerit,
3032 5719 3145 5758 non
3189 5719 3332 5771 aegre
3366 5707 3510 5757 fate—

1875 5785 2024 5836 bitur
2050 5798 2116 5837 eo
2141 5783 2448 5850 respexisse
2473 5784 2726 5831 nostrum
2758 5778 3134 5830 Ambrosium.
