3862 6166
549 253 682 305 4423
1587 291 1600 302 ,
1998 246 2055 299 s.
2093 244 2407 301 AMBROSII
2851 215 2854 220 ’
3704 260 3805 314 ,ηε

543 391 697 430 mam
732 389 892 429 suam
923 373 991 427 ad
1024 370 1358 427 humilitatis
1383 371 1716 443 patientiam
1749 387 1970 428 araneas
2001 371 2170 427 modo
2193 384 2249 456 Α
2270 387 2398 442 quas
2425 387 2539 426 non
2563 371 2853 426 auferetur
2875 370 2954 425 illi
2985 373 3151 440 (Luc.,
3185 387 3235 439 x,
3266 372 3464 441 40-42).
3487 396 3510 423 ››
3533 377 3601 430 lta
3624 381 3809 438 verbum

543 466 883 525 tabescentis
927 466 1212 522 erudiens.
1259 465 1624 521 Desiderabat
1664 465 1818 520 enim
1864 464 2008 520 sicut
2052 481 2170 520 cer-
2270 479 2616 536 cognoscere
2656 464 2838 536 majus
2877 480 3019 536 opus
3063 480 3180 519 esse
3223 481 3388 535 quam
3430 467 3724 544 ministrare,
3751 476 3809 530 di-

543 578 643 617 vus
673 557 861 618 fontes
896 575 1199 633 aquarum,
1228 563 1284 614 et
1317 558 1543 614 sitiebat
1570 559 1630 613 in
1659 559 1960 614 Dominum
1991 559 2168 614 Deum
2269 559 2411 613 vinas
2443 557 2775 614 auctoritate
2803 558 3102 613 sententia
3130 557 3413 614 deﬁnitur.

540 671 729 724 suum,
758 653 989 726 cupiens
1015 653 1138 726 ejus
1166 651 1361 709 videre
1394 653 1782 724 praesentiam,
1813 655 1868 708 et
1896 668 2168 725 apparere
2343 645 2425 707 l2.
2477 651 2587 708 Sed
2639 653 2876 707 fortasse
2923 651 3070 706 dicat
3123 651 3326 722 aliquis
3375 653 3571 709 dictum
3618 673 3718 713 esse
3760 663 3813 714 ab

539 753 672 804 ante
699 748 903 804 faciem
933 747 1068 816 Dei;
1103 746 1396 818 nimioque
1426 746 1713 802 desiderio
1750 750 1807 802 et
1841 745 2166 802 vehementi
2268 745 2538 817 Apostolo
2592 763 2604 800 :
2665 768 2691 793 ‹‹
2747 746 2888 810 Quia
2938 761 3055 800 non
3105 745 3161 800 in
3209 761 3461 801 sermone
3503 764 3714 820 regnum
3755 761 3818 807 est

540 841 852 913 cupiditate
879 839 1167 908 deficiens,
1203 842 1339 896 tunc
1379 856 1437 896 se
1467 840 1802 896 habiliorem
1839 839 1908 893 iis
1939 855 2065 910 quia
2098 838 2167 894 de
2269 841 2386 908 Dei,
2417 840 2513 895 sed
2546 841 2604 894 in
2642 841 2848 895 virtute
2892 841 2929 908 (l
2959 842 3100 901 Cor.,
3147 856 3218 905 IV,
3245 841 3357 906 20).
3398 863 3422 888 ››
3455 841 3708 914 Scriptum
3732 863 3814 900 non

541 934 779 991 Domino
809 933 1154 1007 poposcerit,
1196 933 1575 1006 impetrandis
1617 932 1945 1005 prophetica
1982 931 2168 1004 gratia
2268 951 2437 1006 nego,
2471 934 2567 989 sed
2593 934 2652 988 in
2679 951 2792 1005 quo
2818 950 3098 998 sermone,
3127 949 3432 1004 cognosce;
3464 951 3655 1006 nempe
3685 954 3816 1008 quem

539 1028 942 1101 praesumebat.
967 1029 1033 1084 Et
1054 1045 1157 1084 nos
1182 1027 1360 1100 igitur
1378 1026 1746 1083 intendamus
1765 1042 1863 1082 cor
1881 1030 2164 1094 nostrum,
2269 1027 2498 1082 inﬂatus
2537 1027 2820 1097 effuderit,
2859 1028 2956 1099 qui
2991 1027 3350 1082 audientibus
3387 1043 3563 1083 sermo
3603 1031 3818 1100 prodesse

540 1127 601 1176 ut
655 1122 933 1194 possimus
984 1121 1306 1193 intelligere
1368 1121 1542 1176 series
1597 1120 2058 1192 Scripturarum,
2112 1124 2168 1174 et
2269 1139 2382 1177 non
2428 1122 2620 1193 possit,
2665 1121 2761 1192 qui
2807 1121 2926 1176 sine
2977 1121 3298 1176 ostensione
3337 1121 3405 1174 sit
3446 1121 3656 1192 spiritus
3691 1129 3822 1195 atque

540 1216 777 1271 verbum
806 1215 969 1272 nobis
1004 1215 1196 1271 venire
1239 1231 1272 1268 a
1313 1214 1550 1270 Domino
1589 1215 1963 1286 postulamus,
1997 1216 2166 1285 atque
2268 1215 2523 1285 virtutis,
2589 1216 2740 1270 hunc
2801 1231 3126 1270 sermonem
3190 1215 3391 1269 Paulus
3448 1231 3558 1270 non
3610 1215 3824 1287 dignatur

539 1310 892 1366 intellectum
944 1309 1089 1365 dari.
1147 1309 1202 1364 Si
1250 1307 1375 1380 quis
1431 1307 1502 1363 de
1556 1307 1867 1380 longinquo
1921 1307 2164 1363 Verbum
2268 1324 2636 1382 cognoscere;
2691 1309 2808 1362 vult
2862 1307 3015 1363 enim
3065 1307 3250 1379 magis
3302 1307 3559 1364 virtutem
3605 1311 3822 1364 sermonis

541 1404 642 1459 Dei
684 1403 886 1459 obtutu
923 1402 1133 1458 mentis
1168 1402 1474 1473 aspexerit,
1514 1401 1770 1457 nondum
1809 1402 2047 1473 planum
2077 1405 2163 1456 at-
2269 1418 2594 1472 agnoscere.
2641 1402 2896 1474 Denique
2938 1401 3168 1458 nolebat
3199 1401 3367 1456 talem
3415 1403 3519 1471 (41)
3558 1417 3703 1457 suum
3735 1419 3823 1456 esse

520 1479 649 1568 'que
679 1496 1029 1566 distinctum,
1063 1495 1110 1550 is
1146 1495 1302 1550 velut
1341 1495 1683 1567 quibusdam
1722 1495 1897 1553 oculis
1928 1493 2162 1550 interio-
2266 1497 2566 1568 Apostolus
2608 1512 2950 1560 sermonem,
2995 1496 3092 1567 qui
3135 1496 3193 1550 in
3233 1494 3560 1550 infirmitate
3597 1495 3821 1563 veniebat,

539 1589 694 1645 ribus
743 1589 912 1644 Verbi
953 1590 1243 1661 navigium
1297 1590 1758 1662 appropinquare
1796 1589 2006 1644 animus
2050 1605 2164 1643 suae
2269 1596 2330 1644 ut
2373 1590 2509 1645 alios
2556 1590 2768 1645 faceret
2810 1589 3072 1646 fortiores
3117 1609 3128 1644 :
3170 1590 3229 1644 in
3272 1589 3472 1645 timore
3509 1595 3561 1644 et
3597 1597 3824 1657 tremore;

538 1685 738 1740 cernit.
787 1684 909 1748 Quo
959 1686 1148 1738 autem
1198 1681 1512 1756 expressius
1567 1683 1755 1738 videre
1808 1682 2059 1754 coeperit,
2099 1698 2165 1737 eo
2265 1688 2329 1738 ut
2371 1683 2632 1740 timentes
2659 1683 2800 1739 nihil
2835 1688 3176 1752 metuerent,
3206 1682 3315 1738 nisi
3353 1683 3644 1738 Dominum
3667 1683 3826 1746 Iesum,

537 1779 718 1850 magis
749 1779 905 1850 quasi
944 1777 1012 1831 ad
1053 1780 1283 1848 portum
1323 1777 1577 1832 veritatis
1616 1777 1846 1832 festinat
1878 1777 2160 1846 accedere,
2185 1773 2240 1845 B
2269 1782 2576 1834 trementes
2596 1795 2794 1850 pacem
2827 1778 2950 1850 ejus
2975 1777 3557 1850 tranquillitatemque
3577 1781 3824 1832 servarent.

538 1877 600 1925 ut
626 1872 697 1927 sit
723 1872 1015 1943 proximus
1045 1870 1406 1926 invehendee.
2268 1872 2412 1927 Audi
2461 1889 2600 1944 ergo
2648 1872 2877 1944 qualem
2930 1871 3228 1944 Apostolus
3268 1887 3585 1926 sermonem
3613 1869 3825 1925 habebat.

610 1967 694 2020 l0.
741 1965 1076 2020 Defecerunt
1117 1980 1255 2035 ergo
1301 1963 1447 2019 oculi
1484 1964 1782 2036 Prophetas
1828 1964 1887 2019 in
1929 1964 2163 2020 verbum
2274 1989 2299 2014 ‹‹
2363 1967 2428 2022 Et
2483 1983 2708 2033 sermo,
2774 1965 2990 2038 inquit,
3056 1982 3214 2020 meus
3273 1973 3330 2020 et
3389 1963 3698 2036 praedicatio
3743 1980 3832 2017 mea

540 2059 658 2129 Dei,
711 2058 965 2113 dicentes
1012 2075 1024 2112 :
1075 2057 1300 2124 Quando
1350 2059 1710 2114 consolaberis
1751 2061 1879 2114 me?
1917 2059 1973 2113 Si
2019 2059 2166 2113 oculi
2268 2077 2383 2115 non
2440 2061 2496 2115 in
2549 2059 2915 2132 persuasione
2967 2059 3262 2130 sapientiae
3312 2058 3630 2125 verborum,
3673 2055 3752 2110 sed
3795 2056 3834 2108 in

539 2153 627 2207 isti
666 2152 967 2224 signiﬁcati
1005 2157 1154 2221 sunt,
1202 2151 1409 2223 quibus
1449 2153 1734 2207 cernimus
1784 2160 1839 2207 et
1880 2152 2162 2221 videmus,
2267 2153 2588 2210 ostensione
2645 2153 2872 2225 spiritus
2926 2159 2980 2208 et
3031 2152 3252 2208 virtutis
3312 2154 3352 2217 (Ι
3421 2154 3560 2215 Cor.,
3611 2167 3663 2217 ιι,
3711 2151 3776 2218 xi),
3819 2173 3837 2193 υ

537 2247 725 2301 dicere
769 2245 1088 2302 debuerunt
1131 2263 1143 2301 :
1181 2247 1416 2310 Quando
1459 2246 1842 2302 consolaberis
1883 2245 2022 2301 nos?
2063 2246 2165 2301 hoc
2266 2248 2400 2320 quia
2437 2247 2580 2302 fides
2616 2264 2728 2302 non
2772 2247 2829 2302 in
2867 2247 3074 2302 forensi
3120 2262 3385 2302 sermone
3429 2244 3698 2316 sapientia:
3739 2243 3836 2312 (4'2).

537 2344 642 2410 est,
670 2357 788 2396 non
827 2340 1211 2412 singulariter,
1245 2341 1344 2395 sed
1376 2340 1691 2412 pluraliter.
1721 2341 1829 2396 Sed
1869 2341 2000 2413 quia
2037 2356 2166 2396 ocu-
2267 2343 2361 2397 sed
2404 2341 2502 2398 Dei
2540 2343 2748 2397 virtute
2786 2341 3062 2396 firmatur.
3100 2343 3246 2413 Ergo
3287 2341 3346 2395 in
3389 2355 3638 2395 sermone
3675 2341 3844 2392 sancto-

535 2437 622 2490 lus
665 2435 871 2489 mentis
911 2440 967 2489 et
1013 2434 1210 2489 oculus
1245 2434 1431 2488 carnis
1464 2451 1614 2490 unus
1655 2436 1852 2490 oculus
1894 2436 2059 2502 fiunt,
2109 2439 2165 2489 et
2267 2453 2394 2491 rum
2438 2438 2613 2491 virtus
2653 2440 2757 2505 est,
2801 2437 2857 2491 in
2904 2452 3160 2492 sermone
3209 2441 3407 2491 autem
3444 2432 3644 2488 forensi
3676 2433 3763 2484 isto
3795 2445 3839 2482 ac

534 2534 668 2584 tunc
695 2528 867 2584 homo
898 2528 1283 2583 consolatione
1312 2527 1564 2598 fulcitur,
1597 2545 1726 2584 cum
1756 2546 1886 2584 caro
1915 2533 1973 2584 et
2003 2545 2166 2584 mens
2264 2531 2658 2602 philosOphico
2699 2529 2918 2585 vanitas
2955 2529 3175 2586 mundi.
3220 2529 3506 2584 Virtutem
3547 2532 3716 2582 autem
3753 2539 3845 2577 esse

533 2623 751 2678 diversa
787 2638 906 2677 non
946 2621 1203 2693 cupiunt,
1246 2621 1345 2677 sed
1383 2639 1565 2677 unum
1606 2623 1951 2693 desiderant,
1983 2639 2164 2678 unum
2265 2625 2322 2680 in
2385 2642 2647 2680 sermone
2713 2630 3034 2680 sanctorum
3100 2624 3278 2678 etiam
3347 2622 3453 2678 iste
3517 2620 3762 2692 Propheta
3805 2623 3843 2670 te

532 2717 863 2788 requirunt;
921 2716 1045 2771 ideo
1090 2715 1298 2771 intenti
1340 2716 1408 2770 ad
1452 2733 1586 2771 eum
1633 2717 1731 2788 qui
1784 2717 1864 2771 ait
1905 2734 1917 2771 :
1971 2739 1998 2766 «
2049 2719 2164 2788 Ego
2266 2719 2486 2783 doceat,
2519 2719 2617 2791 qui
2658 2719 2784 2773 ait:
2824 2742 2848 2766 ‹‹
2890 2718 3158 2773 Dominus
3194 2717 3357 2772 dabit
3389 2717 3623 2772 verbum
3657 2727 3848 2781 evange-

531 2814 588 2865 et
626 2812 792 2866 Pater
818 2827 995 2865 unum
1037 2826 1232 2864 sumus
1269 2810 1466 2880 (Joan.,
1505 2827 1559 2879 ι,
1601 2813 1710 2878 30),
1742 2834 1767 2859 ››
1813 2810 1902 2865 isti
1939 2826 2162 2883 quoque
2264 2812 2564 2868 lizantibus
2612 2812 2821 2868 virtute
2868 2813 3042 2867 multa
3100 2813 3269 2883 (Psal.
3335 2828 3507 2879 van,
3559 2810 3656 2880 12);
3699 2830 3722 2857 ››
3766 2806 3846 2859 hoc

530 2905 674 2960 oculi
723 2921 901 2959 unum
947 2921 1006 2959 se
1055 2920 1174 2959 esse
1221 2904 1593 2971 confitentur;
1640 2904 1773 2976 quia
1827 2921 1940 2960 uno
1990 2907 2162 2976 atque
2263 2913 2364 2974 est,
2388 2911 2451 2962 ut
2477 2907 2659 2963 multa
2687 2906 2902 2979 possint
2927 2906 3133 2962 virtute
3161 2906 3539 2978 Evangelium
3569 2901 3849 2976 pradicare.

531 2999 733 3054 eodem
759 2998 1043 3053 desiderio
1076 2997 1379 3069 officioque
1408 2997 1749 3068 funguntur.
2265 3002 2567 3058 Probatum
2598 3005 2683 3057 est
2708 3018 2848 3073 ergo
2887 3001 3038 3073 quod
3079 3000 3134 3054 in
3173 3000 3480 3072 Evangelii
3507 2993 3850 3070 praedicatione

606 3096 691 3146 ll.
745 3091 1048 3147 Deﬁciebat
1096 3108 1233 3164 ergo
1297 3090 1353 3144 in
1408 3091 1645 3146 verbum
1698 3091 1998 3163 Propheta.
2055 3093 2234 3167 Nosn
2265 3096 2336 3151 sit
2397 3095 2626 3161 virtus;
2695 3094 3023 3167 praedicatio
3087 3099 3282 3149 autem
3367 3091 3647 3164 Evangelii
3708 3101 3850 3142 sermo

1105 3143 1225 3164 ησ-
1698 3143 1716 3146 -
1743 3143 1997 3163 --ιη---ν-
2055 3143 2159 3147 _.-_
2614 3143 2626 3161 ,
2698 3143 3019 3167 επηηηη
3088 3143 3282 3149 πη---
3367 3143 3646 3164 τηεν-η

532 3190 726 3240 autem
762 3186 974 3240 otiosos
1012 3201 1117 3240 nos
1155 3189 1442 3256 putamus,
1475 3185 1521 3239 si
1558 3185 1730 3240 verbo
1762 3143 2237 3241 tantummodoC
2263 3195 2588 3245 sanctorum
2634 3195 2719 3245 est
2759 3207 2772 3245 :
2813 3189 2890 3244 ita
2936 3189 3172 3244 dubium
3221 3205 3341 3243 non
3393 3187 3623 3253 residet,
3664 3182 3778 3254 quin
3809 3181 3846 3231 in

519 3279 758 3334 studere
811 3278 1121 3348 videamur,
1173 3283 1231 3333 et
1292 3277 1470 3349 pluris
1513 3277 1863 3333 aestimamus
1918 3295 2016 3334 eos
2065 3280 2160 3352 qui
2263 3301 2526 3340 sermone
2559 3287 2753 3339 sancto
2780 3284 2851 3338 sit
2877 3283 3070 3338 virtus.

535 3378 863 3446 operantur,
897 3389 1066 3444 quam
1099 3388 1193 3428 eos
1224 3372 1323 3445 qui
1353 3372 1603 3427 studium
1635 3372 2047 3445 cognoscenda
2073 3374 2158 3428 di-
2338 3380 2420 3434 l3.
2460 3377 2638 3446 (Vers.
2679 3378 2792 3448 83.)
2830 3377 3101 3449 Sequitur
3130 3392 3332 3432 versus
3362 3375 3569 3431 tertius
3596 3390 3609 3428 :
3639 3372 3845 3440 Quoniam

530 3460 779 3523 vinitatis
836 3470 940 3538 (40)
993 3469 1277 3522 exercent.
1346 3466 1549 3523 Dicunt
1610 3465 1767 3522 enim
1829 3466 2088 3540 plerique
2145 3483 2157 3522 :
2259 3475 2442 3541 factus
2485 3488 2605 3528 sum
2657 3477 2919 3542 tanquam
2964 3475 3085 3527 uter
3132 3473 3190 3525 in
3233 3471 3521 3541 gelicidia,
3557 3465 3839 3539 justiﬁcatio-

533 3563 670 3617 Ecce
715 3562 885 3617 homo
933 3566 988 3617 et
1033 3577 1209 3633 opera
1254 3561 1393 3633 ejus.
1446 3561 1618 3627 Quasi
1667 3577 1803 3616 vero
1849 3562 1947 3633 qui
1989 3561 2160 3616 verbo
2261 3582 2353 3621 nes
2395 3571 2516 3621 tuas
2560 3582 2668 3622 non
2704 3581 2822 3620 sum
2861 3565 3076 3620 oblitus.
3122 3565 3234 3619 Vox
3291 3565 3420 3632 ista,
3469 3578 3573 3617 vox
3614 3558 3739 3631 justi
3777 3561 3846 3612 est.

529 3657 788 3725 studeat,
841 3650 954 3714 non
1016 3661 1323 3730 operetur;
1379 3673 1508 3712 cum
1573 3657 1760 3729 majus
1813 3673 1956 3729 opus
2013 3656 2159 3711 istud
2262 3660 2361 3731 qui
2410 3659 2835 3715 mortificaverit
2876 3675 3043 3714 suum
3087 3675 3331 3730 corpus;
3380 3663 3539 3713 recte
3581 3653 3723 3710 enim
3764 3652 3850 3702 uter

528 3768 706 3824 quam
733 3757 933 3808 caetera
963 3751 1093 3806 sint.
1133 3751 1190 3806 Si
1220 3752 1372 3816 enim
1401 3767 1543 3822 opus
1565 3750 1790 3822 justitia
1815 3753 1919 3819 est,
1951 3750 1996 3804 si
2021 3766 2162 3822 opus
2264 3753 2470 3808 dicitur
2496 3754 2705 3824 justus,
2740 3753 2838 3825 qui
2869 3752 3238 3824 exspoliatus,
3271 3769 3391 3808 non
3425 3751 3614 3805 nudus
3645 3742 3850 3803 invenia-

495 3832 941 3918 Ftemperantia,
998 3845 1042 3900 si
1088 3862 1230 3917 opus
1272 3845 1548 3900 fortitudo
1573 3887 1586 3912 ,
1636 3844 1828 3916 utique
1887 3859 2028 3914 opus
2077 3846 2163 3898 est
2262 3850 2382 3917 tur;
2424 3852 2555 3902 uter
2588 3863 2837 3919 namque
2877 3845 2946 3902 de
2983 3845 3194 3901 exuviis
3223 3845 3293 3900 fit
3333 3842 3644 3900 animantis
3672 3833 3849 3894 mortui.

529 3940 702 3995 etiam
755 3939 1073 4012 sapientia;
1136 3939 1257 3994 istm
1313 3939 1468 3994 enim
1524 3941 1773 4011 quatuor
1822 3937 2161 4009 principales
2263 3941 2443 4012 Igitur
2480 3947 2534 3996 et
2566 3958 2668 3995 nos
2708 3947 2942 4012 peccato
2983 3939 3334 4010 moriamur,
3373 3945 3442 3996 ut
3480 3939 3722 3993 vivamus
3757 3931 3849 3984 Deo.

530 4035 762 4089 virtutes
791 4033 1092 4088 habentur.
1121 4034 1267 4088 Nam
1302 4033 1349 4087 si
1380 4036 1648 4105 operatur
1675 4032 1931 4087 Christus
1967 4047 2160 4086 secun-
2263 4035 2478 4106 Repleti
2531 4035 2762 4107 spiritus
2800 4034 3184 4106 jucunditate,
3236 4040 3298 4090 et
3350 4033 3630 4089 suavitate
3671 4023 3849 4084 iustitiae

527 4129 664 4181 dum
693 4128 838 4199 quod
882 4127 1256 4197 justitia-est,
1298 4127 1497 4198 utique
1538 4131 1806 4197 operatur
1847 4125 2160 4181 secundum
2263 4130 2482 4184 erimus
2547 4130 2768 4184 exuviae
2852 4129 3169 4200 spiritales,
3250 4134 3519 4184 carentes
3584 4119 3850 4180 infirmitati

527 4219 678 4291 quod
709 4218 961 4291 1107
989 4219 1234 4273 Verbum
1262 4224 1363 4274 est.
1393 4220 1463 4273 Et
1489 4219 1829 4290 operabatur
1852 4235 1982 4274 cum
2015 4224 2164 4274 esset
2261 4239 2562 4294 corporea,
2615 4229 2674 4279 et
2720 4223 2945 4294 integro
2992 4223 3200 4278 mentis
3257 4223 3397 4278 sinu
3451 4221 3690 4277 infusam
3739 4206 3850 4267 nobii

528 4316 582 4368 in
635 4313 914 4386 principio
959 4313 1111 4384 apud
1158 4314 1401 4367 Patrem.
1449 4313 1699 4384 Denique
1751 4335 1778 4363 «
1830 4329 1934 4384 per
1973 4314 2160 4384 ipsum
2263 4316 2587 4371 divinorum
2642 4317 3039 4388 mysteriorum
3097 4317 3350 4387 gratiam
3410 4315 3764 4371 reservantes.
3808 4305 3850 4356 Β(

528 4394 726 4462 omnia
765 4407 912 4462 facta
949 4411 1080 4461 sunt
1120 4409 1321 4472 (Joan.,
1356 4424 1394 4472 ι,
1432 4409 1507 4475 3);
1552 4429 1579 4456 ››
1625 4413 1685 4462 ut
1725 4407 1866 4462 scias
1903 4410 2162 4480 operato-
2262 4411 2350 4466 his
2400 4410 2618 4465 utribus
2665 4411 2897 4480 dicitur,
2942 4410 3074 4482 quia
3124 4409 3328 4466 vinum
3384 4425 3600 4465 novum
3647 4405 3701 4461 in
3741 4405 3850 4455 utre!

527 4516 650 4554 rem
683 4501 942 4556 omnium
982 4517 1124 4568 esse,
1155 4503 1213 4555 et
1249 4515 1390 4571 opus
1429 4505 1692 4555 nostrum
1728 4516 1844 4555 esse
1872 4500 2237 4588 ChristumD
2262 4521 2436 4560 novos
2462 4505 2694 4561 mittunt
2721 4506 2962 4575 (Matth.,
2992 4520 3064 4573 IX,
3097 4505 3203 4575 l7),
3236 4505 3341 4576 qui
3371 4505 3574 4559 volunt
3608 4506 3850 4562 utrumqu‘

528 4596 739 4649 Jesum.
781 4595 1004 4649 Etenim
1049 4593 1362 4650 secundum
1409 4593 1566 4666 quod
1610 4593 1846 4649 verbum
1886 4597 1990 4663 est,
2032 4586 2214 4650 ver-ﬂ
2260 4615 2504 4668 servare,
2545 4603 2603 4654 et
2639 4615 2864 4670 corpus,
2905 4601 2962 4654 et
3005 4599 3276 4669 gratiam,
3326 4597 3455 4654 Non
3499 4595 3689 4652 efﬂuat
3732 4586 3850 4660 igiltf

529 4688 664 4742 bum
702 4688 1136 4759 inquirentibus,
1167 4688 1387 4760 grande
1417 4706 1558 4760 opus
1595 4688 1834 4743 verbum
1863 4692 1967 4744 est.
1999 4687 2159 4744 Unde
2260 4697 2392 4748 tuus
2446 4691 2538 4747 hic
2603 4695 2752 4760 uter,
2820 4709 2936 4746 non
3001 4691 3245 4747 rimosus
3324 4692 3435 4761 sit,
3508 4706 3624 4745 non
3684 4687 3850 4739 terrent

527 4798 657 4836 cum
719 4782 934 4838 Martha
987 4782 1278 4837 festinaret
1331 4782 1474 4837 circa
1531 4782 1932 4852 ministerium,
1989 4783 2160 4838 Maria
2259 4787 2637 4842 inveterascat
2678 4787 2823 4854 situ;
2869 4802 2939 4841 ne
2987 4786 3184 4841 vinum
3232 4803 3458 4841 novum
3502 4789 3718 4839 veteres
3753 4781 3850 4828 utre

530 4881 720 4931 autem
766 4875 1005 4930 verbum
1045 4876 1272 4931 Domini
1315 4877 1559 4945 audiret,
1599 4893 1662 4932 ea
1698 4894 1823 4949 quas
1866 4877 2156 4945 audiebat,
2262 4886 2527 4954 rumpat,
2579 4897 2692 4952 quo
2746 4880 3073 4936 scindantur
3122 4884 3319 4951 utres,
3386 4879 3664 4935 fundatur
3709 4869 3850 4944 gratia

533 4971 582 5024 ei
621 4988 747 5042 quae
789 4969 1168 5039 ministrabat,
1202 4972 1410 5026 meruit
1434 4971 1723 5026 anteferri.
1755 4971 1972 5026 Dicenti
2005 4971 2160 5026 enim
2261 4977 2378 5031 Non
2431 4977 2640 5031 iterum
2707 4974 2822 5030 sole
2877 4973 3191 5047 iniquitatis
3247 4979 3309 5030 et
3366 4973 3552 5029 nimia
3597 4969 3649 5025 vi
3709 4957 3850 5021 calori

526 5066 760 5120 Martlue
797 5083 808 5120 :
846 5086 870 5113 α
916 5064 1171 5134 Domine,
1211 5081 1327 5120 non
1359 5069 1443 5121 est
1477 5065 1578 5120 tibi
1608 5081 1780 5135 curre,
1814 5065 1967 5137 quod
1999 5081 2161 5121 soror
2259 5074 2548 5137 arescant,
2618 5068 2716 5123 sed
2790 5068 3132 5124 ferventium
3197 5069 3502 5123 viscerum
3579 5061 3850 5136 cupiditald

528 5177 659 5214 utea
703 5158 936 5231 reliquit
982 5175 1074 5214 me
1126 5159 1301 5215 solam
1344 5157 1713 5214 ministrare?
1756 5159 1852 5214 Dic
1893 5175 2032 5231 ergo
2078 5159 2160 5213 illi
2261 5163 2495 5219 diversae
2537 5162 2708 5218 nivali
2759 5162 3010 5235 quodam
3046 5161 3266 5233 frigore
3319 5161 3742 5234 temperentur.
3780 5147 3850 5203 Ρτὶ

528 5258 588 5306 ut
658 5269 749 5310 me
823 5253 1087 5326 adjuvet,
1159 5253 1515 5324 respondens
1588 5252 1728 5308 dixit
1803 5253 2075 5308 Dominus
2141 5271 2154 5308 :
2262 5254 3248 5332 gescataestulibidinis,1108M
3267 5257 3530 5328 quodam
3549 5242 3850 5309 continenti:

526 5347 766 5415 Martha,
821 5349 1128 5404 Martha....
1187 5347 1352 5402 Maria
1407 5346 1612 5402 bonam
1667 5351 1894 5419 partem
1949 5347 2156 5418 elegit,
2261 5352 2416 5423 gelu,
2455 5351 2922 5423 jejuniorumque
2957 5350 3290 5420 restinctus,
3330 5348 3630 5404 matutina
3658 5339 3850 5399 oration

591 5521 884 5586 (t0)-Edit.,
912 5525 1146 5576 studium
1169 5523 1537 5588 cognoscendae
1558 5524 1829 5585 veritatis;
1852 5537 2004 5588 mss.,
2027 5524 2161 5575 dioi-
2259 5540 2472 5590 omnes,
2518 5533 2575 5578 ut
2617 5527 2754 5578 alios
2794 5526 2973 5579 salvos
3022 5527 3239 5589 faceret,
3297 5531 3349 5577 et
3399 5526 3669 5588 fortiores.
3714 5515 3850 5570 Melie

527 5593 730 5644 nitatis.
1855 5648 1860 5653 ,
2260 5613 2453 5650 omnes
2481 5611 2635 5662 mss,
2667 5605 2725 5650 ut
2751 5598 2891 5649 alios
2913 5597 3109 5662 faceret
3135 5597 3422 5661 fortiores.

589 5665 687 5726 (tl)
717 5663 846 5716 Mss.
886 5667 1091 5731 plures,
1130 5678 1430 5732 agnoscere.
1467 5668 1706 5732 Denique
1740 5664 1944 5716 volebat
1980 5667 2155 5718 talem.
2235 5666 2238 5670 ’
2324 5671 2419 5735 (42)
2449 5671 2582 5722 Post
2606 5672 2898 5736 sapientiae,
2933 5670 3218 5735 legebatur
3253 5671 3314 5720 in
3349 5671 3511 5732 edit,
3538 5667 3629 5720 sed
3657 5668 3707 5715 in
3735 5666 3850 5712 ostri

529 5736 726 5788 Melius
754 5737 846 5787 alii
891 5741 1056 5802 atque
1098 5739 1250 5800 edit.,
1291 5753 1579 5804 agnoscere
1612 5739 1750 5803 (sola
1795 5737 1978 5800 Rom.,
2018 5751 2160 5790 com-
2258 5743 2405 5793 sione
2430 5743 2651 5806 spiritus
2679 5757 2695 5793 :
2721 5741 2870 5808 quod
2901 5743 2956 5793 in
2986 5741 3155 5793 nullis
3181 5751 3330 5793 mss.
3362 5742 3628 5807 reperias.

526 5810 818 5874 mendare).
850 5810 1080 5874 Denique
1104 5809 1312 5860 nolebat
1337 5812 1510 5862 tatem.
1546 5815 1616 5864 At
1639 5818 1765 5878 post
1802 5823 1982 5879 pauca
2026 5811 2155 5863 edit.
