4082 6186
206 255 331 309 1425

1347 252 1702 310 EXPOSITIO
1742 252 1806 308 ΙΝ
1847 253 2161 310 PSALMUM
2200 255 2421 311 CXVIII.

3427 264 3561 323 1426

201 376 470 449 perﬂatur
506 379 632 447 ('43);
672 377 902 448 quando
945 377 1089 432 sicut
1131 393 1243 444 ros,
1289 375 1365 432 ita
1399 394 1571 449 super
1614 381 1826 433 terram
1850 389 2051 462 Aesse
2089 382 2332 450 oportet,
2376 381 2608 451 plenum
2649 381 2898 453 spiritus,
2932 384 3163 455 plenum
3197 386 3554 457 justificatia-

200 477 438 526 nostram
482 470 580 525 Dei
623 471 789 526 verba
828 471 1200 538 descendunt,
1246 471 1390 527 sicut
1428 470 1613 527 imber
1653 488 1827 544 super

198 580 448 636 gramen,
505 568 559 618 et
602 564 747 619 sicut
789 563 886 619 nix
930 582 1102 636 super
1143 565 1363 620 fenum.
1407 564 1596 620 Nescit
1638 570 1823 620 utrem

195 659 391 712 bonum
437 657 554 712 ista
594 657 688 712 nix
731 659 956 728 laedere,
1003 658 1098 714 nix
1143 675 1272 730 quae
1313 657 1488 714 divini
1521 659 1824 730 splendore

194 752 358 822 fulget
411 750 660 823 eloquii.
711 751 813 806 Nix
862 752 982 807 haec
1036 752 1358 824 refrigerat,
1410 769 1523 808 non
1572 752 1760 807 adurit
1807 769 1820 806 :

193 844 452 899 fecundat
500 851 638 914 sata,
683 861 797 900 non
841 845 1172 901 internecat.
1211 845 1315 900 Nix
1357 846 1480 902 haec
1518 845 1825 918 praeceptio

185 938 560 994 continentiae
623 945 738 1008 est,
804 955 933 1011 quae
993 939 1243 995 calorem
1293 939 1426 996 facit
1486 955 1822 1012 corporeum

185 1033 415 1104 frigere,
479 1037 544 1087 et
603 1049 838 1089 omnem
903 1038 1117 1090 naturae
1180 1033 1472 1090 interioris
1525 1034 1826 1106 restinguit

181 1127 459 1181 ardorem.
527 1128 594 1182 Et
648 1128 795 1183 forte
848 1127 980 1183 ideo
1030 1144 1158 1183 cum
1221 1127 1652 1184 resurrectionis
1708 1142 1824 1183 suae

181 1221 614 1277 demonstraret
633 1220 905 1293 gloriam,
919 1222 1259 1278 vestimenta
1276 1223 1398 1294 ejus
1417 1222 1825 1278 erantcandida

181 1315 306 1368 sicut
349 1314 460 1370 nix
486 1357 505 1383 ,
556 1319 619 1369 ut
650 1331 766 1370 non
807 1317 991 1371 solum
1029 1316 1147 1387 ipse
1184 1317 1407 1371 alienus
1446 1316 1826 1372 aestimaretur

178 1424 202 1458 a
255 1408 628 1480 contagione
688 1409 935 1480 peccati,
1000 1425 1199 1464 verum
1264 1409 1438 1465 etiam
1494 1409 1824 1482 quietmque

177 1502 594 1572 resuscitatur,
675 1502 986 1575 congelatis
1057 1503 1307 1576 conjugii
1380 1502 1820 1575 cupiditatibus,

176 1613 486 1667 resurgere
518 1596 764 1668 frigidus
791 1597 1098 1652 videretur.
1132 1599 1193 1651 ln
1223 1597 1637 1653 resurrectione
1665 1598 1821 1652 enim

179 1707 354 1762 neque
406 1690 683 1757 nubunt,
731 1705 920 1762 neque
968 1705 1174 1745 uxores
1222 1692 1468 1762 ducunt,
1511 1691 1608 1746 sed
1653 1695 1823 1746 erunt

1927 489 2068 526 num
2091 514 2105 542 ,
2150 479 2210 527 ut
2240 476 2477 546 peccata
2515 490 2644 530 mea
2686 476 2804 548 ipse
2841 477 3132 546 confitear,
3174 483 3239 535 ut
3275 481 3557 540 luxuriam

1927 566 2112 620 carnis
2167 581 2306 622 mea:
2362 568 2773 640 comprimam;
2837 570 3203 627 moriendum
3265 577 3350 627 est
3402 577 3556 633 enim

1930 659 2164 730 mundo,
2213 665 2276 715 ut
2313 661 2569 717 vivamus
2609 665 2744 720 Dea.
2781 663 2837 720 Si
2863 667 3054 720 autem
3096 666 3348 722 vivamus
3378 670 3554 740 carni,

1929 770 2082 809 mors
2114 755 2308 826 utique
2344 760 2431 811 est
2457 757 2640 812 carnis
2677 758 2981 829 prudentia
3020 775 3033 814 :
3075 759 3261 815 vivere
3300 759 3556 836 1109

1929 863 2045 903 non
2084 865 2386 921 possumus
2423 850 2576 918 Deo,
2614 851 2746 922 quia
2779 851 3008 907 inimica
3045 857 3130 908 est
3167 855 3282 910 Dea
3319 856 3558 911 carnalis

1926 941 2032 997 ista
2057 943 2354 1014 sapientia,
2383 947 2443 998 et
2470 943 2582 998 vita
2611 945 2912 1000 saecularis.

1998 1039 2083 1091 16.
2133 1038 2303 1105 (Vers.
2353 1038 2465 1105 84.)
2512 1038 2782 1110 Sequitur
2832 1055 3025 1096 versus
3074 1045 3306 1112 quartus
3355 1058 3368 1096 :
3418 1044 3556 1112 Quot

1925 1136 2052 1184 sunt
2095 1131 2209 1186 dies
2250 1134 2390 1186 servi
2434 1135 2556 1186 tui?
2599 1134 2824 1201 Quando
2868 1136 3038 1200 facies
3088 1135 3224 1190 mihi
3271 1137 3336 1191 de
3372 1152 3553 1208 perse-

1925 1224 2214 1294 quentibus
2265 1240 2346 1278 me
2384 1224 2696 1294 judicium?
2748 1228 2942 1281 Potest
2983 1228 3061 1282 sic
3117 1227 3293 1301 accipi
3347 1246 3361 1284 :
3419 1232 3558 1298 Quot

1923 1323 2051 1372 sunt
2095 1318 2208 1373 dies
2243 1320 2384 1373 servi
2415 1322 2517 1381 tui,
2556 1319 2720 1390 quasi
2761 1319 2912 1374 dicat
2955 1337 2969 1375 :
3014 1321 3217 1386 Quanti
3263 1330 3394 1378 sunt
3439 1325 3556 1380 dies

1924 1411 2188 1480 humani,
2220 1417 2500 1483 quantum
2531 1416 2782 1484 tempus,
2816 1417 3099 1485 quantum
3129 1415 3419 1486 spatium?
3445 1418 3556 1473 Cur

1926 1503 2212 1559 invidetur
2275 1506 2393 1559 tam
2454 1504 2608 1560 brevi
2666 1505 2827 1575 vitae;
2893 1522 2964 1562 ne
3026 1508 3328 1579 tranquillo
3387 1526 3556 1565 cursu

1925 1597 2084 1653 istius
2145 1598 2337 1653 seculi
2397 1599 2799 1669 perfruamur?
2859 1599 2972 1654 Cur
3031 1600 3089 1655 in
3151 1600 3307 1656 brevi
3369 1603 3552 1674 spatio

1924 1697 2040 1747 tam
2089 1691 2248 1746 multi
2297 1691 2764 1763 persequentium
2818 1709 2924 1748 nos
2968 1693 3155 1765 laquei
3201 1694 3554 1751 tenduntur?

179 1784 308 1838 sicut
341 1783 559 1856 angeli
605 1784 703 1840 Dei
745 1785 805 1839 in
842 1784 1000 1839 ccelo.
1043 1785 1182 1840 Boni
1227 1801 1363 1856 ergo
1403 1789 1558 1840 utres
1601 1785 1820 1856 frigidi,
1843 1762 1900 1833 B
1923 1785 2082 1840 Adsit
2109 1784 2232 1857 jam
2263 1762 2548 1857 judicium
2592 1786 2650 1840 in
2692 1803 2805 1857 quo
2843 1802 3014 1858 paena
3038 1762 3144 1842 est
3183 1788 3553 1858 perﬁdorum,

177 1879 268 1932 hoc
311 1884 426 1944 est,
476 1877 538 1932 in
582 1876 845 1948 gelicidia
883 1877 1168 1934 constricti
1202 1877 1440 1950 pruinis,
1480 1895 1592 1934 non
1634 1877 1818 1934 libidi-

181 1973 252 2026 nis
277 1973 488 2026 calore
519 1971 773 2026 resoluti.

243 2067 319 2120 14.
360 2066 579 2120 Utrem
616 2067 810 2119 autem
839 2081 1046 2136 corpus
1085 2065 1196 2120 hoc
1236 2064 1368 2136 dici,
1413 2066 1542 2120 licet
1586 2083 1655 2121 ex
1694 2066 1817 2138 plu-

178 2160 316 2214 ribus
344 2158 524 2225 locis,
557 2163 754 2214 tamen
782 2157 956 2214 etiam
989 2158 1123 2214 inde
1152 2157 1428 2230 intellige,
1458 2159 1608 2232 quod
1634 2160 1820 2215 Adam

180 2259 227 2307 et
248 2255 354 2308 Eva
377 2253 487 2308 ubi
516 2252 838 2324 imaginem
859 2251 1170 2324 deposuere
1199 2253 1459 2322 calestis,
1482 2269 1657 2324 quam
1688 2256 1820 2308 ante

185 2346 500 2418 portabant,
555 2346 877 2417 imaginem
929 2345 1136 2401 terreni
1195 2345 1447 2400 hominis
1496 2345 1817 2413 induentes,

186 2443 380 2495 tunicas
428 2439 579 2494 dicti
629 2445 759 2494 sunt
804 2439 986 2494 vestiti
1029 2454 1150 2494 esse
1183 2438 1465 2511 pelliceas,
1500 2439 1821 2511 corporales

190 2535 320 2588 enim
361 2550 466 2589 eos
509 2533 594 2588 de
642 2531 987 2602 spiritalibus
1035 2532 1249 2588 fecerat
1297 2532 1468 2604 culpa
1522 2532 1820 2598 commissa

198 2629 353 2690 (601.,
386 2644 466 2693 ιιι,
513 2627 636 2696 21).
681 2627 790 2681 Nec
833 2625 971 2680 illud
1013 2625 1328 2680 absurdum
1376 2627 1447 2681 ad
1487 2626 1816 2699 intelligen-

210 2719 344 2785 dum,
370 2720 508 2791 quod
555 2719 640 2773 ita
677 2735 737 2772 se
774 2718 924 2773 dicat
962 2718 1177 2774 factum
1215 2718 1389 2774 David
1433 2719 1578 2774 sicut
1627 2726 1817 2775 utrem

207 2813 253 2866 in
277 2813 558 2884 gelicidia;
593 2827 664 2867 ea
695 2811 846 2884 quod
875 2812 935 2866 in
963 2811 1269 2884 asperitate
1297 2813 1426 2867 licet
1451 2813 1668 2884 positus
1699 2814 1819 2885 gla-

193 2906 318 2973 ciali,
350 2906 794 2962 martiﬁcaverit
831 2909 1026 2961 tamen
1060 2922 1264 2977 corpus
1304 2921 1494 2974 suum,
1536 2922 1608 2961 ne
1651 2907 1820 2962 senti-

183 3007 258 3053 ret
293 3000 512 3055 hiemis
557 2999 713 3053 illius
749 2999 1136 3070 asperitatem,
1179 3015 1354 3070 quam
1393 2999 1647 3055 Salvator
1682 2999 1820 3056 dicit

179 3110 402 3163 gravem
436 3094 706 3147 futuram
733 3108 858 3146 esse
883 3091 1235 3163 fugientibus
1266 3094 1506 3161 (Matth,
1533 3109 1680 3161 xxnv,
1708 3094 1814 3165 20).

178 3187 316 3242 Sicut
370 3186 542 3242 enim
597 3185 836 3257 glaciem
886 3201 1003 3240 non
1048 3185 1222 3240 sentit
1272 3192 1428 3256 uter,
1475 3187 1611 3258 quia
1655 3187 1818 3258 pellis

176 3286 249 3335 est
275 3280 559 3337 animalis
589 3279 822 3347 mortui,
866 3279 946 3334 ita
975 3284 1230 3334 mortuus
1266 3283 1497 3351 peccato
1532 3281 1819 3354 Propheta

172 3374 340 3446 frigus
383 3372 617 3447 peccati
660 3372 873 3427 sentire
914 3389 1027 3426 non
1074 3376 1299 3444 poterat
1345 3374 1430 3428 vel
1471 3379 1620 3430 certe
1665 3375 1819 3447 quod

175 3484 277 3523 non
331 3468 657 3538 frangatur
710 3465 1176 3537 necessitatibus,
1237 3483 1342 3522 nec
1401 3467 1623 3523 resistat
1684 3485 1817 3523 caro

173 3562 384 3629 menti;
433 3560 542 3615 sed
586 3559 814 3614 mollior
843 3559 1035 3628 ductu,
1075 3560 1287 3615 animae
1328 3576 1387 3616 se
1426 3559 1678 3616 inﬂectat
1713 3561 1819 3617 im-

171 3656 357 3726 periis,
395 3659 459 3709 et
486 3654 551 3708 in
591 3653 698 3708 hoc
738 3653 940 3708 mundi
984 3652 1248 3724 gelicidia
1286 3670 1402 3709 non
1447 3659 1698 3724 arescat;
1733 3656 1816 3710 vel

169 3750 296 3822 quia
337 3763 566 3820 corpus
595 3746 923 3802 afﬂictionis
953 3763 1170 3817 sumus,
1213 3751 1270 3803 et
1305 3752 1554 3803 mortem
1598 3749 1816 3806 Domini

166 3843 289 3897 Jesu
332 3857 583 3912 semper
622 3840 679 3895 in
721 3843 916 3895 nostra
959 3857 1194 3912 corpore
1235 3841 1598 3896 circumferre
1640 3841 1812 3898 debe-

167 3953 310 3992 mus.
337 3936 450 3990 Hic
481 3937 568 3988 est
597 3939 724 3989 uter
749 3934 847 4007 qui
875 3934 1107 4006 castigat
1138 3951 1341 4007 corpus
1379 3951 1566 4003 suum,
1601 3952 1716 3990 non
1757 3941 1818 3990 ut

165 4031 252 4086 ille
294 4031 661 4084 incrassatus
690 4033 749 4082 et
774 4028 979 4083 obesus
1017 4029 1282 4100 populus,
1323 4028 1421 4101 qui
1461 4029 1612 4084 sedit
1646 4046 1811 4084 man-

161 4125 378 4180 ducare
401 4127 462 4176 et
479 4121 695 4188 bibere,
719 4126 777 4176 et
796 4126 1168 4178 surrexerunt
1183 4121 1379 4178 ludere
1404 4123 1620 4194 (Exod,
1647 4139 1812 4191 χχιιι,

166 4225 228 4287 6‘3.
263 4218 373 4274 Hic
402 4220 490 4270 est
517 4220 644 4270 uter
681 4215 781 4287 qui
819 4214 1068 4270 inebriat
1104 4232 1222 4271 non
1263 4216 1411 4283 vino,
1448 4217 1545 4271 sed
1578 4217 1810 4287 spiritu;

173 4312 223 4366 in
270 4327 402 4384 qua
449 4325 569 4364 non
613 4308 812 4381 botryo
854 4308 1288 4377 amaritudinis,
1335 4325 1448 4364 non
1499 4309 1811 4372 draconum

169 4407 351 4474 furor,
401 4419 521 4458 non
562 4403 723 4457 furor
761 4402 1045 4474 aspidum,
1078 4403 1175 4457 sed
1220 4403 1483 4474 poculum
1525 4403 1814 4459 inebrians

1924 1879 1981 1934 in
2012 1894 2125 1951 quo
2156 1878 2618 1950 persecutoribus
2655 1878 2829 1950 digna
2865 1879 3174 1952 impietatis
3216 1897 3328 1936 sua:
3367 1883 3553 1954 pretia

1923 1971 2253 2027 redduntur.
2293 1973 2390 2028 Vel
2429 1971 2507 2026 sic
2550 1990 2562 2025 :
2602 1973 2906 2044 Quousque
2950 1972 3223 2030 insultare
3261 1979 3551 2046 poterunt,

1922 2081 2219 2137 quousque
2249 2064 2588 2136 inquietare,
2623 2065 2719 2136 qui
2763 2083 2864 2120 nos
2901 2065 3137 2122 diversis
3173 2068 3355 2122 modis
3397 2086 3553 2142 qua:-

1921 2163 2056 2213 runt
2100 2157 2399 2230 affligere?
2444 2159 2566 2213 Non
2614 2175 2772 2214 serus
2821 2159 2929 2214 erit
2975 2159 3280 2231 terminus;
3341 2164 3557 2220 etenim

1921 2252 2084 2324 quasi
2140 2251 2422 2324 Propheta
2479 2252 2831 2308 celeritatem
2887 2255 3343 2310 transcurrendte
3397 2257 3558 2313 istius

1921 2345 2050 2400 vitae
2092 2361 2208 2400 non
2248 2361 2550 2414 annorum,
2591 2345 2692 2400 sed
2735 2345 2957 2401 dierum
2999 2347 3374 2406 aestimatione
3418 2351 3552 2406 sub-

1921 2439 2079 2494 ducit
2126 2439 2320 2494 dicens
2367 2456 2380 2493 :
2429 2442 2568 2507 Quot
2610 2446 2734 2494 sunt
2787 2440 2901 2496 dies
2939 2443 3080 2497 servi
3129 2445 3254 2496 tui?
3297 2444 3363 2498 Et
3409 2444 3556 2502 bene

1920 2533 2040 2588 dies
2069 2532 2250 2600 ‘dixit;
2280 2536 2343 2588 ut
2372 2549 2489 2588 non
2519 2533 2705 2588 solum
2743 2549 2937 2589 moras
2974 2550 3192 2589 annuas
3223 2535 3556 2606 prophetica

1921 2627 2130 2682 visione
2192 2630 2642 2696 transcurreret,
2704 2642 2900 2681 verum
2958 2627 3128 2682 etiam
3191 2629 3555 2700 splendidum

1922 2719 2027 2774 sibi
2067 2719 2196 2774 vitae
2238 2718 2408 2789 hujus
2437 2719 2784 2774 curriculum
2815 2719 3090 2774 virtutum
3133 2721 3350 2776 lumine
3377 2722 3560 2779 decla-

1922 2817 2094 2868 raret.
2123 2811 2434 2883 Meritoque
2459 2827 2692 2869 securus
2716 2812 2796 2866 ait
2826 2829 2838 2867 :
2874 2813 3103 2879 Quando
3131 2815 3303 2880 facies
3333 2817 3468 2870 mihi
3491 2817 3557 2872 dc

1912 2907 2360 2978 persequentibus
2397 2922 2478 2960 me
2503 2906 2820 2976 judicium?
2841 2905 2994 2973 Mihi,
3037 2906 3239 2979 inquit,
3267 2907 3552 2978 judicium

1921 3001 1992 3055 de
2031 2999 2504 3072 persequentibus
2539 2999 2731 3067 facies,
2772 3015 2889 3054 non
2932 2999 3002 3053 de
3041 3015 3132 3055 me
3167 3002 3553 3072 persequenti-

1919 3093 2026 3148 bus
2047 3093 2329 3164 judicium
2356 3093 2541 3159 dabis;
2575 3093 2846 3165 quoniam
2889 3109 3006 3147 non
3048 3099 3355 3166 resurgunt
3388 3094 3553 3166 impii

1919 3186 1978 3241 in
2011 3186 2243 3257 judicio.
2288 3187 2395 3241 Sed
2438 3186 2598 3254 mihi,
2629 3187 2836 3258 inquit,
2867 3187 2936 3240 da
2967 3185 3280 3257 judicium;
3322 3190 3386 3242 ut
3420 3204 3550 3244 cum

1921 3296 2262 3334 remuneras
2311 3279 2720 3346 innocentiam,
2769 3279 2945 3334 ﬁdem
2991 3280 3281 3351 provehis,
3326 3281 3550 3337 miseri-

1919 3373 2168 3429 cordiam
2227 3390 2494 3442 coronas,
2551 3373 2715 3444 impii
2770 3376 3162 3444 persecutores
3218 3374 3551 3431 meritorum

1919 3467 2171 3541 praemiis
2198 3465 2304 3539 (44)
2332 3466 2800 3539 propheticorum
2820 3465 3171 3537 judiceptur.

1995 3565 2078 3615 l7.
2125 3561 2244 3615 Non
2286 3559 2600 3614 absurdum
2644 3560 2817 3615 etiam
2861 3559 3038 3626 illud,
3081 3563 3142 3614 ut
3183 3561 3318 3632 quia
3355 3561 3552 3618 breves

1919 3654 2038 3709 dies
2067 3657 2127 3709 et
2162 3653 2326 3726 pauci
2353 3658 2486 3707 sunt
2521 3653 2682 3708 istius
2719 3653 2868 3721 vitm,
2901 3669 3018 3708 non
3055 3653 3265 3709 diutius
3303 3654 3548 3725 gratiam

1918 3765 2079 3802 suam
2111 3745 2387 3802 Dominus
2418 3746 2564 3801 circa
2595 3746 2940 3818 Prophetam
2969 3762 3133 3800 suum
3173 3746 3419 3814 differat,
3452 3748 3547 3803 sed

1918 3841 2024 3912 ipsi
2065 3841 2347 3912 judicium
2395 3839 2462 3894 de
2509 3839 2980 3912 persequentibus
3028 3839 3212 3893 faciat.
3268 3840 3404 3894 Nam
3459 3841 3548 3894 hic

1917 3951 2144 4007 quoque
2174 3933 2459 4005 judicium
2499 3938 2585 3988 est
2625 3932 2694 3988 de
2736 3933 3222 4004 persecutoribus;
3268 3933 3545 4004 siquidem

1919 4028 2018 4100 qui
2063 4043 2176 4082 non
2213 4026 2394 4082 credit
2424 4027 2481 4080 in
2519 4025 2762 4094 Christo,
2788 4025 2910 4096 jam
2935 4025 3224 4097 judicatus
3255 4030 3356 4080 est.
3388 4025 3545 4080 Judi-

1918 4122 2074 4176 cium
2127 4125 2319 4174 autem
2378 4120 2488 4175 hoc
2539 4123 2653 4188 est,
2718 4119 2871 4192 quod
2929 4119 3086 4174 dedit
3143 4118 3378 4174 servulis
3433 4119 3548 4174 suis

1919 4214 2193 4268 Dominus
2253 4215 2445 4284 Jesus,
2509 4213 2703 4268 dicens
2770 4230 2782 4266 :
2856 4235 2881 4261 α
2946 4213 3231 4268 Habebitis
3293 4217 3547 4285 potesta-

1917 4311 2035 4363 tem
2088 4307 2344 4363 calcandi
2397 4323 2570 4379 super
2618 4309 2929 4378 serpentes,
2989 4310 3046 4360 et
3094 4306 3438 4378 scorpiones,
3493 4311 3550 4362 et

1916 4417 2087 4474 super
2137 4417 2366 4457 omnem
2418 4401 2687 4456 virtutem
2740 4399 2954 4455 inimici
3006 4400 3185 4469 (Luc.,
3239 4415 3292 4468 ιι,
3354 4402 3460 4470 l9).
3514 4423 3540 4446 η

169 4515 341 4570 quam
378 4496 724 4568 praeclarum
750 4496 860 4552 est!
900 4497 957 4550 ln
996 4495 1102 4551 hoc
1140 4511 1278 4568 ergo
1313 4497 1591 4568 gloriatur
1615 4497 1810 4565 David,
1833 4497 1892 4568 D
1916 4498 1982 4551 Et
2036 4512 2231 4550 verum
2279 4495 2595 4566 judicium,
2649 4495 2708 4549 in
2763 4510 2875 4565 quo
2929 4495 3293 4564 torqueretur
3349 4492 3540 4548 inimi-

169 4593 297 4663 quia
339 4591 534 4645 factus
563 4593 649 4644 est
674 4589 818 4644 sicut
856 4592 982 4644 uter
1012 4589 1068 4644 in
1099 4589 1382 4662 gelicidia,
1412 4591 1806 4661 operationem

171 4685 384 4754 peccati
415 4699 534 4738 non
559 4683 834 4738 sentiens.

236 4783 322 4834 15.
387 4779 457 4832 Et
512 4777 657 4832 bene
724 4779 1021 4849 peccatum
1086 4777 1353 4850 gelicidia
1423 4783 1805 4850 comparatur.

174 4873 318 4927 Sicut
355 4871 520 4926 enim
565 4870 892 4942 gelicidium
931 4871 1001 4926 ad
1049 4871 1266 4926 nullum
1313 4888 1475 4926 usum
1517 4871 1656 4927 utile
1699 4876 1804 4942 est,

175 4966 235 5020 ad
281 4966 512 5020 nullam
561 4965 990 5036 operationem,
1038 4965 1115 5020 sic
1167 4965 1336 5037 culpa
1385 4965 1526 5020 nulli
1569 4966 1808 5038 prodest

179 5060 311 5124 usui,
344 5058 492 5114 nulli
531 5057 885 5131 operationi;
917 5061 976 5114 et
1009 5058 1135 5114 ideo
1168 5059 1316 5114 sicut
1342 5059 1669 5131 gelicidium
1703 5059 1801 5114 de-

179 5152 432 5207 clinanda
481 5157 595 5219 est,
639 5169 710 5207 ne
759 5155 965 5208 noceat
1013 5158 1070 5208 et
1116 5153 1343 5207 adurat.
1393 5153 1608 5208 Bonum
1663 5170 1803 5226 ergo

185 5245 311 5302 mihi
348 5246 479 5302 ﬁeri
515 5245 657 5300 sicut
697 5251 890 5302 utrem
930 5247 990 5302 in
1022 5246 1320 5318 gelicidia;
1356 5251 1415 5302 ut
1441 5247 1660 5320 possim
1687 5264 1803 5302 non

186 5338 422 5396 oblivisci
461 5339 899 5410 justiﬁcatianes
940 5340 1185 5408 Domini,
1229 5345 1295 5396 ut
1340 5357 1538 5396 earum
1581 5341 1804 5413 liquore

189 5435 422 5500 perfusus
452 5433 757 5506 refrigeret
791 5434 978 5489 omnis
1017 5435 1206 5490 fervor
1241 5434 1486 5490 internae
1524 5435 1800 5507 cupidita-

1911 4606 2032 4657 cus,
2086 4589 2233 4644 sicut
2280 4588 2401 4660 ipse
2458 4587 2748 4642 confessus
2800 4591 2887 4641 est
2934 4586 3130 4641 dicens
3185 4603 3198 4640 :
3253 4610 3279 4636 «
3325 4587 3543 4652 Quid...

1911 4683 2117 4738 venisti
2172 4685 2303 4738 ante
2359 4687 2580 4753 tempus
2642 4684 2910 4752 torquere
2969 4696 3071 4735 nos
3126 4681 3369 4751 (Matth.,
3428 4680 3548 4749 vni,

1911 4777 2098 4848 2m?»

1985 4873 2068 4926 l8.
2103 4871 2217 4925 Hoc
2246 4885 2385 4942 ergo
2417 4868 2672 4940 deposcit
2706 4868 2982 4923 virtutum
3009 4867 3307 4922 stabilitate
3336 4867 3539 4922 funda-

1907 4969 2000 5020 tus
2046 4963 2354 5036 Propheta,
2399 4966 2461 5016 ut
2505 4961 2837 5034 subjiciatur
2879 4962 2985 5016 sibi
3027 4977 3142 5016 non
3189 4961 3394 5029 homo,
3443 4960 3539 5016 sed

1907 5060 2000 5117 ille
2039 5059 2138 5132 qui
2177 5059 2364 5114 locum
2403 5057 2510 5113 sibi
2548 5059 2604 5113 in
2643 5058 2877 5114 homine
2914 5055 3238 5113 vindicavit.
3286 5055 3445 5110 Unde
3482 5062 3538 5110 et

1906 5153 2206 5226 Apostolus
2243 5153 2430 5224 ipsum
2472 5152 2655 5224 magis
2681 5152 2741 5206 in
2779 5149 3025 5206 hominis
3060 5151 3286 5220 peccato
3320 5148 3539 5220 putavit

1907 5263 2030 5302 esse
2056 5246 2470 5315 damnandum,
2501 5246 2685 5317 ipsum
2716 5244 3149 5316 subjiciendum,
3179 5241 3248 5295 de
3275 5258 3386 5313 quo
3413 5242 3491 5296 ait
3520 5283 3535 5310 ,

1909 5363 1934 5390 α
1977 5342 2242 5398 Conterat
2277 5340 2424 5395 Deus
2467 5340 2732 5395 Satanam
2772 5337 2875 5391 sub
2919 5335 3158 5408 pedibus
3193 5333 3391 5389 vestris
3420 5336 3533 5390 cito

1908 5437 2096 5501 (Rom,
2140 5450 2252 5504 xvr,
2295 5437 2408 5506 20).
2440 5455 2468 5482 »
2506 5434 2587 5488 Ex
2627 5433 2731 5486 hoc
2782 5446 2920 5502 ergo
2967 5433 3329 5501 persecutore
3369 5429 3529 5500 judi-

190 5527 257 5580 ιε.
300 5531 422 5584 Non
470 5544 610 5599 ergo
657 5544 917 5596 vacuum,
971 5529 1066 5584 sed
1116 5529 1354 5600 plenum
1409 5529 1561 5584 hunc
1615 5533 1800 5584 utrem
1903 5528 2055 5584 cium
2086 5528 2192 5583 sibi
2229 5528 2352 5583 ﬁeri
2384 5526 2570 5599 gestit,
2609 5529 2668 5580 ut
2707 5524 2840 5579 fidei
2889 5522 3241 5596 prophetica;
3284 5522 3534 5594 vestigiis

238 5677 326 5737 (43)
352 5677 514 5728 Rom.
543 5676 697 5737 edit.,
724 5677 989 5726 matutina
1013 5676 1290 5729 roratione
1315 5678 1581 5741 perﬂatur.

1901 5680 2056 5742 miis;
2085 5679 2208 5729 haec
2249 5677 2399 5728 enim
2427 5679 2559 5726 sunt
2601 5673 2968 5725 remuneratio
3013 5673 3367 5736 innocentia,
3400 5685 3533 5738 pro-

238 5748 324 5808 (ιι)
352 5748 513 5799 Rom.
547 5748 700 5809 edit,
723 5747 1032 5798 meritorum
1052 5749 1240 5814 poenis.
1269 5747 1379 5800 Sed
1410 5749 1638 5801 omnino
1668 5763 1798 5800 cum
1901 5750 2082 5802 vectio
2105 5749 2258 5811 ﬁdei,
2289 5745 2682 5800 misericordia:
2711 5746 3014 5798 coronatio.

187 5816 293 5869 aliis
319 5825 487 5885 atque
522 5819 784 5871 omnibus
812 5832 941 5873 mss.
968 5819 1288 5888 legendum,
1313 5820 1625 5875 meritorum
1657 5834 1800 5888 pra:-
