3930 6168
395 287 529 339 1427

1884 281 1935 335 S.
1983 281 2071 334 AM
2081 279 2295 333 BROSII

3617 278 3633 329 i
3647 278 3744 330 428

387 409 736 467 adversarius
791 411 1146 474 conteratur,
1205 410 1263 460 et
1314 407 1670 460 comminuat
1729 421 1862 459 eum
1917 404 2020 459 sub
2045 409 2274 488 Asuut,
2324 403 2421 474 qui
2454 401 2692 456 verbum
2735 400 2831 457 Dei
2874 417 2991 456 non
3021 400 3090 454 ad
3127 400 3425 455 utilitatem
3469 417 3622 455 suam
3669 401 3750 455 fu-

387 502 634 577 pedibus
675 501 790 557 suis
836 503 1122 574 Propheta
1165 501 1312 555 sicut
1352 501 1645 571 pulverem
1685 499 1831 568 (45);
1871 503 1927 552 et
1963 497 2020 551 in

390 599 514 654 haec
552 596 804 668 corporis
845 595 932 650 sui
971 593 1171 650 militia
1218 593 1577 659 constitutus,
1611 590 1868 663 quamvis
1903 589 2022 644 dies

390 691 518 747 vitm
559 690 755 746 breves
791 688 924 757 sint,
956 687 1317 759 triumphum
1359 691 1550 742 tamen
1591 685 1661 740 de
1703 683 2022 739 adversario

393 783 768 856 adipiscatur,
825 799 936 854 quo
995 781 1289 837 reformati
1351 779 1601 835 hominis
1657 779 1715 832 in
1768 781 2022 832 veterem

397 878 671 950 gratiam,
721 893 892 948 quem
943 880 1073 932 ante
1125 874 1466 930 delictorum
1515 870 1751 928 vinculis
1796 870 2025 927 tenebat

393 971 714 1040 astrictum,
779 974 835 1025 et
895 968 1163 1025 ferventis
1227 967 1478 1023 libidinis
1543 966 1789 1021 lassabat
1851 968 2022 1035 aestu,

395 1065 712 1120 libertatem
759 1063 1111 1136 ingemiscat,
1158 1065 1499 1134 potestatem
1543 1058 1769 1115 sentiat.
1803 1059 2026 1130 Subjec-

397 1161 489 1213 tus
533 1160 620 1213 est
655 1157 832 1228 igitur
873 1155 1226 1212 adversarius
1271 1153 1590 1210 secundum
1633 1152 1856 1208 Domini
1895 1168 2023 1208 sen-

397 1252 654 1308 tentiam.
706 1250 934 1305 Etenim
981 1248 1252 1303 Dominus
1292 1250 1451 1302 Jesus
1495 1247 1730 1301 veniens
1773 1245 1833 1300 in
1874 1245 2027 1300 hunc

395 1346 677 1401 mundum
739 1359 844 1416 per
902 1341 1151 1413 Virginis
1215 1345 1442 1412 partum
1509 1339 1747 1410 subjecit
1818 1338 2026 1394 animm

396 1443 608 1493 nostra;
651 1453 851 1493 omnes
894 1435 1202 1490 contrarias
1250 1438 1591 1507 potestates;
1643 1436 1708 1487 ut
1758 1431 1871 1487 ﬁde
1905 1437 2024 1500 tua,

396 1531 571 1585 verbo
615 1534 734 1598 tuo,
785 1529 1219 1585 conversatione
1264 1532 1378 1595 tua,
1429 1531 1487 1582 et
1530 1525 1796 1597 operibus
1835 1529 2024 1580 conte-

395 1627 619 1679 rantur.
673 1621 937 1696 1110
995 1622 1052 1677 Si
1102 1638 1240 1693 ergo
1295 1637 1411 1676 non
1460 1619 1705 1675 conteris
1763 1619 2027 1674 adversa-

395 1717 570 1785 rium,
599 1719 698 1772 tua
728 1718 892 1787 culpa
919 1719 1022 1782 est,
1053 1714 1149 1786 qui
1183 1713 1457 1786 permissa
1486 1730 1600 1767 non
1628 1712 1806 1767 uteris
1832 1715 2025 1784 potes-

2123 501 2320 551 r'antur
2349 498 2406 550 et
2433 496 2687 567 rapiunt,
2715 495 2816 550 sed
2842 495 2913 549 ad
2938 493 3227 560 fraudem;
3261 499 3316 549 et
3343 494 3748 566 patrimonium

2124 589 2412 660 quoddam
2478 587 2788 644 ccelestium
2852 587 3279 660 Scripturarum
3331 587 3390 642 in
3445 604 3547 642 sua
3604 587 3752 642 furta

2124 683 2490 755 detorquent,
2531 681 2850 739 adulterina
2877 680 2981 736 sibi
3020 680 3364 752 compendia
3399 680 3752 753 colligentes,

2123 776 2249 831 dolo
2288 775 2471 847 magis
2504 792 2674 848 quam
2719 775 2956 830 veritate
2985 775 3237 847 quaesita.
3276 774 3383 830 Sed
3412 773 3475 829 hi
3500 779 3632 829 sunt
3658 776 3760 847 qui

2124 870 2369 925 miscent
2414 885 2620 941 aquam
2659 867 2790 923 vino
2835 871 3108 940 tanquam
3161 884 3447 940 caupones
3490 867 3754 940 pessimi,

2123 963 2509 1019 adulterantes
2548 978 2872 1018 sermonem
2913 962 3039 1029 Dei,
3082 964 3140 1017 et
3173 961 3522 1017 insincerum
3563 962 3754 1034 profe-

2125 1061 2312 1114 rentes
2351 1056 2628 1128 quidquid
2666 1057 2880 1129 perﬁdo
2919 1059 2976 1111 et
3000 1060 3278 1128 tanquam
3317 1055 3474 1111 ebrio
3516 1071 3613 1111 ore
3653 1055 3758 1111 de-

2127 1150 2545 1222 prompserint;
2575 1154 2632 1205 et
2658 1149 2783 1206 ideo
2811 1149 2995 1205 aliena
3025 1149 3342 1222 loquuntur
3366 1167 3399 1204 a
3425 1150 3569 1222 lege.
3597 1149 3756 1204 Unde

2128 1261 2224 1298 eos
2252 1245 2400 1299 bene
2425 1244 2706 1316 Propheta
2732 1230 2944 1315 refugit
2969 1248 3137 1316 atque
3165 1243 3556 1317 reprehendit,
3579 1244 3758 1299 sciens

2127 1338 2266 1409 quid
2291 1336 2621 1409 praescripto
2650 1337 2791 1409 legis
2815 1337 3112 1408 acceperit.

2196 1435 2286 1486 21.
2345 1431 2515 1501 (Vcrs.
2569 1432 2681 1502 86.)
2739 1432 2911 1487 Recte
2963 1447 3100 1503 ergo
3153 1430 3233 1486 ait
3285 1431 3542 1503 sequenti
3594 1433 3762 1487 versi-

2129 1525 2254 1580 culo
2300 1541 2313 1580 :
2363 1527 2552 1582 Omnia
2599 1529 2874 1595 praecepta.
2923 1531 3019 1580 tua
3063 1526 3296 1592 veritas;
3343 1525 3541 1596 injuste
3585 1541 3762 1596 perse-

2128 1620 2244 1672 cuti
2270 1624 2393 1672 sunt
2436 1634 2537 1681 me,
2585 1618 2790 1687 adjuva
2819 1633 2920 1672 me.
2966 1618 3133 1682 Quasi
3177 1618 3361 1673 bonus
3409 1619 3572 1674 miles
3610 1619 3758 1674 bella

2131 1728 2243 1765 non
2274 1711 2505 1781 refugit,
2538 1727 2642 1765 nec
2683 1710 2975 1765 conflictus
3013 1711 3269 1783 quamvis
3310 1712 3571 1784 gravium
3614 1730 3756 1784 prae.-

398 1813 531 1864 tate.
562 1811 624 1863 In
656 1786 836 1863 nobis,
859 1813 943 1862 est
983 1808 1180 1880 igitur,
1221 1811 1281 1860 ut
1320 1810 1419 1860 aut
1455 1805 1788 1876 subjiciatur
1826 1806 2026 1860 adver-
2050 1786 2105 1857 B
2130 1804 2342 1860 liorum
2400 1804 2642 1860 bellator
2690 1805 2941 1876 pavescit
2992 1809 3282 1875 assuetus;
3339 1806 3439 1861 sed
3486 1805 3664 1861 ﬁdelis
3709 1813 3766 1861 et

396 1903 608 1969 sarius,
659 1907 758 1956 aut
801 1901 1060 1956 resultet.
1108 1900 1166 1956 Si
1209 1899 1365 1954 enim
1403 1902 1559 1954 actus
1600 1901 1796 1954 noster
1833 1897 2026 1970 displi-

395 1999 539 2062 ceat,
578 1995 778 2067 incipit
813 1994 1169 2050 adversarius
1210 1993 1538 2065 superbire;
1569 1992 1616 2046 si
1647 1996 1839 2047 autem
1868 1991 2032 2047 bonis

397 2089 782 2147 inhaereamus
807 2088 1090 2159 operibus,
1121 2103 1486 2142 exerceamus
1514 2085 1700 2140 studia
1729 2084 2028 2152 castitatis;

393 2182 650 2255 justitiae,
692 2180 1084 2249 continentiae,
1129 2180 1408 2236 calcamus
1441 2181 1763 2250 serpentem
1800 2182 1854 2232 et
1892 2194 2034 2234 scor-

397 2276 652 2348 pionem.
701 2275 1001 2330 Calcamus
1047 2275 1202 2329 enim
1243 2274 1402 2328 illum
1447 2272 1690 2343 pedibus
1731 2271 2030 2340 castitatis;

399 2369 747 2424 conterimus
779 2371 836 2422 et
865 2367 1240 2439 scorpionem,
1270 2384 1343 2422 ne
1370 2366 1551 2438 possit
1591 2371 1858 2421 excutere
1890 2365 2030 2436 (46);

398 2463 688 2518 calcamus
727 2462 1098 2517 continentiae
1137 2459 1411 2531 vestigiis,
1456 2459 1838 2530 verecundiae,
1873 2459 2034 2537 justi-

398 2555 610 2627 tieeque
653 2555 962 2627 gressibus.
1004 2557 1312 2610 Possumus
1352 2569 1490 2626 ergo
1532 2558 1588 2608 et
1628 2553 1688 2607 in
1730 2553 1834 2607 hac
1880 2552 2033 2607 brevi

400 2650 518 2703 vita
545 2649 900 2720 triumphum
929 2649 1000 2704 de
1039 2647 1378 2703 adversariis
1413 2647 1624 2702 habere
1669 2649 2032 2718 perpetuum.

475 2745 558 2797 l9.
602 2743 773 2812 (Vers.
807 2742 918 2812 85.)
955 2741 1223 2813 Sequitur
1261 2757 1459 2796 versus
1497 2740 1730 2813 quintus
1776 2757 1785 2787 :
1830 2741 2035 2794 Narra-

398 2841 593 2891 uerunt
626 2837 760 2892 mihi
798 2835 989 2906 injusti
1027 2837 1464 2897 emercitutiones,
1502 2835 1595 2890 sed
1632 2849 1738 2888 non
1773 2835 1911 2888 sicut
1953 2834 2039 2887 tea:

399 2934 517 2993 tua,
561 2932 803 2986 Domine.
848 2930 995 2984 Bene
1023 2931 1182 3000 optat
1214 2927 1496 2999 judicium
1527 2927 1632 2981 sibi
1665 2926 1787 2980 ﬁeri
1815 2927 1885 2980 de
1916 2941 2038 2996 per-

403 3022 801 3094 sequentibus,
842 3021 941 3092 qui
979 3038 1098 3076 non
1138 3021 1319 3075 solum
1361 3036 1530 3090 opera
1559 3019 1699 3090 justi
1735 3018 2033 3090 impedire,

401 3132 602 3170 verum
639 3116 812 3169 etiam
839 3114 1011 3169 ﬁdem
1042 3113 1329 3184 superﬂua
1357 3112 1680 3167 narratione
1712 3112 2036 3166 subvertere
2057 3155 2112 3228 Ο

412 3207 588 3228 --μ-ΑΞ
622 3211 747 3228 ---ΑΔ
797 3207 1016 3228 ΠΔΑᾉΞμΑ
1059 3207 1211 3228 μ----2
1244 3206 1446 3228 ιι-ι.--1..
1492 3205 1779 3228 _--:.--.'I___
1824 3205 2034 3228 ...Α-3--

402 3207 592 3264 conati
618 3211 769 3263 sunt.
797 3207 1024 3262 Etenim
1053 3207 1214 3279 quasi
1244 3206 1450 3261 fabulae
1487 3205 1782 3278 cujusdam
1823 3205 2037 3260 manias

399 3305 660 3360 narratas
703 3300 808 3354 sibi
859 3300 993 3355 dicit
1029 3305 1336 3371 ἀδολεσχίας,
1391 3300 1497 3354 hoc
1551 3304 1667 3368 est,
1722 3298 2037 3370 superfluas

401 3394 790 3465 loquacitates.
818 3394 1149 3448 Narratores
1176 3393 1329 3447 enim
1358 3392 1650 3463 superﬂui,
1679 3392 1821 3446 sicut
1845 3391 2037 3447 hirun-

402 3488 582 3556 dines,
627 3487 1020 3559 disputationis
1062 3487 1400 3541 suavitatem
1437 3487 1642 3540 nativze
1681 3485 2036 3557 loquacitatis

401 3579 823 3636 continuatione
863 3584 1253 3650 corrumpunt,
1294 3582 1358 3634 ut
1397 3578 1712 3634 Aristotelis
1753 3578 2036 3634 sententia

405 3680 511 3728 est.

473 3771 561 3822 20.
593 3767 894 3839 Superﬁua
927 3766 1102 3840 igitur
1129 3767 1377 3840 loquitur
1418 3765 1741 3834 haereticus,
1783 3766 1882 3838 qui
1920 3782 2034 3820 non

401 3861 664 3934 loquitur
703 3861 1026 3929 veritatem,
1060 3878 1178 3917 non
1202 3860 1452 3933 loquitur
1489 3860 1796 3916 secundum
1826 3860 2032 3932 legem.

405 3956 511 4019 Qui
560 3958 750 4010 autem
809 3954 1082 4010 fundatus
1132 3955 1190 4009 in
1243 3955 1371 4026 lege
1427 3959 1538 4022 est,
1594 3954 1749 4007 novit
1802 3971 1834 4007 a
1889 3953 2034 4008 veris

401 4047 546 4102 falsa
607 4048 959 4117 discernere;
1025 4047 1288 4118 spiritalis
1351 4047 1668 4103 eruditione
1730 4047 2034 4117 doctrinas,

402 4140 669 4195 haeretica
695 4140 766 4194 ab
796 4140 1142 4212 Evangelicis
1173 4141 1443 4212 dogmata
1468 4157 1752 4212 separare.
1786 4141 2034 4212 Ideoque

405 4251 476 4288 ne
529 4234 697 4288 multi
745 4233 1133 4305 decipiantur,
1179 4234 1415 4306 jubetur
1463 4252 1497 4288 a
1550 4235 1796 4290 Domino
1848 4237 2034 4290 tacere

401 4330 669 4399 peccator
708 4346 722 4381 :
764 4349 790 4376 «
846 4327 1126 4382 Peccatori
1177 4327 1370 4399 (enim)
1420 4327 1559 4381 dixit
1605 4328 1752 4381 Deus
1793 4345 1805 4381 :
1847 4327 2035 4392 Quare

402 4425 462 4475 tu
500 4437 728 4476 enarras
766 4419 1016 4492 justitias
1054 4437 1208 4476 meas
1237 4421 1406 4490 (Psal.
1437 4437 1579 4488 xLix,
1626 4419 1752 4492 l6)?
1779 4442 1806 4469 ››
1837 4420 2030 4476 Conti-

2131 1898 2398 1971 providus
2423 1898 2672 1970 aspirare
2705 1898 2811 1953 sibi
2853 1897 3120 1954 divinitus
3147 1903 3272 1954 orat
3297 1899 3529 1969 auxilia,
3573 1905 3628 1955 et
3656 1900 3765 1972 pia:

2133 1992 2449 2048 devotionis
2475 1992 2660 2047 ﬁdelia
2692 1991 2798 2046 sibi
2835 1993 3168 2064 adiumenta
3204 1992 3477 2065 deposcit.
3516 1994 3764 2066 Ideoque

2133 2103 2248 2141 non
2293 2085 2434 2158 petit
2471 2092 2532 2140 ut
2569 2085 2994 2157 persecutiones
3033 2086 3360 2157 quiescant;
3402 2087 3498 2142 sed
3537 2087 3594 2142 in
3629 2103 3761 2159 per-

2134 2178 2518 2235 secutionibus
2571 2195 2630 2234 se
2686 2179 2936 2250 postulat
2991 2179 3268 2250 adjuvari.
3325 2180 3543 2236 Sciebat
3607 2181 3768 2236 enim

2134 2273 2288 2346 quod
2338 2287 2538 2327 omnes
2603 2271 2850 2345 1111
2918 2273 3015 2344 qui
3063 2274 3254 2328 volunt
3315 2273 3404 2346 pie
3463 2274 3649 2329 vivere
3705 2275 3768 2329 in

2133 2366 2354 2422 Christo
2390 2368 2542 2434 Jesu,
2589 2365 3005 2437 persecutiones
3048 2366 3356 2438 patiuntur.
3393 2368 3594 2423 Mavult
3630 2385 3775 2440 ergo

2135 2459 2548 2533 persecutiones
2585 2459 2725 2531 pati,
2766 2463 2827 2514 ut
2854 2459 2947 2532 pie
2979 2460 3165 2515 vivere
3206 2460 3263 2514 in
3307 2461 3531 2517 Christo
3571 2463 3772 2533 possit.

2139 2555 2204 2608 Et
2251 2554 2396 2608 bene
2449 2569 2563 2607 non
2623 2569 2795 2607 unam
2861 2554 3352 2624 persecutionem,
3407 2554 3506 2609 sed
3564 2556 3780 2610 multas

2136 2647 2557 2718 persecutiones
2599 2645 2758 2716 dixit,
2802 2663 2907 2701 nec
2951 2647 3224 2718 expressit
3264 2647 3532 2703 vocabula
3573 2665 3777 2720 perse-

2136 2739 2468 2812 quentium;
2524 2740 2661 2810 quia
2714 2739 2877 2794 multi
2931 2743 3358 2811 persecutores,
3415 2759 3526 2796 non
3583 2743 3774 2797 solum

2139 2850 2278 2904 quos
2316 2833 2593 2902 videmus,
2627 2833 2727 2888 sed
2767 2833 2943 2888 etiam
2988 2850 3127 2905 quos
3165 2851 3279 2890 non
3315 2835 3589 2890 videmus.
3633 2837 3777 2890 Per-

2139 2931 2458 2997 sequuntur
2498 2926 2768 2998 nequitia:
2809 2926 3108 2998 spiritales,
3142 2929 3503 3001 persequitur
3541 2929 3776 2985 haereti-

2138 3036 2256 3089 cus,
2297 3015 2542 3088 Iudaeus,
2573 3020 2822 3091 gentilis.
2863 3020 3071 3076 Omnes
3111 3038 3248 3093 ergo
3294 3023 3398 3077 sub
3441 3030 3776 3094 persecuto-

2139 3113 2312 3182 ribus,
2358 3112 2456 3185 qui
2499 3115 2695 3167 volunt
2739 3113 2828 3185 pie
2876 3114 3096 3182 vivere;
3138 3115 3268 3186 quia
3309 3115 3405 3170 ubi
3448 3116 3610 3171 multi
3646 3134 3780 3188 per-

2137 3209 2438 3274 secutores,
2487 3207 2712 3261 nullum
2753 3224 2785 3260 a
2833 3208 3292 3278 persecutoribus
3336 3212 3499 3264 vacat
3541 3214 3779 3282 tempus

2138 3301 2229 3372 pie
2264 3300 2448 3354 vivere
2477 3300 2761 3372 gestienti.
2795 3303 2862 3357 Et
2897 3301 3133 3357 fortasse
3174 3319 3300 3357 cum
3344 3304 3778 3374 persecutiones

2136 3410 2249 3448 non
2291 3393 2566 3465 patimur,
2595 3398 2871 3466 tanquam
2903 3396 3264 3451 condemnati
3295 3396 3606 3464 habemur;
3635 3399 3777 3469 quia

2137 3503 2500 3558 nequaquam
2553 3487 2648 3557 pie
2696 3485 2883 3542 vivere
2932 3488 3169 3543 velimus
3217 3489 3274 3542 in
3326 3489 3568 3544 Christo.
3625 3491 3772 3545 Nam

2138 3579 2336 3651 utique
2381 3596 2511 3634 cum
2555 3578 2627 3634 sit
2670 3579 2903 3635 deﬁnita
2947 3582 3250 3650 sententia,
3292 3583 3444 3655 quod
3492 3606 3517 3632 ‹‹
3559 3583 3779 3638 Omnes

2136 3672 2234 3746 qui
2265 3673 2460 3728 volunt
2486 3673 2579 3744 pie
2607 3672 2793 3728 vivere
2835 3674 2892 3728 in
2930 3675 3151 3731 Christo
3183 3677 3311 3730 Jesu
3350 3677 3782 3747 persecutiones

2135 3766 2433 3839 patiuntur
2469 3767 2532 3837 (II
2578 3769 2736 3831 Tim.,
2781 3784 2858 3835 ιιι,
2902 3769 3005 3837 12),
3039 3791 3065 3818 ››
3109 3768 3332 3824 videtur
3367 3769 3414 3824 is
3449 3769 3541 3842 qui
3583 3787 3785 3842 perse-

2135 3860 2399 3916 cutiones
2436 3876 2551 3916 non
2589 3861 2820 3932 patitur,
2858 3861 3167 3930 abdicatus,
3207 3863 3360 3935 quod
3399 3881 3514 3918 non
3551 3864 3622 3918 sit
3659 3865 3784 3935 pia:

2135 3953 2471 4009 intentionis
2532 3955 2591 4009 in
2649 3954 2900 4023 Christo;
2959 3955 3315 4010 devotionem
3371 3957 3580 4011 etenim
3636 3958 3784 4013 ﬁdei

2135 4047 2333 4120 prazlia
2376 4053 2815 4120 persequuntur.
2861 4047 2918 4103 Si
2963 4048 3149 4103 desint
3191 4051 3520 4116 certamina,
3568 4067 3787 4106 vereor

2138 4159 2208 4196 nc
2257 4142 2450 4196 deesse
2494 4142 2770 4212 videatur,
2819 4141 2914 4214 qui
2959 4146 3180 4197 certare
3225 4143 3526 4199 desideret.
3576 4145 3787 4201 Omnia

2136 4234 2358 4306 inquit,
2415 4241 2682 4307 praecepta
2727 4241 2823 4290 tua
2865 4239 3083 4292 veritas.
3137 4237 3276 4301 Qua:
3327 4242 3608 4309 praecepta
3659 4238 3782 4292 nisi

2135 4327 2272 4384 illa:
2308 4328 2418 4384 «Si
2460 4345 2553 4384 me
2595 4329 2872 4400 persecuti
2915 4333 3066 4398 sunt,
3112 4335 3169 4385 et
3211 4347 3308 4385 vos
3352 4335 3789 4403 persequentur

2132 4423 2342 4492 (Jama,
2400 4439 2488 4490 xv,
2536 4423 2662 4494 20)?
2693 4446 2720 4474 »
2761 4425 2886 4478 Haec
2935 4427 3221 4497 praecepta
3267 4425 3469 4490 David,
3516 4426 3790 4480 anterior

403 4520 582 4570 cescat
611 4515 787 4585 igitur
810 4514 1070 4585 perﬁdia,
1093 4531 1222 4586 quae
1248 4513 1536 4570 tramitem
1564 4513 1814 4570 veritatis
1841 4518 2034 4570 tenere
2055 4523 2114 4596 D
2136 4514 2268 4570 licet
2293 4516 2703 4572 Incarnationis
2729 4524 3104 4585 sacramento,
3126 4518 3248 4588 jam
3278 4522 3473 4573 tamen
3501 4518 3793 4574 audiebat

401 4624 516 4664 non
574 4609 768 4674 novit,
825 4625 953 4678 quas
1009 4609 1108 4662 Dei
1165 4613 1444 4679 princepta
1505 4625 1616 4662 non
1675 4611 1874 4662 servat.
1929 4607 2039 4663 Cur

401 4701 555 4757 enim
604 4718 707 4772 per
756 4718 817 4755 os
865 4718 1028 4755 suum
1079 4705 1377 4756 assumunt
1420 4705 1743 4773 peccatores
1789 4703 2038 4773 Evange-

397 4795 540 4851 lium
591 4794 866 4860 veritatis,
921 4795 978 4848 in
1036 4811 1284 4866 quorum
1336 4812 1433 4850 ore
1484 4794 1688 4851 veritas
1744 4812 1859 4850 non
1911 4796 2037 4850 est?

401 4888 608 4944 Omnia
638 4891 832 4943 autem
859 4892 1144 4960 praecepta
1182 4888 1281 4942 Dei
1313 4888 1533 4957 veritas,
1563 4889 1819 4946 Christus
1845 4894 2034 4944 autem

398 4983 627 5038 veritas.
675 4983 799 5038 Non
843 4999 981 5055 ergo
1031 4988 1114 5036 est
1160 4982 1412 5037 Christus
1457 4983 1514 5037 in
1565 4983 2036 5054 disputationibus

399 5077 767 5148 perﬁdorum,
810 5077 906 5148 qui
951 5075 1086 5131 dicit
1124 5076 1342 5148 perﬁdo
1377 5099 1384 5129 :
1427 5099 1453 5124 ‹‹
1483 5077 1556 5131 Os
1583 5083 1743 5131 tuum
1777 5077 2031 5132 abunda-

399 5170 478 5224 vit
503 5170 779 5242 nequitia,
810 5173 867 5224 et
896 5170 1093 5242 lingua
1118 5174 1214 5224 tua
1240 5171 1600 5225 concinnavit
1628 5170 1817 5225 dolum
1849 5171 2032 5241 (lbid.,

402 5263 522 5333 l9);
563 5285 589 5312 η
624 5263 821 5337 lingua
860 5264 1016 5321 enim
1047 5281 1172 5336 quae
1202 5264 1318 5318 vult
1356 5269 1608 5320 astruere
1651 5264 2032 5331 mendacium,

397 5355 591 5412 dolum
639 5357 838 5430 utique
886 5359 1067 5414 nectit
1108 5358 1354 5413 assertis.
1410 5359 1521 5414 Sed
1568 5357 1898 5429 hujusmodi
1944 5357 2036 5411 fur

398 5454 516 5515 est,
567 5454 624 5506 ct
677 5466 806 5505 cum
858 5453 983 5508 fure
1041 5469 1405 5508 concurrens.
1462 5451 1617 5507 Multi
1673 5451 1829 5505 enim
1883 5451 2034 5506 fures

458 5623 559 5687 (45)
590 5624 718 5674 Post
741 5638 933 5676 vocem
969 5626 1256 5690 pulverem,
1288 5627 1344 5678 in
1377 5627 1494 5679 sola
1537 5627 1696 5679 Rom.
1725 5626 1856 5678 edit.
1893 5627 2036 5679 sub-

393 5695 650 5758 jungitur
674 5701 797 5743 ante
824 5694 1014 5756 faciem
1039 5699 1196 5748 venti.

462 5765 557 5828 (46)
583 5763 665 5813 Ita
701 5766 889 5814 cuncti
934 5779 1065 5815 mss.
1110 5782 1173 5818 ac
1219 5769 1350 5819 edit.
1391 5774 1521 5832 vet.,
1559 5770 1665 5820 nisi
1711 5771 1858 5834 quod
1898 5770 2031 5834 Reg.

397 5848 497 5901 pro
535 5839 794 5890 excutere,
843 5834 974 5898 legit
1013 5848 1308 5906 exsurgere.
1355 5841 1428 5893 At
1472 5841 1628 5897 Rom.
1678 5841 1808 5894 edit.
1864 5841 2033 5894 verba

2137 4609 2195 4664 in
2255 4609 2488 4680 spiritu,
2543 4614 2600 4664 et
2647 4610 2805 4682 quasi
2853 4611 3061 4668 Christi
3106 4611 3412 4683 discipulus
3463 4602 3591 4667 non
3634 4612 3790 4667 sub-

2137 4703 2398 4758 trahebat
2426 4720 2485 4757 se
2517 4704 2890 4775 passionibus,
2918 4705 3012 4761 sed
3042 4705 3445 4760 certaminibus
3467 4705 3791 4773 oﬁ'erebat;

2138 4795 2350 4850 sciebat
2379 4796 2485 4851 hoc
2512 4797 2617 4851 sibi
2641 4797 2709 4852 ad
2745 4797 2982 4869 gloriam
3013 4798 3386 4868 fructuosum,
3418 4800 3522 4855 hoc
3548 4799 3619 4853 ad
3652 4816 3795 4853 cus-

2137 4890 2355 4946 todiam
2409 4890 2604 4945 salutis
2659 4893 2876 4960 tutum,
2931 4895 2996 4945 ut
3042 4892 3436 4964 frequentibus
3490 4892 3797 4948 exercitiis

2129 4985 2272 5056 justi
2311 4985 2490 5056 pietas
2526 4983 2982 5040 conﬁrmaretur.
3022 4985 3141 5041 Cito
3178 4986 3329 5041 enim
3363 4987 3505 5041 ﬁdes
3539 4986 3792 5042 inexer-

2137 5078 2304 5132 citata
2363 5077 2704 5149 languescit,
2765 5083 2823 5133 et
2873 5078 3086 5133 crebris
3141 5079 3322 5134 otiosa
3376 5083 3625 5134 tentatur
3688 5080 3792 5134 in-

2136 5171 2467 5226 commodis.
2520 5171 2797 5226 Remissas
2852 5173 3116 5228 excubias
3174 5173 3410 5227 callidus
3467 5172 3799 5228 insidiator

2135 5264 2428 5336 irrumpit;
2494 5268 2782 5320 assuetum
2847 5271 3039 5321 autem
3092 5266 3240 5322 bello
3297 5266 3480 5320 virum
3535 5271 3798 5321 externa

2135 5358 2292 5412 fraus
2348 5357 2600 5428 instruit,
2657 5361 2714 5413 et
2766 5359 2840 5414 ad
2891 5360 3151 5431 gloriosae.
3203 5359 3464 5431 provehit
3519 5360 3795 5430 palmam

2137 5451 2405 5506 victoriae.
2439 5455 2550 5508 Pax
2581 5469 2716 5524 ergo
2745 5452 2874 5508 ﬁdei
2905 5455 3239 5525 corruptelas
3267 5453 3509 5508 materia
3535 5459 3637 5507 est.

2134 5631 2217 5681 sic
2274 5631 2531 5692 invertit,
2588 5632 2908 5682 conterimus
2956 5636 3001 5681 et
3046 5633 3374 5697 scorpionem
3435 5633 3802 5684 continentiae

2132 5699 2386 5764 vestigiis,
2418 5703 2763 5760 verecundiae,
2801 5703 3132 5768 justitiaeque
3172 5703 3453 5769 gressibus,
3501 5717 3566 5754 ne
3604 5706 3802 5768 possit

2133 5777 2387 5822 excutere.
2423 5774 2722 5834 Possumus,
2750 5777 2856 5827 etc.
