3930 6168
203 211 330 262 Η29

1332 208 1684 266 EXPOSITIO
1722 210 1789 268 IN
1829 211 2143 268 PSALMUM
2184 213 2410 268 CXVIII.

3417 221 3435 274 l
3448 219 3554 274 430

260 335 343 386 22.
377 333 564 397 Quam
595 334 831 405 pulchre
860 335 1024 390 nobis
1062 335 1467 406 persecutionis
1496 352 1819 407 processere
1842 337 2078 424 Asione
2129 339 2463 394 conteritur.
2518 339 2739 394 Miraris
2788 340 2833 393 si
2878 341 3028 396 inter
3075 344 3156 396 tot
3201 343 3548 399 adversarias

196 427 487 498 tempora!
518 429 774 483 Intentus
813 434 934 484 erat
977 429 1122 484 sicut
1160 429 1457 484 mendicus
1491 429 1709 486 intimae
1749 432 1822 488 ad

193 521 366 574 Deum
419 521 634 576 mentis
678 521 912 578 affectus
949 537 962 578 :
1007 521 1089 576 illi
1127 521 1480 593 adhterebat,
1529 540 1636 580 nec
1681 525 1825 580 ullas

190 613 565 685 cogitationes
631 615 1025 687 obstrepentes
1089 615 1196 671 sibi
1251 617 1539 688 precantis
1598 617 1824 675 animus

187 707 501 775 sentiebat;
555 708 688 764 totis
736 708 1044 764 visceribus
1092 709 1441 767 fundebatur
1507 713 1716 780 oratio,
1767 718 1825 768 et

187 801 416 874 quidam
444 802 798 858 miscebatur
823 818 1011 858 sermo
1035 819 1167 859 cum
1196 804 1470 876 Domino;
1498 806 1824 878 quotidiana

186 894 496 951 meditatio
544 896 794 952 habebat
834 897 959 968 jam
1013 900 1407 970 contemptum
1461 899 1717 971 periculi,
1766 905 1824 956 et

181 1005 341 1044 usum
390 989 689 1045 calcanda
728 989 930 1046 mortis
978 996 1286 1062 receperat.
1327 993 1483 1058 Quod
1531 993 1822 1048 amisimus

177 1082 542 1150 exercitium,
571 1086 795 1139 tentant
821 1085 958 1156 otia,
999 1101 1141 1157 quos
1174 1085 1320 1141 bella
1367 1102 1482 1142 non
1509 1087 1818 1159 fregerant.

175 1175 510 1231 Periculosa
537 1175 716 1247 igitur
751 1181 809 1233 et
836 1178 988 1250 pacis
1027 1178 1161 1235 otia.
1197 1180 1256 1234 In
1285 1195 1424 1251 pace
1464 1179 1658 1252 plures
1686 1196 1818 1252 per-

177 1268 513 1324 secutiones
567 1285 689 1325 esse
749 1274 1064 1342 coeperunt.
1117 1273 1316 1328 Nullus
1382 1277 1502 1328 erat
1563 1280 1822 1346 tempore

172 1363 600 1433 persecutionis
631 1363 914 1433 adulator,
944 1365 1043 1436 qui
1084 1365 1286 1421 callida
1321 1373 1578 1422 mentem
1620 1367 1818 1422 adula-

173 1457 319 1511 tione
347 1462 636 1512 tentaret.
676 1459 802 1513 Non
841 1458 1078 1514 vacabat
1114 1459 1306 1515 animo
1347 1461 1596 1532 corporis
1630 1460 1818 1516 delec-

170 1549 384 1604 tatione
436 1549 693 1618 dissolvi,
733 1554 789 1606 et
823 1552 1153 1622 hujusmodi
1193 1569 1322 1624 qua:
1360 1553 1623 1609 secundis
1655 1554 1822 1610 rebus

172 1643 406 1698 excitari
463 1643 669 1711 solent,
713 1644 1013 1701 admittere
1055 1647 1360 1718 passiones.
1396 1647 1524 1704 Ideo
1567 1649 1820 1720 Apostoli

1925 430 2253 502 passionum
2281 431 2428 488 vices
2455 449 2512 487 se
2555 431 2724 489 etiam
2762 433 2947 504 justus
2989 440 3179 490 tenere
3227 436 3311 491 vix
3353 439 3546 508 possit,

1925 541 2054 580 cum
2085 525 2332 597 impares
2374 526 2552 582 simus
2593 527 2768 582 etiam
2810 526 3167 600 singularum
3211 530 3547 587 certamini?

1923 619 2102 684 Quem
2156 619 2243 674 vel
2293 620 2410 674 sola
2459 619 2633 674 libido
2689 637 2806 675 non
2871 621 3148 688 vindicet,
3199 638 3371 694 quem
3433 641 3546 679 non

1925 711 2190 784 subjuget
2216 712 2471 780 avaritia,
2497 729 2672 784 quem
2695 713 2942 770 formido
2965 731 3082 770 non
3109 715 3352 787 quatiat,
3375 732 3546 788 quem

1923 805 2149 861 luxuria
2185 823 2299 862 non
2349 812 2602 877 enervet,
2637 823 2808 879 quem
2850 809 3074 863 lascivia
3117 825 3234 864 non
3270 809 3546 880 emolliat,

1925 914 2096 972 quem
2122 915 2239 954 non
2269 900 2594 972 supplantat
2621 899 2902 957 ebrietas?

1991 996 2080 1048 25.
2111 993 2282 1058 Quasi
2319 993 2574 1048 conscius
2613 993 2789 1066 igitur
2825 994 3068 1050 carnalis
3104 995 3467 1066 infirmitatis,
3493 1002 3552 1054 et

1923 1086 2243 1158 explorator
2267 1087 2679 1158 persecutionis
2718 1087 2959 1155 hostilis,
2989 1087 3127 1144 dicit
3155 1105 3168 1143 :
3199 1091 3553 1150 Paulominus

1923 1187 2431 1236 consummaverunt
2470 1196 2551 1236 me
2584 1182 2644 1235 in
2691 1188 2856 1236 terra.
2896 1182 2957 1236 In
2997 1181 3102 1236 hac
3139 1181 3337 1255 utique
3377 1188 3548 1252 terra,

1921 1273 1981 1328 in
2019 1289 2136 1345 qua
2177 1272 2358 1328 Adam
2402 1273 2620 1344 primus
2659 1274 2891 1344 corruit,
2925 1277 2983 1329 et
3019 1274 3280 1347 pudenda
3322 1277 3547 1349 prolap-

1921 1366 2080 1421 sione
2135 1365 2415 1436 dejectus,
2461 1367 2634 1421 totius
2679 1383 2941 1438 gressum
2995 1367 3201 1423 futuras
3249 1371 3547 1440 posterita-

1921 1459 1994 1514 tis
2043 1459 2264 1514 inflexit
2315 1461 2484 1529 (Gem,
2532 1476 2608 1528 ιιι,
2665 1460 2771 1531 l7).
2831 1461 2891 1515 In
2940 1461 3050 1516 hac
3102 1465 3274 1529 terra,
3323 1462 3382 1517 in
3435 1481 3550 1536 qua

1919 1553 2059 1608 Cain
2115 1569 2356 1607 munera
2407 1553 2659 1608 fraterna
2708 1553 2906 1608 dolens
2959 1554 3076 1608 suis
3125 1571 3245 1609 esse
3290 1557 3545 1626 prwlata,

1921 1647 2089 1702 ruina
2135 1651 2220 1702 est
2267 1649 2478 1701 stratus
2531 1645 2780 1701 invidiae.
2833 1647 3090 1720 Denique
3146 1664 3254 1703 vox
3305 1649 3546 1705 fraterni

170 1753 294 1790 cum
340 1737 739 1805 (sedarentur,
779 1737 1226 1808 includerentur,
1271 1719 1630 1796 exsultabant
1665 1719 2216 1813 quostanguinis
2261 1738 2526 1794 clamavit
2570 1755 2604 1793 a
2649 1743 2801 1794 terra
2851 1719 3029 1806 (Gem,
3075 1756 3152 1807 ιν,
3199 1742 3302 1812 l0).
3341 1742 3401 1796 In
3443 1742 3549 1797 hac

172 1830 272 1884 illis
302 1830 554 1900 injuriis
579 1835 808 1886 asternm
839 1831 1038 1902 gloriae
1074 1832 1346 1887 meritum
1373 1833 1483 1905 (47)
1512 1834 1818 1890 lucraban-

171 1929 276 1990 tur,
306 1924 423 1995 qui
465 1923 633 1995 digni
672 1925 900 1979 fuerant
935 1941 1037 1996 pro
1081 1925 1291 1982 Christi
1321 1927 1556 1982 nomine
1586 1928 1820 1998 injurias

171 2017 460 2072 sustinere
491 2017 666 2088 (Act.,
697 2033 749 2084 v,
777 2017 889 2088 41).
917 2019 1037 2073 Non
1075 2019 1187 2074 illis
1225 2022 1349 2075 erat
1380 2036 1513 2075 cura
1545 2021 1617 2076 de
1645 2022 1815 2092 patri-

173 2111 383 2178 monio,
419 2110 688 2165 studium
729 2111 800 2166 de
839 2113 1212 2183 potestatibus
1250 2117 1309 2168 et
1346 2114 1674 2182 honoribus,
1705 2132 1817 2170 non

175 2205 238 2260 de
265 2204 648 2276 praelatione,
687 2221 816 2276 qua:
844 2204 1018 2260 etiam
1042 2206 1226 2276 justos
1252 2207 1542 2278 exagitare
1577 2225 1814 2264 consue-

177 2300 272 2367 vit;
305 2298 416 2353 sed
440 2297 547 2352 ille
578 2315 638 2352 se
664 2297 924 2369 praeferri
960 2299 1214 2370 putabat,
1244 2300 1342 2372 qui
1382 2306 1525 2358 esset
1560 2302 1816 2374 pluribus

178 2391 510 2447 verberibus
557 2391 871 2464 ﬂagellatus
900 2392 1030 2462 (48).

241 2488 326 2540 23.
352 2485 571 2540 Merito
616 2501 757 2556 ergo
798 2486 974 2540 David
1015 2486 1333 2543 occasiones
1372 2489 1584 2560 expetit
1614 2489 1812 2557 trium-

191 2578 407 2648 phandi,
448 2584 513 2634 et
563 2578 816 2634 certandi
856 2579 1078 2650 copiam
1124 2596 1228 2652 pro
1273 2580 1593 2637 devotionis
1631 2582 1815 2638 erudi-

203 2670 337 2725 tione
365 2688 474 2727 non
501 2671 737 2740 metuit,
765 2672 864 2744 qui
891 2678 1126 2730 noverat
1152 2675 1568 2745 persecutiones
1598 2675 1814 2747 iniquo-

197 2779 304 2818 mm
326 2765 614 2836 proﬁcere
645 2764 714 2818 ad
743 2765 1095 2831 incrementa
1136 2767 1374 2822 virtutis.
1405 2767 1454 2840 1
1473 2767 1520 2840 1
1538 2768 1664 2841 12
1691 2770 1813 2825 Non

187 2858 321 2912 enim
347 2858 504 2913 dixit
538 2875 551 2911 :
583 2857 729 2922 Quia
767 2858 1188 2930 persecutiones
1214 2862 1422 2932 patior,
1449 2861 1657 2932 adjuva
1686 2879 1809 2932 me;

177 2951 264 3005 sed
296 2970 309 3005 :
342 2953 588 3021 lnjuste,
632 2950 835 3024 inquit,
853 2955 1126 3023 persecuti
1161 2960 1286 3009 sunt
1325 2969 1427 3016 me,
1465 2955 1674 3024 adjuva
1707 2971 1809 3011 me.

174 3045 352 3100 Potest
399 3045 574 3100 enim
624 3045 749 3115 quis
792 3049 850 3100 et
891 3045 1311 3117 persecutiones
1360 3047 1498 3118 pati,
1545 3048 1646 3102 sed
1698 3066 1810 3104 non

172 3140 380 3209 injuste
407 3156 424 3204 ;
449 3137 595 3210 quia
625 3145 708 3193 est
749 3139 926 3194 etiam
963 3139 1117 3210 justa
1160 3141 1500 3212 persecutio,
1531 3142 1578 3196 si
1623 3142 1807 3198 oderi-

169 3248 286 3286 mus
328 3232 640 3299 obscenos,
679 3231 726 3286 si
767 3231 958 3290 infesti
1002 3233 1179 3289 simus
1223 3233 1465 3305 injustis,
1499 3234 1545 3289 si
1588 3234 1810 3308 iniquos

165 3326 408 3382 velimus
435 3323 790 3398 opprimere,
825 3342 894 3382 ne
919 3326 1177 3398 pluribus
1201 3330 1469 3396 noceant,
1500 3327 1544 3383 si
1573 3345 1808 3384 avarum

164 3420 388 3476 fraudis
433 3435 557 3474 suae
601 3419 958 3492 compendiis
1001 3437 1298 3488 exuamus,
1350 3420 1395 3475 si
1445 3438 1812 3478 exsecramur

163 3514 546 3569 insolentiam
590 3513 990 3584 superborum.
1018 3513 1124 3578 Qui
1167 3518 1360 3569 autem
1398 3531 1502 3588 pro
1542 3515 1673 3585 fide,
1703 3532 1808 3587 pro

156 3607 406 3676 jnstitia,
441 3623 548 3678 pro
589 3605 844 3662 castitate
880 3607 1340 3679 persecutionem
1380 3609 1619 3680 patitur,
1662 3609 1807 3665 bene

160 3703 204 3755 is
230 3701 382 3756 dicit
410 3716 425 3754 :
461 3701 670 3768 Iniuste
691 3703 958 3771 persecuti
982 3707 1110 3756 sunt
1137 3717 1239 3764 me,
1271 3701 1481 3771 adjuva
1510 3718 1608 3757 me.

225 3796 324 3849 24.
372 3795 552 3861 (Vers.
597 3795 708 3864 87.)
743 3793 1010 3866 Sequitur
1045 3811 1240 3850 versus
1278 3795 1552 3866 septimus
1593 3813 1606 3850 :
1659 3799 1804 3852 Pau-

160 3890 407 3942 laminas
450 3893 957 3943 consummaverunt
1003 3904 1085 3944 me
1139 3890 1199 3942 in
1248 3893 1422 3953 terra;
1481 3905 1576 3959 ego
1627 3896 1808 3946 autem

159 3998 270 4036 non
299 3981 586 4050 dereliqm’
612 3981 877 4036 mandatu-
907 3985 1022 4036 tua.
1064 3983 1183 4037 Non
1222 3983 1507 4054 superfluo
1549 3982 1806 4038 divinum

159 4073 436 4146 quaesivit
463 4073 760 4143 auxilium,
801 4075 900 4146 qui
942 4075 1153 4130 sciebat
1186 4075 1296 4131 sibi
1341 4077 1606 4132 adversus
1634 4077 1806 4133 fortes

161 4185 289 4223 esse
349 4171 682 4236 certamen,
736 4167 1014 4239 pluraque
1066 4168 1172 4222 sibi
1228 4169 1422 4240 praelia
1490 4175 1808 4241 praeparata

163 4261 519 4316 dimicaturo
544 4277 698 4316 nunc
727 4262 994 4317 adversus
1030 4261 1310 4333 nequitias
1347 4263 1646 4334 spiritales,
1676 4280 1804 4335 quae

166 4360 304 4410 sunt
337 4354 398 4408 in
439 4353 776 4421 caelestibus,
807 4371 956 4410 nunc
983 4355 1252 4411 adversus
1287 4357 1532 4412 calorem
1572 4358 1801 4430 sangui-

1921 1836 2073 1888 terra
2123 1834 2238 1888 Noe
2295 1837 2523 1887 sanctus
2571 1848 2745 1904 quem
2804 1833 2977 1888 totius
3026 1832 3179 1888 orbis
3235 1833 3448 1889 diluvia
3487 1835 3547 1890 in

1919 1925 2090 1981 tantis
2117 1924 2376 1997 procellis
2403 1931 2458 1980 et
2485 1925 2750 1981 ﬂuctibus
2774 1925 3111 1998 pervigilem
3139 1925 3544 1998 probaverunt,

1920 2018 2017 2074 ubi
2063 2023 2253 2074 tamen
2303 2018 2484 2074 otioso
2531 2035 2698 2074 curas
2740 2018 2947 2074 laxavit
2983 2035 3243 2090 corpore,
3278 2037 3547 2077 somnum

1920 2112 2210 2168 ebrietatis
2245 2111 2502 2180 offendit,
2541 2112 2947 2166 contumeliam
2987 2113 3094 2183 (49)
3126 2117 3382 2184 paternae
3421 2113 3544 2185 pie-

1919 2205 2049 2260 tatis
2089 2205 2324 2260 incurrit
2359 2205 2538 2276 (Gem,
2588 2221 2661 2272 Ix,
2706 2208 2794 2272 2t,
2833 2205 2946 2275 22),
2984 2205 3190 2260 docens
3231 2205 3547 2278 periculosa

1921 2298 2036 2354 otia
2061 2315 2275 2354 securae
2303 2314 2425 2353 esse
2452 2297 2666 2352 virtuti.
2701 2299 2761 2354 In
2796 2298 2904 2352 hac
2943 2304 3095 2353 terra
3121 2299 3225 2354 Lot
3249 2300 3545 2355 reverendi

1918 2391 2175 2464 parentis
2216 2391 2485 2458 imitator,
2525 2407 2696 2463 quem
2745 2407 2862 2446 non
2901 2391 3236 2446 luxuriantis
3278 2391 3542 2448 Sodomi-

1918 2488 2069 2540 tante
2117 2485 2297 2557 plebis
2351 2485 2698 2540 decoloravit
2748 2484 3077 2556 impuritas,
3134 2500 3250 2540 non
3314 2485 3547 2540 flamma

1917 2578 2180 2635 Sodomae
2220 2577 2472 2633 ardentis
2501 2577 2752 2644 involvit,
2791 2576 3086 2632 veniabilis
3116 2576 3352 2648 quidem
3382 2578 3544 2649 igno-

1915 2671 2139 2738 rantiaa,
2184 2671 2468 2742 pudendae
2510 2676 2702 2724 tamen
2749 2669 3166 2726 commistionis
3209 2686 3322 2725 non
3365 2671 3544 2726 evasit

1914 2765 2194 2819 incestum
2261 2765 2444 2831 (Gem,
2509 2779 2632 2829 ιιι,
2697 2762 2900 2833 32-36).
2966 2761 3158 2817 Uritur
3213 2762 3320 2818 istc
3376 2764 3539 2818 flam-

1915 2858 2025 2913 mis
2067 2857 2396 2923 mulierum,
2442 2872 2613 2930 quem
2659 2856 2965 2927 sulphurea
3004 2855 3238 2911 flamma
3292 2874 3404 2912 non
3452 2874 3543 2912 us-

1913 2951 2004 3007 sit.

1985 3048 2074 3100 26.
2104 3046 2163 3100 In
2202 3044 2307 3098 hac
2350 3050 2502 3098 terra
2529 3043 2700 3098 etiam
2740 3041 2912 3098 David
2949 3041 3368 3114 propemodum
3404 3058 3537 3097 con-

1914 3144 2262 3194 summatum
2311 3154 2370 3192 se
2423 3153 2544 3192 esse
2592 3135 2756 3191 dixit.
2813 3136 3114 3208 Siquidem
3165 3152 3310 3207 pene
3358 3140 3542 3191 motos

1913 3232 2088 3304 pedes
2114 3249 2243 3286 suos
2269 3236 2325 3286 et
2358 3247 2584 3302 gressus
2620 3247 2752 3286 suos
2792 3230 3157 3301 paulominus
3186 3229 3360 3285 sensit
3399 3229 3538 3284 effu-

1911 3342 2034 3395 sos;
2079 3325 2217 3398 quia
2270 3324 2490 3380 divitias
2533 3325 2832 3379 saeculares
2889 3327 2948 3378 et
2996 3340 3284 3379 successus
3333 3340 3534 3395 corpo-

1913 3418 2118 3474 ralium
2173 3434 2577 3490 prosperorum
2628 3419 2754 3472 loco
2815 3417 3188 3473 beatitudinis
3248 3416 3541 3472 aestimavit

1909 3511 2302 3585 peccatoribus
2326 3511 2639 3566 abundare.
2679 3512 2917 3582 Propter
2944 3510 3097 3582 quod
3137 3510 3312 3564 etiam
3351 3510 3540 3583 ﬂagel-

1910 3607 2057 3661 latus
2095 3611 2215 3673 est;
2261 3605 2362 3660 sed
2405 3604 2627 3675 flagella
2658 3603 2814 3674 justo
2858 3603 3112 3658 remedia
3147 3602 3341 3658 salutis
3384 3607 3536 3658 sunt.

1912 3697 2170 3772 1113
2211 3719 2240 3747 α
2279 3698 2526 3769 Castigat
2571 3697 2724 3752 enim
2770 3696 3041 3750 Dominus
3082 3712 3312 3750 omnem
3353 3696 3533 3750 lilium

1909 3809 2080 3863 quem
2119 3791 2321 3864 recipit
2362 3790 2568 3862 (llebr.,
2619 3805 2714 3857 xu,
2754 3790 2828 3857 6).
2867 3809 2894 3838 »
2939 3789 3099 3843 Unde
3142 3788 3313 3843 etiam
3365 3789 3535 3842 David

1907 3901 2214 3940 conversus
2262 3885 2333 3938 ad
2388 3882 2614 3940 Domini
2659 3881 3032 3948 charitatem,
3080 3886 3250 3952 atque
3303 3880 3360 3934 in
3414 3881 3536 3951 ejus

1909 3978 2166 4034 eruditus
2217 3977 2548 4049 prmceptis,
2602 3993 2718 4031 non
2776 3975 3050 4047 ignorans
3102 3973 3254 4045 quod
3309 3974 3536 4029 caducis

1906 4073 2120 4127 caduca
2147 4071 2386 4127 fortuito
2411 4070 2663 4143 quodam
2695 4069 3030 4124 deferantur
3061 4071 3288 4133 eventu,
3317 4073 3375 4122 et
3404 4067 3536 4140 quia

1907 4182 2024 4220 non
2074 4165 2398 4220 divitiarum
2451 4162 2826 4230 abundantia,
2874 4163 2973 4217 sed
3029 4162 3300 4217 virtutum
3358 4161 3537 4234 gratia

1906 4259 2035 4314 vitae
2091 4258 2398 4330 probabilis
2461 4258 2665 4312 merita
2724 4259 3056 4329 pensantur,
3109 4256 3303 4310 dilexit
3353 4256 3534 4326 magis

1905 4370 2077 4424 quam
2122 4351 2430 4424 dereliquit
2473 4351 2744 4406 mandata
2780 4351 2902 4417 Dei,
2933 4349 3139 4422 quibus
3177 4349 3310 4404 solis
3352 4349 3534 4420 potuit

163 4451 272 4515 nis,
319 4452 382 4503 et
423 4447 758 4502 innumeras
797 4448 1050 4519 corporis
1093 4448 1262 4520 hujus
1307 4449 1619 4519 illecebras,
1664 4467 1799 4522 qua-
1823 4451 1881 4523 Ι)
1906 4445 2240 4518 ingruentes
2265 4444 2547 4517 nequitias
2567 4444 2870 4516 spiritales,
2895 4448 2952 4498 et
2977 4443 3340 4514 insurgentes
3360 4442 3531 4513 hujus

164 4559 290 4597 rum
336 4557 492 4596 nexu
537 4541 686 4595 vario
731 4547 790 4596 et
832 4541 1103 4597 diuturna
1143 4543 1536 4600 colluctatione
1572 4544 1804 4598 lassatus

163 4635 436 4706 pudendo
476 4635 778 4690 corruisset
815 4635 1149 4706 certamine,
1187 4635 1292 4691 nisi
1335 4635 1467 4692 ﬁdei
1513 4653 1573 4691 se
1619 4637 1803 4692 radice

166 4730 468 4784 tenuisset.
527 4728 822 4784 Discamus
881 4745 1075 4786 cavere
1139 4745 1315 4801 quem
1377 4729 1661 4802 gerimus,
1712 4729 1803 4785 hic

169 4823 327 4878 nobis
383 4821 567 4878 hostis
618 4821 980 4892 domesticus,
1029 4821 1124 4878 hic
1170 4822 1431 4878 inimicus
1484 4822 1672 4895 gravis
1719 4826 1806 4878 est

169 4916 338 4972 nostri
403 4915 582 4987 ipsius
648 4932 782 4970 usus
844 4916 1114 4988 corporis.
1183 4917 1581 4972 lnﬂammatur
1632 4916 1798 4983 vino,

169 5010 324 5065 ardet
362 5009 626 5079 libidine,
665 5009 872 5065 decore
917 5009 1175 5065 mulieris
1225 5009 1575 5066 occursantis
1609 5027 1802 5066 accen-

174 5103 338 5169 ditur,
395 5119 498 5175 spe
549 5103 750 5171 alitur,
810 5103 1207 5176 desperatione
1254 5104 1466 5172 uritur,
1521 5103 1801 5159 illecebris

172 5198 441 5266 exuritur,
496 5214 612 5252 non
661 5203 933 5268 evaporat
979 5197 1204 5264 effectu,
1261 5197 1465 5253 timore
1515 5197 1798 5265 turbatur,

174 5295 317 5345 metu
353 5290 666 5361 frangitur,
703 5289 922 5344 luxuria
960 5290 1236 5356 mollitur,
1281 5289 1507 5345 lascivia
1543 5290 1796 5345 dissolvi-

174 5386 276 5450 tur,
326 5383 528 5440 labore
578 5383 841 5450 afficitur,
889 5383 1267 5439 sollicitudine
1319 5383 1626 5456 fatigatur,
1682 5400 1800 5456 pas-

226 5553 319 5612 (ﬂ)
346 5552 478 5602 Mss.
508 5565 620 5602 non
649 5551 832 5616 pauci,
856 5557 1062 5602 sterne
1090 5553 1282 5616 gratiae
1304 5553 1572 5615 meritum,
1599 5555 1706 5605 etc.

231 5625 324 5684 (48)
352 5623 493 5673 Voci
524 5623 840 5688 ﬂagellatus,
872 5623 1008 5675 Cod.
1038 5624 1181 5674 Aud.
1215 5629 1271 5675 et
1299 5638 1447 5675 unus
1486 5625 1623 5675 Nav.
1657 5623 1801 5689 adji-

175 5694 320 5744 ciunt
359 5710 371 5740 :
409 5695 547 5744 Time
585 5709 706 5758 ergo
740 5695 834 5759 qui
866 5708 1071 5759 semper
1100 5697 1182 5746 vis
1227 5708 1336 5747 esse
1371 5696 1644 5761 pralatus.
1689 5695 1800 5748 Sed

175 5763 304 5814 illud
334 5766 610 5829 glossema
635 5779 759 5819 esse
785 5766 970 5832 quivis
998 5765 1162 5821 facile
1177 5765 1530 5833 iudicaverit.

1904 4541 2158 4611 corporis
2186 4539 2472 4610 appetitus
2497 4538 2554 4592 in
2588 4539 2692 4592 hac
2719 4541 2831 4591 tam
2862 4535 3084 4608 fragilis
3113 4539 3331 4591 naturae
3371 4535 3529 4590 infir-

1904 4633 2100 4688 mitate
2154 4648 2446 4704 superare.
2493 4633 2688 4702 Magna
2734 4629 2910 4702 igitur
2957 4630 3166 4697 virtus,
3219 4646 3376 4700 quas,
3429 4630 3532 4684 sub

1905 4725 2079 4780 tantis
2107 4724 2591 4797 persecutionibus
2616 4724 2942 4794 constituta,
2981 4727 3039 4779 et
3065 4741 3211 4795 pene
3239 4740 3529 4795 oppressa,

1904 4826 2101 4876 tamen
2147 4835 2314 4874 suum
2357 4835 2471 4873 non
2511 4821 2597 4873 est
2639 4817 2810 4873 oblita
2845 4817 3192 4890 praesidium,
3224 4833 3327 4872 nec
3366 4833 3528 4871 man-

1903 4916 2038 4970 data
2065 4913 2287 4969 Domini
2317 4912 2641 4984 dereliquit.
3482 4897 3486 4901 I

1973 5011 2063 5063 27.
2107 5008 2278 5078 (Vers.
2311 5006 2428 5076 88.)
2461 5005 2592 5061 Ideo
2633 5006 2766 5079 quia
2799 5007 2986 5061 solum
3030 5005 3135 5059 sibi
3177 5006 3356 5060 Deum
3396 5021 3526 5075 pro-

1902 5101 2074 5157 fuisse
2121 5101 2408 5172 cognovit,
2447 5117 2646 5173 preces
2687 5100 2756 5154 ad
2802 5099 3110 5155 Dominum
3151 5098 3424 5167 dirigens,
3452 5098 3529 5152 ait

1903 5211 2064 5251 versu
2132 5195 2394 5267 sequenti
2450 5215 2460 5250 :
2520 5194 2826 5250 Secundum
2889 5191 3312 5247 misericordiam
3381 5196 3532 5246 tuam

1900 5290 2113 5358 viviﬁca.
2137 5305 2247 5354 me;
2283 5294 2334 5342 et
2375 5289 2673 5343 custodiam
2713 5287 3019 5340 testimonia.
3055 5287 3162 5338 oris
3202 5287 3284 5338 tui
3311 5286 3528 5355 (Supra,

1903 5399 2048 5437 vers.
2095 5382 2201 5452 I7).
2242 5383 2424 5446 Quam
2460 5379 2891 5436 vivificationem
2929 5377 3013 5433 sui
3053 5377 3322 5449 postulet,
3359 5395 3528 5450 supra

1966 5550 2065 5609 (49)
2101 5549 2309 5601 Omnes
2344 5548 2496 5609 edit.,
2538 5545 2753 5612 o/fcndit
2789 5545 3026 5610 (quando
3073 5546 3388 5598 mediastino
3423 5545 3532 5609 ﬁlio

1900 5621 2182 5684 delimata)
2206 5619 2591 5675 contumeliam,
2631 5622 2736 5669 etc.
2771 5617 2979 5669 Verum
3013 5631 3139 5682 quae
3175 5617 3534 5669 includuntur

1902 5694 2145 5756 uncinis,
2175 5705 2399 5758 prorsus
2428 5693 2485 5742 in
2510 5689 2681 5742 nullis
2705 5689 2830 5742 cod.
2857 5689 3224 5756 roperiuntur.
