3862 6166
503 257 622 311 Mill

1966 251 2020 302 S.
2065 247 2374 303 AMBROSH

3668 265 3772 319 1432

496 373 767 441 diximus;
799 372 933 444 quia
972 387 1088 426 non
1133 369 1189 425 id
1231 371 1492 441 precatus
1536 371 1621 422 est
1661 368 1817 439 quod
1858 367 2122 435 habebat,
2148 379 2204 450 Α
2230 365 2500 421 Dominus
2528 367 2706 432 Jesus,
2738 365 2822 420 vel
2866 365 3132 432 Ecclesia,
3164 365 3617 430 fraudulentorum
3649 379 3776 437 dolos

497 461 594 524 sed
639 467 790 538 quod
838 463 1222 534 desiderabat,
1262 463 1314 518 id
1362 465 1463 529 est,
1505 465 1570 516 ut
1610 461 1822 516 viveret
1854 463 1912 516 in
1958 464 2124 517 mter-

499 576 676 627 num,
729 559 1052 628 intelligens
1091 557 1220 611 vitae
1273 555 1685 610 beatitudinem
1730 555 1790 609 in
1840 556 1949 610 hoc
1997 555 2127 610 fluc-

498 653 681 710 tuenti
706 657 763 708 et
792 652 967 708 infido
997 649 1160 706 nobis
1187 665 1425 720 corpore
1451 664 1572 704 esse
1602 665 1721 703 non
1746 665 1936 719 posse,
1965 649 2127 719 cujus

501 746 853 803 imbecillitas
891 744 1246 816 propositum
1298 743 1504 798 animm
1556 742 1930 813 derelinquat.
1976 742 2128 812 Opus

501 844 589 896 est
612 855 752 911 ergo
798 836 1183 893 misericordia
1211 837 1332 904 Dei,
1368 841 1434 890 ut
1470 835 1741 890 continua
1767 838 1824 888 et
1851 837 2129 906 perpetua

501 933 572 989 sit
622 933 680 988 in
720 932 827 987 hoc
864 946 1099 1002 corpore
1153 929 1486 998 vivificatio;
1535 933 1599 982 ut
1644 927 1899 999 quotidie
1941 927 2130 997 justus

497 1029 611 1083 Deo
668 1025 839 1092 vivat,
893 1029 1240 1096 peccatoque
1289 1021 1590 1076 moriatur.
1638 1021 1696 1075 Si
1755 1019 1912 1075 enim
1965 1021 2130 1091 culpa

503 1118 785 1176 moriatur
813 1117 870 1172 in
899 1116 1083 1182 nobis,
1117 1115 1222 1170 erit
1259 1114 1371 1168 vita
1411 1114 1522 1169 Deo
1550 1113 1759 1180 vivens,
1789 1117 1845 1167 et
1875 1113 2131 1168 custodia

502 1215 914 1285 prmceptorum
944 1209 1256 1264 caelestium
1296 1222 1690 1278 perseverans,
1730 1223 1902 1278 quam
1935 1207 2130 1279 utique

500 1306 596 1362 ille
622 1305 886 1372 custodit,
913 1303 1012 1374 qui
1044 1302 1358 1356 viviﬁcatnr
1381 1317 1414 1354 a
1438 1300 1701 1355 Domino.

574 1402 663 1455 28.
693 1397 946 1467 Denique
978 1394 1242 1450 viviﬁcari
1273 1411 1331 1449 se
1357 1396 1490 1448 ante
1517 1393 1696 1465 poscit
1725 1410 1758 1448 a
1786 1394 2048 1460 Domino,
2077 1397 2135 1448 et

499 1496 700 1565 postea
726 1489 1042 1545 custodiam
1068 1487 1526 1542 testimoniorum
1553 1487 1864 1542 caelestium
1908 1487 2132 1558 pollice-

504 1589 628 1653 tur;
657 1600 774 1639 non
817 1583 972 1638 enim
1001 1582 1328 1638 communis
1358 1582 1478 1636 hmc
1504 1581 1617 1636 vita
1648 1581 1889 1635 custodit
1914 1581 2134 1635 cmleste

2226 477 2257 512 a
2311 459 2642 514 vineissuis
2686 457 3151 514 exterminandos
3199 475 3318 514 esse
3364 466 3683 537 prmcipiant;
3723 492 3779 530 ne

2229 551 2506 623 pusillulis
2554 553 2734 606 vineis
2771 557 3034 620 noceant,
3077 552 3211 623 quia
3253 554 3445 610 adultis
3472 558 3584 627 jam
3618 564 3783 622 vitibus

2227 644 2341 717 (51)
2367 661 2574 700 nocere
2601 661 2717 700 non
2745 651 3002 716 possunt.
3035 645 3336 701 Hmreticus
3359 649 3499 704 enim
3525 651 3779 724 imperfec-

2229 743 2350 793 tum
2378 742 2596 795 tentare
2626 742 2832 809 potest,
2866 755 2983 794 non
3027 744 3212 810 potest
3237 743 3579 812 supplantare
3601 751 3783 816 perfec-

2229 837 2372 887 tum.
2683 916 2906 971 SERMO
2955 916 3395 973 DUODECIMUS.

2887 997 2919 1072 5
2961 1009 3197 1070 Lamed.

2305 1116 2354 1166 1.
2392 1113 2591 1168 Lamed
2625 1112 2818 1167 littera
2856 1112 3198 1168 duodecima
3231 1112 3439 1186 incipit,
3477 1118 3623 1188 cujus
3649 1120 3787 1176 inter-

2233 1207 2473 1278 pretatio
2509 1222 2618 1270 cor,
2650 1206 2760 1272 vel,
2795 1209 2858 1260 ut
2893 1207 3000 1260 alia
3041 1207 3426 1278 interpretatio
3460 1209 3637 1280 habet,
3659 1229 3786 1270 servo.

2235 1299 2391 1355 Unde
2418 1299 2646 1354 videtur
2687 1299 3022 1367 admonere,
3065 1300 3151 1356 vel
3192 1300 3499 1371 prudenter
3532 1304 3791 1361 hmcintel-

2234 1393 2480 1463 ligenda,
2519 1393 2607 1446 vel
2649 1392 2883 1448 sollicite
2921 1393 3204 1448 servanda
3239 1399 3534 1466 praecepta.
3569 1399 3692 1453 Nam
3714 1401 3794 1454 hoc

2234 1486 2451 1557 primus
2511 1486 2700 1541 statim
2761 1486 3070 1542 versiculus
3116 1487 3405 1542 admonet.
3464 1492 3566 1545 Cor
3625 1493 3794 1546 etenim

2235 1579 2338 1633 sibi
2378 1580 2661 1635 mundum
2691 1579 2875 1634 creari
2912 1581 2972 1634 in
3007 1581 3394 1651 superioribus
3421 1582 3508 1638 hic
3543 1585 3794 1654 Propheta,

504 1677 857 1743 mandatum,
907 1676 1008 1731 sed
1052 1675 1150 1729 illa
1190 1691 1321 1746 qum
1365 1690 1605 1729 munere
1654 1673 1885 1728 fulcitur
1923 1677 2134 1728 mterno
2167 1747 2180 1748 γ
2237 1676 2298 1726 ut
2325 1673 2572 1743 legimus
2617 1674 2788 1738 (Psat.
2829 1689 2878 1741 L,
2924 1675 3030 1744 12),
3074 1675 3396 1745 postulavit.
3434 1677 3536 1730 Cor
3571 1677 3662 1731 sibi
3696 1695 3796 1748 pru-

506 1787 609 1840 per
634 1769 1025 1840 operationem
1065 1768 1265 1838 gratim
1308 1767 1594 1838 spiritalis.
1635 1767 1932 1820 Possumus
1958 1747 2211 1821 etiamB
2236 1765 2379 1820 dens
2427 1766 2546 1820 dari
2597 1765 2777 1820 oravit
2814 1783 2847 1818 a
2892 1766 3130 1821 Domino
3177 1767 3327 1821 ﬁlius
3377 1768 3540 1838 hujus
3583 1747 3795 1824 Saloinou

505 1864 582 1918 sic
613 1861 948 1933 intelligere,
993 1860 1126 1932 quia
1158 1861 1283 1930 jam
1313 1861 1600 1931 Propheta
1635 1875 1764 1931 qum
1803 1863 1968 1914 erant
1993 1860 2133 1930 legis

506 1957 833 2026 agnoverat,
862 1956 1025 2024 optat
1051 1954 1327 2008 adventus
1358 1952 1633 2007 Dominici
1658 1952 2131 2018 misericordiam,

504 2052 569 2103 ut
612 2047 854 2118 accipiat
891 2049 1199 2116 prmcepta,
1243 2047 1449 2117 quibus
1490 2047 1581 2100 lex
1623 2045 2031 2116 adimpleatur;
2076 2050 2136 2100 ut

507 2157 621 2196 non
669 2139 856 2194 solum
903 2139 1243 2194 adulterium
1298 2139 1467 2194 sciret
1506 2154 1624 2194 esse
1672 2137 1986 2205 vitandum,
2036 2139 2134 2194 sed

505 2235 678 2289 etiam
722 2233 1240 2303 concupiscentiam
1287 2233 1550 2287 adulterii
1597 2231 2015 2287 declinandam.
2063 2233 2137 2287 Os

507 2328 663 2382 enim
712 2327 890 2380 Patris
941 2327 1102 2380 Jesus
1151 2326 1424 2380 Dominus
1467 2327 1686 2381 locutus
1729 2329 1814 2380 est
1858 2326 1916 2380 in
1959 2328 2138 2380 Evan-

509 2420 678 2492 gelio,
719 2435 852 2474 eum
903 2418 998 2491 qui
1045 2419 1248 2474 viderit
1291 2420 1591 2474 mulierem
1634 2419 1704 2473 ad
1743 2417 2138 2490 concupiscen-

509 2514 646 2573 dum
698 2529 858 2580 eam,
913 2512 971 2566 in
1017 2512 1188 2567 corde
1233 2528 1336 2566 suo
1381 2511 1730 2566 adulterium
1780 2517 2137 2584 perpetrasse

507 2608 750 2672 (Matth,
805 2623 854 2675 v,
907 2608 1021 2674 28).
1076 2607 1364 2669 Quantum
1413 2605 1724 2677 Evangelia
1773 2605 2139 2677 profecerunt

506 2700 696 2754 studia
721 2699 1011 2767 castitatis,
1039 2715 1153 2770 quo
1181 2715 1299 2753 non
1336 2698 1520 2754 solum
1562 2699 1828 2770 turpioris
1853 2699 2009 2766 facti,
2041 2699 2136 2753 sed

510 2793 684 2847 etiam
712 2791 881 2846 studii
912 2791 1214 2862 degeneris
1241 2791 1540 2862 ablegatur
1567 2791 1938 2862 opprobrium
1961 2791 1972 2846 !

578 2888 666 2941 29.
704 2886 812 2949 Qui
854 2887 988 2939 sunt
1026 2887 1220 2939 autem
1267 2883 1336 2938 de
1384 2884 1590 2955 quibus
1635 2884 1770 2938 dicit
1811 2885 1967 2955 quod
2007 2900 2138 2954 pau-

512 2980 766 3034 lominus
800 2980 1339 3033 consummaverunt
1375 2994 1505 3031 eum
1539 2978 1599 3031 in
1639 2981 1813 3044 terra,
1857 2978 1964 3031 nisi
2011 2993 2136 3048 per-

508 3071 837 3129 secutores?
883 3073 963 3125 De
1018 3085 1265 3141 quorum
1316 3085 1428 3123 uno
1477 3071 1556 3124 ait
1599 3071 1870 3125 Dominus
1916 3072 2076 3125 Jesus
2123 3091 2134 3125 :

513 3189 539 3214 ι(
586 3167 682 3232 Ite,
715 3164 882 3220 dicite
920 3163 1075 3234 vulpi
1116 3162 1195 3216 illi
1223 3162 1398 3233 (Luc.,
1431 3179 1545 3231 xui,
1579 3163 1688 3232 32),
1721 3185 1747 3212 ι)
1781 3163 1886 3217 hoc
1921 3167 2024 3232 est,
2071 3164 2139 3220 de

515 3257 756 3314 Herode.
804 3259 873 3310 Et
917 3255 1053 3310 alibi
1091 3271 1221 3310 cum
1273 3271 1331 3310 se
1370 3255 1760 3311 fraudulenter
1798 3257 2139 3328 interrogari

510 3353 848 3418 adverteret,
883 3350 1022 3404 dixit
1050 3367 1062 3404 :
1098 3370 1125 3397 ‹‹
1159 3350 1362 3420 Vulpes
1407 3350 1597 3403 foveas
1635 3349 1872 3416 habent,
1907 3355 1966 3405 et
1990 3351 2141 3405 volu-

510 3462 633 3502 cres
663 3443 785 3499 coeli
816 3443 976 3498 nidos
1005 3442 1105 3497 ubi
1145 3443 1504 3514 requiescant
1537 3444 1779 3510 (Matth.,
1810 3460 1923 3512 vni,
1950 3444 2076 3515 20);
2111 3467 2137 3492 ι)

512 3556 580 3594 eo
644 3538 796 3610 quod
846 3537 1239 3592 fraudulenter
1288 3537 1348 3590 in
1402 3536 1754 3591 terrestrium
1814 3536 2140 3608 passionum

509 3631 844 3705 quibusdam
875 3630 1124 3684 latibulis
1151 3630 1544 3686 demorentur.
1577 3630 1736 3685 Unde
1762 3631 1934 3685 etiam
1968 3631 2138 3685 Sam-

511 3741 611 3780 son
665 3724 826 3778 binas
877 3723 1069 3792 vulpes
1110 3723 1217 3777 sibi
1260 3723 1472 3790 nexuit,
1516 3723 1587 3777 ad
1641 3740 1885 3794 quarum
1935 3725 2140 3778 caudas

511 3819 765 3890 alligavit
797 3818 966 3882 faces,
1009 3823 1065 3870 et
1109 3816 1325 3871 dimisit
1370 3833 1463 3870 eas
1507 3832 1611 3886 per
1647 3832 1860 3871 messes
1889 3818 2142 3889 allophy-

509 3915 696 3968 lorum
724 3911 947 3981 (Judic.,
983 3927 1071 3978 xv,
1105 3911 1158 3976 4,
1198 3909 1282 3981 5);
1311 3926 1417 3980 per
1452 3910 1601 3964 hanc
1639 3910 1884 3980 figuram
1931 3911 2142 3982 signiti-

509 4023 646 4060 cans
707 4005 860 4076 quod
924 4003 1168 4073 improbi
1228 4020 1290 4057 ac
1340 4003 1683 4057 fraudulenti
1739 4004 2028 4071 homines,
2085 4008 2141 4059 et

509 4098 758 4154 maxime
789 4096 1061 4161 hmretici,
1102 4095 1346 4150 liberam
1383 4096 1639 4166 linguam
1685 4096 1934 4151 habeant
1962 4098 2036 4152 ad
2067 4100 2141 4152 la-

507 4191 798 4258 trandum,
829 4191 927 4244 sed
954 4189 1138 4243 exitus
1169 4188 1508 4259 impeditos;
1540 4195 1638 4243 aut
1659 4189 1904 4260 litigiosa
1935 4192 2140 4262 princi-

513 4286 603 4356 pia
640 4285 774 4354 (50),
808 4284 977 4338 linem
1020 4297 1152 4338 vero
1189 4281 1406 4336 fraudis
1447 4298 1563 4336 sum
1604 4283 1868 4337 incendio
1909 4284 2141 4355 deputa-

508 4385 651 4434 tum.
694 4378 945 4448 Ideoque
983 4382 1040 4431 et
1085 4379 1366 4430 trecentas
1391 4375 1588 4445 vulpes
1615 4375 1851 4445 dimisit,
1884 4393 1951 4432 eo
1983 4379 2138 4449 quod

2123 3115 2214 3188 ΣΟ

2236 1859 2324 1927 (Ill
2348 1861 2499 1927 1189.,
2531 1876 2611 1928 ιιι,
2652 1859 2727 1929 9).
2772 1859 2881 1923 Qui
2915 1875 3054 1931 ergo
3093 1859 3269 1916 habet
3302 1877 3397 1916 cor
3431 1862 3706 1927 mundum,
3731 1864 3800 1932 qui

2235 1951 2410 2006 habet
2449 1967 2547 2007 cor
2590 1952 2859 2023 prudens,
2900 1952 3020 2024 ipse
3059 1951 3331 2024 intelligit
3365 1953 3559 2010 seriem
3602 1954 3804 2009 subdito-

2236 2061 2364 2100 rum
2391 2059 2680 2112 versuum,
2711 2049 2882 2117 atque
2921 2045 3214 2101 virtutem.
3248 2047 3405 2102 Unde
3442 2052 3498 2102 et
3533 2047 3657 2102 alibi
3691 2048 3806 2102 inve-

2237 2137 2430 2193 nimus
2473 2155 2572 2194 cor
2613 2139 2822 2206 solum,
2867 2139 2921 2193 id
2962 2144 3064 2206 est,
3109 2141 3195 2194 vel
3233 2140 3538 2210 singulare,
3576 2141 3656 2194 vel
3688 2140 3805 2212 quod

2235 2232 2391 2286 nulla
2426 2232 2537 2303 (52)
2565 2231 2825 2288 illecebra
2865 2231 3035 2302 hujus
3075 2232 3267 2288 smculi
3300 2232 3590 2303 impediat,
3631 2235 3682 2287 et
3711 2248 3806 2286 car-

2237 2325 2324 2380 nis
2360 2326 2535 2396 possit
2571 2325 2954 2380 interturbare
2995 2325 3291 2397 sapientia.
3335 2327 3439 2390 Qui
3477 2331 3654 2381 autem
3681 2325 3810 2379 habet

2236 2435 2351 2484 cor,
2401 2421 2589 2473 servat
2641 2418 2909 2473 mandata
2964 2419 3090 2488 Dei;
3139 2419 3619 2490 quemadmodum
3663 2418 3809 2488 legisti

2237 2511 2306 2566 de
2353 2512 2539 2578 Maria,
2585 2527 2714 2583 qum
2757 2512 3128 2567 conservabat
3172 2511 3370 2568 omnia
3417 2512 3627 2568 Domini
3667 2510 3812 2566 Salva-

2238 2605 2380 2659 toris
2407 2605 2464 2660 in
2495 2605 2662 2660 corde
2693 2621 2794 2659 suo
2830 2605 2921 2659 vel
2959 2605 3127 2673 dicta,
3158 2606 3245 2660 vel
3278 2611 3437 2676 gesta
3464 2607 3626 2675 (Luc.,
3652 2620 3703 2670 ιι,
3729 2605 3810 2662 illi.

2309 2703 2360 2751 2.
2405 2698 2886 2752 Circumcidamus
2927 2714 3064 2770 ergo
3101 2715 3202 2754 cor
3236 2704 3528 2767 nostrum;
3567 2697 3696 2752 nihil
3727 2711 3814 2747 cor-

2239 2807 2496 2862 poreum,
2541 2791 2685 2846 nihil
2729 2791 2837 2846 vile
2881 2807 3208 2862 qumramus
3248 2810 3261 2848 :
3309 2793 3418 2848 vile
3463 2797 3644 2846 autem
3681 2802 3815 2843 omne

2239 2889 2553 2940 terrenum.
2589 2885 2738 2939 Nihil
2765 2901 2903 2956 ergo
2944 2890 3259 2953 terrenum,
3306 2885 3444 2940 nihil
3477 2885 3734 2949 smculare,
3757 2881 3815 2934 ni-

2241 2978 2319 3031 hil
2359 2994 2724 3048 corporeum,
2764 2978 2904 3032 nihil
2954 2978 3074 3032 leve
3121 2983 3296 3050 atque
3341 2979 3605 3033 mutabile
3649 2977 3700 3031 in
3735 2974 3820 3029 elo-

2240 3071 2390 3142 quiis
2452 3073 2868 3126 constituamus
2931 3071 3275 3127 cmlestibus.
3345 3094 3372 3119 ‹‹
3425 3070 3648 3143 Eloquia
3699 3067 3817 3122 enim

2242 3163 2484 3231 Domini,
2515 3165 2745 3235 eloquia
2769 3168 2920 3219 casta
2961 3166 3125 3234 (Psal.
3166 3182 3241 3232 ιιι,
3282 3166 3370 3236 7);
3403 3188 3430 3215 ››
3459 3169 3519 3219 ut
3546 3163 3628 3218 his
3655 3165 3819 3231 myste-

2242 3257 2459 3313 riorum
2498 3258 2810 3312 cmlestium
2845 3258 3211 3314 immaculata
3241 3262 3300 3314 et
3335 3258 3538 3330 pudica
3578 3256 3820 3310 sinceritas

2241 3350 2476 3421 spiritali
2499 3351 2967 3422 interpretatione
2997 3352 3385 3422 resplendeat.
3409 3353 3528 3408 Non
3553 3347 3816 3405 adulterina

2240 3443 2485 3516 quadam
2549 3445 2816 3516 opinione
2868 3445 3203 3501 misceamus
3259 3450 3492 3502 terrena
3537 3442 3739 3508 divinis,
3781 3442 3822 3491 et

2240 3537 2383 3591 illud
2419 3537 2748 3592 inviolabile
2789 3543 3210 3595 sacramentum
3247 3539 3591 3612 prophetiam
3617 3533 3819 3595 visionis.

2242 3633 2342 3684 aut
2386 3630 2650 3700 perennis
2699 3631 2913 3686 oraculi
2966 3637 3186 3688 naturm
3238 3637 3450 3688 nostrm
3498 3627 3824 3686 aestimatione

2241 3723 2533 3778 violemus.
2588 3724 2718 3779 Ideo
2765 3724 2918 3779 enim
2966 3725 3185 3781 addidit
3236 3744 3249 3781 :
3300 3749 3326 3775 α
3379 3729 3684 3796 Argentum
3721 3721 3822 3789 igne

2242 3816 2649 3883 examinatum,
2708 3823 3015 3889 purgatum
3070 3825 3272 3887 terrm,
3329 3819 3628 3891 probatum
3678 3818 3824 3883 septu-

2241 3911 2399 3980 plum
2439 3910 2664 3981 (1bid.);
2692 3933 2718 3959 ››
2767 3915 2827 3965 ut
2861 3915 3134 3982 tanquam
3171 3913 3306 3968 boni
3351 3907 3712 3968 nummularii
3736 3904 3822 3974 spi-

2242 4003 2355 4057 ritu
2383 4003 2775 4060 examinemus
2800 4005 3116 4075 prophetici
3139 4007 3422 4061 sermonis
3445 4008 3750 4075 argentum,
3766 4012 3826 4051 se-

2240 4101 2537 4152 cernentes
2556 4098 2781 4153 Domini
2804 4098 3126 4169 pecuniam,
3148 4103 3324 4172 atque
3345 4099 3416 4153 ab
3440 4097 3593 4154 omni
3613 4095 3727 4151 labe
3743 4095 3826 4144 ter-

2240 4207 2380 4245 rena
2399 4191 2659 4246 salutaris
2683 4191 2855 4246 fontis
2883 4192 3164 4248 infusione
3191 4195 3544 4264 purgantes;
3569 4193 3629 4244 ut
3649 4185 3824 4245 Christo

2239 4284 2410 4354 digna
2436 4285 2648 4339 sentire
2689 4284 3004 4352 videamur,
3034 4285 3130 4357 qui
3167 4287 3245 4340 ait
3277 4303 3288 4340 :
3321 4308 3348 4335 ‹‹
3380 4285 3567 4341 Nolite
3599 4276 3824 4337 thesauri-

2240 4393 2363 4433 zare
2389 4377 2547 4432 vobis
2569 4378 2624 4431 in
2646 4382 2821 4444 terra,
2841 4379 2935 4434 ubi
2958 4396 3153 4451 mrugo
3172 4384 3230 4434 et
3250 4381 3409 4435 tinea
3427 4375 3826 4434 exterminant...

508 4472 711 4542 perfidi
736 4471 784 4543 1
801 4471 849 4543 1
867 4469 916 4543 1
933 4471 993 4543 4
1015 4469 1198 4524 crucis
1225 4469 1455 4540 quidem
1477 4485 1534 4523 se
1560 4469 1967 4540 prmdicatione
1988 4487 2138 4526 com-
2156 4480 2214 4551 D
2238 4472 2334 4526 sed
2362 4472 2736 4528 thesaurizate
2766 4472 2924 4526 vobis
2953 4473 3010 4528 in
3038 4473 3179 4529 coelo
3209 4475 3462 4543 (Matth,
3487 4489 3558 4537 νι,
3586 4473 3664 4534 19,
3690 4465 3780 4535 2ο).
3808 4483 3826 4510 ν

507 4566 779 4621 mendare
832 4564 1176 4628 desiderant,
1232 4563 1328 4617 sed
1376 4562 1710 4634 mysterium
1761 4564 1882 4634 ejus
1940 4571 2133 4621 tenere

505 4676 621 4715 non
672 4662 924 4730 possunt,
975 4657 1074 4728 qui
1123 4657 1230 4711 hac
1275 4656 1681 4727 praedicatione
1725 4657 2038 4728 composita
2080 4663 2137 4714 et

504 4754 644 4810 falsa
671 4755 842 4823 atque
884 4750 1147 4804 simulata
1185 4765 1356 4804 urere
1397 4750 1577 4820 magis
1613 4751 1828 4805 fructus
1855 4757 2136 4806 conantur

505 4849 747 4914 alienos;
777 4860 907 4898 cum
947 4844 1142 4914 utique
1185 4858 1313 4896 vera
1346 4859 1484 4897 crux
1527 4843 1751 4898 Domini
1794 4860 1905 4897 non
1934 4849 2135 4899 exurat

502 4942 689 4996 aliena
747 4938 969 5005 merita,
1015 4936 1114 4990 sed
1169 4936 1455 4991 fecundet.
1499 4936 1808 5007 Meritoque
1859 4939 2134 5009 scriptum

503 5035 668 5088 estin
693 5031 935 5089 Canticis
965 5030 1315 5086 canticorum
1348 5046 1360 5083 :
1395 5049 1422 5078 «
1451 5030 1713 5084 Prendite
1744 5030 1906 5085 nobis
1932 5031 2134 5102 vulpes

503 5129 730 5198 pusillas
778 5125 1231 5181 exterminantes
1280 5124 1508 5190 vineas;
1564 5128 1625 5177 ut
1685 5124 1865 5178 vinem
1917 5130 2127 5179 nostrm

503 5223 741 5276 ﬂoreant
768 5223 978 5288 (Cant.,
1021 5235 1080 5284 ιι,
1129 5221 1234 5288 15).
1267 5239 1294 5267 ››
1330 5218 1450 5281 Quo
1487 5217 1826 5283 ostenditur,
1860 5219 2008 5288 quod
2048 5220 2133 5274 vel

564 5440 658 5498 {50)
691 5439 784 5489 Sic
819 5454 949 5490 mss.
997 5452 1210 5490 omnes.
1257 5438 1458 5490 Contra
1498 5450 1629 5488 vero
1673 5437 1824 5499 edit,
1869 5444 1963 5488 aut
2007 5440 2132 5488 reli-

499 5511 647 5574 giosa
691 5511 978 5574 principia.
1026 5513 1208 5561 Minus
1252 5510 1430 5569 bene;
1477 5509 1610 5559 licet
1651 5509 1798 5558 enim
1855 5509 2134 5573 religionis

499 5581 742 5644 speciem
777 5583 1076 5630 secessioni
1115 5595 1231 5631 sum
1277 5581 1581 5631 obtendere
1617 5582 1831 5631 soleant
1862 5580 2133 5642 hmretici,

498 5665 610 5702 non
631 5656 814 5701 tamen
841 5651 1096 5702 absolute
1120 5653 1230 5702 dici
1254 5651 1479 5709 debent,
1505 5651 1746 5702 maxime
1774 5652 1832 5700 in
1859 5655 2132 5704 concione

497 5726 563 5777 ad
592 5725 882 5790 populum,
912 5737 1104 5774 eorum
1135 5725 1389 5790 religiosa
1415 5727 1705 5790 principia.

559 5799 652 5862 (51)
684 5796 812 5847 Mss.
841 5797 1069 5860 aliquot,
1096 5796 1226 5861 quia
1259 5796 1456 5847 adultis
1475 5799 1592 5866 jam
1615 5797 1836 5848 viribus.

2309 4569 2361 4620 3.
2390 4566 2712 4620 Thesaurus
2738 4569 2870 4620 tuus
2903 4572 2986 4620 est
3022 4567 3181 4636 fides,
3212 4567 3418 4637 pietas,
3451 4558 3823 4620 misericordia;

2235 4659 2533 4714 thesaurus
2560 4661 2691 4712 tuus
2731 4659 2984 4714 Christus
3021 4663 3126 4715 est.
3156 4660 3279 4715 Noli
3311 4676 3450 4715 eum
3489 4658 3752 4713 mstimare
3777 4650 3826 4702 de

2235 4753 2421 4819 terris,
2465 4753 2702 4819 hoc-est,
2745 4752 2814 4807 de
2855 4755 3164 4822 creaturis;
3212 4754 3352 4826 quia
3389 4752 3652 4808 Dominus
3691 4744 3829 4801 totius

2236 4849 2504 4901 creaturae
2535 4849 2638 4901 est.
2669 4867 2696 4892 «ι
2725 4846 3074 4914 Maledictus,
3103 4847 3314 4919 inquit,
3343 4848 3516 4902 homo
3561 4844 3652 4916 qui
3692 4852 3824 4910 spem

2235 4939 2408 4993 habet
2433 4940 2492 4992 in
2531 4939 2763 4994 homine
2794 4940 3029 5008 (Jerem.,
3060 4957 3187 5007 xvu,
3221 4941 3311 5010 5);
3345 4963 3374 4990 »
3404 4939 3503 4994 sed
3535 4935 3668 4992 mihi
3705 4931 3826 4986 salus

2235 5049 2337 5104 per
2362 5033 2654 5088 hominem
2689 5033 2858 5088 venit.
2890 5033 3026 5087 Vide
3059 5039 3249 5088 tamen
3294 5034 3436 5106 quid
3465 5032 3736 5101 Scriptura
3759 5041 3826 5073 ve-

2237 5133 2326 5180 tus
2356 5126 2558 5180 dixerit
2587 5145 2600 5181 :
2636 5149 2662 5177 ‹‹
2692 5129 2758 5182 Et
2783 5127 2956 5182 homo
2989 5131 3090 5194 est,
3134 5131 3193 5181 et
3231 5128 3361 5199 quis
3399 5126 3684 5198 cognoscet
3720 5130 3825 5173 eum

2238 5221 2422 5289 (lbid.,
2453 5220 2548 5291 9)?
2574 5241 2602 5271 »
2647 5221 2744 5274 Ille
2799 5219 2974 5292 igitur
3017 5221 3188 5276 homo
3232 5238 3353 5277 non
3398 5221 3654 5276 humana
3687 5209 3824 5268 mihi.

2300 5441 2396 5503 (52)
2423 5440 2579 5491 Rom.
2609 5440 2742 5491 edit.
2773 5440 2907 5502 sola,
2940 5453 3031 5491 cor
3065 5453 3248 5502 unum,
3285 5439 3370 5490 vel
3406 5452 3496 5491 cor
3529 5435 3687 5494 aliud,
3708 5425 3826 5496 quod

2235 5511 2408 5569 nulla,
2435 5516 2540 5561 etc.
2572 5512 2844 5562 Nimirum
2871 5518 2934 5562 ut
2969 5512 3245 5562 Ambrosii
3285 5511 3452 5561 verba
3492 5506 3657 5571 magis
3691 5512 3823 5551 acce-

2234 5585 2428 5634 derent
2468 5583 2538 5632 ad
2587 5583 2725 5633 illud
2767 5584 2990 5643 Ezech.,
3037 5597 3162 5644 xxx,
3210 5584 3272 5633 19
3321 5598 3333 5630 :
3372 5584 3465 5631 Καὶ
3507 5579 3642 5627 δώσω
3685 5573 3821 5621 αὐτοῖς

2233 5655 2425 5718 καρδίαν
2455 5655 2630 5717 ἑτέραν.
2659 5654 2771 5707 Sed
2813 5668 2953 5707 eone
2989 5657 3073 5706 vir
3115 5659 3341 5706 sanctus
3382 5649 3685 5718 respexerit,
3727 5654 3816 5691 non

2233 5728 2306 5777 ita
2328 5727 2518 5792 liquet.
