3930 6168
219 260 229 310 l
242 257 316 310 i33

1284 242 1634 300 EXPOSITIO
1673 242 1740 297 IN
1779 241 2093 299 PSALMUM
2131 244 2355 298 CXVIII.

3367 249 3500 304 1434

209 377 283 432 sed
306 375 471 430 divina
503 372 778 444 potestate
807 368 1061 442 1115
1101 368 1298 424 omnia
1336 371 1559 438 peccata
1598 366 1770 421 dona-
1791 367 2084 450 Acutum.
2140 367 2278 439 quia
2339 369 2565 423 Graecus
2614 379 2682 430 εἰς
2734 375 2812 424 τὸν
2867 378 3019 425 αἰῶνα
3068 372 3284 441 posuit,
3342 370 3497 443 quod

207 471 282 539 vit,
304 471 426 524 Deus
449 467 504 520 in
522 481 761 536 corpore
784 464 1060 518 Dominus
1076 464 1256 530 .lesus,
1276 461 1556 517 mundum
1578 476 1773 516 recon-

203 564 358 619 cilians
380 560 496 626 sibi,
520 575 687 631 quem
716 557 1032 613 redimebat
1058 573 1090 610 a
1115 557 1304 628 culpa.

256 660 297 711 4.
341 654 638 710 Thesaurus
699 656 892 708 noster
948 651 1229 722 pretiosus
1281 650 1603 705 intellectus
1665 653 1769 705 est.

203 752 246 806 Si
280 754 510 804 terrenus
552 747 870 802 intellectus
909 745 1102 814 fuerit,
1149 745 1194 798 si
1237 743 1476 814 fragilis,
1509 742 1773 797 haeretica

202 860 305 900 eum
332 841 474 896 tinea
499 845 552 895 et
585 839 892 912 impietatis
916 855 1112 910 aerugo
1147 839 1464 893 consumet.
1498 837 1773 890 Levemus

201 953 309 1007 ergo
343 941 393 990 et
434 933 714 1006 erigamus
757 949 954 988 sensus
996 938 1240 1001 nostros,
1275 947 1382 986 nec
1424 927 1774 1000 impossibile

194 1030 490 1101 judicemus,
527 1032 590 1083 ut
629 1028 749 1082 huic
793 1026 1027 1081 humani
1068 1024 1318 1096 corporis
1357 1024 1660 1080 inﬁrmitas
1701 1023 1774 1077 ad

196 1123 536 1195 cognitionem
583 1120 988 1192 mysteriorum
1038 1118 1349 1175 cmlestium
1400 1117 1771 1190 provehatur;

196 1232 297 1273 cum
326 1216 433 1287 jam
479 1215 549 1270 ad
593 1231 696 1269 nos
744 1213 1012 1270 Dominus
1052 1215 1231 1280 lesus,
1268 1213 1330 1266 in
1377 1228 1488 1283 quo
1533 1211 1776 1266 abscon-

196 1310 277 1365 diti
317 1312 462 1364 erant
507 1309 778 1377 scientiae,
824 1307 1227 1380 sapientiaque
1276 1305 1544 1372 thesauri,
1585 1303 1776 1359 divina

195 1420 269 1458 sua
309 1401 654 1458 miseratione
699 1400 1082 1467 descenderit;
1129 1406 1191 1456 ut
1234 1399 1426 1454 clausa
1473 1402 1772 1462 reseraret,

195 1497 401 1569 aperiret
433 1495 689 1563 latentia,
715 1495 993 1550 revelaret
1022 1495 1256 1549 occulta.
1297 1493 1434 1548 Veni
1463 1508 1623 1562 ergo,
1662 1492 1773 1546 Do-

197 1591 318 1644 mine
339 1591 476 1656 lesu,
499 1589 661 1660 aperi
691 1589 856 1644 nobis
883 1591 942 1642 et
966 1587 1130 1642 istius
1154 1585 1469 1658 prophetici
1495 1584 1775 1640 sermonis

189 1685 410 1753 januam;
448 1683 643 1737 multis
675 1682 828 1738 enim
859 1682 1051 1737 clausa
1084 1683 1188 1746 est,
1221 1680 1327 1735 etsi
1365 1678 1552 1751 prima
1591 1677 1776 1750 specie

194 1781 349 1848 aperta
372 1776 644 1831 videatur.

246 1875 286 1924 5.
313 1872 472 1940 (Vers.
502 1872 616 1938 89.)
643 1871 707 1925 In
743 1875 1022 1930 mternum,
1049 1867 1254 1939 inquit,
1287 1869 1525 1928 Domine,
1557 1881 1772 1936 perma-

193 1969 258 2019 net
289 1965 484 2019 verbum
536 1968 688 2017 tuum
729 1965 789 2016 in
831 1962 977 2016 creto.
1019 1960 1184 2016 Vides
1226 1960 1401 2015 etiam
1444 1960 1505 2014 in
1547 1962 1601 2015 te
1640 1977 1771 2031 per-

197 2073 378 2111 manere
414 2057 646 2123 debere,
686 2055 836 2127 quod
878 2054 1049 2109 etiam
1092 2053 1149 2108 in
1191 2053 1331 2109 coelo
1370 2059 1672 2124 permanet
1709 2071 1776 2108 ac

196 2154 479 2220 perseverat.
542 2151 714 2205 Serva
767 2164 875 2220 ego
927 2147 1169 2203 Verbum
1219 2147 1347 2214 Dei,
1399 2151 1456 2202 et
1509 2163 1666 2202 serva
1717 2147 1775 2201 in

195 2245 319 2298 corde
340 2249 447 2310 tuo,
475 2249 544 2298 et
573 2244 647 2297 ita
671 2257 852 2308 serva,
880 2258 954 2296 ne
983 2240 1351 2296 obliviscaris.
1384 2241 1555 2296 Serva
1582 2241 1774 2312 legem

199 2337 387 2406 Domini,
424 2342 479 2392 et
515 2335 830 2404 meditare;
870 2351 942 2390 ne
974 2333 1406 2406 justiﬁcationes
1447 2334 1671 2388 Domini
1704 2334 1774 2389 de

200 2436 265 2484 tuo
303 2431 455 2486 corde
506 2429 800 2484 labantur.
848 2429 1024 2483 Docet
1075 2431 1131 2481 te
1181 2429 1388 2483 litterae
1435 2427 1773 2498 interpreta-

202 2525 268 2589 tio,
304 2530 356 2579 ut
401 2539 600 2579 serves
653 2522 976 2594 diligenter.
1035 2523 1206 2578 Docet
1267 2524 1321 2576 te
1381 2520 1666 2593 Propheta
1715 2520 1776 2575 in

210 2618 393 2685 subditis,
433 2617 640 2672 dicens
683 2635 698 2672 :
741 2618 862 2674 Nisi
897 2618 1029 2686 quia
1074 2617 1161 2670 tea:
1202 2620 1300 2671 tua
1335 2615 1617 2670 meditatio
1658 2631 1778 2669 mea

216 2719 278 2770 est,
306 2719 411 2766 tunc
455 2712 711 2780 forsitan
752 2713 1030 2780 periissem
1072 2711 1134 2763 in
1176 2709 1485 2763 humilitate
1524 2724 1662 2763 mea.
1713 2711 1777 2763 In

210 2811 393 2860 ala-num
419 2822 544 2860 non
569 2805 854 2860 obliviscar
865 2804 1326 2873 justiﬁcationum
1351 2808 1591 2857 tuarum.
1619 2803 1775 2871 (Inf.,

203 2913 300 2952 vers.
324 2901 400 2967 92,
439 2900 564 2968 93).
606 2897 770 2970 Legis
817 2912 956 2968 ergo
995 2895 1299 2951 meditatio
1341 2895 1492 2962 facit,
1528 2900 1588 2950 ut
1630 2899 1774 2950 tem~

195 3007 294 3059 pora
344 2991 762 3059 tribulationis,
824 2998 1081 3062 tempora
1134 2990 1338 3062 quibus
1398 2989 1779 3044 humiliamur

194 3084 416 3156 aliquibus
450 3085 738 3152 adversis,
776 3084 1057 3139 sustinere
1097 3091 1154 3138 ct
1191 3083 1432 3138 tolerare
1463 3082 1772 3155 possimus;

193 3185 238 3232 ut
268 3196 422 3251 neque
457 3179 779 3235 humiliato
821 3178 1013 3244 nimis,
1053 3193 1237 3249 neque
1277 3177 1494 3248 dejecto
1537 3179 1772 3248 franga-

198 3287 293 3325 mur
333 3273 551 3329 aﬂ‘ectu.
613 3272 866 3344 Denique
915 3272 1188 3327 Dominus
1247 3287 1364 3326 non
1426 3271 1613 3342 frangi
1672 3287 1777 3324 nos

196 3365 458 3424 humilitate
481 3383 674 3438 usque
705 3365 777 3420 ad
811 3365 1274 3436 desperationem
1303 3365 1440 3431 vult,
1470 3364 1567 3418 sed
1596 3379 1776 3434 usque

192 3458 242 3512 ad
267 3460 695 3531 correptionem.

242 3556 282 3606 6.
304 3554 452 3610 Unde
493 3559 556 3609 et
584 3553 858 3608 Jeremias
893 3552 1168 3624 propheta
1205 3551 1308 3607 sub
1348 3551 1454 3606 hac
1490 3551 1680 3606 littera
1717 3550 1776 3604 in

191 3644 384 3701 Threnis
420 3648 498 3702 ait
544 3664 559 3701 :
609 3668 633 3695 ι(
673 3647 745 3702 Ut
782 3646 1115 3701 humiliaret
1155 3646 1260 3701 sub
1302 3645 1542 3717 pedibus
1579 3661 1778 3700 omnes

191 3736 362 3794 vinctos
409 3745 602 3806 terrae,
649 3744 706 3794 et
755 3738 1066 3794 declinaret
1103 3738 1387 3810 judicium
1429 3738 1534 3792 viri
1579 3743 1778 3792 contra

191 3829 348 3888 faciem
395 3833 701 3901 Altissimi,
757 3833 826 3888 ad
892 3831 1391 3888 condemnandum
1453 3831 1775 3900 hominem,

189 3940 288 3979 cum
315 3928 619 3997 judicatur,
649 3926 922 3982 Dominus
951 3943 1070 3982 non
1109 3925 1247 3980 dixit
1279 3925 1384 3996 (53)
1422 3925 1664 3995 (Thren.,
1698 3941 1776 3994 ιιι,

190 4019 273 4088 3t).
305 4042 328 4069 ››
363 4023 428 4076 Et
469 4021 626 4076 infra
669 4037 682 4074 :
730 4041 757 4070 ‹‹
803 4021 879 4075 De
922 4036 1020 4075 ore
1062 4019 1335 4074 Altissimi
1384 4035 1499 4074 non
1545 4019 1781 4074 exibunt

190 4114 308 4168 mala
344 4117 518 4180 (Ibid,
567 4115 676 4186 38).
715 4134 743 4162 ››
785 4113 1081 4168 Humilitas
1125 4129 1261 4185 ergo
1302 4129 1430 4185 quae
1466 4130 1499 4167 a
1537 4112 1777 4168 Domino

189 4209 269 4273 est,
305 4209 462 4279 plena
496 4207 752 4281 justitim,
795 4209 966 4279 plena
1008 4210 1095 4262 est
1131 4206 1436 4279 aequitatis;
1483 4207 1617 4278 quia
1659 4222 1778 4261 non

187 4306 356 4356 exeunt
380 4304 533 4358 mala
570 4302 640 4357 de
669 4318 766 4356 ore
809 4301 1044 4356 Domini.
1084 4301 1342 4373 Denique
1379 4301 1478 4372 qui
1514 4299 1776 4355 humilia-

190 4391 326 4450 batur
365 4413 396 4451 a
437 4395 698 4465 Domino,
743 4395 966 4451 dicebat
1010 4412 1023 4449 :
1076 4416 1103 4444 «
1150 4394 1488 4449 Humiliatus
1536 4410 1684 4464 sum,
1726 4399 1780 4449 et

190 4488 371 4544 salvum
401 4506 493 4545 me
524 4489 662 4544 fecit
689 4489 852 4559 (Psal.
880 4504 1020 4556 cxlv,
1053 4489 1125 4559 6).
1160 4509 1186 4537 »

243 4586 284 4634 ἶ.
336 4584 478 4655 Ergo
545 4584 692 4638 sicut
754 4581 1068 4654 prudenter
1130 4580 1604 4636 considerandum
1662 4585 1778 4648 est,

189 4677 385 4744 quando
421 4677 720 4732 humilitas
755 4692 788 4730 a
817 4675 1058 4730 Domino
1099 4674 1170 4730 sit
1200 4691 1367 4730 causa
1406 4674 1778 4746 probationis,

1796 1745 1852 1816 B

1797 3110 1851 3182 C

1873 462 2096 517 diverse
2120 460 2482 533 interpretati
2512 465 2645 516 sunt
2670 462 3042 518 translatores
3073 480 3085 517 :
3117 464 3213 519 alii
3249 468 3308 519 in
3343 471 3495 520 mter-

1874 573 2021 618 num,
2064 555 2156 610 alii
2202 558 2260 609 in
2303 557 2576 610 saeculum.
2623 558 2687 610 In
2731 557 2981 611 saeculum
3022 572 3159 626 ergo
3198 563 3495 627 permanet.

1873 652 2121 712 Domine,
2163 651 2384 704 verbum
2429 656 2583 704 tuum
2628 652 2687 703 in
2736 651 2882 705 ca’lo.
2931 651 2998 705 Et
3045 650 3335 722 quomodo
3379 653 3499 722 ipse

1875 743 2067 799 dixisti
2111 762 2126 798 :
2169 763 2197 794 (ι
2237 743 2453 798 leum
2500 751 2559 798 et
2602 749 2754 799 terra
2798 744 3142 810 transibunt,
3185 745 3356 799 verba
3395 761 3499 798 au-

1874 844 1992 892 tem
2032 853 2164 892 mea
2200 854 2315 891 non
2356 837 2730 908 praeteribunt
2759 837 2995 907 (Matth.,
3034 854 3182 904 xxxv,
3219 838 3347 906 35)?
3378 859 3404 887 υ
3439 841 3501 894 In

1874 931 2144 986 saeculum
2177 935 2471 1002 permanet
2504 931 2765 998 verbum,
2798 947 2913 986 non
2955 933 3108 986 ultra
3142 933 3408 986 saeculum
3448 938 3505 990 et

1875 1027 2107 1094 saecula;
2137 1027 2341 1080 saecula
2369 1026 2526 1080 enim
2555 1025 2822 1098 temporis
2851 1031 3004 1080 sunt.
3037 1026 3252 1082 Ccelum
3281 1042 3420 1097 ergo
3447 1029 3506 1082 et

1878 1121 2049 1186 terra,
2096 1119 2155 1173 id
2199 1123 2303 1186 est,
2347 1119 2508 1173 istius
2554 1120 2758 1174 mundi
2802 1135 2975 1191 opera
3014 1120 3408 1191 praeteribunt,
3449 1126 3505 1174 et

1873 1215 2136 1284 tempora
2175 1213 2615 1285 permanebunt.
2659 1214 2816 1268 Alius
2861 1213 2961 1284 qui
3008 1213 3274 1285 spiritalis
3310 1217 3416 1283 est,
3446 1217 3509 1268 et

1874 1307 2150 1379 diiudicat
2182 1305 2230 1378 1
2248 1305 2440 1380 116
2469 1307 2639 1362 verba
2673 1307 2816 1380 legis
2846 1327 2858 1362 :
2887 1309 2955 1362 In
2984 1312 3263 1369 aeternum,
3293 1307 3502 1378 inquit,

1876 1404 2115 1463 Domine,
2148 1407 2430 1470 permanet
2472 1401 2690 1456 verbum
2727 1405 2876 1456 tuum
2916 1403 2977 1454 in
3017 1402 3160 1455 calo.
3202 1400 3508 1455 Eternitas

1878 1495 2034 1549 enim
2060 1494 2218 1548 verbi
2249 1493 2531 1549 manentis
2563 1493 2890 1565 opinionem
2920 1493 3077 1548 verbi
3109 1492 3504 1565 praetereuntis

1877 1588 2145 1644 excludit.
2200 1587 2496 1652 Quomodo
2549 1590 2742 1642 autem
2797 1591 3102 1658 permanet
3153 1585 3391 1640 verbum
3442 1587 3503 1640 in

1875 1682 2033 1748 coelo,
2071 1682 2116 1736 si
2155 1681 2343 1752 ipsum
2380 1681 2587 1740 coelum
2626 1680 2918 1752 praeterit?
2952 1681 3020 1734 Et
3049 1679 3331 1752 quomodo
3372 1696 3500 1749 pos-

1875 1778 2008 1830 sunt
2058 1780 2206 1830 stare
2256 1774 2523 1840 culmina,
2579 1773 2626 1828 si
2680 1774 2884 1828 cedant
2933 1773 3344 1828 fundamenta?
3392 1774 3506 1828 Aut

1875 1868 2160 1942 quomodo
2207 1871 2396 1939 potest
2447 1883 2788 1939 permanere
2837 1866 3127 1922 habitator
3174 1866 3233 1921 in
3282 1865 3502 1921 habita—

1875 1963 2030 2017 tione
2070 1979 2188 2028 sua,
2227 1962 2334 2016 nisi
2381 1967 2438 2016 et
2482 1961 2758 2016 habitatio
2801 1960 3164 2033 perseveret?
3206 1959 3316 2015 Sed
3361 1959 3507 2014 forte

1877 2055 2013 2110 illud
2063 2059 2344 2123 occurrat,
2393 2054 2524 2126 quia
2569 2055 2843 2127 scriptum
2890 2061 3020 2109 est:
3071 2074 3098 2102 α
3141 2054 3259 2108 Erit
3302 2053 3506 2108 ccelum

1874 2165 2086 2204 novum
2113 2150 2263 2218 (lsa.,
2303 2165 2424 2217 va,
2459 2152 2562 2218 t7).
2601 2169 2629 2198 »
2662 2150 2869 2203 Verum
2911 2163 3018 2202 nec
3052 2147 3132 2202 sic
3161 2146 3503 2216 absolubile;

1877 2245 2008 2318 quia
2051 2261 2158 2300 nec
2195 2244 2251 2298 in
2294 2245 2403 2299 hoc
2432 2249 2619 2317 potest
2661 2260 3001 2316 permanere
3043 2243 3194 2314 quod
3231 2241 3504 2315 praeterit,

1878 2355 1982 2394 nec
2009 2338 2149 2393 illud
2184 2342 2373 2410 potest
2405 2338 2517 2392 dici
2551 2338 2850 2406 mansisse,
2879 2337 3029 2410 quod
3057 2337 3310 2408 cmperit.
3336 2336 3509 2390 Tinea

1875 2432 2229 2488 intellectum
2273 2437 2439 2487 tuum
2488 2431 2729 2500 scindet,
2774 2432 2822 2485 si
2867 2435 3031 2502 putes
3082 2431 3317 2485 verbum
3366 2429 3509 2483 sicut

1877 2527 2105 2595 coelum,
2137 2526 2222 2580 vel
2250 2525 2520 2596 incipere,
2549 2525 2640 2580 vel
2669 2525 2986 2597 praeterire.

1949 2623 2003 2676 8.
2055 2619 2212 2674 Unde
2260 2619 2306 2673 si
2360 2620 2632 2674 virtutem
2683 2618 3002 2691 prophetici
3048 2633 3246 2672 sensus
3295 2633 3506 2688 cogno-

1877 2729 2030 2768 scere
2046 2713 2336 2781 volumus,
2368 2712 2620 2783 primum
2651 2711 2711 2766 in
2742 2711 2830 2766 his
2859 2727 2988 2782 quae
3016 2710 3256 2765 visibilia
3290 2713 3347 2765 et
3376 2725 3505 2766 sen-

1878 2807 2060 2862 sibilia
2103 2811 2234 2861 sunt
2274 2804 2528 2860 ethicum
2575 2805 3008 2860 consideremus
3043 2804 3184 2875 (54);
3223 2807 3288 2857 ut
3328 2818 3398 2858 ex
3443 2819 3509 2859 eo

1877 2917 2005 2972 quin
2055 2905 2186 2954 sunt
2234 2897 2615 2970 intelligibilia
2664 2898 3116 2952 manifestemus.
3166 2897 3220 2952 Si
3269 2896 3507 2952 verbum

1879 2993 1975 3048 Dei
2016 2994 2073 3047 in
2114 2994 2254 3048 creto
2295 2995 2612 3064 permanet,
2653 2991 2944 3046 imitemur
2986 2991 3189 3046 emtum
3233 2989 3331 3044 ubi
3373 3005 3504 3061 per--

1879 3092 2078 3142 manet
2109 3087 2365 3154 verbum,
2393 3089 2690 3157 permanet
2718 3085 2857 3140 ordo
2894 3083 3162 3140 solemnis
3191 3082 3508 3139 ccelestium

1875 3186 2242 3248 statutorum,
2280 3184 2337 3236 et
2381 3179 2792 3235 beneficiorum
2836 3178 3060 3234 Domini
3104 3177 3320 3232 crebra
3357 3177 3508 3232 vices

1875 3275 2224 3331 solemnibus
2243 3273 2574 3329 muneribus
2595 3277 2975 3344 perseverant.
2999 3271 3274 3344 Supernis
3301 3287 3508 3342 nempe

1875 3370 1963 3424 vel
2002 3368 2222 3440 pluviis,
2253 3368 2342 3422 vel
2385 3369 2589 3435 calore,
2630 3367 2719 3422 vel
2749 3367 2870 3421 fotu
2909 3366 3058 3420 aeris
3101 3366 3270 3436 hujus
3311 3365 3506 3419 infun-

1877 3463 2030 3518 ditur
2081 3461 2244 3518 terris
2293 3466 2464 3533 atque
2516 3461 2689 3515 alitur
2748 3461 2912 3531 larga
2966 3459 3305 3514 fecunditas.
3360 3457 3510 3513 Coelo

1878 3573 2058 3611 annus
2083 3555 2297 3610 labitur
2336 3571 2442 3626 per
2476 3553 2614 3621 dies,
2647 3570 2712 3608 ac
2743 3568 2989 3622 menses,
3023 3556 3081 3607 et
3118 3557 3378 3622 tempora
3407 3568 3508 3604 au-

1877 3650 2065 3705 tumni
2093 3652 2262 3720 atque
2292 3647 2519 3714 hiemis,
2551 3647 2696 3702 veris
2725 3661 2951 3718 quoque
2993 3649 3052 3700 et
3075 3661 3234 3716 purae
3257 3645 3510 3716 digestus

1877 3743 2106 3798 aestatis.
2150 3742 2228 3795 De
2265 3740 2403 3795 caelo
2445 3739 2573 3794 vitae
2622 3746 2735 3792 tum
2777 3738 3090 3810 imaginem
3129 3754 3287 3808 cape.
3329 3736 3510 3792 Etiam

1878 3836 2108 3909 quando
2146 3851 2258 3890 non
2291 3833 2582 3906 germinas
2612 3833 2883 3900 fructum,
2918 3848 3040 3886 sere
3082 3835 3273 3885 tamen
3314 3844 3507 3884 semen

1879 3930 1952 3984 ad
2003 3930 2274 3984 fructum.
2323 3928 2466 3983 Sunt
2513 3926 2730 3982 semina
2777 3942 2905 3996 quae
2950 3924 3021 3979 de
3068 3924 3205 3979 oculo
3255 3926 3405 3990 sunt,
3453 3925 3510 3976 et

1880 4026 2150 4076 seruntur
2194 4021 2250 4076 in
2301 4021 2486 4076 terris.
2531 4021 2626 4074 Est
2671 4019 2843 4074 etiam
2893 4034 3140 4090 superna
3183 4016 3505 4084 vindemia;

1881 4116 2029 4171 unde
2077 4116 2157 4170 ait
2203 4115 2487 4186 Propheta
2533 4133 2546 4169 :
2596 4135 2623 4164 ‹‹
2670 4114 2846 4170 Serite
2889 4112 3044 4167 vobis
3091 4112 3163 4166 ad
3203 4110 3506 4183 justitiam,

1878 4209 2224 4265 vindemiate
2262 4208 2333 4263 ad
2371 4210 2620 4264 fructum
2664 4209 2828 4277 (Osee,
2865 4224 2919 4274 x,
2954 4209 3061 4278 t2).
3105 4228 3132 4256 ››
3174 4207 3242 4260 Et
3283 4204 3510 4276 quando

1882 4320 1994 4359 non
2033 4304 2242 4359 ﬂorent
2277 4319 2450 4374 opera
2482 4305 2601 4372 tua,
2633 4302 2762 4356 fove
2800 4306 2991 4356 tamen
3034 4299 3249 4354 semina
3286 4303 3402 4365 tua,
3436 4315 3510 4352 ne

1879 4397 2219 4452 lasciviendo
2262 4396 2572 4450 luxurient.
2607 4395 2772 4459 Quod
2810 4393 3059 4448 luxuriat
3101 4393 3161 4446 in
3201 4391 3342 4446 ﬂore
3390 4406 3506 4444 ser-

1798 4478 2085 4560 Dmouis,
2135 4493 2406 4546 tenuatur
2453 4493 2510 4544 et
2561 4489 2864 4544 hebetatur
2908 4487 2965 4541 in
3016 4486 3221 4540 fructu.
3273 4485 3511 4539 Fructus

1881 4586 2035 4657 ipsos
2063 4600 2241 4655 usque
2265 4583 2336 4638 ad
2367 4581 2752 4637 maturitatem
2784 4581 3057 4652 decoque.

1954 4682 2004 4733 9.
2055 4677 2371 4732 lmitatores
2418 4675 2592 4730 etiam
2647 4675 2822 4747 ipsius
2875 4674 3117 4730 caelestis
3165 4674 3342 4729 simus
3391 4673 3507 4727 ele-

189 4771 376 4837 quaudo
401 4772 571 4827 etiam
599 4772 724 4842 ipsa
750 4769 820 4825 ab
848 4768 1078 4824 homine
1106 4768 1420 4824 inferendae
1445 4768 1781 4824 humilitatis
1882 4773 2059 4827 menti
2087 4788 2100 4826 :
2130 4787 2247 4826 non
2282 4786 2510 4842 semper
2541 4769 2659 4824 sole
2690 4769 2871 4824 fervet
2900 4768 3148 4834 ardenti,
3181 4769 3511 4838 frequenter

190 4859 464 4932 impressio,
493 4881 622 4937 quas
647 4869 839 4919 tamen
863 4863 985 4934 ipsa
1010 4862 1152 4917 solet
1172 4861 1449 4934 patientia
1471 4867 1526 4916 et
1553 4877 1781 4933 magna-

191 4953 416 5012 nimitate
454 4958 704 5025 tolerari,
749 4957 829 5012 ita
874 4956 1043 5012 etiam
1088 4955 1377 5027 sapienter
1418 4955 1776 5010 consideran-

191 5045 299 5102 dum
325 5051 455 5121 quid
482 5053 574 5120 sit,
603 5052 664 5105 in
705 5054 985 5105 aeternum
1025 5049 1084 5104 in
1116 5049 1256 5104 coelo
1291 5048 1526 5103 verbum
1558 5048 1777 5103 Domini

193 5154 524 5213 permanere;
553 5145 643 5199 vel
680 5143 825 5198 sicut
861 5143 1037 5214 aliqui
1071 5141 1291 5198 codices
1330 5141 1567 5208 habent,
1595 5144 1653 5196 in
1679 5157 1776 5198 sw-

239 5308 321 5370 (53)
351 5311 599 5362 Dominus
621 5323 733 5361 non
770 5309 929 5370 dixit,
965 5308 1114 5374 quod
1152 5308 1360 5359 habent
1394 5308 1524 5360 edit.
1565 5321 1778 5370 omnes,

194 5378 235 5426 in
269 5393 387 5430 mss.
425 5383 709 5433 nonnullis
751 5382 1222 5446 pmtermittitur;
1264 5381 1321 5430 in
1358 5380 1554 5444 majori
1595 5385 1779 5430 autem

195 5461 388 5503 numero
414 5455 490 5505 ita
517 5455 852 5518 legitur,cum
873 5453 1151 5519 judicatur
1176 5451 1450 5503 Dominus.
1478 5455 1615 5503 Nam
1641 5453 1779 5503 dixit

195 5527 228 5567 et
250 5521 397 5586 infra,
430 5529 534 5577 etc.
561 5527 768 5579 Verum
809 5527 1094 5590 integritas
1135 5536 1334 5575 sensus
1373 5537 1439 5574 ac
1475 5524 1774 5576 testimonii

196 5593 462 5657 Wophetici
483 5611 609 5649 cum
629 5598 774 5660 aliis,
800 5601 969 5663 atque
999 5596 1128 5648 edit.
1159 5596 1308 5647 facit.

243 5666 324 5725 (Si)
363 5668 504 5719 Edit.
553 5673 681 5731 vet.,
734 5670 800 5719 Et
848 5670 930 5718 hic
981 5682 1098 5718 eum
1155 5668 1324 5719 locum
1373 5667 1774 5718 consideremus.

202 5732 346 5802 item,
379 5753 491 5789 eum
526 5740 920 5792 consideremus.
961 5739 1088 5790 Mss.
1130 5739 1408 5802 nonnulli,
1447 5743 1493 5788 et
1539 5739 1620 5789 hic
1661 5753 1778 5790 cum

205 5801 290 5857 loco
324 5812 710 5864 consideremus.
752 5813 862 5864 Alii
898 5824 1030 5864 vero
1076 5801 1401 5877 frequentes
1436 5813 1499 5861 ut
1538 5810 1593 5863 in
1644 5823 1778 5862 con-

1881 4865 2110 4920 nutibus
2153 4863 2382 4930 texitur,
2426 4861 2632 4934 pluviis
2672 4861 3104 4924 vehementibus
3147 4858 3507 4924 inhorrescit,

1875 4958 2044 5030 jactis
2081 4958 2302 5012 nivibus
2327 4957 2470 5030 tegit
2497 4961 2729 5012 terram.
2763 4958 2886 5012 Non
2913 4971 3052 5027 ergo
3079 4955 3154 5008 sit
3180 4953 3241 5008 in
3281 4955 3336 5007 te
3367 4967 3510 5023 quo-

1881 5069 1994 5124 que
2041 5052 2312 5108 diuturna
2352 5051 2594 5117 lascivia,
2641 5051 2945 5105 succedant
2993 5053 3196 5102 maesta
3245 5045 3510 5100 senilium

1882 5162 2145 5202 curarum
2201 5151 2486 5217 tempora,
2535 5150 2592 5200 et
2639 5147 2909 5215 tanquam
2960 5143 3163 5196 incana
3214 5138 3512 5195 maturitas

1883 5319 2052 5364 textu.
2082 5314 2153 5364 Et
2191 5327 2314 5364 eam
2354 5314 2651 5364 lectionem
2689 5322 3007 5375 germanam
3046 5320 3169 5360 esse
3204 5307 3341 5358 illud
3375 5321 3512 5359 con-

1881 5387 2064 5438 ﬁrmat
2107 5384 2258 5450 quod
2306 5383 2584 5448 extemplo
2627 5381 2696 5432 ad
2739 5393 2966 5432 sensum
3019 5380 3284 5430 moralem
3329 5393 3511 5430 sermo

1882 5457 2256 5517 convertitur,
2308 5469 2339 5504 a
2391 5467 2502 5518 quo
2554 5452 2756 5504 deinde
2809 5452 3069 5501 transitus
3121 5451 3183 5500 ﬁt
3233 5450 3304 5501 ad
3350 5450 3511 5501 intel—

1879 5528 2168 5594 ligibilem,
2216 5540 2316 5578 seu
2372 5525 2689 5588 mysticum.
2739 5524 2908 5573 Porro
2953 5523 3078 5574 haec
3117 5523 3356 5573 varietas
3401 5535 3512 5572 non

1881 5598 2105 5650 aliunde
2142 5602 2258 5650 orta
2298 5596 2517 5646 videtur
2549 5609 2717 5660 quam
2761 5595 2830 5646 ab
2868 5594 3178 5659 ignorantia
3213 5607 3514 5646 amanuen-

1881 5671 2047 5732 sium,
2087 5669 2186 5735 Qui
2233 5669 2458 5719 unicam
2501 5679 2697 5718 vocem
2743 5666 2967 5718 ethicam
3006 5667 3062 5718 in
3101 5666 3242 5718 duas
3280 5665 3370 5717 vel
3406 5667 3514 5715 tres

1882 5744 2219 5805 praepostere
2242 5739 2568 5789 diviserunt.
