3930 6168
264 275 403 328 1435

1744 270 1800 323 S.
1840 267 2154 324 AMBROSII

3484 267 3619 321 1436

253 410 459 466 agrum
510 394 664 449 hunc
714 393 796 448 tui
843 393 1100 465 corporis
1150 393 1450 465 reprimat.
1495 390 1694 447 Utilior
1743 407 1892 463 sape
1913 397 2097 476 Acet,
2143 393 2204 446 et
2247 406 2450 464 corpus
2497 407 2665 446 suum
2715 391 3025 446 continenti
3069 390 3372 446 sobrietate
3421 391 3617 446 mode-

218 470 224 480 l
253 487 482 543 tristitia
509 490 614 556 est,
645 503 773 559 qua
801 486 1074 541 comitem
1101 487 1248 542 solet
1278 486 1489 541 habere
1519 485 1885 556 gravitatem.

253 581 538 653 Numquid
579 579 693 635 ulla
734 580 792 634 in
819 580 943 652 ipso
979 585 1063 636 est
1090 581 1207 636 sole
1234 579 1657 650 pravaricatio?
1687 581 1887 634 Nonne

253 673 612 748 quotidianos
663 689 861 728 cursus
910 689 1044 728 suos
1090 674 1315 728 servat?
1365 671 1654 743 Numquid
1705 670 1884 726 conti-

251 785 396 824 nuos
434 767 591 822 novit
629 767 736 838 (55)
773 767 910 822 luna
949 767 1222 833 defectus,
1256 770 1312 822 et
1349 764 1637 822 commissi
1677 780 1888 818 munus

252 861 464 918 deserit
523 860 862 916 ministerii?
918 860 1126 915 Iisdem
1181 876 1389 931 nempe
1440 858 1653 913 vicibus
1705 873 1889 912 annus

253 955 431 1026 redit,
484 954 688 1009 eodem
743 957 892 1009 statu
946 956 1284 1024 reparantur
1337 956 1624 1022 tempora,
1681 950 1887 1006 iisdem

254 1047 540 1121 obsequiis
565 1047 968 1103 reformantur.
992 1046 1088 1102 Sol
1113 1047 1267 1102 diem
1293 1045 1600 1112 illuminat,
1631 1048 1889 1116 tempora

253 1144 461 1197 statuta
507 1142 850 1197 custodiens.
885 1141 1085 1212 Fulget
1129 1138 1524 1212 splendoribus
1570 1138 1704 1194 luna
1749 1153 1885 1192 noc-

255 1235 458 1304 turnis,
501 1240 563 1291 et
607 1235 705 1290 lux
757 1235 881 1306 ejus
927 1234 988 1288 in
1036 1232 1289 1288 tenebris
1338 1232 1530 1287 micat.
1581 1233 1887 1288 Stellarum

1991 491 2170 553 ratur,
2223 487 2476 541 mentem
2530 501 2761 558 quoque
2813 501 2976 539 suam
3029 484 3155 538 miti
3205 483 3623 554 tranquillitate

1988 578 2303 650 componit,
2350 577 2653 650 pecuniam
2697 577 3042 649 pauperibus
3084 575 3434 633 misericordi
3479 575 3621 632 libe-

1987 671 2211 726 ralitate
2255 670 2568 743 dispensat.
2607 671 2702 726 Est
2730 686 2869 742 ergo
2911 675 2971 726 et
3005 670 3063 725 in
3098 669 3266 725 terris
3305 669 3533 736 calum,
3563 669 3624 724 in

1988 781 2101 837 quo
2139 767 2378 836 possunt
2412 764 2648 819 virtutes
2684 780 2807 819 esse
2847 765 3122 820 caelestes.
3163 784 3192 811 «
3222 763 3435 819 Calum
3477 763 3626 821 mihi

1989 858 2227 913 thronus
2267 858 2422 929 (Isa.,
2454 874 2599 925 vax,
2637 859 2716 927 l);
2759 879 2786 908 n
2827 873 2933 930 ego
2963 857 3145 929 magis
3176 856 3316 927 justi
3357 855 3625 911 affectum

1989 967 2166 1023 quam
2207 953 2558 1007 elementum
2604 951 2881 1023 intelligo.
2913 951 3076 1006 Illum
3116 955 3253 1022 puto
3291 949 3516 1014 coelum,
3547 949 3625 1003 ad

1979 1029 2150 1116 [cujus
2189 1045 2440 1099 animum
2477 1044 2632 1100 venit
2671 1045 2946 1113 Christus,
2977 1048 3035 1099 et
3063 1044 3249 1116 pulsat
3269 1043 3534 1115 januam,
3566 1046 3624 1097 et

1989 1138 2034 1192 si
2072 1138 2380 1210 aperuerit,
2411 1138 2756 1209 ingreditur.
2793 1139 2903 1193 Nec
2948 1139 3097 1192 solus
3137 1137 3487 1209 ingreditur;
3521 1137 3624 1191 sed

1989 1231 2162 1287 etiam
2202 1248 2333 1286 cum
2371 1234 2556 1298 Patre,
2594 1231 2740 1287 sicut
2779 1231 2898 1303 ipse
2949 1231 3030 1286 ait
3069 1248 3083 1286 :
3127 1252 3155 1280 «
3197 1232 3315 1303 Ego
3361 1233 3420 1285 et
3456 1231 3625 1285 Pater

253 1329 566 1385 nitentium
615 1328 810 1384 rutilat
854 1327 1078 1399 globus,
1131 1326 1487 1398 solemnique
1537 1324 1778 1381 statione
1831 1327 1892 1380 et
1987 1325 2300 1395 veniemus,
2325 1329 2382 1382 et
2407 1324 2757 1382 mansionem
2782 1325 2932 1397 apud
2958 1340 3089 1381 eum
3115 1323 3388 1380 faciemus
3417 1323 3620 1393 (10am,

253 1422 616 1478 conversione
663 1437 728 1475 ac
775 1420 1170 1475 demutatione
1219 1420 1560 1491 funguntur.
1607 1419 1718 1474 Lex
1771 1433 1885 1474 una

253 1515 504 1582 diversis,
530 1513 973 1569 constitutorum
1002 1513 1182 1568 semel
1219 1512 1368 1568 vices
1392 1528 1664 1567 cursuum
1691 1514 1883 1567 custo-

253 1608 396 1675 dire,
447 1623 553 1662 nec
604 1607 745 1662 fines
800 1606 1046 1662 transire
1100 1605 1475 1677 prascriptos.
1528 1605 1718 1660 Manet
1763 1604 1890 1676 ipsa

250 1699 623 1756 immutabilis
661 1699 1002 1767 demutatio,
1044 1703 1104 1754 et
1149 1699 1439 1753 conversio
1477 1702 1698 1754 vertere
1730 1696 1887 1753 ordi-

1988 1434 2102 1474 XIV.
2133 1421 2242 1474 23l.
2277 1438 2304 1467 )›

2065 1435 2077 1468 Γ
2133 1421 2200 1474 23
2230 1458 2242 1471 .
2277 1438 2304 1467 )›

2065 1459 2149 1567 1ἒ3.
2188 1419 2353 1567 \lides
2391 1511 2570 1583 igitur
2607 1511 2764 1583 quod
2806 1510 3052 1567 Verbum
3094 1513 3240 1567 Deus
3277 1514 3336 1567 et
3377 1510 3625 1567 otiosum

1987 1610 2278 1678 provocat,
2309 1609 2369 1660 et
2411 1604 2801 1660 dormientem
2844 1604 3073 1660 excitat.
3103 1603 3211 1669 Qui
3252 1604 3408 1660 enim
3440 1605 3622 1673 venit,

1990 1704 2048 1754 et
2063 1699 2300 1770 januam
2327 1699 2532 1770 pulsat,
2565 1699 2685 1754 vult
2709 1715 2938 1770 semper
2962 1699 3196 1754 intrare.
3228 1698 3340 1754 Sed
3369 1698 3426 1752 in
3457 1697 3626 1753 nobis

252 1809 388 1849 nem
421 1810 589 1848 suum
623 1791 822 1848 nescit.
851 1794 968 1847 Una
999 1793 1260 1847 omnium
1298 1791 1642 1860 obedientia,
1675 1791 1886 1848 discre-
1908 1771 1965 1844 B
1990 1796 2076 1848 est
2121 1792 2271 1864 quod
2332 1807 2449 1846 non
2513 1807 2746 1864 semper
2805 1791 3155 1862 ingreditur,
3208 1807 3325 1846 non
3391 1807 3628 1862 semper

255 1890 346 1942 tus
398 1886 730 1942 muneribus
783 1885 1149 1941 indiscretum
1215 1885 1560 1958 praescripta
1613 1883 1883 1940 constitu-

253 1979 421 2034 tionis
451 1984 648 2035 tenere
678 1979 1063 2035 concordiam.

326 2071 580 2145 1117
640 2076 723 2128 10.
780 2074 842 2128 In
890 2071 1030 2128 calo
1082 2088 1219 2143 ergo
1269 2075 1572 2143 permanet
1618 2070 1885 2141 Verbum,

251 2167 387 2238 quia
415 2166 655 2223 Satanas
689 2166 759 2222 de
791 2166 927 2221 coelo
959 2165 1162 2222 cecidit
1193 2183 1206 2220 :
1235 2181 1352 2220 non
1382 2164 1628 2221 habebat
1653 2164 1714 2220 in
1742 2165 1884 2220 calo

253 2261 460 2326 locum,
485 2265 786 2331 propterea
812 2258 1037 2316 cecidit.
1063 2259 1188 2324 Quo
1216 2259 1423 2314 cecidit
1449 2258 1559 2314 nisi
1583 2258 1644 2313 in
1671 2258 1887 2314 terras?

257 2353 388 2408 ldeo
417 2352 510 2408 hic
549 2353 854 2422 adulteria,
893 2352 1222 2420 homicidia,
1253 2351 1554 2407 ebrietates
1589 2351 1887 2406 abundare

254 2450 571 2518 caperunt.
619 2447 752 2502 Inde
803 2447 1058 2501 exclusus
1107 2446 1288 2501 acrior
1337 2445 1410 2500 ad
1461 2463 1562 2499 nos
1610 2443 1783 2512 venit,
1831 2449 1889 2500 et

251 2539 592 2594 tentationes
631 2539 798 2594 solito
836 2540 1155 2611 asperiores
1196 2542 1466 2610 tanquam
1506 2537 1682 2594 iratus
1725 2552 1884 2592 exer-

252 2636 359 2689 cet.
406 2635 466 2688 In
514 2633 651 2689 calo
700 2633 876 2705 igitur
919 2638 1219 2704 permanet
1266 2632 1533 2699 Verbum,
1577 2631 1710 2703 quia
1755 2630 1887 2687 inde

254 2725 509 2797 deiectus
545 2729 633 2782 est
666 2726 954 2795 diabolus;
985 2726 1045 2781 in
1075 2730 1228 2782 terra
1262 2741 1376 2780 non
1405 2730 1726 2797 permanet,
1753 2723 1887 2797 quia

251 2820 364 2875 huc
407 2823 556 2875 totus
599 2819 843 2876 advenit.
891 2821 959 2875 Et
1000 2819 1128 2876 vide
1173 2825 1368 2874 utrum
1415 2818 1506 2874 hic
1549 2833 1886 2891 permanere

255 2913 498 2968 Verbum
527 2914 702 2985 possit
727 2913 785 2968 in
810 2912 992 2982 nobis,
1020 2914 1117 2968 ubi
1153 2915 1336 2968 tantos
1364 2912 1600 2984 laqueos
1628 2911 1888 2967 diabolus

253 3007 512 3079 aspersit,
544 3007 664 3080 qui,
705 3008 841 3062 dum
882 3012 1031 3062 esset
1074 3007 1131 3060 in
1172 3007 1332 3068 coelo,
1372 3021 1476 3061 nec
1519 3005 1597 3060 ibi
1639 3005 1885 3060 Verbum

1989 1889 2199 1941 manet.
2228 1887 2426 1942 Pateat
2460 1884 2784 1940 advenienti
2811 1884 2992 1956 janua
3027 1888 3143 1952 tua,
3176 1884 3332 1956 aperi
3366 1884 3625 1939 animam

1987 1983 2170 2046 tuam,
2224 1979 2478 2050 expande
2530 1977 2815 2049 gremium
2869 1977 3078 2032 mentis
3126 1981 3270 2045 tua;
3323 1980 3384 2032 ut
3437 1977 3630 2033 videat

1989 2071 2215 2128 divitias
2269 2071 2664 2144 simplicitatis,
2721 2070 3010 2126 thesauros
3061 2070 3234 2142 pacis,
3287 2071 3624 2125 suavitatem

1989 2165 2210 2238 gratia.
2245 2165 2424 2220 Dilata
2449 2180 2544 2220 cor
2572 2169 2762 2233 tuum,
2788 2179 3020 2219 occurre
3048 2163 3150 2219 soli
3187 2163 3330 2218 lucis
3364 2167 3623 2231 aterna,

1986 2275 2116 2331 qua
2155 2257 2442 2314 illuminat
2477 2273 2708 2313 omnem
2749 2257 3074 2315 hominem.
3107 2258 3178 2312 Et
3207 2256 3346 2312 illud
3387 2255 3625 2328 quidem

1985 2368 2188 2408 verum
2213 2351 2408 2407 lumen
2446 2351 2712 2407 omnibus
2740 2352 2910 2420 lucet,
2950 2350 3048 2408 sed
3091 2350 3138 2406 si
3177 2349 3305 2422 quis
3337 2351 3626 2406 fenestras

1987 2462 2118 2501 suas
2169 2444 2450 2514 clauserit,
2502 2449 2718 2500 aterno
2768 2443 2985 2500 lumine
3034 2460 3095 2498 se
3145 2443 3266 2516 ipse
3311 2443 3624 2499 fraudabit.

1988 2538 2314 2595 Excluditur
2373 2555 2513 2611 ergo
2571 2543 2629 2594 et
2681 2537 2971 2607 Christus,
3021 2539 3067 2594 si
3121 2543 3185 2592 tu
3237 2537 3446 2592 mentis
3506 2542 3627 2592 tua

1980 2633 2222 2704 januam
2249 2632 2476 2688 claudas
2505 2650 2516 2686 :
2548 2631 2650 2687 etsi
2676 2631 2853 2703 possit
2875 2631 3108 2699 intrare,
3140 2646 3256 2686 non
3282 2631 3402 2686 vult
3428 2635 3625 2686 tamen

1986 2726 2348 2799 importunus
2379 2725 2615 2792 irruere,
2649 2740 2766 2780 non
2803 2725 2923 2779 vult
2949 2723 3156 2781 invitos
3186 2739 3410 2797 cogere.
3451 2723 3628 2778 Ortus

1985 2836 2055 2876 ex
2093 2818 2314 2891 virgine
2351 2819 2623 2891 processit
2658 2834 2728 2874 ex
2766 2819 2913 2886 alvo,
2945 2818 3210 2873 universa
3249 2817 3424 2873 totius
3466 2816 3630 2872 orbis

1985 2911 2284 2980 irradians,
2330 2915 2394 2967 ut
2439 2912 2659 2968 luceret
2707 2910 2994 2966 omnibus.
3043 2909 3303 2983 1118
3352 2909 3627 2982 Capiunt,

1985 3005 2085 3078 qui
2125 3004 2446 3060 desiderant
2478 3004 2715 3077 fulgoris
2756 3003 3018 3075 perpetui
3062 3003 3400 3069 claritatem,
3443 3019 3624 3074 quam

253 3105 479 3172 poterat
518 3116 882 3212 permanere.
911 3098 1168 3170 Denique
1208 3097 1345 3170 quia
1383 3103 1441 3154 et
1477 3098 1599 3170 ipse
1640 3097 1884 3154 Verbum
1907 3139 1962 3212 Ο
1986 3115 2100 3154 nox
2127 3098 2283 3153 nulla
2310 3097 2640 3170 interpolat.
2669 3097 2786 3154 Soli
2819 3097 2975 3152 enim
3005 3097 3138 3152 huic
3163 3113 3334 3168 quem
3366 3096 3627 3168 quotidie

255 3209 370 3249 non
395 3193 600 3261 tenuit,
627 3191 832 3248 cecidit
861 3209 892 3247 e
920 3193 1078 3248 coelo.

331 3289 416 3340 11.
472 3288 531 3341 ln
582 3287 722 3340 coelo
773 3302 912 3358 ergo
967 3285 1218 3340 Verbum
1267 3290 1584 3356 permanet,
1632 3291 1684 3339 et
1739 3285 1887 3357 quod

256 3379 570 3436 secundum
601 3379 768 3434 Verbi
796 3379 1228 3451 dispositionem
1267 3377 1489 3450 regitur
1517 3383 1574 3434 et
1602 3379 1886 3450 guberna-

255 3479 367 3530 tur.
399 3474 510 3529 Sed
551 3473 688 3546 quia
725 3479 782 3528 et
820 3473 1008 3545 ipsum
1046 3472 1250 3528 calum
1291 3472 1569 3544 praterit,
1602 3472 1731 3527 ideo
1773 3489 1886 3528 non

255 3567 400 3623 dixit
433 3567 492 3622 in
532 3567 740 3622 sacula
774 3582 1131 3638 permanere,
1163 3565 1260 3620 sed
1290 3568 1352 3620 in
1391 3567 1672 3634 saeculum;
1703 3582 1884 3638 quan-

254 3677 427 3732 quam
474 3663 796 3732 praetereat,
842 3665 908 3714 ut
955 3661 1053 3713 ﬁat
1100 3675 1311 3714 novum
1359 3659 1586 3728 coelum,
1634 3661 1693 3714 et
1738 3675 1886 3714 nova

253 3758 427 3822 terra,
478 3770 689 3809 novum
745 3756 1188 3822 testamentum;
1241 3757 1303 3807 ut
1352 3752 1499 3808 facie
1552 3753 1623 3808 ad
1663 3752 1883 3810 faciem

251 3847 492 3919 gloriam
517 3847 746 3903 Domini
772 3847 966 3902 videre
992 3846 1292 3918 possimus.

327 3946 411 3997 l2.
445 3943 848 3996 Verumtamen
887 3940 1019 4012 quia
1053 3944 1110 3995 et
1146 3941 1207 3994 in
1243 3940 1383 3994 calo
1413 3938 1523 3994 fuit
1547 3938 1697 3993 vitiis
1727 3939 1886 3994 locus

253 4037 405 4104 (nam
433 4034 633 4104 utique
663 4051 781 4089 non
808 4033 1103 4089 cecidisset
1128 4033 1260 4089 inde
1286 4032 1666 4103 adversarius,
1695 4033 1804 4088 nisi
1827 4031 1886 4087 in

251 4126 587 4183 criminibus
619 4127 1032 4199 deprehensus,
1067 4144 1205 4182 nam
1236 4130 1294 4182 et
1332 4127 1533 4182 stultus
1572 4127 1716 4182 sicut
1751 4127 1889 4181 luna

254 4223 534 4289 mutatur,
561 4223 620 4276 et
645 4221 850 4276 calum
877 4220 1067 4293 ipsum
1097 4219 1346 4276 tenebris
1371 4219 1712 4289 obducitur),
1740 4220 1886 4275 vide-

254 4320 348 4368 tur
379 4313 571 4386 utique
601 4330 719 4370 non
759 4315 830 4370 de
868 4315 1157 4370 elemento
1187 4314 1422 4384 dictum,
1456 4313 1556 4368 sed
1588 4314 1659 4368 de
1698 4314 1882 4369 Virtu-

250 4408 403 4463 tibus
431 4407 916 4480 Potestatibusque
954 4407 1290 4462 coelestibus.
1317 4409 1462 4463 Sunt
1492 4407 1644 4462 enim
1675 4411 1884 4462 sancta

1988 3193 2296 3261 cernimus,
2325 3209 2439 3248 nox
2469 3191 2765 3248 tenebrosa
2804 3190 3078 3260 succedit;
3117 3191 3202 3246 sol
3235 3193 3424 3246 autem
3447 3189 3624 3262 justi-

1988 3285 2080 3341 tia
2110 3302 2404 3358 nunquam
2441 3284 2665 3353 occidit,
2703 3284 2839 3357 quia
2875 3283 3170 3357 sapientia
3213 3299 3329 3338 non
3369 3282 3628 3338 succedit

1986 3380 2229 3436 malitia.

2063 3475 2147 3528 14.
2182 3475 2382 3528 Beatus
2415 3488 2552 3545 ergo
2591 3472 2706 3541 ille,
2739 3471 2899 3543 cujus
2941 3471 3126 3543 pulsat
3147 3470 3385 3542 januam
3427 3469 3622 3524 Chris-

1989 3570 2097 3630 tus.
2128 3569 2308 3623 Janua
2349 3571 2543 3622 nostra
2581 3565 2723 3621 ﬁdes
2762 3570 2865 3632 est,
2899 3582 3026 3637 qua
3064 3568 3238 3620 totam
3279 3563 3539 3629 domum,
3575 3563 3628 3618 si

1984 3661 2162 3716 fuerit
2189 3660 2439 3728 robusta,
2468 3659 2806 3714 communit.
2836 3660 2940 3714 Per
2969 3659 3140 3713 istam
3161 3657 3398 3728 januam
3425 3657 3624 3713 Chris-

1986 3757 2076 3808 tus
2110 3753 2453 3825 ingreditur.
2486 3752 2649 3808 Unde
2691 3755 2750 3807 et
2786 3751 3027 3807 Ecclesia
3065 3750 3203 3806 dicit
3231 3750 3290 3804 in
3325 3749 3572 3805 Canticis
3607 3769 3622 3805 :

1989 3869 2016 3896 ‹‹
2061 3849 2174 3902 Vox
2200 3846 2390 3902 fratris
2417 3847 2531 3901 mei
2568 3845 2756 3917 pulsat
2788 3845 2857 3900 ad
2889 3844 3128 3915 januam
3156 3844 3363 3915 (Cant,
3401 3860 3454 3911 ν,
3483 3844 3557 3914 2).
3592 3864 3622 3891 »ι

1985 3941 2132 3996 Audi
2173 3941 2516 4012 pulsantem,
2554 3939 2686 3994 audi
2725 3938 2956 3994 introire
2989 3938 3315 4009 cupientem
3344 3954 3358 3991 :
3391 3957 3419 3986 «
3448 3937 3625 4008 Aperi

1987 4033 2149 4103 mihi,
2194 4049 2351 4087 soror
2397 4049 2529 4087 mea
2576 4032 2812 4104 Sponsa,
2857 4030 3125 4087 columba
3175 4046 3323 4097 mea,
3369 4030 3626 4101 perfecta

1986 4143 2137 4197 mea,
2176 4126 2313 4199 quia
2345 4131 2518 4197 caput
2546 4141 2741 4182 meum
2780 4120 3072 4197 repletum‘
3099 4127 3188 4179 est
3225 4139 3375 4193 rore,
3415 4128 3472 4178 et
3509 4124 3620 4178 cri-

1990 4235 2092 4276 nes
2135 4220 2251 4275 mei
2293 4218 2467 4291 guttis
2507 4219 2690 4274 noctis
2721 4216 2933 4289 (Ibid.).
2977 4240 3004 4267 ››
3043 4215 3349 4274 Considera
3389 4216 3623 4287 quando

1987 4313 2238 4369 maxime
2279 4313 2470 4384 pulsat
2506 4312 2746 4382 januam
2787 4314 2941 4365 tuam
2991 4311 3136 4365 Deus
3179 4308 3445 4376 Verbum,
3482 4326 3619 4364 cum

1987 4408 2272 4479 repletum
2298 4409 2386 4462 est
2420 4409 2591 4478 caput
2624 4406 2748 4476 ejus
2784 4420 2911 4460 rore
2945 4409 3243 4458 nocturno.
3275 4404 3335 4457 ln
3378 4402 3617 4463 tribula-

252 4501 500 4555 Virtutes
546 4501 602 4556 in
647 4502 807 4570 coelo,
851 4502 907 4556 in
951 4501 1158 4573 quibus
1199 4501 1343 4556 nihil
1387 4500 1668 4556 lubricum
1715 4505 1962 4578 atqueD
1987 4501 2143 4556 tione
2169 4499 2381 4555 etenim
2411 4502 2469 4554 et
2493 4497 2902 4554 tentationibus
2926 4497 3139 4569 positos
3164 4496 3389 4551 visitare
3419 4496 3622 4568 digna-

251 4599 546 4650 terrenum
589 4596 679 4650 sit.
711 4596 851 4651 Sunt
895 4596 1066 4650 etiam
1103 4595 1159 4649 in
1200 4595 1367 4650 terris
1406 4594 1550 4664 coeli,
1587 4595 1686 4667 qui
1717 4610 1882 4651 enar-

250 4690 384 4744 rant
422 4689 665 4761 gloriam
705 4689 826 4745 Dei.
867 4689 971 4754 Qui
1009 4693 1139 4744 sunt
1179 4687 1274 4744 isti
1301 4689 1466 4744 coeli?
1501 4688 1650 4743 Audi
1688 4689 1881 4743 dicen-

250 4789 365 4839 tem
405 4800 418 4837 :
463 4804 490 4831 ‹‹
519 4782 674 4838 Sicut
711 4782 1064 4853 portavimus
1105 4781 1420 4853 imaginem
1461 4781 1609 4836 illius
1652 4779 1882 4850 terreni,

249 4881 542 4948 portemus
582 4878 642 4929 et
681 4875 998 4947 imaginem
1038 4875 1209 4946 hujus
1251 4875 1491 4930 caelestis
1527 4875 1567 4946 (l
1610 4875 1752 4936 Corn,
1792 4890 1882 4940 xv,

249 4968 361 5038 49).
417 4990 444 5016 η
500 4967 591 5022 lsti
639 4967 817 5038 igitur
864 4971 996 5022 sunt
1047 4968 1190 5034 cali,
1237 4968 1336 5040 qui
1391 4969 1561 5023 etiam
1610 4967 1669 5022 in
1718 4969 1886 5023 terris

249 5060 420 5131 positi
463 5061 680 5116 audent
717 5060 901 5116 dicere
939 5078 952 5116 :
989 5082 1015 5110 «
1054 5063 1258 5116 Nostra
1295 5064 1489 5116 autem
1532 5060 1884 5117 conversatio

244 5153 305 5208 in
349 5154 501 5210 calis
541 5159 626 5210 est
663 5154 948 5226 (Philipp,
983 5171 1065 5222 ιιι,
1107 5155 1218 5225 20).
1262 5175 1290 5204 »ι
1327 5154 1421 5211 Isti
1464 5160 1595 5210 sunt
1637 5154 1782 5221 cali,
1825 5155 1883 5208 in

248 5245 455 5318 quibus
504 5247 665 5316 lides,
712 5247 976 5320 gravitas,
1022 5248 1396 5316 continentia,
1447 5247 1723 5315 doctrina,
1771 5246 1884 5301 vita

249 5341 492 5395 caelestis
530 5344 634 5396 est.
667 5343 806 5396 Nam
843 5342 1328 5414 quemadmodum
1374 5347 1524 5396 terra
1556 5341 1740 5396 dictus
1775 5346 1882 5408 est,

250 5434 349 5505 qui
380 5434 570 5505 lapsus
597 5452 666 5491 ex
693 5435 789 5491 illa
812 5436 1284 5508 pravaricatione
1312 5434 1550 5490 ccrlestis
1576 5434 1798 5506 gratia,
1829 5437 1886 5489 et

249 5527 310 5582 in
351 5528 474 5584 hac
513 5533 742 5584 terrena
775 5529 911 5585 vitia
949 5529 1223 5602 dejectus,
1257 5528 1738 5600 pravaricationis
1768 5544 1884 5582 sua

249 5637 309 5677 se
350 5621 588 5678 vinculis
629 5623 840 5696 ligavit,
878 5624 957 5678 ita
991 5629 1048 5680 et
1085 5623 1372 5681 contrario
1410 5622 1618 5678 coelum
1656 5621 1883 5689 dicitur,

252 5716 350 5787 qui
402 5716 580 5771 vitam
631 5719 970 5787 angelorum
1019 5717 1280 5773 custodia
1325 5715 1670 5788 integritatis
1719 5732 1882 5770 exer-

1983 4597 2107 4664 tur;
2133 4609 2204 4648 ne
2229 4594 2355 4665 quis
2375 4593 2525 4648 forte
2547 4591 2881 4648 succumbat
2901 4591 3076 4646 victus
3102 4591 3395 4646 arumnis.
3422 4591 3621 4662 Reple-

1983 4691 2078 4742 tur
2107 4704 2246 4758 ergo
2272 4691 2445 4758 caput
2473 4686 2597 4757 ejus
2632 4701 2782 4751 rore,
2813 4684 2900 4739 vel
2933 4684 3126 4755 guttis,
3157 4685 3384 4756 quando
3411 4701 3623 4755 corpus

1981 4782 2103 4853 ejus
2133 4780 2372 4836 laborat.
2402 4780 2557 4834 Tunc
2585 4795 2724 4850 ergo
2765 4777 3137 4849 vigilandum,
3169 4794 3242 4832 ne
3269 4795 3399 4833 cum
3434 4781 3619 4848 Spon-

1983 4892 2078 4929 sus
2120 4874 2358 4940 venerit,
2399 4872 2636 4928 recedat
2669 4872 2940 4926 exclusus.
2973 4871 3031 4926 Si
3070 4871 3224 4926 enim
3253 4871 3524 4938 dormias,
3563 4875 3624 4926 et

1981 4985 2081 5024 cor
2122 4972 2282 5022 tuum
2316 4982 2433 5021 non
2463 4965 2680 5036 vigilet,
2713 4963 2951 5020 discedit
2990 4968 3296 5035 antequam
3336 4965 3544 5036 pulset,
3572 4965 3621 5020 si

1981 5077 2082 5116 cor
2128 5063 2290 5114 tuum
2343 5058 2562 5130 vigilet,
2608 5059 2814 5128 pulsat,
2865 5061 2923 5112 et
2972 5056 3178 5128 aperiri
3225 5056 3330 5111 sibi
3373 5058 3622 5128 januam

1983 5152 2181 5225 poscit.
2212 5152 2494 5208 Habemus
2520 5167 2658 5223 ergo
2693 5150 2901 5205 anima
2934 5153 3138 5205 nostra
3158 5150 3417 5221 januam,
3448 5151 3623 5206 habe-

1983 5264 2111 5302 mus
2131 5251 2188 5302 et
2213 5250 2400 5317 portas
2425 5245 2494 5299 de
2516 5244 2722 5317 quibus
2744 5244 2961 5300 dictum
2990 5247 3112 5299 est:
3138 5265 3165 5294 «
3188 5243 3384 5300 Tollite
3406 5248 3620 5316 portas,

1985 5340 2294 5412 principes,
2325 5343 2555 5406 vestras,
2585 5341 2644 5392 et
2671 5337 2994 5407 elevamini,
3028 5342 3207 5409 porta
3237 5340 3536 5394 aternales
3564 5345 3626 5394 et

1985 5433 2246 5488 introibit
2289 5433 2407 5488 Rex
2451 5431 2646 5504 gloria
2687 5432 2850 5501 (Psal.
2890 5447 3040 5499 χχιιι,
3081 5435 3134 5500 7,
3164 5432 3235 5503 9).
3277 5453 3303 5480 »
3342 5433 3436 5486 Est
3477 5448 3621 5503 ergo

1986 5530 2043 5581 et
2083 5527 2286 5581 calum
2325 5525 2385 5580 in
2417 5526 2522 5594 his,
2560 5525 2620 5581 in
2661 5524 2866 5597 quibus
2905 5529 3081 5596 porta
3119 5530 3254 5580 sunt
3293 5525 3618 5581 aternales.

1985 5621 2041 5676 Si
2081 5621 2186 5674 has
2230 5618 2364 5674 fidei
2403 5625 2516 5675 tua
2556 5625 2750 5690 portas
2790 5618 2928 5674 velis
2963 5619 3240 5687 attollere,
3279 5618 3512 5674 intrabit
3547 5620 3619 5674 ad

1987 5719 2043 5769 te
2089 5713 2204 5767 Rex
2257 5713 2474 5785 gloria,
2519 5712 2874 5784 triumphum
2923 5715 3154 5784 portans
3195 5712 3443 5785 propria
3489 5729 3615 5785 pas-

317 5831 414 5895 (55)
441 5832 649 5883 Omnes
683 5829 834 5894 edit,
877 5833 1152 5885 continuos
1187 5847 1296 5887 non
1332 5833 1522 5901 novit;
1557 5831 1656 5887 sed
1697 5831 1899 5888 melius
1929 5830 2152 5900 negatio
2179 5830 2535 5898 pramittitur
2556 5829 2615 5882 in
2637 5843 2769 5882 mss.
