3930 6168
225 299 333 353 H37

1305 293 1652 350 EXPOSITIO
1692 293 1758 349 IN
1798 293 2113 349 PSALMUM
2152 293 2379 349 CXVIII.

3386 295 3521 349 1438

216 406 382 474 sionis.
414 418 579 472 Habet
620 417 788 472 etiam
823 417 1042 488 justitia
1084 421 1290 489 portas.
1329 417 1470 472 Nam
1510 415 1682 472 etiam
1725 417 1794 472 de
1817 420 2166 503 Amutatur.
2195 418 2354 472 Nunc
2384 415 2723 488 gaudemus,
2753 415 3025 470 continuo
3054 432 3375 484 maeremus,
3407 418 3517 473 ira-

213 513 283 568 bis
328 510 553 582 legimus
603 510 899 582 scriptum,
947 510 1171 566 dicente
1221 511 1463 565 Domino
1513 512 1641 565 Jesu
1691 526 1796 582 per

209 605 516 675 Prophetam
556 620 724 659 suum
766 621 780 659 :
814 626 840 653 ‹‹
880 604 1110 676 Aperite
1151 604 1293 659 mihi
1333 608 1527 675 portas
1557 603 1795 675 justitiae

207 700 344 768 (Psul.
387 714 540 764 cxvu,
590 699 696 768 19).
743 718 771 748 ››
819 699 886 753 Et
932 697 1082 753 infra
1129 703 1186 753 et
1230 697 1512 769 propheta
1559 695 1730 752 David
1777 713 1790 751 :

209 817 228 839 «
260 793 448 858 Lauda,
479 793 807 860 Jerusalem,
835 792 1165 860 Dominum,
1193 791 1368 848 lauda
1396 792 1571 847 Deum
1607 795 1792 858 tuum,

205 886 345 952 Sion;
373 886 644 958 quoniam
681 886 1019 942 confortavit
1054 901 1204 942 seras
1240 888 1533 958 portarum
1563 889 1796 940 tuarum

202 981 343 1048 (Psal.
367 995 554 1047 cnvu,
591 983 673 1047 12,
709 979 813 1051 13).
843 1001 870 1028 η

267 1077 338 1129 15.
369 1075 462 1128 Est
492 1089 629 1145 ergo
656 1073 850 1128 anima
879 1089 1006 1145 qum
1047 1073 1219 1128 habet
1251 1072 1511 1144 januam,
1544 1078 1630 1129 est
1667 1089 1795 1145 quae

201 1168 345 1222 habet
386 1169 588 1237 portas.
636 1166 728 1221 Ad
773 1167 923 1221 hanc
960 1167 1201 1238 januam
1244 1167 1398 1222 venit
1442 1165 1697 1222 Christus
1741 1169 1799 1222 et

198 1261 379 1332 pulsat,
403 1261 590 1331 pulsat
614 1263 672 1316 et
694 1263 906 1332 portas.
933 1259 1106 1332 Aperi
1135 1277 1274 1331 ergo
1304 1259 1383 1316 illi
1417 1276 1430 1315 :
1462 1261 1582 1315 vult
1611 1259 1793 1316 intro~

199 1355 284 1422 ire,
323 1353 435 1409 vult
475 1355 756 1424 Sponsam
797 1353 1053 1410 invenire
1091 1353 1441 1426 vigilantem.
1483 1353 1607 1410 Noli
1641 1353 1796 1410 bono

199 1448 409 1502 amatori
452 1447 640 1503 facere
683 1464 896 1516 moras,
937 1449 1047 1502 cito
1091 1448 1338 1515 recedit;
1384 1454 1441 1504 et
1481 1450 1542 1502 tu
1591 1464 1795 1504 somno

198 1541 419 1612 corporis
446 1541 531 1596 tui
572 1541 776 1597 videris
810 1541 1111 1597 exclusisse
1150 1542 1496 1613 pulsantem.
1535 1541 1795 1598 Excludis

198 1635 326 1691 enim
351 1651 499 1702 eum,
522 1651 654 1690 cum
682 1635 989 1691 desidiosus
1013 1651 1092 1703 es,
1120 1651 1248 1690 cum
1271 1635 1456 1708 piger,
1487 1651 1619 1690 cum
1649 1651 1797 1691 som-

201 1730 468 1796 uolentus,
519 1729 611 1783 his
655 1728 942 1800 repagulis
988 1729 1242 1784 Christus
1288 1729 1626 1785 excluditur.
1683 1729 1796 1784 Etsi

199 1825 374 1892 castus,
407 1823 515 1878 etsi
545 1822 768 1878 sobrius
796 1823 888 1890 sis,
920 1839 1049 1878 cave
1077 1841 1150 1878 ne
1179 1823 1476 1895 negligens
1503 1823 1598 1879 sis.
1631 1823 1798 1894 Majo-
1818 1800 1873 1872 B

198 1933 297 1970 rem
324 1917 548 1973 Christo
577 1916 710 1972 facit
737 1915 1031 1987 injuriam,
1059 1917 1157 1989 qui
1185 1916 1581 1972 advenientem
1617 1917 1796 1987 repel-

197 2010 263 2064 lit.

259 2107 326 2158 16.
366 2105 796 2175 Nonnunquam
843 2103 1033 2174 etiam,
1073 2104 1117 2158 si
1159 2103 1420 2174 moraris,
1453 2103 1627 2160 mittit
1667 2121 1792 2159 ma-

199 2213 309 2251 num
332 2213 488 2251 suam
531 2213 633 2268 per
657 2197 994 2264 fenestram,
1025 2199 1169 2253 sicut
1195 2198 1275 2253 ait
1302 2198 1523 2269 Sponsa
1552 2215 1564 2252 :
1603 2218 1630 2249 α
1660 2199 1792 2252 Fra-

199 2295 265 2344 ter
288 2307 436 2345 meus
466 2290 633 2344 misit
659 2307 891 2345 manum
920 2308 1080 2346 suam
1106 2291 1177 2346 de
1212 2295 1531 2364 prospectu,
1560 2296 1617 2346 et
1656 2308 1794 2346 ven-

200 2389 264 2438 ter
289 2399 436 2440 meus
461 2383 847 2439 conturbatus
876 2388 960 2440 est
981 2402 1152 2457 super
1177 2401 1328 2441 eum.
1354 2385 1652 2441 Exsurrexi
1684 2401 1794 2458 ego

199 2479 376 2548 aperire
405 2478 578 2534 fratri
610 2494 759 2532 meo.
794 2479 990 2533 Manus
1014 2495 1162 2534 mea:
1191 2478 1613 2534 distillaverunt
1636 2496 1792 2550 myr-

202 2572 361 2642 rham;
398 2572 577 2645 digiti
615 2572 727 2628 mei
768 2572 997 2645 myrrha
1037 2573 1190 2644 pleni
1235 2575 1433 2642 (Cant,
1464 2589 1517 2640 v,
1563 2575 1616 2640 4,
1659 2575 1731 2643 5).
1764 2595 1793 2624 ››

205 2666 403 2723 Primum
435 2682 592 2738 ergo
623 2669 899 2737 tanquam
931 2683 963 2720 a
1004 2670 1307 2738 prospectu
1350 2665 1525 2722 mittit
1556 2683 1794 2722 manum

215 2776 340 2827 suam,
369 2760 614 2833 quando
643 2760 791 2814 Deus
822 2776 940 2815 esse
969 2760 1235 2832 operibus
1266 2761 1600 2816 aestimatur.
1633 2761 1793 2816 Unde

204 2854 295 2907 ait:
333 2876 357 2902 «ι
391 2854 449 2910 Si
494 2851 649 2907 mihi
694 2868 808 2907 non
847 2853 1094 2921 creditis,
1140 2854 1225 2908 vel
1272 2853 1540 2925 operibus
1583 2854 1794 2910 credite

199 2947 352 3010 (Ioue,
381 2963 433 3017 x,
465 2945 589 3016 38).
620 2967 648 2995 ››
673 2945 888 3000 Deinde
911 2948 1154 3016 augetur
1180 2962 1363 3013 amor,
1387 2952 1442 3002 et
1459 2946 1674 3002 intimis
1693 2945 1797 3001 vis-

197 3040 380 3095 ceribus
407 3043 731 3111 conceptus
757 3038 1035 3093 inolescit.
1073 3039 1208 3095 Inde
1233 3038 1573 3111 intelligibili
1606 3043 1791 3110 utero,

196 3131 240 3186 in
265 3150 362 3204 quo
392 3140 477 3190 est
530 3133 951 3204 receptaculum
989 3132 1168 3199 verbi,
1199 3131 1511 3188 seminibus
1549 3133 1670 3204 ejus
1704 3133 1793 3187 in-

198 3226 321 3292 fusis,
347 3226 776 3299 plenitudinem
816 3225 938 3296 ejus
972 3225 1345 3296 corporaliter
1382 3225 1796 3281 iuhabitantem

201 3318 387 3375 haurire
417 3321 620 3375 anima
649 3322 841 3374 nostra
869 3318 1173 3374 desiderat.
1202 3321 1324 3374 Non
1355 3318 1510 3374 enim
1539 3319 1799 3374 turbatur

201 3418 360 3468 uterus
387 3413 764 3480 feminarum,
794 3412 905 3487 nisi
934 3429 1062 3484 quae
1087 3411 1300 3468 fuerint
1325 3413 1447 3466 alvo
1479 3429 1696 3484 graves.

258 3509 328 3561 l7.
370 3507 570 3578 Surgit
614 3506 792 3577 igitur
836 3506 1050 3574 anima,
1089 3510 1152 3560 ut
1187 3505 1403 3576 aperiat
1446 3505 1567 3561 Dei.
1592 3506 1795 3574 Verbo,

198 3601 274 3654 sed
297 3601 426 3655 dum
457 3617 519 3656 se
548 3599 817 3671 expandit
843 3605 1011 3670 atque
1045 3599 1248 3670 aperit,
1277 3602 1342 3653 ut
1379 3615 1555 3670 opera
1595 3599 1800 3654 mundi

197 3691 340 3763 hujus
365 3694 522 3749 verbi
551 3692 877 3765 receptione
904 3692 1226 3761 mortiﬁcet,
1251 3692 1395 3748 sicut
1420 3692 1512 3747 ille
1543 3693 1640 3764 qui
1671 3692 1752 3747 ait
1781 3709 1794 3746 :

199 3809 219 3833 ‹ι
253 3787 732 3842 Mortificationem
774 3785 999 3842 Domini
1041 3787 1172 3842 Jesu
1217 3786 1277 3840 in
1324 3802 1561 3857 corpore
1608 3790 1799 3840 nostro

196 3881 634 3936 circumferimus
661 3881 724 3950 (II
755 3882 897 3943 Con,
931 3897 1006 3947 xv,
1043 3879 1148 3950 10).
1180 3898 1206 3930 ››
1240 3881 1388 3951 Ergo
1418 3879 1556 3934 dum
1592 3879 1797 3951 aperit,

197 3976 429 4030 transivit
448 3976 726 4047 Sponsus.
751 3972 798 4045 1
816 3972 864 4045 1
881 3972 930 4045 1
947 3971 1006 4046 9
1026 3975 1152 4028 Vult
1171 3973 1325 4029 enim
1346 3989 1578 4044 semper
1595 3972 1797 4044 quaeri,

194 4067 525 4140 frequentius
574 4067 838 4134 inveniri,
881 4071 937 4122 et
990 4067 1037 4121 si
1093 4067 1342 4122 clausam
1389 4067 1670 4122 invenerit
1704 4067 1796 4137 ja-

195 4177 363 4229 nuam,
394 4163 602 4234 pulsat,
633 4166 692 4216 et
721 4161 767 4216 si
793 4177 896 4234 per
933 4172 1152 4216 moram
1193 4160 1366 4215 fuerit
1406 4161 1682 4227 exclusus,
1711 4177 1799 4216 re-

196 4257 340 4311 cedit.
368 4257 478 4314 Sed
512 4256 628 4312 cito
658 4255 826 4324 redit,
859 4261 916 4310 et
954 4255 1163 4310 iterum
1199 4255 1421 4326 pulsat;
1452 4259 1512 4308 ut
1545 4255 1632 4309 vel
1668 4271 1799 4325 pos-

198 4351 271 4402 tea
305 4367 569 4422 sponsam
608 4347 858 4404 inveniat
895 4353 1299 4420 prteparatam.
1340 4350 1530 4404 Potest
1568 4348 1802 4419 quidem

199 4445 247 4495 et
271 4442 340 4498 sic
365 4444 544 4516 accipi
575 4461 586 4495 :
616 4463 643 4491 «
666 4443 864 4497 Frater
891 4458 1052 4496 meus
1079 4441 1339 4497 transivit
1366 4441 1566 4510 (Cant,
1590 4457 1643 4508 v,
1674 4443 1749 4511 6),
1770 4462 1799 4490 »

1895 511 2126 578 scimur,
2157 509 2607 582 ingemiscimus.
2642 511 2703 564 In
2736 509 2858 580 ipsa
2889 509 3220 581 poenitentia
3254 527 3367 564 non
3405 511 3523 566 vult

1897 621 2001 659 nos
2037 604 2168 658 satis
2205 603 2529 658 contristari
2566 603 2890 674 Apostolus,
2936 619 3008 656 ne
3058 602 3288 657 tristitia
3327 604 3518 658 absor-

1893 697 2136 754 beamur
2161 698 2224 767 (II
2251 697 2393 760 Cor.,
2427 713 2484 764 ιι,
2515 696 2588 766 7).
2621 697 2728 752 Ubi
2753 712 2889 767 ergo
2914 696 3231 763 iracundia,
3266 696 3362 751 ubi
3389 697 3519 752 tris-

1898 792 2022 846 titia
2049 791 2250 862 gravis,
2281 808 2395 846 non
2425 793 2725 862 permanet
2748 789 2825 845 ibi
2850 790 3119 845 Verbum.
3149 789 3409 861 Denique
3449 790 3521 845 de

1895 885 2013 940 solo
2045 885 2283 940 Domino
2302 887 2429 940 Jesu
2451 884 2664 940 dictum
2691 889 2778 940 est
2805 900 2839 938 a
2855 886 3072 939 Joanne
3093 884 3228 955 quia
3251 905 3279 932 «
3302 883 3516 938 Vidit...

1897 977 2171 1050 Spiritum
2199 982 2457 1034 sanctum
2485 977 2923 1035 descendentem
2955 978 3024 1033 de
3067 977 3206 1033 coelo
3247 975 3392 1032 sicut
3427 993 3518 1032 co-

1895 1073 2168 1141 lumbam,
2205 1079 2262 1128 et
2298 1076 2631 1128 manentem
2667 1088 2841 1143 super
2876 1087 3006 1127 eum
3038 1074 3249 1140 (Mare,
3282 1089 3318 1138 ι,
3357 1070 3460 1140 10).
3492 1091 3521 1120 ››

1897 1171 2038 1226 Nam
2081 1175 2141 1226 et
2181 1171 2477 1242 prophetae
2527 1187 2640 1226 non
2685 1186 2913 1244 semper
2943 1169 3383 1242 prophetabant,
3421 1169 3520 1224 sed

1896 1279 2028 1319 cum
2064 1263 2396 1320 infunderet
2433 1263 2520 1319 his
2557 1264 2802 1335 gratiam
2837 1263 3080 1334 Spiritus
3120 1263 3520 1335 prophetandi.

1897 1357 2157 1429 Denique
2183 1373 2288 1412 nec
2317 1357 2488 1413 David
2527 1356 2812 1430 praescivit
2845 1355 2983 1429 quid
3022 1357 3390 1412 annuntiaret
3418 1356 3525 1410 Nan

1896 1451 2034 1506 than
2060 1451 2266 1506 missus
2296 1467 2330 1506 a
2355 1451 2595 1507 Domino
2634 1452 2693 1519 (ll
2731 1454 2882 1521 Reg.,
2921 1467 3016 1517 xu,
3063 1451 3191 1521 5-7),
3235 1455 3292 1505 et
3325 1449 3524 1521 utique

1896 1543 2135 1600 inferior
2160 1544 2383 1599 Nathan
2410 1545 2691 1616 propheta
2717 1543 2981 1615 cognovit
3007 1542 3160 1614 quod
3181 1542 3353 1599 David
3382 1559 3523 1613 pree-

1897 1638 2142 1694 stautior
2165 1637 2470 1694 nesciebat.
2495 1639 2563 1692 Et
2586 1636 2729 1692 alius
2755 1637 2898 1692 dixit
2924 1637 3238 1710 propheta:
3269 1657 3295 1684 «
3314 1635 3526 1693 Celavit

1897 1745 1990 1785 me
2020 1731 2293 1786 Dominus
2334 1730 2422 1800 (IV
2456 1734 2607 1800 Reg.,
2647 1747 2718 1797 IV,
2760 1731 2869 1800 27).
2913 1751 2940 1780 ››
2973 1729 3132 1785 Unde
3174 1732 3231 1785 et
3269 1728 3524 1801 plerique

1899 1824 2185 1896 accipiunt
2222 1824 2283 1880 in
2322 1823 2458 1880 caelo
2498 1839 2832 1895 permanere
2873 1823 2972 1878 Dei
3016 1822 3293 1890 Verbum,
3323 1822 3384 1875 in
3423 1822 3548 1875 Po-“

1897 1918 2189 1974 testatibus
2216 1917 2559 1984 coelestibus,
2590 1917 2648 1971 in
2677 1916 2883 1988 quibus
2908 1933 3023 1971 non
3055 1919 3188 1970 sunt
3218 1915 3525 1970 alfectuum

1897 2011 2216 2067 varietates.
2246 2011 2434 2082 Aliqui
2465 2014 2658 2065 autem
2681 2009 2752 2064 de
2780 2009 2901 2082 ipsa
2927 2009 3214 2080 accipiunt
3230 2007 3529 2077 Trinitate,

1881 2116 2023 2177 quae
2052 2105 2170 2159 sola
2200 2103 2570 2159 immutabilis
2613 2103 2721 2171 sit;
2753 2106 2810 2157 et
2847 2102 2974 2158 ideo
3013 2102 3072 2156 in
3109 2102 3250 2157 coelo
3291 2116 3522 2173 perma-

1896 2203 1992 2253 net
2020 2197 2286 2265 Verbum,
2316 2197 2371 2251 id
2397 2202 2500 2264 est,
2547 2196 2606 2250 in
2647 2198 2835 2265 Patre,
2865 2195 3003 2268 quia
3043 2196 3290 2251 Verbum
3333 2194 3475 2249 dixit
3507 2209 3520 2247 :

1899 2312 1926 2340 ‹‹
1967 2293 2082 2362 Ego
2114 2291 2172 2345 in
2198 2292 2385 2358 Patre,
2416 2295 2474 2345 et
2497 2291 2660 2344 Pater
2689 2288 2746 2343 in
2775 2306 2866 2344 me
2893 2289 3091 2358 (Joan.,
3120 2304 3228 2355 xw,
3261 2289 3364 2358 10).
3397 2308 3425 2337 ››

1970 2387 2053 2439 19.
2084 2383 2260 2456 (Vers.
2285 2385 2394 2454 90.)
2421 2405 2447 2432 α
2467 2385 2528 2437 In
2551 2382 2988 2454 generationem
3010 2387 3067 2438 et
3096 2381 3526 2453 generationem

1895 2478 2102 2532 veritas
2129 2482 2246 2532 tua.
2281 2496 2308 2528 »
2337 2477 2491 2532 Multi
2529 2481 2660 2531 sunt
2699 2475 2799 2548 qui
2839 2476 3106 2531 dicuntur
3143 2473 3243 2544 dii,
3276 2473 3376 2528 sed
3411 2490 3525 2528 non

1896 2577 2047 2626 sunt.
2082 2571 2230 2642 Ergo
2259 2571 2318 2624 in
2348 2569 2614 2641 gentibus
2648 2569 3007 2624 mendacium
3040 2573 3156 2638 est;
3184 2569 3241 2622 in
3279 2567 3526 2622 Ecclesia

1895 2664 2120 2718 veritas.
2150 2666 2302 2719 Hanc
2331 2666 2526 2718 tamen
2567 2663 2864 2718 veritatem
2900 2661 3098 2717 habuit
3137 2661 3323 2732 primo
3357 2659 3526 2731 Syna-

1897 2773 2065 2828 goga,
2094 2772 2222 2827 quae
2247 2755 2492 2810 habebat
2519 2755 2745 2827 eloquia
2774 2754 2904 2823 Dei;
2935 2757 3018 2810 est
3050 2753 3204 2809 enim
3232 2752 3436 2808 veritas
3473 2757 3529 2808 et

1897 2849 1956 2905 in
1991 2849 2181 2905 Veteri
2211 2850 2593 2914 Testamento,
2626 2865 2752 2920 quae
2779 2847 2889 2903 fuit
2918 2851 3050 2902 ante
3088 2847 3148 2901 in
3183 2845 3394 2918 populo
3428 2847 3526 2900 Ju-

1897 2943 2176 2998 daeorum.
2213 2942 2445 2997 «Notus
2471 2941 2623 2996 enim
2650 2941 2708 2994 in
2749 2941 2942 2996 Judaea
2980 2943 3125 2996 Deus
3161 2940 3326 3008 (Psal.
3365 2953 3525 3006 Lxxv,

1895 3038 1968 3107 2).
2002 3058 2030 3088 »
2061 3037 2204 3092 Deus
2230 3040 2425 3090 autem
2455 3034 2666 3089 veritas
2691 3039 2794 3102 est,
2830 3049 2966 3105 ergo
2993 3034 3050 3088 in
3073 3032 3273 3088 Judaaa
3299 3031 3524 3086 veritas.

1897 3131 2024 3186 Fuit
2047 3129 2224 3202 igitur
2251 3129 2456 3185 veritas
2483 3129 2540 3183 in
2570 3128 2848 3199 patribus,
2875 3129 3083 3199 Moyse,
3118 3129 3176 3181 et
3202 3127 3331 3181 Jesu
3356 3126 3525 3191 Nave,

1897 3224 1953 3278 in
1982 3223 2229 3291 Samuel,
2257 3223 2318 3278 in
2347 3222 2547 3290 David,
2575 3221 2716 3289 Elia,
2745 3221 2967 3289 Elisaao,
2999 3225 3055 3276 et
3087 3220 3142 3275 in
3169 3219 3279 3274 illis
3306 3223 3527 3290 septem

1897 3317 2150 3372 millibus
2177 3317 2432 3372 virorum
2459 3317 2554 3388 qui
2589 3333 2702 3370 non
2734 3319 3111 3371 curvaverunt
3147 3329 3336 3385 genua
3369 3312 3523 3367 Baal.

1898 3411 2008 3466 Sed
2038 3410 2174 3482 quia
2200 3409 2480 3482 posterior
2506 3409 2722 3464 soboles
2746 3409 3069 3464 Judzeorum
3097 3425 3129 3461 a
3155 3409 3380 3478 patrum
3413 3422 3530 3460 mo-

1898 3505 2054 3559 ribus
2083 3503 2341 3573 deviavit,
2378 3503 2608 3558 recessit
2642 3503 2714 3557 ab
2741 3502 2852 3556 illis
2882 3503 3111 3568 veritas,
3145 3504 3201 3555 et
3224 3500 3291 3555 ad
3337 3499 3524 3554 Eccle-

1900 3598 2041 3652 siam
2069 3595 2240 3652 venit.
2275 3597 2522 3652 Recessit
2548 3597 2703 3651 enim
2731 3596 2801 3650 ab
2839 3595 2971 3663 illis,
2999 3594 3226 3666 quando
3262 3593 3531 3648 dixerunt

1899 3691 1970 3745 de
2033 3690 2266 3744 Domino
2314 3691 2445 3744 Jesu
2499 3706 2512 3743 :
2570 3711 2596 3738 «
2642 3689 2815 3757 Tolle,
2872 3688 3030 3756 tolle,
3087 3687 3353 3758 cruciﬁge
3397 3702 3526 3741 eum

1901 3786 2102 3854 (Joan.,
2144 3800 2256 3850 xix,
2304 3785 2384 3853 15)
2407 3800 2425 3852 ;
2456 3805 2483 3832 ››
2535 3781 2894 3837 tradiderunt
2928 3781 3082 3835 enim
3125 3780 3439 3846 veritatem,
3475 3783 3532 3832 et

1901 3879 2201 3950 elegerunt
2227 3876 2606 3948 iniquitatem.
2635 3876 2846 3930 Omnes
2877 3889 3016 3945 ergo
3045 3872 3168 3926 alia:
3212 3871 3532 3942 generatio-

1903 3989 2003 4025 nes
2033 3969 2283 4026 veritatis
2327 3973 2599 4037 exsortes,
2630 3967 2888 4024 omuium
2930 3965 3328 4020 haereticorum
3366 3979 3529 4035 gene-

1900 4065 2150 4119 rationes
2181 4044 2298 4117 non
2324 4066 2520 4118 tenent
2548 4062 2837 4118 veritatem
2861 4078 2874 4128 ;
2903 4060 3018 4114 sola
3044 4057 3287 4113 Ecclesia
3321 4057 3524 4112 verita-

1902 4163 2019 4213 tem
2042 4157 2135 4229 pio
2162 4157 2368 4212 all'ectu
2392 4156 2675 4228 possidet;
2699 4155 2833 4227 quia
2861 4153 3156 4227 generatio
3183 4151 3529 4217 Judaaorum,

1900 4255 2031 4324 Quae
2061 4254 2194 4306 ante
2219 4267 2346 4306 eam
2379 4251 2718 4323 possidebat,
2753 4249 2964 4304 amisit.
2998 4246 3242 4319 Populus
3268 4261 3406 4317 ergo
3432 4245 3527 4300 Ju-

1901 4345 2159 4400 daaorum
2188 4344 2342 4410 prior
2359 4343 2494 4398 ﬁdei
2515 4341 2836 4415 generatio,
2859 4347 2915 4396 et
2933 4341 3064 4396 ideo
3087 4338 3359 4394 infantior
3379 4341 3436 4392 et
3452 4338 3534 4392 in-

1901 4439 2137 4508 ﬁrmior,
2171 4438 2270 4510 qui
2295 4437 2513 4493 lubrico
2537 4435 2932 4491 adolescentiae
2955 4439 3102 4488 stare
3129 4449 3244 4487 non
3275 4431 3324 4503 1
3343 4429 3390 4503 1
3406 4429 3532 4503 2ο

198 4537 319 4591 sicut
345 4538 607 4609 legimus,
642 4535 798 4609 quod
836 4534 1156 4607 penetravit
1185 4535 1405 4590 dilectae
1434 4534 1639 4589 intima
1677 4550 1800 4588 me-
1823 4535 1881 4606 Ι)
1906 4532 2123 4604 potuit;
2171 4531 2414 4603 populus
2459 4537 2652 4585 autem
2698 4527 3050 4584 Christianus
3102 4525 3234 4580 ﬁdei
3291 4525 3536 4580 secunda”

198 4629 476 4700 dullarum,
501 4637 557 4686 et
582 4628 1068 4703 quemadmodum
1090 4629 1160 4684 ad
1179 4629 1411 4684 Mariam
1441 4627 1656 4683 dictum
1681 4630 1798 4683 est:

200 4747 220 4772 (ι
255 4725 315 4780 Et
348 4731 508 4780 tuam
549 4724 726 4796 ipsius
763 4723 1014 4778 animam
1050 4721 1422 4795 pertransibit
1466 4721 1703 4792 gladius,
1744 4723 1804 4775 ut

197 4818 499 4876 revelantur
545 4818 856 4873 multorum
901 4816 1160 4872 cordium
1211 4815 1588 4886 cogitationes
1632 4815 1801 4884 (Luc.,

198 4925 242 4974 υ,
284 4913 385 4981 35).
427 4932 457 4964 »
505 4911 758 4984 Denique
805 4909 1026 4966 addidit
1074 4909 1293 4980 Sponsa
1338 4908 1590 4963 animam
1638 4924 1800 4963 suam

198 5003 346 5060 exisse
376 5006 435 5060 in
463 5005 638 5060 verbo
683 5005 824 5076 ejus,
855 5003 1007 5076 quod
1038 5003 1102 5058 ﬁt
1142 5002 1374 5074 quando
1414 5002 1609 5057 anima
1644 5018 1803 5073 pere-

201 5098 437 5164 grinatur
465 5116 500 5152 a
526 5114 777 5170 corpore,
807 5103 863 5153 et
884 5098 994 5153 Deo
1011 5113 1266 5174 praesens
1288 5099 1373 5150 est
1393 5096 1458 5166 (II
1482 5099 1625 5158 Con,
1650 5113 1702 5163 ν,
1727 5097 1797 5164 8).

261 5194 336 5246 18.
358 5191 792 5263 Explanavimus
810 5181 1010 5262 igitur,
1033 5194 1096 5245 ut
1119 5188 1424 5261 potuimus,
1447 5189 1583 5261 quid
1611 5194 1761 5243 esset
1786 5207 1798 5242 :

201 5285 252 5336 1η
278 5292 546 5349 aeternum,
573 5288 814 5352 Domine,
840 5289 1119 5356 permanet
1139 5283 1360 5339 verbum
1389 5288 1543 5338 tuum
1567 5285 1628 5337 in
1653 5283 1800 5338 caelo.

139 5417 150 5424 .
201 5375 481 5433 Possumus
512 5385 706 5435 tamen
734 5384 792 5434 et
820 5379 897 5434 sic
923 5378 1266 5449 intelligere,
1290 5377 1428 5447 quia
1447 5377 1508 5431 in
1528 5378 1665 5432 coelo
1686 5393 1804 5431 ma-

205 5469 274 5538 gis
309 5477 605 5543 permanet
639 5473 700 5528 in
739 5476 1044 5540 aeternum,
1076 5471 1172 5527 ubi
1214 5470 1414 5542 Angeli
1449 5475 1507 5525 et
1531 5470 1800 5550 ‘Archan-

206 5563 314 5632 geli,
351 5565 652 5624 Cherubim
703 5571 760 5623 et
806 5566 1145 5637 Seraphim;
1195 5564 1466 5636 quoniam
1514 5563 1803 5634 homines,

207 5661 440 5724 quamvis
481 5662 653 5717 sancti
698 5664 852 5729 sunt,
893 5663 1090 5715 tamen
1127 5658 1361 5733 affectus
1400 5675 1604 5713 eorum
1650 5674 1802 5729 saepe

258 5781 341 5842 (56)
366 5781 508 5832 Edit.
538 5783 712 5846 Rom.,
743 5782 856 5833 licet
891 5782 1063 5846 ipsam
1105 5781 1162 5830 in
1203 5779 1493 5831 meditullio
1529 5779 1667 5839 caeli,
1696 5782 1801 5829 etc.

211 5845 314 5898 Vet.
359 5865 422 5902 ac
470 5867 617 5919 mss.,
667 5845 727 5905 in
780 5845 1097 5918 hemicyclo;
1148 5851 1426 5914 nonnulli,
1479 5850 1800 5914 hemicyclio.

1905 4623 2233 4698 generatio;
2282 4624 2411 4680 ideo
2449 4622 2759 4690 robustior,
2803 4627 2860 4676 et
2908 4619 3219 4675 venerabili
3259 4618 3536 4674 maturior

1902 4722 2208 4774 senectute.
2253 4717 2353 4771 Illa
2388 4717 2685 4788 generatio
2732 4715 2898 4787 legis,
2943 4715 3066 4770 haec
3106 4713 3322 4785 gratiae.
3375 4711 3534 4766 Unde

1904 4816 1962 4866 et
2001 4811 2134 4866 alibi
2181 4811 2305 4865 ait:
2357 4832 2384 4860 «
2433 4812 2494 4866 In
2542 4809 2977 4882 generationem
3016 4811 3073 4864 et
3106 4803 3536 4878 generationem

1903 4905 2320 4961 annuntiabunt
2355 4903 2656 4958 veritatem
2698 4907 2856 4958 tuam
2898 4903 3061 4970 (Psal.
3103 4915 3364 4964 LXXXVIII,
3399 4898 3471 4966 2).
3505 4918 3533 4945 η

1975 5002 2064 5054 20.
2103 4999 2368 5070 Sequitur
2408 5014 2598 5054 versus
2641 4997 2841 5053 tertius
2874 5013 2887 5050 :
2923 5017 2950 5044 ‹‹
2984 4992 3253 5048 Fundasti
3296 4995 3533 5059 terram,

1904 5097 1960 5147 et
1984 5097 2302 5164 permanet.
2330 5091 2708 5164 Dispositione
2734 5097 2833 5145 tua
2853 5090 3154 5160 permanet
3175 5085 3314 5139 dies.
3340 5106 3367 5132 ››
3393 5083 3536 5148 Quo-

1904 5190 2074 5244 modo
2107 5186 2431 5243 fundaverit
2459 5187 2604 5241 Deus
2629 5190 2842 5241 terram
2867 5182 3160 5253 Scriptura
3186 5195 3292 5234 nos
3319 5176 3534 5245 docuit,

1905 5283 2130 5338 dicente
2162 5280 2440 5354 propheta
2463 5296 2476 5334 :
2503 5302 2529 5328 α
2555 5280 2698 5334 Deus
2719 5275 2998 5348 sapientia
3015 5272 3275 5330 fundavit
3295 5275 3532 5339 terram,

1902 5376 2120 5448 paravit
2158 5380 2347 5429 autem
2383 5373 2554 5427 caelos
2593 5371 2650 5425 in
2692 5369 2984 5424 intellectu
3017 5369 3215 5435 (Prov..
3247 5383 3324 5432 Ill,
3368 5367 3470 5433 I9).
3507 5386 3535 5413 »

1902 5471 2076 5524 Terra
2124 5484 2260 5540 ergo
2314 5472 2589 5538 tanquam
2641 5463 3081 5519 fundamentum
3135 5462 3253 5529 est,
3309 5459 3368 5513 in
3423 5475 3537 5529 qua

1904 5562 2300 5631 consistimus;
2353 5561 2487 5616 licet
2535 5559 2719 5630 ipsam
2771 5556 2830 5610 in
2876 5555 3190 5627 hemicyclo
3251 5553 3375 5608 coeli
3428 5550 3536 5621 (56)

1905 5674 2047 5722 esse,
2076 5662 2130 5711 et
2158 5655 2206 5711 is
2235 5654 2331 5727 qui
2358 5653 2496 5709 foris
2521 5655 2605 5708 est
2633 5667 2820 5706 sermo
2848 5649 3230 5715 concelebret,
3260 5650 3319 5702 et
3357 5645 3539 5715 Scrip-

1904 5779 2054 5831 Nihil
2087 5781 2274 5829 autem
2315 5776 2466 5827 aliud
2508 5774 2631 5826 vult
2667 5777 2895 5827 sanctus
2934 5777 3141 5832 noster,
3187 5770 3297 5821 nisi
3336 5773 3538 5820 terram

1903 5850 1962 5900 in
1989 5863 2100 5915 qua
2127 5848 2479 5907 consistimus,
2507 5847 2616 5900 hoc
2653 5851 2752 5911 est,
2792 5845 3246 5911 hemisphaarium
3285 5843 3539 5891 nostrum
