3862 6166
407 257 541 311 1439

1869 250 1924 302 S.
1967 247 2287 305 AMBROSII

3584 250 3697 304 1440

400 380 524 431 tura
563 373 885 449 signiﬁcare
928 371 1208 439 videatur,
1255 373 1476 428 dicente
1516 371 1616 428 Job
1651 389 1665 426 :
1711 393 1736 419 ‹‹
1781 373 2027 443 Suspen-
2056 384 2112 456 Α
2133 373 2241 440 32).
2276 392 2303 419 n
2334 370 2525 426 Traxit
2550 368 2705 425 enim
2729 369 2800 424 ad
2831 385 2892 424 se
2920 369 3179 424 omnium
3205 368 3398 432 studia,
3429 373 3485 423 ut
3506 369 3582 424 vel
3604 388 3708 442 pec-

397 471 537 525 dens
582 473 794 524 terram
837 466 894 521 in
943 466 1124 523 nihilo
1166 465 1300 534 (Job,
1339 482 1483 532 χχνι,
1521 466 1592 537 7).
1643 489 1667 515 n
1722 465 2034 521 Includitur

399 579 540 633 ergo
569 561 702 616 orbe
727 561 960 628 caelesti,
996 564 1054 615 et
1077 561 1204 616 ideo
1231 559 1314 616 sol
1343 559 1604 615 noctibus
1642 577 1757 615 non
1794 559 2030 627 videtur,

401 655 535 728 quia
579 654 835 726 gyrando
880 653 1145 710 inferiore
1187 653 1478 708 invenitur
1525 653 1677 707 orbis
1723 657 1884 724 parte
1931 668 2034 706 co:-

399 749 570 805 lestis.
605 747 716 804 Sed
742 763 859 803 non
888 751 972 804 est
1009 764 1144 802 cura
1180 747 1386 802 sanctis
1430 763 1591 802 axem
1633 746 1776 814 coeli,
1818 751 1874 801 et
1913 745 2029 800 ele-

402 843 727 898 mentorum
767 841 950 912 spatia
991 840 1386 912 philosophico
1423 857 1606 906 more,
1651 855 2033 910 numerosque

402 935 721 994 describere
743 935 898 1008 (quid
919 936 1076 992 enim
1093 935 1199 990 hoc
1219 934 1453 1007 prodest
1469 933 1681 1004 saluti),
1697 933 1831 1005 quia
1852 932 2032 988 sancti

401 1029 750 1101 spiritalibus
779 1045 1002 1100 semper
1028 1029 1354 1098 intendunt,
1383 1033 1439 1083 et
1466 1028 1596 1082 vitae
1636 1032 1864 1082 aeterna:
1906 1043 2033 1099 pro-

403 1125 595 1179 futura
622 1124 709 1179 vel
733 1139 1076 1195 cognoscere
1108 1121 1380 1194 gestiunt,
1411 1122 1497 1177 vel
1526 1121 1746 1176 docere.

475 1220 567 1274 21.
615 1217 872 1288 Denique
915 1217 1066 1272 hunc
1105 1217 1293 1271 locum
1333 1215 1565 1287 pulchre
1602 1214 1768 1270 nobis
1808 1212 2036 1285 aperuit

401 1310 760 1368 Ecclesiastes
803 1310 1119 1382 spiritalem
1166 1325 1307 1377 esse,
1358 1326 1475 1364 non
1520 1308 1898 1378 materialem,
1941 1306 2029 1362 di-

399 1420 530 1460 cens
556 1420 569 1456 :
597 1424 624 1455 ιι
653 1406 789 1468 Quae
813 1402 1164 1458 abundantia
1183 1402 1407 1458 homini
1433 1403 1492 1458 in
1521 1401 1679 1457 omni
1706 1402 1902 1457 labore
1932 1416 2033 1455 suo

400 1514 515 1568 quo
541 1497 762 1552 laborat
787 1497 890 1550 sub
916 1497 1077 1552 sole?
1112 1496 1410 1554 Generatio
1453 1496 1624 1564 vadit,
1655 1500 1713 1550 et
1748 1493 2033 1566 generatio

400 1591 576 1657 venit,
619 1596 674 1645 et
712 1593 864 1646 terra
902 1594 1012 1645 stat
1050 1591 1109 1645 in
1148 1590 1422 1645 saeculum
1461 1590 1677 1660 (Eccle.,
1710 1605 1748 1658 ι,
1780 1592 1831 1654 3,
1866 1587 1958 1657 4),
2003 1606 2030 1639 ››

401 1684 512 1738 hoc
541 1686 645 1752 est,
673 1700 802 1756 quae
827 1683 1179 1740 abundantia
1213 1683 1454 1754 spiritali
1492 1682 1711 1737 homini
1753 1679 2034 1736 laboranti

2134 472 2257 521 cata
2289 468 2484 521 nostra
2507 464 2882 535 crucifigeret,
2913 462 2996 517 vel
3037 461 3252 516 bonum
3297 460 3526 534 1121
3578 463 3711 535 inge-

2134 560 2298 616 nium
2331 559 2404 613 ad
2425 557 2709 629 justitiam
2737 559 3086 628 provocaret.
3117 553 3352 610 Adverte
3377 557 3709 628 quemadmo-

2134 653 2272 708 dum
2301 653 2494 708 trahat
2520 651 2590 706 ad
2616 667 2673 705 se
2706 667 2719 704 :
2755 671 2783 699 ‹‹
2811 651 3044 704 Pater...
3077 650 3198 704 volo
3235 654 3295 704 ut
3330 649 3422 704 ubi
3458 666 3554 722 ego
3587 669 3712 717 sum,

2135 752 2191 800 et
2213 746 2304 802 isti
2331 745 2442 800 sint
2467 760 2693 800 mecum
2723 745 2921 814 (Joan.,
2940 759 3072 812 xvn,
3099 744 3207 814 24).
3233 766 3260 794 ››
3287 744 3353 797 Ει
3374 742 3444 797 ad
3467 743 3713 800 latronem

2132 841 2255 894 ait:
2291 861 2315 889 ‹‹
2351 837 2528 894 Hodie
2568 853 2796 893 mecum
2836 837 2946 892 eris
2984 837 3044 890 in
3090 836 3351 908 paradiso
3383 836 3543 905 (Lua,
3584 854 3714 902 χχιιι,

2132 935 2242 1004 43).
2287 956 2315 981 η
2358 932 2602 988 Adverte
2646 931 2937 1002 quomodo
2981 931 3175 986 omnia
3224 931 3428 986 trahat.
3469 931 3719 986 Exaltatus

2135 1029 2221 1084 est
2243 1042 2431 1096 cruce,
2464 1030 2523 1081 et
2550 1028 2705 1080 totus
2730 1024 2974 1080 credidit
2999 1025 3264 1078 mundus.

2205 1123 2290 1176 23.
2315 1141 2342 1170 ‹‹
2368 1123 2494 1192 Ipse
2524 1119 2729 1186 oriens,
2753 1119 2958 1190 inquit,
2986 1118 3141 1175 vadit
3163 1117 3234 1171 ad
3263 1119 3535 1183 austrum,
3556 1121 3610 1172 el
3636 1135 3717 1189 gy-

2132 1216 2222 1270 rat
2265 1213 2338 1268 ad
2383 1213 2736 1284 aquilonem.
2779 1233 2806 1262 »
2849 1213 2946 1268 Ille
2984 1211 3186 1284 utique
3225 1210 3428 1280 oriens,
3472 1209 3564 1282 qui
3603 1211 3671 1264 ait
3707 1230 3717 1262 ;

2136 1329 2164 1358 ‹‹
2189 1306 2386 1364 Oriens
2409 1323 2620 1362 nomen
2640 1309 2725 1362 est
2745 1306 2886 1361 mihi
2912 1305 3208 1378 (Zach.,v1,
3233 1306 3340 1375 12);
3362 1325 3388 1353 ››
3410 1303 3504 1376 qui
3527 1320 3724 1374 semper

2133 1401 2315 1457 oritur
2339 1400 2466 1472 piis,
2489 1416 2784 1472 nunquam
2803 1399 3026 1454 occidit.
3057 1401 3180 1470 Ipse
3201 1398 3393 1454 oriens
3413 1397 3610 1468 p0pulo
3630 1398 3721 1451 He-

2133 1496 2417 1550 braeorum
2453 1494 2525 1560 ad
2561 1497 2818 1549 austrum
2856 1493 2974 1560 ivit,
3002 1492 3074 1546 ad
3106 1491 3425 1548 molliorem
3451 1490 3725 1562 populum,

2133 1588 2361 1646 luxuria
2407 1587 2592 1659 magis
2637 1586 2904 1642 ferventis
2949 1584 3202 1657 corporis
3243 1583 3539 1649 lubricum,
3582 1600 3726 1654 quam

2133 1681 2440 1756 impietatis
2470 1681 2826 1737 immanitate
2852 1679 3217 1752 praedurum;
3249 1680 3350 1733 aut
3377 1683 3523 1733 certe
3557 1677 3618 1732 ad
3654 1694 3730 1731 no-

400 1778 506 1833 sub
548 1751 672 1834 Sole
689 1751 988 1848 vjustitiae?
1028 1779 1098 1832 Et
1131 1751 1412 1848 subjecit:
1451 1799 1477 1825 ‹‹
1520 1775 1823 1831 Generatio
1861 1751 2392 1841 vadit,Bbiliorem
2433 1775 2680 1847 plebem,
2721 1791 2849 1845 quae
2893 1776 3018 1829 erat
3059 1789 3240 1845 genus
3285 1773 3543 1840 electum,
3580 1769 3731 1825 vindi-

401 1873 458 1927 et
483 1871 777 1942 generatio
815 1871 988 1927 venit.
1023 1893 1050 1922 »
1086 1870 1246 1926 Vadit
1284 1870 1574 1942 generatio
1614 1869 1750 1941 quia
1779 1892 1805 1918 «
1835 1868 2033 1924 divites

404 1969 688 2035 eguerunt
713 1967 770 2020 et
796 1963 1117 2019 esurierunt
1146 1964 1312 2034 (Psal.
1344 1980 1534 2031 χχχιιι,
1573 1964 1676 2032 11).
1712 1985 1737 2012 ››
1767 1962 1872 2027 Qui
1901 1964 2033 2016 ante

403 2056 773 2114 abundabant
796 2056 998 2129 gratia,
1031 2060 1227 2128 postea
1258 2062 1446 2112 tamen
1473 2062 1707 2128 propter
1731 2054 2032 2128 perﬁdiam

406 2167 566 2205 suam
606 2166 778 2220 egere
819 2155 1133 2221 cceperunt.
1177 2149 1286 2214 Qui
1323 2153 1513 2206 autem
1551 2165 1832 2222 pauperes
1871 2151 2036 2204 erant

402 2243 602 2315 populi
641 2243 958 2313 nationum,
987 2244 1111 2314 jam
1148 2259 1252 2314 per
1286 2243 1462 2300 ﬁdem
1499 2242 1712 2298 Christi
1750 2241 2036 2297 satiantur

405 2342 460 2391 et
488 2336 803 2403 abundant,
835 2337 978 2391 sicut
1006 2336 1281 2407 scriptum
1313 2341 1397 2392 est
1429 2353 1442 2391 :
1479 2359 1505 2385 ί(
1526 2336 1708 2390 Edent
1733 2351 2032 2407 pauperes,

403 2433 460 2484 et
498 2429 902 2485 saturabuntur
941 2431 1109 2500 (Psal.
1152 2445 1262 2495 χχι,
1301 2432 1410 2500 27).
1455 2451 1482 2478 ››
1525 2429 1842 2485 Audierant
1879 2429 2034 2484 enim

403 2523 693 2579 dicentem
725 2540 738 2576 :
769 2543 796 2571 ‹‹
823 2523 1257 2579 Abundantes...
1290 2523 1348 2578 in
1375 2523 1533 2577 omni
1557 2523 1730 2577 verbo
1758 2522 1799 2594 (Ι
1827 2524 1972 2585 Con,
1995 2540 2032 2590 ι,

403 2620 478 2686 5),
525 2636 548 2667 ι
591 2632 705 2672 non
747 2616 805 2670 in
847 2617 1102 2688 pecuniis
1135 2617 1336 2688 utique
1377 2619 1506 2686 (57),
1547 2634 1660 2671 non
1701 2617 1760 2671 in
1797 2633 1936 2672 auro
1980 2619 2038 2672 et

329 2735 334 2742 ο
406 2714 667 2780 argento,
701 2709 800 2764 sed
831 2729 859 2761 α
887 2709 946 2765 in
978 2710 1135 2765 omni
1162 2710 1354 2780 verbo,
1387 2710 1591 2782 inquit,
1623 2715 1679 2765 et
1707 2709 2037 2782 cognitione

403 2803 610 2873 (Ibid)
659 2825 685 2850 ν
731 2804 798 2858 Et
842 2803 976 2859 alibi
1025 2804 1107 2858 ait
1149 2821 1162 2859 :
1209 2826 1237 2852 ‹‹
1291 2805 1351 2858 In
1403 2803 1613 2860 divitiis
1660 2802 2036 2876 simplicitatis

405 2898 470 2964 (Il
500 2898 642 2960 Con,
678 2913 786 2964 VIII,
830 2897 903 2967 2).
938 2917 965 2946 ››
1004 2898 1100 2951 Ha:
1145 2897 1355 2952 divitia:
1396 2901 1532 2952 sunt
1575 2896 1864 2964 salubres;
1899 2913 2036 2951 nam

404 2990 585 3062 copia:
625 2990 921 3044 saeculares
957 2991 1201 3044 salutem
1243 2991 1449 3045 afferre
1487 3006 1604 3045 non
1644 2993 1902 3061 possunt.
1931 2988 2035 3054 Qui

406 3089 603 3137 autem
658 3083 925 3137 habuerit
989 3082 1403 3138 abundantiam
1469 3083 1811 3154 spiritalem,
1863 3083 2034 3154 hujus
2055 3120 2109 3193 Ο

407 3182 560 3232 terra
599 3175 892 3231 fructifera
931 3178 1041 3230 stat
1077 3176 1139 3230 in
1174 3177 1468 3243 saeculum,
1498 3177 1641 3232 bene
1677 3177 1914 3232 fundata
1951 3193 2034 3231 ra-

408 3269 531 3324 dice
561 3268 857 3338 virtutum,
887 3269 974 3324 vel
1017 3268 1210 3324 anima
1247 3269 1431 3324 bonos
1471 3269 1665 3340 utique
1710 3269 2035 3341 germinans

408 3363 642 3429 fructus,
675 3362 764 3417 vel
789 3378 920 3417 caro
948 3362 1118 3417 nullis
1141 3362 1539 3434 cupiditatibus
1563 3362 1790 3418 mobilis
1815 3363 1884 3419 ad
1908 3380 2036 3435 pro-

404 3455 739 3528 lapsionem.

473 3552 564 3605 22.
593 3550 746 3604 Hanc
776 3552 991 3604 terram
1025 3549 1226 3605 circuit
1253 3549 1346 3605 Sol
1387 3549 1626 3622 justitia:
1667 3550 1927 3606 salutaris
1964 3551 2034 3606 de

406 3659 520 3715 quo
550 3643 825 3716 scriptum
863 3645 948 3699 est
979 3659 993 3699 :
1027 3663 1055 3693 ‹‹
1083 3645 1150 3699 Et
1186 3643 1367 3699 oritur
1404 3645 1509 3713 sol,
1536 3649 1594 3700 et
1630 3644 1852 3714 occidit,
1883 3649 1940 3700 et
1975 3645 2033 3699 in

403 3738 593 3793 locum
625 3754 791 3792 suum
821 3736 1016 3793 trahit.
1049 3739 1169 3809 Ipse
1198 3737 1389 3794 oriens
1424 3737 1556 3792 illuc
1595 3739 1746 3794 vadit
1786 3738 1858 3792 ad
1900 3755 2030 3793 aus-

405 3835 578 3900 trum,
606 3834 665 3886 et
707 3834 871 3902 gyrat
902 3831 972 3886 ad
1015 3831 1385 3904 aquilonem;
1419 3832 1680 3904 gyrando
1716 3837 1881 3904 gyrat
1919 3831 2036 3902 Spi-

402 3926 576 3994 ritus,
631 3930 686 3980 et
736 3925 795 3979 in
849 3942 1018 3997 gyros
1067 3926 1176 3996 (58)
1231 3927 1353 3996 ejus
1407 3927 1753 3981 convertitur
1799 3924 2036 3996 Spiritus

409 4019 622 4086 (Eccle.,
663 4034 702 4085 ι,
743 4022 796 4085 5,
837 4019 912 4088 6).
957 4038 984 4070 »
1019 4019 1214 4073 Oritur
1253 4019 1334 4073 sol
1365 4019 1554 4090 justis,
1599 4019 1803 4075 occidit
1839 4022 2032 4074 autem

404 4111 668 4180 injustis;
718 4110 900 4164 oritur
948 4112 1347 4183 tranquillitati
1397 4113 1509 4184 piae
1554 4113 1783 4182 mentis,
1833 4112 2037 4168 occidit

403 4203 733 4260 iracundia.
767 4205 926 4260 Unde
967 4204 1048 4259 ait
1079 4222 1092 4258 :
1126 4226 1152 4253 «
1182 4207 1272 4261 Sol
1312 4221 1426 4260 non
1467 4206 1683 4261 occidat
1719 4221 1891 4277 super
1930 4206 2041 4261 ira-

402 4297 673 4354 cundiam
724 4303 972 4354 vestram
1025 4299 1261 4369 (Ephes.,
1307 4315 1379 4367 ιν,
1425 4302 1533 4369 26).
1590 4322 1616 4349 n
1667 4299 1808 4354 Hinc
1854 4303 2037 4370 potest

402 4391 589 4465 colligi
633 4393 770 4464 quia
814 4391 1015 4448 iisdem
1054 4392 1269 4447 oriatur
1316 4397 1371 4448 et
1409 4391 1648 4460 occidat,
1694 4408 1937 4464 quorum
1980 4394 2038 4448 et

2135 1887 2270 1925 cans
2310 1868 2759 1941 patriarcharum
2805 1867 3150 1939 prosapiam.
3181 1865 3293 1923 Sed
3339 1865 3473 1938 quia
3507 1879 3732 1936 perseve-

2131 1963 2297 2018 rabat
2337 1963 2393 2016 in
2440 1961 2607 2029 vitiis,
2648 1977 2750 2016 nec
2795 1959 3134 2016 emendabat
3171 1974 3446 2026 errorem,
3487 1957 3608 2012 ideo
3651 1956 3730 2012 Sol

2127 2056 2365 2129 justitia:
2391 2055 2612 2128 gyravit
2637 2055 2709 2110 ad
2737 2057 2957 2125 gentes,
2986 2069 3112 2125 quae
3137 2058 3269 2108 ante
3298 2051 3532 2124 eloquiis
3559 2051 3726 2106 cceles-

2133 2151 2286 2206 tibus
2329 2149 2702 2216 defraudatus,
2733 2148 3010 2204 immanes
3047 2151 3105 2202 et
3141 2145 3429 2217 ignobiles
3469 2145 3726 2200 habeban-

2134 2251 2227 2300 tur
2279 2246 2422 2314 (59);
2472 2242 2664 2316 aquilo
2713 2241 2868 2298 enim
2913 2241 3100 2314 gravis
3148 2243 3372 2310 ventus,
3416 2241 3479 2294 ut
3519 2239 3732 2311 populus

2133 2338 2452 2395 nationum.
2479 2336 2589 2394 Sed
2612 2336 2710 2409 qui
2740 2337 2904 2391 erant
2933 2351 3133 2406 graves
3162 2338 3298 2390 ante
3328 2332 3580 2406 perﬁdia,
3605 2349 3732 2387 nunc

2135 2448 2306 2504 super
2329 2431 2545 2504 aquilas
2567 2429 2809 2487 leviores
2836 2428 2972 2485 facti
2999 2433 3133 2484 sunt
3170 2427 3286 2484 ﬁde
3323 2430 3493 2499 atque
3526 2426 3732 2498 pietate,

2135 2532 2503 2599 posteaquam
2533 2523 2686 2580 venit
2721 2523 2819 2596 qui
2860 2522 3074 2578 diceret
3110 2521 3236 2576 :Ab
3281 2521 3542 2592 aquilone
3578 2519 3735 2574 adduc

2136 2620 2245 2690 (60)
2274 2619 2426 2691 (Isa.,
2463 2635 2612 2686 mn,
2655 2617 2730 2689 6).
2758 2619 2827 2672 Et
2871 2616 2930 2672 in
2970 2615 3286 2687 Evangelia
3317 2630 3330 2670 :
3364 2638 3392 2665 ‹‹
3418 2613 3647 2669 Venient
3677 2611 3735 2664 ab

2135 2711 2365 2770 Oriente
2404 2713 2463 2766 et
2482 2710 2809 2780 Occidente,
2836 2713 2894 2766 et
2919 2709 2992 2763 ab
3025 2708 3330 2781 Aquilone,
3365 2713 3422 2763 et
3457 2710 3668 2772 Austro,
3693 2709 3738 2759 et

2136 2805 2471 2862 recumbent
2495 2821 2626 2859 cum
2651 2803 2934 2859 Abraham
2977 2803 3036 2857 in
3081 2818 3266 2874 regno
3311 2801 3407 2857 Dei
3434 2803 3602 2872 (Lua,
3641 2815 3734 2862 χιιι,

2137 2902 2244 2966 29).
2279 2922 2308 2949 »
2348 2899 2416 2953 Et
2457 2914 2584 2954 ecce
2619 2901 2753 2953 sunt
2789 2895 3100 2962 novissimi,
3141 2896 3241 2967 qui
3278 2900 3439 2950 erant
3475 2893 3666 2966 primi;
3692 2894 3738 2944 et

2138 2997 2271 3047 sunt
2315 2991 2507 3063 primi,
2537 2991 2635 3062 qui
2679 2994 2842 3045 erant
2887 2988 3177 3045 novissimi
3221 2990 3464 3058 (Μαιιιιη
3511 3003 3597 3054 χχ,
3646 2983 3735 3051 16).

2137 3085 2394 3156 Denique
2419 3089 2476 3140 et
2512 3084 2633 3156 ipse
2675 3082 2972 3138 Psalmista
3001 3083 3083 3137 ait
3113 3099 3125 3136 :
3159 3103 3186 3130 ‹‹
3215 3083 3374 3136 Mons
3413 3081 3544 3136 Sion
3586 3080 3738 3133 latera

2133 3178 2432 3252 aquilonis,
2477 3177 2668 3233 civitas
2713 3175 2863 3249 regis
2911 3176 3109 3248 magni
3159 3177 3327 3246 (Psal.
3383 3191 3542 3241 xnvn,
3586 3172 3668 3242 3);
3714 3195 3734 3217 ›ι

2134 3273 2239 3328 hoc
2275 3277 2378 3340 est,
2417 3271 2516 3344 qui
2554 3275 2717 3328 erant
2753 3269 3040 3342 aquilonis
3082 3270 3251 3337 latus,
3302 3267 3542 3340 populus
3585 3266 3740 3320 factus

2134 3373 2218 3422 est
2250 3366 2420 3437 Regis
2446 3364 2666 3434 aeterni,
2696 3364 2794 3436 qui
2820 3363 2970 3418 solus
2997 3366 3083 3418 est
3108 3378 3363 3434 magnus
3403 3360 3678 3415 Dominus.

2207 3461 2294 3515 24.
2342 3458 2455 3514 Sed
2495 3459 2638 3514 forte
2679 3457 2876 3512 dicas:
2912 3455 3213 3522 Quomodo
3255 3455 3314 3510 in
3353 3452 3589 3512 Canticis
3623 3454 3696 3506 est
3730 3465 3740 3501 :

2139 3575 2166 3604 ‹‹
2195 3555 2471 3625 Exsurge,
2500 3551 2732 3623 Aquilo;
2755 3555 2812 3606 et
2836 3550 2984 3617 veni,
3013 3552 3216 3605 Auster
3243 3551 3448 3620 (Cant,
3477 3564 3548 3609 IV,
3581 3543 3695 3616 16)?
3718 3565 3738 3591 ››

2134 3647 2395 3719 Plerique
2435 3645 2589 3701 enim
2630 3643 2916 3715 accipiunt
2961 3642 3124 3714 quasi
3171 3642 3508 3714 projiciatur
3543 3638 3739 3712 Aquilo,

2134 3748 2188 3798 et
2231 3741 2501 3795 invitetur
2542 3740 2766 3793 Auster.
2802 3737 2968 3801 Quod
3011 3737 3056 3790 si
3101 3736 3182 3791 ita
3221 3736 3551 3808 accipiunt:
3585 3735 3742 3787 extur-

2133 3836 2302 3891 batur
2329 3834 2399 3888 ab
2429 3832 2676 3888 Ecclesia
2713 3831 2963 3902 perﬁdiae
3004 3829 3258 3902 glacialis
3292 3829 3598 3902 asperitas:
3628 3849 3651 3874 ‹‹
3678 3825 3743 3879 Ne

2135 3930 2232 3984 tiat
2266 3928 2402 3999 fuga
2439 3928 2636 3982 nostra
2672 3925 2880 3991 hieme,
2911 3925 2997 3978 vel
3043 3923 3295 3979 Sabbato
3340 3922 3578 3994 (Μαεειιη
3615 3934 3741 3981 xxiv,

2135 4022 2248 4094 20),
2284 4043 2311 4071 η
2357 4024 2414 4075 et
2456 4020 2730 4074 invitatur
2772 4017 3033 4073 australis
3080 4033 3256 4072 verna
3302 4016 3618 4088 temperies.
3657 4012 3746 4070 Aut

2137 4119 2288 4171 certe
2320 4131 2334 4169 :
2366 4136 2393 4162 «
2422 4113 2692 4183 Exsurge,
2733 4110 2964 4184 Aquilo,
2995 4111 3103 4165 hoc
3133 4114 3238 4180 est,
3270 4127 3464 4182 surge,
3496 4107 3591 4181 qui
3629 4106 3741 4159 dor-

2136 4208 2265 4277 mis,
2299 4211 2354 4262 et
2383 4221 2622 4276 exsurge
2665 4221 2700 4260 a
2738 4203 2978 4259 mortuis
3005 4204 3245 4275 (Ephes.,
3294 4221 3347 4273 v,
3394 4205 3498 4272 14).
3531 4225 3556 4252 n
3590 4201 3744 4270 Popu-

2137 4303 2224 4357 lus
2269 4301 2586 4365 nationum,
2633 4297 2733 4370 qni
2779 4297 2876 4352 diu
2926 4301 3058 4352 ante
3103 4297 3391 4365 dormisti,
3439 4295 3632 4367 evigila
3664 4289 3742 4343 ali-

2134 4395 2382 4468 quando,
2410 4399 2466 4450 et
2495 4393 2788 4448 illucescet
2814 4391 2917 4448 tibi
2946 4391 3216 4447 Christus.
3246 4393 3542 4446 Postremo
3569 4399 3743 4442 omnes

404 4487 543 4540 vitia
597 4486 851 4558 sepeliat,
905 4493 962 4542 et
1012 4486 1298 4542 illuminet
1344 4485 1604 4558 gratiam.
1654 4487 1906 4541 Mortuus
1953 4487 2446 4560 estDinvitantur
2484 4485 2559 4541 ad
2601 4484 2924 4552 Ecclesiam,
2953 4489 3011 4540 et
3049 4485 3374 4557 Synagogze
3414 4482 3660 4556 papulas,
3697 4478 3742 4530 et

403 4580 558 4636 enim
587 4584 834 4650 peccato,
867 4585 926 4634 ut
967 4581 1078 4636 Deo
1117 4580 1363 4646 viveret;
1394 4579 1501 4635 hoc
1538 4584 1642 4648 est,
1671 4583 1896 4651 peccato
1940 4595 2034 4632 su-

403 4689 533 4728 mus
578 4673 636 4727 in
686 4671 781 4727 illo
828 4673 1034 4728 mortui
1075 4679 1138 4728 ut
1177 4675 1290 4728 Deo
1333 4672 1391 4728 in
1429 4677 1771 4745 perpetuum
1819 4673 2030 4729 vivere-

401 4783 548 4821 mus.
589 4765 726 4820 Vide
771 4765 959 4836 ipsum
1005 4766 1338 4837 mysterium
1380 4766 1854 4838 praenuntiatum.
1898 4786 1926 4818 (ι
1967 4769 2035 4823 Et

403 4859 605 4930 oritur,
658 4858 864 4931 inquit,
906 4859 1012 4924 sol,
1057 4863 1113 4913 et
1155 4859 1377 4927 occidit,
1431 4866 1488 4915 et
1530 4860 1586 4914 in
1633 4861 1819 4915 locum
1864 4877 2031 4915 suum

400 4954 596 5010 trahit.
623 4977 649 5003 υ
676 4954 789 5009 Hoc
816 4957 899 5008 est
923 4951 1074 5024 quod
1104 4951 1184 5006 ait
1208 4953 1477 5007 Dominus
1501 4970 1514 5006 :
1543 4972 1569 5004 ‹‹
1589 4956 1730 5010 Cum
1756 4954 2033 5010 exaltatus

403 5049 656 5118 fuero...,
698 5046 892 5102 omnia
937 5045 1164 5100 traham
1212 5045 1284 5100 ad
1333 5061 1425 5100 me
1470 5047 1656 5117 ipsum
1696 5048 1895 5116 (Joan.,
1936 5063 2027 5114 χιι,

402 5171 599 5222 mediae
659 5174 872 5221 tantum
946 5168 1084 5232 parti
1149 5167 1298 5219 orbis
1365 5168 1610 5220 cmlestis
1678 5169 2029 5234 respondere,

400 5240 636 5306 ideoque
684 5241 878 5301 solem,
929 5239 1028 5290 ubi
1084 5238 1154 5288 ad
1205 5239 1370 5289 aliam
1433 5240 1730 5301 transierit,
1783 5254 1815 5289 a
1869 5239 2033 5290 nobis

400 5325 513 5360 non
559 5325 718 5374 posse
763 5311 955 5362 videri.
1001 5311 1279 5362 Craterum
1327 5324 1421 5373 per
1467 5324 1531 5361 ea
1577 5325 1704 5374 quae
1747 5311 2031 5376 subjungit

400 5382 587 5443 verba,
614 5388 660 5431 et
687 5383 729 5432 is
758 5385 851 5446 qui
887 5383 1020 5446 foris
1044 5388 1116 5432 est
1153 5395 1344 5440 sermo,
1369 5381 1778 5446 phi1050phicas
1816 5383 2031 5432 ratioci-

401 5452 656 5502 nationes
706 5451 979 5518 designari
1030 5453 1101 5504 ab
1154 5452 1452 5504 Ambrosio
1510 5454 1624 5516 jam
1682 5465 1793 5501 non
1859 5453 2030 5504 semel

402 5522 560 5572 licuit
583 5521 880 5574 advertere.

466 5594 565 5655 (57)
592 5593 797 5645 Omnes
826 5595 937 5646 fere
963 5609 1113 5657 mss,
1146 5597 1203 5645 in
1227 5597 1371 5647 omni
1398 5595 1550 5657 bono,
1577 5607 1683 5646 non
1707 5597 1762 5644 in
1795 5595 2031 5659 pecuniis

403 5666 600 5730 utique.

461 5737 564 5798 (58)
610 5737 690 5787 Ita
740 5735 868 5786 edit.
924 5749 1136 5798 omnes,
1181 5738 1385 5800 quibus
1428 5738 1705 5791 accedunt
1746 5751 1874 5789 mss.
1916 5751 2028 5789 non

397 5809 580 5874 pauci.
610 5808 751 5861 Octo
783 5810 964 5859 tamen
999 5807 1242 5872 probata:
1280 5823 1476 5862 manus
1520 5811 1752 5878 legunt:
1785 5810 2030 5877 gyrando

2136 4581 2461 4655 gentilium,
2507 4580 2606 4635 sed
2657 4579 2813 4651 prius
2859 4579 3201 4651 Synagogaa,
3254 4578 3395 4649 quia
3440 4576 3647 4649 priores
3684 4586 3742 4624 ex

2132 4675 2340 4732 Judaeis
2382 4673 2625 4746 apostoli
2667 4672 3059 4739 crediderunt,
3092 4689 3195 4744 per
3241 4672 3400 4744 ipsos
3437 4676 3629 4744 postea
3663 4681 3742 4720 na-

2134 4770 2359 4826 tionum
2384 4767 2580 4840 populi
2610 4765 2941 4838 congregati
2968 4772 3120 4821 sunt.

2205 4867 2294 4918 25.
2323 4862 2462 4917 Vide
2490 4877 2628 4932 ergo
2655 4859 2978 4916 venientem
3006 4859 3182 4914 solem
3219 4862 3484 4914 nostrum
3519 4855 3588 4909 ad
3628 4867 3738 4906 aus-

2134 4963 2308 5026 trum,
2335 4960 2534 5028 postea
2558 4958 2860 5026 gyrantem
2884 4952 2957 5007 ad
2990 4951 3341 5024 aquilonem.
3377 4972 3404 5004 a
3431 4947 3739 5006 Jerusalem,

2130 5050 2444 5107 Jerusalem
2502 5048 2675 5118 (venit
2725 5047 2922 5119 utique
2987 5046 3058 5101 ad
3129 5062 3292 5114 eam,
3352 5060 3524 5117 quam
3587 5038 3737 5095 etiam

2132 5179 2298 5237 gyrat
2327 5171 2564 5222 Christus
2589 5175 2636 5220 et
2659 5169 2718 5219 in
2749 5181 2928 5233 gyros,
2953 5171 3058 5218 etc.

2197 5245 2291 5305 (59)
2323 5244 2448 5294 Mss.
2479 5255 2593 5292 non
2619 5240 2803 5306 pauci,
2832 5240 3018 5290 inanes
3051 5243 3098 5288 et
3126 5236 3379 5302 ignobiles
3413 5233 3734 5286 habebantur.

2194 5314 2294 5377 (60)
2337 5314 2494 5364 Rom.
2545 5311 2673 5363 edit.
2723 5311 2861 5373 sola,
2909 5310 2983 5360 Ab
3027 5309 3235 5360 Oriente
3281 5308 3543 5360 adducam
3583 5311 3736 5378 semen

2130 5373 2299 5442 tuum,
2329 5391 2375 5435 et
2405 5383 2472 5435 ab
2503 5383 2772 5434 Occidente
2799 5381 3128 5446 congregabo
3156 5385 3234 5441 te;
3258 5380 3433 5431 dicam
3460 5373 3695 5452 Aquiloni
3719 5384 3733 5416 .·

2131 5457 2342 5517 adduc;
2383 5462 2430 5518 et
2463 5456 2645 5518 Africo
2689 5468 2706 5503 :
2739 5467 2804 5504 ne
2842 5453 3141 5518 prohibeas.
3183 5452 3390 5503 Verum
3423 5452 3481 5498 ut
3517 5453 3733 5497 minume

2130 5517 2420 5594 probabile
2469 5517 2541 5576 sit
2595 5539 2660 5576 eo
2707 5517 3015 5589 respexisse
3069 5523 3433 5594 Ambrosium
3481 5519 3729 5594 nostrum,

2130 5587 2346 5649 videtur
2368 5601 2554 5648 tamen
2583 5611 2695 5647 non
2725 5587 2837 5647 tam
2865 5597 2984 5660 ipsa
3012 5595 3296 5661 prephetm
3323 5591 3486 5643 verba
3511 5587 3728 5661 voluisse

2130 5671 2371 5735 proferre
2415 5671 2472 5718 in
2522 5667 2789 5728 medium,
2835 5681 3001 5732 quam
3053 5660 3238 5718 locum
3291 5662 3460 5714 veluti
3506 5660 3726 5708 extremo

2131 5739 2303 5804 digito
2327 5739 2595 5791 indicare.
