3930 6168
248 207 351 260 1441

1327 203 1678 260 EXPOSITIO
1715 201 1783 257 ΙΝ
1825 200 2136 258 PSALMUM
2177 201 2400 258 CXVIII.

3410 205 3544 260 1442

240 345 405 382 vocare
446 327 707 398 dignatus
757 332 879 396 est;
931 327 1029 382 sed
1075 328 1194 382 haec
1239 328 1545 382 Jerusalem
1596 331 1822 381 terrena
1845 326 2213 410 AUnigeniti
2279 327 2626 397 passionem.
2688 326 2968 397 Subjectio
3033 327 3210 398 igitur
3270 328 3554 383 mentium

235 426 318 488 est,
346 437 463 492 quae
503 419 698 476 occidit
732 420 1064 492 prophetas,
1095 421 1200 475 hoc
1245 427 1348 490 est,
1377 421 1682 493 Synagoga
1724 422 1819 474 lu-

233 515 493 582 deorum).
527 537 549 562 υ
580 513 830 583 Quoties,
860 514 1068 586 inquit,
1097 514 1246 570 volui
1281 530 1638 586 congregare
1678 513 1824 568 filios

231 614 355 674 tuos,
398 608 537 662 sicut
583 607 787 680 gallina
834 609 1019 680 pullos
1063 625 1216 678 suos,
1269 611 1328 664 et
1373 607 1638 664 noluisti!
1689 608 1823 662 Ecce

230 703 552 774 relinquetur
599 701 758 756 vobis
807 701 1010 758 domus
1064 708 1251 758 vestra
1301 702 1528 757 deserta
1580 701 1822 772 (Matth,

229 799 470 864 3111,37,
509 798 613 866 38).
659 818 686 845 ι)
729 796 954 868 Gyravit
998 796 1173 868 igitur
1216 812 1274 850 se
1319 795 1393 852 ad
1438 797 1674 867 gentes;
1718 812 1820 866 gy-

228 888 384 944 rando
419 894 606 945 autem
646 890 872 962 gyravit
908 889 1148 962 Spiritus
1187 890 1309 958 Dei,
1351 892 1409 944 et
1445 889 1502 944 in
1543 905 1684 961 gyro
1720 905 1822 943 suo

225 998 501 1038 conversus
525 987 626 1052 est,
665 987 724 1037 ut
750 983 915 1039 fieret
943 984 1093 1039 Deus
1119 982 1332 1052 omnia,
1360 986 1416 1038 et
1446 983 1505 1038 in
1533 981 1820 1037 omnibus.

227 1075 337 1132 Ideo
361 1079 578 1131 sanctus
603 1075 808 1132 coelum
836 1076 1064 1148 dicitur,
1095 1077 1231 1148 quia
1268 1075 1503 1131 vicinior
1539 1091 1670 1131 eum
1708 1075 1824 1130 cla-

223 1171 340 1224 ritas
362 1169 486 1224 solis
513 1186 738 1242 semper
767 1171 1028 1226 illustrat.
1060 1169 1239 1226 Habet
1265 1169 1629 1241 splendorem
1655 1184 1824 1224 suum

223 1264 594 1331 domesticum,
630 1269 695 1318 ut
736 1263 999 1319 tenebras
1044 1259 1224 1320 n'octis
1268 1279 1383 1319 non
1423 1263 1651 1319 sentiat.
1693 1263 1822 1318 Ideo

221 1357 438 1412 Ecclesia
470 1362 528 1412 et
565 1358 768 1412 coelum
807 1358 1012 1413 dicitur
1041 1362 1098 1413 et
1133 1358 1402 1426 mundus,
1433 1357 1588 1429 quod
1614 1356 1825 1412 habeat

218 1456 409 1505 sanctos
432 1451 654 1522 angelis
680 1455 737 1507 et
762 1451 1118 1522 archangelis
1145 1451 1582 1523 comparandos,
1611 1450 1823 1505 habeat

217 1544 358 1598 etiam
399 1544 704 1617 plerosque
749 1551 1027 1602 terrenos.
1073 1545 1288 1600 Dicitur
1335 1549 1390 1600 et
1439 1543 1591 1599 orbis
1639 1547 1819 1598 terra-

217 1655 342 1704 rum,
378 1639 474 1710 qui
516 1643 603 1694 est
644 1637 910 1694 fundatus
951 1655 1122 1711 super
1162 1638 1362 1708 maria,
1401 1641 1456 1694 et
1495 1654 1668 1710 super
1711 1637 1820 1690 flu-

217 1730 346 1786 mina
391 1708 766 1804 prazparatus.
813 1708 1065 1804 Denique
1122 1732 1286 1804 quasi
1336 1731 1488 1786 orbis
1535 1708 1898 1786 terrarumB

217 1824 327 1879 dicit
361 1825 607 1880 Ecclesia
639 1844 651 1879 :
684 1823 940 1898 1122
973 1847 999 1875 ‹‹
1033 1825 1214 1880 Nolite
1253 1825 1506 1897 aspicere
1531 1841 1647 1892 me,
1677 1841 1818 1896 quo-

215 1918 344 1972 niam
373 1919 530 1974 fusca
575 1935 732 1990 sum;
770 1920 906 1991 quia
937 1936 1054 1975 non
1096 1920 1340 1992 respexit
1372 1935 1464 1974 me
1507 1919 1585 1973 sol
1615 1921 1816 1989 (Cant.,

216 2027 245 2076 l,
268 2013 339 2080 5);
379 2033 404 2063 ι)
437 2029 505 2067 eo
539 2013 696 2084 quod
735 2014 891 2068 velut
929 2013 1150 2084 pruinis
1191 2013 1534 2068 hiemalibus
1576 2013 1820 2084 geluque

213 2105 546 2160 constrictam
598 2106 826 2176 gentilis
880 2106 1084 2161 erroris
1133 2106 1629 2177 congregationem
1678 2121 1817 2176 gen-

213 2199 324 2251 tium
353 2198 439 2252 Sol
471 2199 717 2270 justitiaa
757 2199 853 2254 diu
893 2199 1194 2272 indignam
1233 2198 1614 2266 aastimaverit,
1644 2215 1817 2270 quam

213 2307 378 2346 serena
415 2293 612 2347 vultus
650 2293 736 2348 sui
773 2295 898 2349 luce
936 2293 1224 2349 lustraret.
1264 2294 1462 2348 Nonne
1513 2293 1611 2347 tibi
1658 2292 1816 2347 vide-

213 2384 342 2439 batur
365 2385 598 2441 hiberni
629 2385 785 2458 rigor
812 2386 1106 2459 temporis,
1133 2387 1366 2460 quando
1396 2391 1566 2442 notus
1597 2391 1719 2441 erat
1757 2387 1817 2441 in

215 2477 367 2532 Iudaea
410 2481 819 2536 tantummodo
859 2481 1054 2536 Deus?
1090 2482 1248 2536 Nunc
1286 2487 1477 2536 autem
1518 2479 1818 2552 plenitudo

216 2571 315 2626 lucis
338 2573 585 2646 effulget
612 2575 838 2644 aestivae,
871 2574 1102 2646 quando
1129 2575 1323 2630 omnia
1355 2578 1414 2629 et
1450 2573 1510 2628 in
1548 2573 1817 2629 omnibus

225 2664 438 2722 Christus.
483 2669 696 2722 Nonne
739 2674 888 2723 terra
933 2668 1176 2736 Domini,
1221 2671 1279 2723 et
1316 2667 1615 2740 plenitudo
1655 2667 1817 2738 ejus?

225 2759 406 2816 Etvere
459 2761 630 2816 orbis
676 2769 956 2817 terrarum
1007 2762 1065 2817 in
1117 2762 1386 2831 Ecclesia,
1431 2763 1489 2816 in
1535 2778 1644 2834 qua
1701 2777 1812 2816 non

212 2852 395 2910 Iudaeus
450 2857 862 2911 tantummodo
913 2863 1009 2910 aut
1058 2857 1316 2924 Graacus,
1368 2872 1480 2911 non
1533 2855 1817 2910 Barbarus

210 2954 283 3002 aut
327 2950 569 3022 Scytha,
611 2967 721 3005 non
771 2966 962 3004 servus
1011 2955 1108 3004 aut
1152 2950 1313 3018 liber,
1356 2950 1456 3005 sed
1503 2965 1704 3005 omnes
1755 2949 1815 3004 in

211 3041 392 3098 Christo
423 3059 622 3100 unum
651 3059 871 3100 sumus.
899 3043 996 3099 Sol
1026 3044 1292 3099 omnibus
1319 3044 1519 3116 fulget,
1552 3042 1672 3099 dies
1695 3058 1815 3098 om-
1836 3081 1891 3154 C

212 3135 343 3190 nibus
364 3139 544 3194 lucet.

264 3232 337 3284 26.
366 3232 543 3302 (Vera.
585 3232 700 3301 91.)
733 3230 978 3303 Ideoque
1018 3231 1098 3286 ait
1127 3247 1140 3286 :
1170 3233 1528 3302 Dispositione
1559 3235 1656 3286 tua
1681 3247 1812 3302 per-

208 3329 357 3378 manet
396 3325 529 3380 dies.
581 3325 721 3378 Nam
765 3324 875 3379 nisi
920 3326 996 3380 ita
1041 3325 1302 3398 accipias,
1344 3325 1638 3397 quomodo
1684 3341 1810 3395 per-

209 3423 375 3472 manet
415 3417 561 3486 dies,
606 3434 734 3472 cum
784 3421 910 3489 post
950 3417 1121 3474 breve
1168 3422 1528 3474 momentum
1571 3417 1684 3472 diei
1727 3433 1810 3473 se-

206 3514 381 3579 quatur
417 3527 674 3580 occasus,
713 3517 769 3568 et
813 3512 909 3567 fiat
952 3513 1132 3567 noctis
1173 3513 1482 3568 successio?
1517 3511 1631 3568 Sed
1682 3515 1816 3566 sunt

207 3603 378 3672 quibus
417 3621 654 3676 semper
695 3604 817 3660 dies
856 3611 960 3674 est,
998 3606 1106 3660 illis
1145 3607 1339 3678 utique
1380 3605 1584 3677 quibus
1620 3605 1811 3660 Chris-

207 3699 276 3750 tus
316 3698 485 3769 adest,
533 3698 637 3770 qui
681 3698 815 3753 dicit
857 3718 868 3752 :
911 3700 1224 3763 Ambulate,
1268 3700 1399 3754 dum
1441 3701 1604 3755 lucem
1649 3699 1810 3753 habe-

205 3792 258 3844 tis
277 3791 468 3860 (Joan.,
497 3809 597 3859 xu,
624 3793 733 3864 35).
761 3793 856 3847 llic
883 3795 968 3846 est
997 3793 1115 3848 dies
1144 3809 1314 3865 quem
1351 3793 1494 3848 vidit
1527 3793 1813 3848 Abraham

202 3883 391 3952 (Joan.,
448 3901 566 3953 vm,
628 3885 746 3956 56),
817 3885 938 3941 dies
1001 3887 1348 3942 remissionis
1413 3890 1810 3958 peccatorum,

203 3975 257 4029 de
297 3995 402 4049 quo
450 3979 598 4050 legis
650 3997 663 4033 :
716 3982 816 4035 Hic
860 3986 937 4036 est
987 3981 1103 4036 dies
1154 3997 1310 4050 quem
1354 3983 1485 4048 fecit
1530 3983 1810 4045 Dominus,

201 4073 496 4128 exultamus
557 4079 608 4126 et
673 4075 914 4128 lztemur
976 4077 1034 4128 in
1101 4090 1158 4129 eo
1223 4075 1390 4146 (Psal.
1451 4092 1637 4143 cxvu,
1700 4077 1810 4146 24).

203 4161 325 4218 Sunt
374 4182 514 4238 ergo
577 4166 778 4234 sancti,
834 4167 1041 4238 quibus
1096 4167 1178 4222 sol
1231 4184 1524 4240 nunquam
1577 4167 1808 4235 occidit;

205 4258 318 4326 quia
354 4259 630 4315 Dominus
666 4260 762 4315 lux
804 4275 1007 4316 eorum
1044 4264 1147 4328 est,
1179 4260 1321 4316 sicut
1361 4262 1634 4335 scriptum
1674 4267 1759 4316 est
1795 4283 1809 4318 :

206 4348 261 4403 Et
315 4356 410 4408 erit
471 4355 588 4408 illis
654 4357 912 4409 Dominus
976 4355 1152 4411 lumen
1208 4360 1464 4412 aeternum
1516 4357 1666 4427 (Isa.,
1723 4373 1810 4426 1.x,

202 4445 290 4514 49).

258 4541 336 4593 27.
366 4542 429 4597 Et
465 4541 750 4613 expressit
786 4558 1017 4597 causam
1052 4543 1446 4616 permanentis
1481 4543 1612 4612 diei,
1639 4549 1810 4616 atque

199 4630 463 4690 subtexuit
493 4652 505 4690 :
539 4637 896 4707 Dispositione
937 4641 1031 4692 tua
1064 4644 1344 4708 permanet
1380 4638 1524 4705 dies;
1556 4641 1811 4708 quoniam

197 4727 426 4782 univma
481 4731 724 4784 seruiunt
783 4730 900 4784 tibi.
958 4729 1193 4785 Videtur
1247 4731 1437 4802 itaque
1492 4731 1810 4802 signiﬁcare

198 4816 431 4876 futurum
475 4821 638 4890 illud,
667 4823 897 4894 quando
936 4843 963 4874 ‹ι
1002 4822 1122 4878 Nox
1165 4840 1280 4878 non
1314 4825 1419 4879 erit
1460 4825 1724 4896 amplius,
1754 4829 1813 4879 et

199 4924 296 4966 non
348 4915 697 4988 indigebitur
746 4916 1014 4984 lucernm,
1062 4918 1149 4973 vel
1196 4917 1324 4972 solis
1379 4918 1621 4986 lumine;
1667 4935 1808 4990 quo-

202 5005 334 5062 niam
381 5010 650 5065 Dominus
701 5010 1043 5066 illuminabit
1088 5028 1180 5066 eos
1225 5012 1436 5083 (Apoc.,
1482 5029 1611 5079 xxu,
1655 5015 1731 5084 5).
1782 5035 1808 5062 ››

201 5096 286 5160 Qui
333 5101 444 5157 sint
494 5103 570 5157 illi
623 5119 792 5175 supra
842 5103 944 5174 ait,
994 5103 1186 5160 dicens
1232 5122 1245 5160 ε
1304 5126 1330 5154 ‹‹
1379 5107 1443 5160 Et
1493 5105 1639 5160 servi
1688 5107 1812 5176 ejus

204 5194 428 5250 servient
459 5197 510 5250 ei
537 5195 724 5268 (Ibid.,
755 5199 830 5269 3),
859 5197 966 5253 hoc
991 5202 1094 5266 est,
1125 5198 1354 5254 Domini
1383 5199 1592 5255 facient
1621 5199 1811 5255 volun-

207 5286 377 5342 tatem.
421 5289 576 5345 Nunc
622 5291 776 5346 enim
819 5307 932 5347 non
975 5308 1174 5349 omnes
1215 5293 1495 5348 servimus
1538 5312 1552 5348 :
1597 5315 1626 5343 ‹‹
1667 5294 1811 5349 Cum

206 5385 369 5437 autem
397 5383 696 5440 tradiderit
725 5400 968 5456 regnum
1010 5386 1124 5441 Deo
1163 5392 1221 5442 et
1256 5387 1468 5442 Patri...
1498 5391 1634 5442 tunc
1674 5387 1808 5442 sub-

203 5469 326 5538 jecta
364 5483 527 5531 erunt
565 5478 756 5533 omnia
785 5479 832 5534 ei
873 5479 914 5550 (l
951 5482 1094 5543 Con,
1134 5495 1220 5549 xv,
1251 5482 1338 5549 24,
1370 5482 1482 5552 28),
1518 5505 1546 5532 ιι
1579 5481 1675 5554 qui
1702 5481 1810 5536 sibi

211 5565 445 5624 universa
497 5571 762 5643 subjecit,
811 5573 1112 5645 acquirens
1165 5575 1426 5631 omnium
1483 5575 1655 5631 ﬁdem
1711 5592 1812 5648 per

263 5761 346 5827 (31)
375 5765 716 5824 Translatum
747 5786 816 5825 ex
843 5785 1026 5825 arena.

1924 421 2056 475 facit
2096 420 2351 475 sedulam
2387 420 2739 476 servitutem.
2783 422 2928 491 Ergo
2968 436 3098 474 cum
3137 436 3332 476 omnes
3374 422 3556 475 credi-

1925 513 2112 568 derint
2152 514 2209 568 in
2249 513 2558 568 Dominum
2591 515 2807 581 Jesum,
2838 518 2972 568 tunc
3003 513 3262 568 universa
3291 515 3400 568 Deo
3441 531 3552 569 ser-

1921 607 2106 674 vient,
2157 611 2223 662 ut
2273 607 2346 662 sit
2394 609 2538 663 Deus
2587 607 2797 675 omnia,
2844 613 2900 662 et
2949 607 3008 661 in
3058 606 3358 676 omnibus;
3406 623 3554 662 nunc

1922 705 2112 756 autem
2160 717 2274 756 non
2319 717 2515 757 omnes
2559 702 2702 758 servi
2748 701 2881 770 Dei;
2928 701 3064 772 quia
3108 700 3362 772 plerique
3411 702 3557 755 servi

1923 795 2162 867 peccati.
2213 816 2241 846 α
2290 795 2397 860 Qui
2447 795 2652 865 (enim)
2697 801 2995 867 peccatum
3041 794 3194 863 facit,
3239 809 3430 848 servus
3475 798 3557 848 est

1925 889 2138 960 peccati
2170 890 2373 958 (Joan.,
2399 903 2514 958 vui,
2549 888 2663 956 34).
2691 910 2718 937 ››
2751 888 3030 944 Dominus
3059 890 3252 942 autem
3292 902 3406 941 non
3437 885 3557 940 vult

1924 999 2052 1037 cum
2097 982 2219 1038 aliis
2250 983 2594 1037 consortium
2629 981 2838 1038 habere
2877 982 3220 1037 dominatus.
3253 981 3558 1035 Permanet

1925 1093 2064 1148 ergo
2100 1077 2220 1131 dies
2248 1075 2648 1132 immutabilis.
2678 1075 2864 1131 Potuit
2902 1091 3042 1147 ergo
3082 1075 3292 1143 dicere,
3325 1089 3551 1145 perma-

1925 1171 2104 1240 nebit,
2132 1171 2228 1225 sed
2265 1169 2555 1242 prophetis
2589 1170 2782 1226 futura
2818 1185 2920 1241 pro
2950 1167 3325 1240 prtesentibus
3352 1172 3558 1239 praesto

1926 1281 2046 1320 esse
2073 1265 2334 1320 videntur
2357 1264 2416 1318 in
2449 1263 2673 1334 spiritu.

1998 1361 2084 1415 28.
2135 1359 2310 1429 (Vers.
2363 1359 2475 1426 92.)
2525 1357 2798 1428 Sequitur
2844 1372 3039 1412 versus
3089 1361 3329 1428 quartus
3373 1372 3386 1409 :
3441 1358 3561 1414 Nisi

1923 1455 2055 1523 quia
2091 1453 2176 1507 lem
2205 1458 2301 1507 tua
2333 1452 2613 1506 meditatio
2642 1466 2759 1506 mea
2793 1457 2890 1512 est,
2926 1455 3052 1505 tunc
3085 1453 3323 1518 forsitan
3356 1452 3555 1519 periis-

1924 1563 2031 1602 sem
2067 1549 2127 1601 in
2163 1547 2467 1601 humilitate
2512 1561 2651 1600 mea.
2693 1545 2940 1600 Lucebat
2982 1543 3267 1615 Propheta
3314 1547 3375 1596 ut
3414 1543 3554 1609 dies,

1925 1640 2014 1695 cui
2076 1639 2375 1695 meditatio
2440 1639 2527 1693 lex
2581 1641 2735 1706 erat;
2793 1637 3004 1693 etenim
3062 1637 3254 1692 oleum
3318 1635 3554 1690 luminis

1923 1733 2233 1806 accipiebat
2285 1750 2351 1788 ex
2417 1734 2568 1805 lege.
2627 1731 2881 1803 Denique
2934 1747 3006 1786 ne
3063 1745 3304 1801 corpore
3358 1728 3555 1784 mortis

1921 1829 2012 1883 lux
2056 1828 2169 1883 diei
2210 1830 2398 1899 posset
2435 1826 2737 1897 exstingui,
2769 1823 3099 1880 ambulabat
3136 1823 3193 1878 in
3234 1823 3382 1894 lege,
3421 1821 3553 1876 ideo

1922 1921 2255 1978 ambulabat
2279 1921 2336 1975 in
2363 1919 2601 1976 lumine.
2634 1921 2919 1990 Alioquin,
2949 1917 3156 1988 inquit,
3184 1919 3461 1987 periissem
3495 1918 3554 1970 in

1921 2017 2232 2070 humilitate
2266 2030 2404 2070 mea.
2443 2013 2743 2069 Humilitas
2784 2028 2900 2067 non
2930 2027 3154 2082 semper
3184 2010 3406 2066 virtutis
3446 2014 3554 2078 est,

1921 2109 2018 2165 sed
2061 2109 2233 2164 etiam
2276 2107 2620 2177 afflictionis,
2660 2108 2769 2162 hoc
2804 2110 2908 2172 est,
2941 2121 3055 2161 non
3088 2121 3316 2176 semper
3352 2103 3553 2158 volun-

1923 2205 2086 2271 taria,
2143 2203 2240 2258 sed
2294 2219 2424 2276 quae
2477 2201 2647 2257 etiam
2709 2217 2778 2256 ex
2832 2201 3162 2255 necessitate
3227 2198 3552 2270 suscipitur,

1921 2297 2150 2369 quando
2178 2297 2369 2369 aliqua
2400 2295 2705 2351 afﬂictione
2742 2300 3048 2350 tentamur.
3083 2292 3344 2364 Alioquin
3386 2307 3555 2347 nemo

1919 2390 2070 2463 perit
2107 2392 2164 2446 in
2206 2390 2548 2459 humilitate,
2581 2405 2710 2460 qua;
2749 2389 2932 2460 magis
2969 2403 3196 2442 servare
3237 2386 3552 2442 consuevit.

1918 2486 2069 2556 Ergo
2123 2484 2354 2557 quando
2414 2484 2474 2538 in
2538 2482 2857 2538 atﬂictionis
2913 2489 3170 2552 tempore
3224 2495 3444 2548 sumus,
3496 2486 3552 2534 et

1917 2577 2207 2650 quatimur
2245 2569 2516 2643 adversis,
2554 2575 2850 2632 meditatio
2880 2574 3041 2630 nobis
3080 2574 3138 2629 in
3170 2575 3294 2645 lege
3335 2574 3437 2643 sit;
3478 2590 3551 2628 ne

1918 2672 2228 2742 imperatos
2256 2671 2505 2742 procella
2540 2669 2866 2725 tentationis
2897 2667 3135 2739 afﬂigat.
3165 2666 3413 2736 Athleta,
3441 2665 3549 2722 nisi

1919 2763 2180 2838 1123
2228 2764 2494 2820 exercitio
2533 2764 2812 2834 palaestrae
2853 2763 3012 2833 prius
3052 2762 3224 2816 fuerit
3267 2761 3548 2816 assuefac-

1915 2863 2024 2924 tus,
2073 2875 2190 2914 non
2235 2858 2405 2913 audet
2449 2857 2636 2912 subire
2679 2859 2990 2912 certamen.
3037 2856 3331 2926 Ungamus
3376 2854 3553 2927 igitur

1917 2955 2044 3008 oleo
2079 2952 2336 3009 lectionis
2368 2957 2577 3006 nostra:
2611 2950 2819 3006 mentis
2842 2950 3106 3005 lacertos.
3135 2949 3216 3004 Sit
3243 2948 3409 3004 nobis
3434 2952 3551 3004 tota

1916 3046 2010 3102 die
2049 3062 2113 3101 ac
2151 3052 2318 3102 nocte
2365 3045 2618 3100 exercitii
2661 3060 2798 3100 usus
2841 3044 2901 3099 in
2946 3044 3192 3116 quadam
3237 3042 3548 3098 caelestium

1915 3141 2336 3213 Scripturarum
2386 3140 2669 3212 palaestra,
2716 3143 2989 3210 artusque
3041 3137 3366 3193 animorum
3415 3154 3549 3191 nos-

1915 3241 2134 3291 trorum
2183 3234 2420 3290 salubris
2464 3233 2806 3305 spiritalium
2850 3232 3199 3288 ferculorum
3244 3248 3370 3287 esca
3413 3247 3549 3286 con-

1918 3329 2137 3397 ﬁrmet;
2187 3335 2249 3383 ut
2294 3344 2422 3382 cum
2477 3326 2832 3382 adversarius
2881 3326 3136 3381 assistere
3186 3324 3439 3397 cmperit,
3494 3329 3552 3377 et

1918 3423 2144 3493 pulvere
2183 3438 2284 3476 nos
2315 3437 2428 3476 sum
2463 3420 2792 3475 tentationis
2826 3420 3132 3490 asperserit
3162 3419 3297 3490 (61),
3327 3423 3550 3473 stemus

1917 3515 2203 3587 intrepidi,
2233 3515 2489 3570 nitamur
2524 3531 2636 3570 non
2667 3517 2732 3568 ut
2761 3514 2816 3567 in
2849 3513 3154 3580 incertum,
3185 3528 3288 3566 nec
3325 3519 3382 3566 ut
3415 3529 3550 3566 aera

1914 3609 2219 3665 caedentes.
2267 3608 2464 3663 Melius
2506 3607 2856 3680 percutimus
2900 3606 3208 3676 verberati,
3255 3606 3301 3660 si
3346 3621 3548 3676 percu-

1916 3703 2077 3759 tienti
2116 3702 2402 3757 maxillam
2446 3701 2682 3757 alteram
2725 3700 3104 3772 prmbeamus,
3150 3699 3198 3753 si
3236 3698 3546 3753 vindictam

1917 3814 2033 3853 non
2072 3797 2450 3869 requiramus,
2490 3795 2590 3850 sed
2634 3795 2686 3849 ei
2731 3795 2830 3865 qui
2872 3793 3009 3848 dixit
3041 3811 3054 3847 :
3090 3815 3119 3844 ‹‹
3155 3792 3287 3848 Mihi
3329 3792 3547 3846 vindic-

1916 3899 2052 3960 tam,
2097 3892 2156 3946 et
2198 3906 2307 3961 ego
2351 3888 2662 3944 retribuam
2709 3889 2905 3959 (Rom.,
2951 3903 3048 3955 xu,
3094 3886 3204 3957 19),
3253 3908 3280 3935 ››
3322 3901 3550 3940 causam

1913 3985 2177 4040 vindictae
2239 3985 2519 4054 integram
2588 3997 2960 4038 reservemus.
3025 3979 3304 4036 Caedimus
3365 3979 3548 4034 aerias

1915 4082 2240 4150 potestates,
2271 4078 2319 4132 si
2360 4094 2462 4132 nos
2502 4077 2652 4148 ipsos
2692 4076 2968 4146 castigare
2999 4073 3343 4129 noverimus.
3373 4073 3545 4128 Casti-

1914 4173 2082 4243 gabat
2122 4187 2355 4227 carnem
2397 4187 2558 4226 suam
2601 4171 2828 4236 Paulus,
2860 4174 2923 4224 ut
2958 4167 3306 4224 adversarios
3346 4166 3543 4222 verbe-

1915 4272 2069 4322 raret
2125 4283 2137 4320 :
2191 4272 2246 4321 et
2298 4264 2552 4321 servituti
2605 4263 2907 4336 redigebat
2960 4279 3167 4334 corpus
3224 4278 3433 4330 suum,
3489 4266 3550 4315 ut

1914 4360 2304 4415 dominaretur
2348 4359 2592 4413 inimicis
2630 4358 2673 4429 (ῐ
2717 4359 2861 4420 ϐοτη
2899 4372 2973 4423 Ix,
3013 4357 3126 4426 27).
3170 4356 3551 4409 Exerceamur

1828 4450 1888 4523 D
1911 4454 2088 4524 igitur
2125 4452 2408 4507 indefesso
2442 4449 2832 4506 meditationis
2871 4466 2994 4515 usu,
3024 4463 3393 4504 exerceamur
3420 4452 3549 4502 ante

1912 4552 2228 4613 certamen,
2271 4549 2335 4600 ut
2375 4545 2550 4599 simus
2595 4543 2897 4598 certamini
2939 4558 3164 4614 semper
3205 4542 3394 4613 parati
3437 4559 3450 4595 :
3491 4547 3550 4595 et

1911 4657 2040 4694 cum
2098 4639 2458 4712 frequentior
2509 4637 2814 4692 adversarii
2860 4637 3004 4692 ictus
3053 4635 3350 4707 ingruerit,
3399 4634 3550 4689 nunc

1914 4733 2120 4804 inopia,
2164 4749 2313 4787 nunc
2354 4732 2573 4803 rapina,
2609 4747 2757 4785 nunc
2797 4731 3057 4799 orbitate,
3098 4745 3248 4785 nunc
3291 4729 3548 4799 corporis

1913 4826 2292 4899 aegritudine,
2349 4842 2496 4880 nunc
2553 4839 2799 4880 maerore
2851 4824 3058 4894 animi,
3117 4839 3266 4878 nunc
3333 4828 3548 4876 terrore

1913 4921 2130 4990 mortis,
2171 4925 2227 4974 et
2263 4919 2568 4975 acerbitate
2609 4935 2926 4990 pmnarum,
2969 4918 3116 4973 dicat
3154 4913 3543 4986 unusquisque

1914 5018 2191 5083 nostrum,
2238 5013 2335 5086 qui
2379 5012 2627 5084 potuerit
2674 5013 2950 5068 sustinere
2995 5027 3058 5065 ac
3103 5008 3323 5080 perpeti
3375 5025 3387 5062 :
3431 5010 3552 5065 Nisi

1911 5112 2041 5180 quia
2073 5109 2158 5163 leae
2187 5112 2282 5162 tua
2319 5108 2601 5162 meditatio
2639 5122 2757 5161 mea
2787 5112 2882 5167 est,
2916 5112 3037 5159 tunc
3073 5105 3313 5171 forsitan
3349 5103 3542 5171 periis-

1911 5219 2017 5260 sem
2048 5206 2108 5256 in
2134 5201 2444 5257 humilitate
2472 5216 2610 5256 mea.

1982 5298 2069 5350 29.
2125 5296 2339 5359 Quanta
2395 5294 2564 5348 simul
2616 5297 2946 5347 coacervata
2997 5295 3158 5357 sunt,
3215 5296 3279 5345 ut
3337 5290 3394 5344 in
3453 5289 3546 5344 illa

1911 5389 2220 5444 afflictione
2259 5388 2362 5442 Joh
2407 5392 2634 5442 sanctus
2676 5385 2927 5456 periret?
2972 5384 3080 5438 Sed
3126 5383 3258 5456 quia
3303 5384 3544 5455 patriar-

1910 5483 2144 5538 charum
2179 5481 2435 5537 moribus
2465 5480 2822 5547 informatus,
2853 5477 3326 5548 oraculorumque
3355 5477 3544 5532 caeles-

1912 5577 2078 5644 tium,
2126 5581 2184 5630 et
2241 5575 2510 5630 naturalis
2563 5573 2702 5642 legis
2754 5575 2878 5627 erat
2926 5571 3282 5627 institutione
3334 5571 3542 5626 forma-
