3862 6166
445 207 580 261 1443

1908 204 1964 257 8.
2005 201 2319 258 AMBROSII

3622 213 3731 269 1444

439 334 528 383 tus
572 328 703 399 (62),
751 327 880 382 ideo
933 327 990 382 in
1043 325 1449 381 tentationibus
1498 325 1669 380 tantis
1718 325 1905 396 perire
1951 342 2069 381 non
2091 325 2368 410 Aacerba
2413 341 2530 380 non
2576 325 2884 396 fregerant.
2931 322 3267 380 Producitur
3309 340 3336 380 e
3376 342 3575 386 carcere
3614 341 3735 391 nutu

439 423 642 492 potuit.
674 422 926 492 Denique
971 437 1099 475 cum
1145 419 1422 475 amisisset
1465 423 1579 474 tam
1621 419 1842 492 amplas
1881 419 2068 474 subito

437 515 753 583 facultates,
784 513 1144 570 charissimos
1187 512 1352 582 ﬁlios,
1394 511 1554 584 quasi
1598 514 1644 568 is
1685 513 1775 568 cui
1820 513 2068 570 medita-

439 608 521 664 tio
561 607 894 680 quotidiana
930 611 1078 662 esset
1116 608 1174 662 in
1217 607 1344 679 lege
1387 607 1596 674 divina,
1639 607 1719 662 ait
1760 624 1774 661 :
1819 627 1846 654 «
1876 606 2071 661 Nudus

440 701 582 758 exivi
613 702 683 756 de
710 706 876 757 utero
908 701 1108 756 matris
1133 717 1296 772 mete,
1323 700 1511 755 nudus
1550 701 1643 755 ibo
1681 716 1766 754 eo.
1798 699 2070 754 Dominus

439 795 613 862 dedit,
646 794 918 850 Dominus
947 779 1179 849 abstulit
1216 811 1230 848 :
1268 794 1412 849 sicut
1449 793 1692 848 Domino
1724 793 1954 864 placuit,
1990 792 2070 846 ita

440 891 650 944 factum
694 895 798 956 est,
835 889 907 944 sit
943 904 1155 943 nomen
1193 888 1420 943 Domini
1457 887 1824 942 benedictum
1863 887 1994 956 (Job,
2028 902 2067 956 1,

438 982 553 1054 2i).
610 1004 637 1031 »
697 983 960 1037 Perfusus
1013 981 1188 1037 etiam
1237 982 1490 1052 corporis
1547 981 1715 1036 totius
1761 980 2067 1048 ulceribus,

442 1093 570 1130 cum
620 1079 936 1131 tentaretur
982 1076 1177 1131 uxoris
1229 1076 1515 1146 alloquiis,
1569 1074 1666 1145 qui
1721 1073 2072 1130 meminisset

442 1169 618 1226 Adam
673 1170 752 1223 sic
801 1185 920 1224 esse
969 1169 1284 1239 dejectum,
1335 1168 1473 1222 dum
1526 1168 1774 1239 propria:
1830 1167 2074 1222 credidit

445 1263 635 1330 uxori,
692 1262 983 1334 respondit
1035 1281 1047 1316 :
1094 1282 1123 1313 (ι
1174 1261 1330 1315 Sicut
1390 1277 1505 1316 una
1555 1276 1621 1316 ex
1673 1261 2073 1332 insipientibus

445 1357 774 1412 mulieribus
818 1357 1004 1410 locuta
1047 1371 1106 1409 es
1147 1355 1367 1422 (106,11,
1402 1356 1511 1424 i0).
1558 1377 1587 1404 ››
1628 1355 1790 1418 Quod
1831 1355 1879 1409 si
1919 1355 2070 1410 illam

443 1451 600 1522 quasi
639 1449 954 1519 sapientem
988 1447 1256 1502 voluisset
1288 1447 1509 1515 audire,
1542 1448 1662 1519 ipse
1700 1448 1928 1520 sapiens
1955 1465 2073 1504 non

441 1543 658 1598 fuisset.
691 1543 961 1596 Tentatus
991 1543 1164 1596 etiam
1199 1541 1438 1595 diversis
1469 1541 1730 1613 alloquiis
1758 1543 2072 1598 amicorum

443 1639 578 1706 (Job,
618 1652 730 1703 xix,
764 1637 840 1707 3),
881 1651 1013 1691 cum
1056 1635 1185 1690 ﬁdei
1233 1635 1474 1702 stabilis,
1512 1635 1931 1708 immobilisque
1973 1654 2068 1708 pa-

2169 419 2348 489 regio,
2395 417 2801 490 interpretatur
2843 417 3153 485 somnium,
3197 417 3420 489 eligitur
3457 426 3516 476 ut
3556 424 3734 483 honore

2170 512 2533 584 praestantior
2573 517 2722 568 esset
2766 511 3031 567 omnibus
3081 511 3370 583 Egyptiis,
3412 515 3522 585 regi
3563 534 3734 576 secun-

2169 607 2294 676 dus,
2329 605 2710 662 esurientibus
2749 605 2972 678 populis
3013 605 3282 661 alimenta
3307 604 3562 664 divideret
3586 612 3737 681 (Gen.,

2171 716 2278 766 xu,
2326 700 2386 755 14
2437 701 2590 770 seq.).
2637 699 2994 771 Objiciuntur
3041 699 3091 752 ei
3139 699 3353 766 fratres,
3399 702 3489 772 qui
3529 718 3646 758 eum
3683 708 3739 761 ad

2171 793 2451 850 servitutis
2499 793 2765 864 injuriam
2815 809 2927 847 non
2979 793 3230 848 fraterno
3281 808 3466 849 amore
3506 798 3740 853 vendide-

2171 894 2329 957 rant;
2359 893 2423 943 ut
2455 887 2542 942 vel
2577 886 2942 942 contumeliae.
2980 890 3038 942 et
3072 887 3338 958 appetita!
3373 889 3552 944 salutis
3583 892 3742 948 dolore

2171 985 2421 1037 tentatus
2485 986 2773 1037 excuteret
2836 980 3228 1054 germanitatis
3292 981 3541 1037 affectum
3597 986 3742 1052 (Gem.

2150 1092 2296 1144 "XLII,
2341 1080 2372 1131 6
2417 1077 2574 1146 seq.).
2617 1075 2730 1131 Sed
2775 1075 2860 1130 vir
2895 1074 3084 1146 justus
3128 1074 3334 1130 oblitus
3374 1081 3454 1130 est
3489 1083 3742 1134 contume-

2172 1169 2329 1236 liam,
2361 1169 2671 1225 cumulavit
2710 1169 2985 1239 gratiam;
3027 1184 3206 1240 eoque
3245 1183 3303 1223 se
3341 1169 3514 1239 magis
3548 1169 3746 1226 fratrem

2172 1263 2349 1320 voluit
2367 1263 2654 1331 exhibere,
2676 1278 2788 1334 quo
2810 1264 3015 1318 fratres
3041 1262 3158 1333 ipse
3179 1278 3293 1317 non
3315 1261 3500 1317 fuisset
3521 1269 3747 1334 expertus

2175 1359 2345 1428 (Gem.
2378 1374 2516 1425 xLiv,
2543 1361 2576 1411 2
2605 1358 2763 1428 seq.).
2799 1355 3048 1427 Denique
3083 1356 3190 1410 hoc
3229 1371 3462 1411 munere
3503 1360 3556 1410 et
3585 1355 3749 1411 fratres

2173 1451 2384 1523 recepit
2422 1451 2556 1522 (66),
2597 1455 2652 1505 et
2691 1454 2911 1520 patrem
2956 1450 3053 1520 pia
3091 1448 3288 1504 fraude
3333 1449 3592 1520 quaesivit.
3632 1450 3750 1513 Quid

2172 1545 2348 1617 igitur
2389 1545 2540 1599 aliud
2585 1543 2784 1598 melius
2829 1543 3042 1598 diceret
3083 1546 3312 1597 sanctus
3350 1541 3570 1613 loseph,
3612 1559 3752 1613 quam

2173 1639 2322 1694 istud
2369 1640 2437 1694 ad
2492 1637 2792 1692 Dominum
2841 1655 2856 1691 :
2901 1639 3023 1695 Nisi
3066 1640 3199 1707 quia
3245 1637 3332 1691 lea:
3375 1641 3466 1690 tua
3514 1636 3753 1692 meditatio

440 1731 651 1784 tientim
692 1730 926 1800 praemia
966 1729 1267 1784 meruisset
1303 1745 1336 1782 a
1374 1729 1644 1796 Domino,
1685 1746 1876 1785 nonne
1919 1729 2070 1784 dice-
2091 1707 2150 1780 B
2172 1748 2292 1788 mea
2322 1738 2419 1795 est,
2447 1736 2574 1787 tunc
2599 1733 2838 1799 forsitan
2861 1732 3138 1802 periissem
3159 1731 3218 1784 in
3243 1729 3542 1784 humilitate
3564 1733 3701 1783 mea?

445 1823 537 1877 bat
587 1840 601 1876 :
652 1824 773 1879 Nisi
822 1824 954 1892 quia
1005 1823 1092 1877 lea:
1144 1828 1242 1876 tua
1289 1821 1569 1876 meditatio
1617 1838 1736 1877 mea
1786 1829 1896 1890 est,
1951 1829 2075 1878 tunc

440 1919 676 1982 forsitan
699 1918 974 1986 periissem
1002 1918 1062 1970 in
1092 1915 1399 1972 humilitate
1424 1919 1584 1972 mea?

515 2011 603 2064 30.
634 2009 819 2074 Quam
857 2012 1016 2080 grate
1051 2009 1157 2064 hoc
1197 2007 1334 2063 dicit
1362 2008 1554 2076 hodie,
1582 2009 1680 2080 qui
1713 2008 1767 2064 in
1797 2009 2073 2080 martyrio

442 2103 692 2174 plurima
751 2103 979 2174 ﬂagella
1038 2101 1337 2169 sustinuit,
1393 2102 1636 2174 equuleo
1698 2106 1756 2158 et
1809 2103 2071 2175 ungulis,

443 2196 695 2268 plumbo,
736 2196 962 2250 laminis
1005 2194 1353 2264 ardentibus,
1398 2195 1585 2267 gladio
1631 2195 2074 2266 comprobatus?

445 2289 634 2345 Potuit
660 2291 816 2345 enim
844 2289 1053 2361 perire,
1079 2290 1188 2344 nisi
1213 2288 1523 2345 meditatus
1549 2289 1609 2344 in
1641 2290 1791 2361 lege,
1820 2289 2074 2361 graviora

444 2384 824 2456 priesentihus
855 2385 1046 2439 futura
1072 2387 1350 2458 supplicia
1379 2385 1729 2442 credidisset.

514 2481 600 2544 3i.
633 2477 859 2542 Quanta
884 2483 1111 2534 sanctus
1137 2480 1339 2552 loseph
1367 2480 1619 2551 pertulit,
1647 2495 1820 2551 quam
1846 2478 2069 2545 acerba,

440 2587 611 2643 quam
651 2571 824 2626 dura!
854 2571 1043 2627 Primo
1080 2573 1324 2628 fratrum
1366 2573 1518 2641 odia,
1550 2572 1850 2644 degeneris
1893 2573 2069 2626 servi—

442 2665 578 2720 tutis
622 2681 928 2733 aerumnas,
974 2667 1310 2738 parentibus
1355 2666 1740 2733 defraudatus,
1779 2649 2072 2737 ablegatus

438 2759 657 2829 exsilio,
687 2760 1105 2830 negotiatorum
1137 2760 1395 2829 vernula,
1427 2762 1486 2814 et
1523 2759 1768 2832 {Egyptii
1809 2759 2074 2830 ignobilis

438 2853 551 2908 vile
580 2853 947 2924 mancipium.
976 2853 1113 2918 Quae
1138 2855 1324 2926 potuit
1353 2854 1562 2910 nobilis
1587 2854 1867 2926 prosapiae
1895 2869 2073 2925 puero

441 2947 667 3018 gravior
692 2964 814 3002 esse
846 2947 1102 3016 tentatio,
1134 2963 1306 3020 quam
1342 2953 1403 3003 ut
1427 2953 1580 3003 tanto
1609 2947 1846 3003 familiae
1877 2947 2070 3018 splen-

438 3041 575 3096 dore
603 3040 874 3112 dejectus,
906 3041 1145 3096 serviret
1170 3041 1324 3112 apud
1350 3041 1648 3114 Egyptios
1671 3041 1844 3108 (Gen.,
1873 3057 2071 3109 xxxvn,

440 3133 569 3204 28)?
607 3135 704 3189 Est
737 3133 1091 3189 consolabilis
1130 3134 1389 3202 servitus,
1433 3134 1644 3190 servire
1684 3132 1941 3208 1124
1985 3134 2072 3190 vel

433 3226 623 3297 justis.
667 3226 947 3298 Equitate
993 3226 1220 3282 domini
1262 3227 1476 3282 levatur
1515 3227 1727 3298 injuria
1767 3228 2069 3284 servitutis.

438 3321 620 3374 Tanto
659 3319 835 3390 igitur
879 3336 1088 3391 genere
1133 3320 1406 3392 dejectus,
1450 3321 1584 3375 satis
1625 3325 1853 3392 gratum
1894 3322 2068 3378 habe-

442 3411 563 3479 bat,
593 3412 638 3467 si
675 3411 936 3468 ministro
966 3413 1129 3485 regio
1161 3415 1271 3485 (63)
1304 3431 1470 3470 suum
1500 3413 1838 3486 obsequium
1867 3417 2068 3487 proba—

443 3509 621 3561 retur.
677 3508 754 3562 Ne
812 3507 923 3562 hoc
974 3506 1209 3579 quidem
1260 3507 1392 3563 satis
1454 3508 1562 3563 fuit
1620 3507 1692 3563 ad
1749 3509 2072 3565 tentationis

439 3599 807 3656 acerbitatem
863 3617 876 3656 :
929 3601 1076 3656 redit
1143 3601 1502 3657 adversarius
1561 3602 1634 3657 ad
1697 3619 1826 3658 suas
1885 3606 2071 3673 artes,

440 3698 713 3765 notasque
752 3693 900 3749 vires
929 3711 1056 3750 suas
1087 3696 1246 3750 omni
1274 3695 1476 3751 fraude
1509 3696 1839 3764 commovit,
1869 3704 1927 3750 ut
1971 3713 2073 3768 per

439 3787 739 3843 mulierem
795 3789 1022 3860 laqueos
1074 3789 1330 3845 innoxia:
1380 3795 1639 3845 necteret
1687 3791 2068 3846 conscientiae.

436 3881 754 3939 Concitavit
778 3883 836 3938 in
862 3900 996 3940 eum
1022 3883 1272 3940 libidinis
1307 3883 1553 3938 stimulis
1581 3901 1817 3939 uxorem
1847 3883 2067 3938 domini

440 3976 549 4048 sui,
589 3993 718 4049 quae
757 3977 1107 4032 adulterinos
1145 3994 1179 4032 a
1219 3978 1439 4032 servulo
1481 3977 1812 4034 concubitus
1857 3978 2072 4050 flagita-

439 4073 529 4125 ret
566 4071 742 4140 (Gen.,
787 4086 974 4138 xxxix,
1028 4072 1145 4141 i2);
1195 4073 1256 4124 ut
1303 4071 1350 4124 si
1397 4071 1804 4142 acquiesceret,
1852 4074 2071 4128 crimen

441 4162 702 4233 impleret
736 4178 748 4216 :
787 4162 830 4217 si
870 4169 1174 4230 recusaret,
1217 4163 1495 4220 incideret
1535 4165 1827 4233 offensam,
1861 4183 2070 4221 nexum

440 4254 736 4310 calumniae
791 4257 897 4326 (64)
952 4273 1069 4311 non
1127 4255 1412 4312 evaderet.
1468 4258 1719 4330 Denique
1769 4265 1954 4314 trusus
2011 4260 2069 4314 in

440 4365 728 4404 carcerem
754 4349 941 4421 (lbid.,
971 4351 1080 4421 20),
1109 4354 1168 4404 et
1203 4350 1478 4406 innocens
1513 4351 1663 4406 inter
1697 4353 1892 4408 noxios
1919 4353 2068 4408 aesti-

2245 1829 2334 1881 32.
2367 1825 2568 1880 Fertur
2603 1824 2900 1896 prophetes
2935 1823 3160 1878 cuidam
3199 1823 3278 1893 (et
3317 1820 3565 1892 plerique
3598 1821 3754 1876 ferunt

2175 1919 2327 1991 quod
2355 1918 2508 1973 isaiie
2536 1917 2650 1990 (67)
2678 1917 2737 1972 in
2765 1933 2991 1972 carcere
3024 1916 3230 1988 posito)
3257 1931 3388 1970 cum
3421 1915 3566 1969 mole
3599 1913 3752 1968 immi-

2173 2013 2363 2068 nentis
2402 2018 2701 2084 urgeretur
2737 2011 2912 2079 exitii,
2940 2010 3146 2065 dixisse
3176 2008 3466 2064 diabolum
3497 2025 3511 2063 :
3542 2007 3627 2060 Dic
3649 2007 3756 2078 quia

2173 2123 2290 2162 non
2318 2123 2350 2160 a
2374 2105 2612 2162 Domino
2642 2105 2864 2160 locutus
2887 2121 2946 2160 es
2971 2120 3099 2175 quas
3125 2103 3338 2171 dixisti,
3370 2105 3426 2156 et
3449 2100 3685 2156 omnium
3711 2100 3756 2153 in

2174 2206 2229 2256 te
2268 2203 2490 2255 mentes
2516 2197 2859 2270 affectusque
2891 2197 3154 2266 mutabo;
3194 2201 3257 2251 ut
3295 2196 3391 2268 qui
3432 2195 3758 2266 indignantur

2174 2293 2464 2364 injuriam,
2493 2292 2908 2348 absolutionem
2947 2291 3271 2346 conferant.
3301 2289 3412 2345 Sed
3453 2289 3544 2344 ille
3579 2286 3759 2359 gratius

2166 2386 2446 2460 judicavit
2483 2403 2586 2458 pro
2616 2386 2850 2440 veritate
2878 2384 3238 2456 supplicium,
3271 2399 3442 2455 quam
3467 2398 3566 2454 pro
3595 2380 3757 2435 adula-

2175 2482 2326 2537 tione
2368 2480 2731 2535 beneiicium.
2781 2479 2946 2544 Quod
2992 2478 3186 2550 utique
3237 2494 3359 2533 non
3404 2476 3630 2542 fecisset,
3674 2472 3757 2526 nisi

2175 2574 2548 2630 meditatione
2575 2573 2716 2645 legis
2744 2573 2942 2628 fuisset
2974 2573 3339 2628 exercitatus.

2245 2671 2331 2725 33.
2366 2667 2452 2724 Sit
2487 2683 2624 2738 ergo
2661 2666 2821 2722 nobis
2855 2665 3187 2739 quotidiana
3227 2665 3397 2721 lectio
3438 2679 3537 2734 pro
3575 2661 3760 2717 exerci-

2173 2761 2272 2832 tio,
2325 2765 2388 2816 ut
2433 2778 2560 2832 quas
2608 2761 2869 2832 legimus,
2918 2759 3270 2814 meditemur
3314 2758 3541 2812 imitari.
3584 2757 3639 2810 In
3679 2755 3762 2808 hac

2175 2855 2518 2910 desudemus
2549 2855 2826 2909 virtutum
2853 2854 3144 2926 palazstra;
3167 2855 3231 2907 ut
3259 2868 3390 2907 cum
3419 2847 3764 2922 increpuerint

2175 2952 2550 3020 tentamenta,
2589 2965 2706 3004 non
2747 2952 3021 3020 tanquam
3064 2947 3465 3002 inexercitatos
3508 2943 3631 3015 (68),
3673 2956 3765 2994 non

2174 3046 2452 3115 tanquam
2503 3045 2766 3114 expertes
2819 3039 3164 3113 spiritalium
3215 3040 3493 3108 ciborum,
3541 3042 3594 3091 et
3642 3038 3762 3089 atte-

2175 3139 2379 3192 nuatos
2405 3136 2628 3208 jejunio
2657 3133 3346 3203 lectionis,_tentationum
3383 3137 3604 3205 tempus
3635 3128 3763 3183 inve-

2173 3231 2312 3287 niat.
2364 3230 2521 3295 Quod
2575 3230 2622 3284 si
2677 3227 2958 3285 athleticis
3011 3227 3194 3299 epulis
3248 3228 3364 3299 (69)
3417 3230 3623 3298 pastam
3666 3221 3761 3276 ani-

2173 3340 2326 3379 mam
2370 3327 2624 3380 nostram
2653 3322 2903 3394 potuerit
2931 3321 3217 3390 invenire;
3250 3320 3297 3375 si
3334 3321 3408 3374 sit
3446 3316 3765 3397 evangelicus

2172 3434 2372 3473 succus
2424 3417 2481 3472 in
2549 3416 2746 3486 nobis,
2805 3417 2851 3471 si
2915 3415 3236 3487 apostolicis
3301 3414 3444 3469 escis
3506 3409 3765 3467 maturitas

2173 3517 2382 3567 nostra:
2430 3511 2640 3566 mentis
2687 3513 2861 3577 toros,
2907 3509 3112 3564 animae
3160 3506 3397 3564 robusta
3444 3502 3764 3562 solidaverit,

2171 3606 2218 3660 si
2247 3605 2532 3678 frequenti
2558 3603 2934 3659 meditatione
2963 3603 3245 3658 memoria
3278 3607 3454 3658 tenax
3484 3601 3762 3673 praecepto-

2172 3715 2301 3754 rum
2328 3698 2635 3754 coelestium
2662 3703 2852 3770 parata
2877 3698 2947 3753 ad
2969 3701 3192 3769 tempus
3220 3695 3486 3768 exempla
3507 3694 3766 3765 deprompo

2172 3793 2335 3860 serit,
2393 3792 2547 3847 nulla
2603 3792 2986 3848 tentationum
3041 3791 3255 3862 poterit
3310 3807 3418 3846 nos
3471 3784 3765 3860 perturbare

2172 3887 2519 3958 congressio.

2241 3981 2330 4035 34.
2383 3981 2557 4050 (Vers.
2623 3978 2736 4050 93.)
2790 3979 3057 4051 Sequitur
3121 3994 3319 4035 versus
3385 3977 3617 4049 quintus
3667 3993 3675 4024 :
3719 3971 3766 4024 in

2171 4079 2426 4131 wternum
2494 4090 2602 4128 non
2675 4074 2963 4129 obliviscar
3024 4074 3483 4143 justiﬁcationum
3548 4077 3736 4124 tum-um
3754 4079 3766 4128 ;

2171 4171 2424 4239 quoniam
2487 4171 2546 4223 in
2608 4169 2741 4239 ipsis
2800 4169 3086 4237 uiuiﬁcasti
3143 4182 3248 4222 me.
3317 4167 3434 4221 Lex
3494 4158 3766 4218 secundum

2169 4262 2500 4334 Apostolum
2561 4260 2910 4333 paedagogus
2968 4256 3225 4333 1125
3289 4263 3380 4315 est
3442 4254 3765 4330 parvulorum

2171 4357 2399 4427 (Galat.,
2438 4372 2513 4424 ιιι,
2553 4357 2665 4427 24),
2699 4355 2881 4410 donec
2924 4354 2996 4410 ad
3039 4354 3308 4426 perfectas
3354 4352 3484 4408 fidei
3528 4345 3764 4405 maturio-

441 4447 644 4510 matus,
672 4443 742 4497 ab
771 4460 838 4498 eo
864 4443 1107 4515 amplius
1144 4445 1315 4516 coepit
1344 4445 1558 4515 urgeri,
1591 4445 1682 4500 cui
1709 4446 1884 4502 iidem
1912 4464 2072 4502 suam
2092 4450 2151 4523 Ῑ)
2173 4466 2294 4505 rem
2337 4450 2640 4522 quamdam
2687 4449 2984 4504 veniamus
3031 4453 3284 4504 aetatem.
3332 4449 3393 4502 in
3437 4446 3560 4517 lege
3605 4445 3769 4496 autem

441 4552 572 4590 cum
625 4537 889 4607 periculis
940 4537 1315 4609 prmstitisset.
1363 4538 1478 4594 Sed
1527 4539 1662 4611 quia
1712 4542 2073 4596 contumeliae
2176 4543 2448 4599 mandata
2491 4550 2642 4612 sunt,
2675 4541 3126 4614 justiﬁcationes,
3170 4541 3517 4608 testimonia,
3550 4533 3767 4608 justitize,

441 4629 628 4684 virum
669 4630 932 4701 frangere
975 4631 1383 4703 nequiverunt,
1421 4635 1636 4688 mutata
1679 4637 1764 4690 est
1806 4635 2071 4705 tentatio,
2173 4642 2481 4711 praecepta.
2528 4636 2890 4692 Viviﬁcamur
2937 4652 3075 4708 ergo
3124 4636 3185 4690 in
3230 4637 3385 4707 lege,
3430 4633 3577 4689 unde
3618 4633 3669 4686 et
3707 4626 3773 4680 ait

443 4723 616 4794 longe
659 4723 914 4794 asperior
952 4725 1140 4796 specie
1189 4742 1588 4798 prosperorum
1626 4728 1762 4799 (65).
1793 4728 2075 4784 Plurimos
2172 4731 2506 4803 Apostolus:
2543 4752 2569 4780 α
2608 4732 2716 4786 Lex
2759 4735 2953 4786 autem
2996 4746 3112 4784 non
3158 4735 3245 4784 est
3289 4745 3357 4784 ex
3399 4727 3530 4796 fide,
3566 4722 3656 4778 sed
3692 4717 3768 4788 qui

443 4818 600 4874 enim
626 4819 1134 4890 supplantaverunt
1166 4820 1447 4876 saecundee
1482 4837 1592 4890 res,
1620 4837 1762 4894 quos
1801 4823 2073 4895 supplicia
2175 4825 2305 4882 facit
2355 4824 2542 4894 illam,
2595 4823 2741 4880 vivet
2793 4825 2848 4880 in
2903 4840 2968 4879 ea
3023 4824 3204 4894 (lbid.,
3267 4823 3376 4895 12).
3435 4845 3462 4873 ››
3515 4817 3614 4876 Sed
3664 4811 3772 4884 quia

503 4967 601 5030 (62)
633 4966 791 5018 Rom.
824 4967 979 5029 edit,
1000 4967 1327 5019 institutione
1347 4968 1607 5032 limatus.

505 5040 603 5102 (63)
630 5040 761 5090 Mss.
791 5039 1024 5104 aliquot,
1053 5041 1101 5091 si
1132 5041 1610 5107 ministerio’regio.
1632 5043 1702 5094 Et
1729 5048 1850 5108 post
1876 5059 2072 5110 pauca,

441 5111 538 5162 ubi
581 5125 774 5164 omnes
825 5111 981 5173 edit.,
1028 5115 1271 5176 totasque
1317 5113 1456 5163 vires
1499 5127 1644 5174 suas,
1696 5129 1890 5168 omnes
1937 5131 2071 5168 mss.

442 5182 633 5246 legunt
660 5198 670 5230 :
698 5187 958 5246 notasque
982 5185 1122 5233 vires
1155 5197 1300 5234 suas.

504 5255 600 5317 (64)
631 5253 720 5305 Sic
748 5267 943 5305 omnes
970 5267 1102 5305 mss.
1147 5269 1213 5306 ac
1253 5260 1362 5307 vet.
1404 5255 1532 5306 edit.
1559 5256 1718 5308 Rom.
1756 5271 1886 5308 vero
1922 5271 2076 5323 repo-

441 5324 556 5374 suit
581 5337 772 5374 novam
795 5325 1094 5376 calumniae.

503 5395 600 5457 (65)
643 5395 769 5445 Mss.
819 5409 916 5447 sex
958 5396 1108 5448 haud
1157 5398 1320 5448 malas
1372 5402 1520 5456 notae
1563 5412 1576 5446 :
1619 5399 1788 5464 Longe
1831 5402 2077 5464 asperior

441 5467 556 5516 acie
576 5477 969 5530 prosperorum.
993 5469 1115 5519 Non
1141 5469 1399 5519 absurde.
1427 5469 1695 5520 Diabolus
1721 5471 1871 5520 enim
1897 5472 2076 5535 primo

442 5536 696 5595 adversa,
726 5535 853 5587 dein
883 5551 1143 5602 prospera
1169 5541 1328 5604 quasi
1356 5539 1602 5590 diversas
1626 5541 1776 5591 acies
1807 5543 2074 5594 instruere

444 5608 500 5657 in
532 5605 738 5658 electos
761 5608 924 5659 solet.

506 5679 603 5744 (66)
644 5680 736 5730 Sic
778 5680 910 5731 edit.
953 5695 1166 5744 omnes,
1216 5696 1281 5734 ac
1331 5697 1462 5734 mss.
1514 5684 1744 5748 aliquot.
1791 5684 1898 5733 Alii
1946 5698 2074 5736 vero

442 5751 648 5817 plures,
684 5763 863 5814 neque
897 5751 1233 5804 deteriores:
1268 5755 1330 5804 Et
1373 5761 1579 5819 patrem
1618 5755 1830 5819 recepit,
1865 5761 1911 5806 et
1957 5756 2072 5818 [ra-

2174 4980 2306 5024 trem
2331 4976 2426 5039 pia
2447 4972 2645 5036 fraude
2677 4973 2933 5038 quaesivit.

2209 5045 2335 5108 ,(67)
2378 5045 2486 5096 Hic
2527 5044 2815 5096 evidenter
2854 5043 3037 5094 innuit
3077 5041 3412 5095 Ambrosius
3455 5043 3769 5114 communem

2174 5118 2504 5182 scriptorum
2550 5117 2639 5166 sui
2684 5116 2948 5180 temporis
2996 5115 3168 5166 fuisse
3221 5115 3559 5180 opinionem,
3601 5109 3766 5158 Isaiam

2169 5188 2328 5252 jussu
2371 5189 2640 5239 Manassis
2687 5187 2832 5252 regis
2879 5187 2936 5236 in
2977 5184 3118 5237 duas
3153 5191 3342 5250 partes
3383 5188 3589 5237 sectum
3627 5186 3767 5252 occu—

2175 5249 2380 5311 buisse.
2435 5258 2545 5310 Sed
2597 5258 2732 5308 huic
2754 5249 3074 5309 vsententim
3117 5249 3347 5322 quidam
3395 5269 3522 5308 cum
3575 5249 3770 5326 Tostato

2175 5333 2537 5396 refragantur,
2562 5329 2769 5396 quibus
2791 5328 3022 5394 proinde
3057 5316 3230 5380 relata
3263 5328 3335 5380 ab
3373 5325 3651 5380 Ambrosio
3676 5316 3770 5366 dia-

2176 5401 2289 5453 boli
2319 5401 2486 5453 verba
2515 5401 2583 5453 de
2613 5402 2722 5453 alio
2751 5401 3019 5466 propheta
3043 5399 3376 5466 explicanda
3406 5403 3550 5450 sunt.
3679 5462 3708 5472 Π

2239 5475 2336 5535 (68)
2374 5474 2581 5526 Omnes
2614 5462 2772 5536 edit,
2805 5462 2914 5524 non
2949 5462 3206 5538 tanquam
3247 5474 3572 5536 inexpertas;
3597 5462 3768 5538 melius

2175 5557 2370 5596 omnes
2394 5559 2551 5606 mss.,
2577 5558 2687 5596 non
2719 5549 2978 5609 tanquam
3014 5537 3276 5610 apertos,
3309 5543 3365 5594 id
3402 5547 3501 5604 est,
3530 5550 3631 5589 non
3666 5537 3764 5583 tan-

2173 5629 2342 5678 quam
2369 5616 2625 5679 privatos.

2237 5686 2332 5748 (69)
2360 5687 2465 5808 1Βθ
2513 5689 2664 5740 victu
2714 5689 2977 5742 athletico
3029 5690 3273 5741 diximus
3324 5688 3394 5739 ad
3453 5683 3586 5736 Psal.
3635 5686 3762 5731 xum

2237 5771 2328 5808 im.
2394 5796 2405 5808 .

2177 5771 2328 5809 num.
2360 5771 2405 5808 ‘I.
