3862 6166
193 235 286 290 1445

1230 225 1581 283 EXPOSITIO
1625 228 1693 283 IN
1731 226 2049 283 PSALMUM
2089 227 2314 283 CXVIII.

3312 231 3447 285 1446

186 357 290 411 idem
314 367 451 424 supra
478 349 592 404 ait:
625 349 956 414 «Quoniam
992 349 1049 404 in
1087 349 1214 420 lege
1251 366 1424 405 nemo
1445 349 1717 420 justiﬁca-
1740 363 1795 435 Α
1821 349 1955 418 nise,
2021 349 2282 418 honoris,
2349 348 2680 420 potestatis?
2739 348 2923 404 Multis
2985 366 3100 406 non
3169 355 3254 406 est
3315 353 3449 406 satis

181 459 245 504 tur
270 447 419 517 (Ibid,
456 446 554 513 Η).
596 466 622 493 υ
661 443 937 516 Intelligis
979 443 1175 514 utique
1216 443 1350 514 quia
1383 443 1714 515 justiﬁcatio

177 541 277 613 legis
302 538 484 610 species
519 542 599 592 est
635 541 695 592 et
731 536 941 608 imago,
979 553 1092 592 non
1134 536 1358 593 veritas.
1387 537 1713 592 Secundum

176 634 399 689 veritatem
435 647 563 704 ergo
601 630 674 686 ad
713 629 1123 702 perfectionem
1161 646 1338 686 nemo
1372 629 1716 702 justiﬁcatur

174 731 210 782 in
232 727 346 797 lege,
373 724 664 781 secundum
700 725 944 796 speciem
977 722 1338 795 justiﬁcatur.
1369 725 1515 795 Ergo
1545 741 1710 780 sanc-

171 827 232 874 tus
261 819 516 890 Propheta,
557 819 652 889 qui
698 817 887 873 adhuc
925 819 985 872 in
1030 818 1176 889 legis
1209 818 1714 888 justiﬁcationibus

172 914 345 979 vivebat,
387 911 596 966 videbat
637 914 835 967 autem
885 911 1172 982 fulgorem
1221 912 1511 983 Evangelii
1564 912 1708 983 (70);

167 1007 279 1077 quasi
307 1021 506 1060 memor
539 1005 744 1060 veteris
776 1004 1110 1077 disciplinae,
1147 1005 1264 1076 legi
1292 1009 1567 1076 tanquam
1597 1021 1710 1076 pae-

165 1102 330 1170 dagogo
352 1098 460 1152 utili
488 1098 732 1170 gratiam
758 1097 1105 1154 reservabat.
1128 1098 1440 1154 Considera
1467 1099 1714 1170 aliquem

162 1192 458 1247 excedentem
509 1208 574 1246 ex
625 1191 861 1263 ephebis
917 1193 975 1247 in
1029 1191 1238 1248 divitiis
1287 1195 1345 1246 et
1399 1192 1714 1248 honoribus

160 1285 477 1353 constitutum,
507 1286 818 1357 paedagogo
847 1301 952 1340 suo
993 1275 1486 1341 honoriﬁcentiam
1525 1301 1708 1340 reser-

159 1386 350 1445 vantem,
386 1379 536 1450 cujus
577 1379 780 1434 ofﬁciis
817 1379 1193 1434 informatum
1234 1395 1293 1433 se
1333 1395 1455 1435 esse
1496 1395 1709 1451 cogno-

156 1474 306 1538 sceret,
332 1476 388 1525 ut
414 1472 784 1527 maturiorem
812 1487 1015 1544 regere
1041 1477 1232 1543 posset
1259 1475 1506 1528 aetatem.

204 1568 269 1620 35.
309 1565 479 1620 Monet
518 1565 802 1638 siquidem
847 1565 1018 1622 etiam
1067 1566 1193 1638 ipsa
1232 1567 1346 1637 lex,
1384 1571 1446 1622 ut
1488 1566 1579 1621 his
1614 1566 1712 1637 qui

157 1657 274 1711 nobis
313 1657 606 1730 aliquando
644 1659 985 1731 profuerint,
1033 1675 1397 1733 nequaquam
1449 1677 1569 1716 esse
1621 1660 1714 1716 de-

154 1752 337 1806 beamus
360 1753 582 1824 ingrati.
611 1754 758 1808 Nam
786 1753 934 1809 sicut
963 1732 1254 1810 habemus
1272 1755 1333 1810 in
1360 1754 1547 1810 Veteri
1577 1756 1708 1810 Tes-
1732 1732 1790 1803 Β

154 1849 366 1916 tameuto,
394 1847 603 1902 Pascha
626 1847 980 1903 celebratum
1012 1851 1099 1903 est
1125 1848 1184 1903 in
1213 1849 1436 1920 Egypti
1480 1848 1712 1920 ﬁnibus,

151 1955 243 1993 cum
281 1940 444 1995 adhuc
489 1939 598 1996 sub
645 1955 780 2013 rege
823 1941 1044 1998 Pharao
1090 1941 1258 2014 positi
1305 1947 1500 2013 patres
1533 1943 1712 1998 nostri

150 2031 450 2102 deplorarent
478 2033 706 2089 miserae
744 2035 1033 2090 servitutis
1068 2034 1341 2106 injuriam
1367 2035 1584 2106 (Εωοάυ
1617 2051 1709 2107 xu,

149 2127 230 2194 ‘28);
257 2132 304 2180 et
330 2133 513 2197 postea
552 2127 779 2183 liberati
815 2144 1012 2183 rursus
1048 2128 1107 2183 in
1136 2131 1291 2184 terra
1317 2129 1709 2200 repromissio-

149 2220 206 2270 uis
242 2220 330 2290 (71)
370 2220 583 2275 Pascha
628 2221 987 2276 celebrarunt
1025 2223 1216 2293 (Iosue,
1258 2238 1312 2291 v,
1365 2223 1482 2294 10);
1539 2239 1709 2294 supe-

147 2313 228 2365 rius
255 2313 315 2367 ad
353 2314 883 2383 commonitionem,
925 2316 1208 2387 posterius
1252 2315 1322 2370 ad
1364 2316 1706 2372 recordatio-

147 2421 255 2458 nem.
281 2406 330 2460 Si
359 2408 481 2478 quis
507 2423 653 2478 ergo
683 2407 999 2480 interroget
1023 2408 1322 2464 Hebraeum
1347 2424 1465 2480 qua
1491 2409 1709 2465 ratione

145 2498 182 2551 in
216 2500 423 2572 Egypto
466 2501 692 2556 Pascha
737 2501 1085 2558 celebratum
1138 2506 1242 2569 est,
1289 2503 1654 2575 respondebit
1694 2520 1706 2558 :

143 2591 240 2652 Quia
259 2594 368 2662 regi
404 2595 632 2650 Pharao
667 2595 852 2650 adhuc
891 2595 1179 2652 servitutis
1218 2595 1447 2652 vinculo
1477 2596 1710 2652 obnoxii

145 2685 434 2755 tenebamur,
473 2689 584 2744 ille
625 2705 810 2760 agnus
845 2693 1078 2761 patrum
1119 2690 1393 2762 populum
1433 2689 1707 2759 liberavit,

144 2777 204 2830 ille
227 2795 380 2850 agnus
420 2783 645 2838 vocavit
686 2783 755 2838 ad
793 2782 1142 2851 libertatem,
1180 2783 1274 2839 ille
1310 2800 1494 2856 agnus
1537 2785 1710 2840 maris

145 2873 355 2940 profunda
400 2875 698 2943 solidavit,
753 2882 813 2930 ut
859 2877 1170 2949 Egyptum
1229 2877 1468 2933 transire
1515 2894 1708 2949 posse-

146 2978 244 3018 mus.
279 2968 488 3030 Quoties
527 2984 677 3040 ergo
719 2969 930 3024 Pascha
971 2969 1344 3037 celebramus,
1383 2971 1710 3028 meminisse

147 3056 343 3174 debemus
364 3063 587 3119 veteris
622 3062 908 3118 servitutis
945 3068 1000 3118 et
1029 3079 1188 3118 novae
1218 3063 1498 3120 libertatis
1528 3082 1541 3120 :
1570 3065 1708 3136 quid
1731 3101 1786 3174 Ο

153 3148 367 3222 fuerimus,
408 3161 466 3211 et
508 3155 657 3227 quid
706 3157 1118 3228 acceperimus.
1166 3158 1286 3212 Non
1331 3157 1488 3212 enim
1529 3161 1713 3228 potest

161 3243 258 3310 plene
273 3249 388 3319 quis
413 3248 750 3321 intelligere
782 3249 918 3323 quid
957 3251 1261 3322 acceperit,
1293 3250 1400 3307 nisi
1427 3251 1708 3306 memine-

162 3334 307 3395 ritante
330 3342 464 3414 quid
485 3342 692 3398 fuerit.

193 3431 249 3486 36.
269 3434 378 3490 Non
419 3452 570 3508 ergo
609 3433 1010 3490 obliviscamur
1043 3437 1179 3507 quia
1218 3435 1491 3493 Dominus
1529 3437 1709 3506 Jesus,

147 3526 274 3592 Agnus
295 3529 400 3598 Dei,
425 3529 644 3585 mundi
674 3529 882 3598 hostia,
914 3528 1078 3585 solvit
1108 3546 1213 3586 nos
1252 3531 1512 3602 gravium
1551 3532 1708 3587 nexi-

143 3611 212 3672 bus
239 3621 585 3692 delictorum,
617 3623 824 3695 quibus
862 3624 1080 3680 Pharao
1118 3623 1210 3680 ille
1239 3624 1566 3680 teterrimus
1596 3641 1708 3680 non

144 3711 256 3766 unius
289 3717 530 3788 Egypti,
584 3716 684 3773 sed
727 3716 921 3771 saeculi
965 3716 1128 3772 istius
1173 3718 1439 3789 princeps
1487 3718 1711 3774 vinculo

141 3805 291 3862 servitii
313 3810 490 3880 gravis
521 3825 632 3865 nos
662 3809 899 3865 tenebat
935 3810 1216 3866 astrictos.
1248 3811 1372 3866 Non
1409 3811 1707 3868 oblivisca-

140 3910 230 3951 mur
271 3901 320 3956 in
379 3909 705 3970 aeternum;
759 3909 821 3958 ut
865 3918 996 3958 cum
1046 3904 1372 3960 venerimus
1431 3905 1490 3960 in
1551 3905 1709 3961 illam

138 4001 228 4044 vere
248 3998 437 4051 ten-am
465 3995 955 4069 repromissionis,
985 3996 1082 4052 ubi
1120 4001 1208 4052 est
1241 3998 1400 4070 regio
1427 3999 1708 4070 vivorum,

135 4087 498 4145 meminerimus
531 4094 755 4162 quanta
795 4089 888 4144 hic
932 4090 1098 4146 nobis
1127 4091 1341 4146 Pharao
1369 4092 1526 4148 dirus
1551 4092 1707 4148 intu-

134 4173 242 4243 lerit,
277 4186 402 4252 quot
446 4182 711 4255 perpessi
753 4183 814 4237 in
861 4183 969 4237 hoc
1015 4183 1221 4238 saeculo
1262 4185 1462 4251 simus,
1504 4185 1710 4256 quibus

132 4270 307 4328 tandem
338 4277 519 4348 erepti
572 4275 772 4343 malis;
815 4280 874 4331 et
908 4292 1146 4348 agamus
1187 4278 1399 4349 gratias
1443 4279 1708 4350 eripienti

133 4374 206 4415 nos
225 4365 433 4423 Domino
465 4370 494 4426 Ι
502 4385 629 4439 esu,
661 4369 760 4442 qui
792 4370 1247 4441 perturbatorem
1281 4371 1539 4428 omnium
1576 4372 1710 4428 fecit

131 4470 220 4511 esse
237 4463 530 4532 captivum.

182 4551 249 4606 3'7.
294 4554 462 4625 (Vers.
516 4557 634 4628 94-.)
688 4556 954 4629 Sequitur
1008 4574 1200 4614 versus
1251 4563 1440 4615 sextus
1488 4576 1500 4612 :
1559 4560 1708 4613 Tuus

131 4655 330 4717 Mago,
354 4652 510 4706 salua
548 4667 652 4715 me,
690 4653 941 4719 Dmnine;
969 4653 1104 4723 quia
1137 4651 1543 4722 iustiﬁcationes
1589 4656 1711 4708 tuas

133 4742 358 4806 Wst.
416 4745 620 4800 Facilis
671 4761 778 4800 vox
827 4750 884 4801 et
932 4745 1258 4801 communis
1311 4744 1555 4815 videtur,
1609 4745 1709 4801 sed

133 4841 382 4895 luctuum
409 4841 518 4893 est.
569 4839 713 4894 Satis
753 4855 915 4894 rarus
946 4845 1032 4896 est
1068 4839 1223 4895 enim
1263 4840 1362 4912 qui
1398 4844 1584 4911 potest
1618 4839 1706 4895 di-

133 4934 225 4978 θεη
254 4927 400 4986 Deo:
447 4934 597 4988 Tuus
636 4948 776 4989 sum.
827 4933 924 4990 Ille
970 4933 1124 4990 enim
1173 4932 1329 5002 dicit,
1373 4933 1470 5006 qui
1513 4933 1707 4990 adhae-

133 5021 193 5069 νεὶ
239 5020 340 5078 Deo
387 5025 524 5081 totis
583 5025 866 5095 sensibus,
919 5027 1018 5098 qui
1081 5025 1238 5082 aliud
1286 5027 1534 5099 cogitare
1594 5044 1708 5083 non

136 5114 317 5170 Merit.
357 5117 456 5173 Ille
499 5119 609 5174 hac
646 5135 782 5176 voce
831 5120 1034 5188 utitur,
1082 5121 1182 5192 qui
1231 5125 1417 5191 potest
1463 5121 1652 5177 dicere
1692 5137 1704 5176 :

136 5221 154 5240 π
180 5204 394 5266 Ostende
436 5211 609 5268 nobis
653 5215 903 5282 Patrem,
946 5217 1005 5270 et
1051 5213 1260 5270 sufﬁcit
1297 5213 1464 5270 nobis
1504 5215 1704 5286 (Joun.,

137 5307 215 5362 x1'.
250 5303 314 5370 8).
350 5324 375 5354 ι
417 5306 711 5379 Numquid
751 5308 858 5363 hac
903 5324 1036 5364 voce
1073 5308 1252 5363 utitur
1295 5308 1491 5364 avidus
1537 5324 1708 5380 pecu-

180 5421 252 5482 {M
292 5425 455 5480 Paris.
509 5431 767 5494 quadam
823 5429 976 5493 edit.,
1023 5430 1235 5482 videbat
1279 5436 1452 5482 auum
1503 5427 1712 5494 fulgore

141 5487 377 5557 ῑαιψιειι
402 5487 548 5551 Alii
573 5514 636 5552 ac
677 5515 808 5552 mss.
849 5487 1061 5564 omnes,
1096 5502 1328 5563 videbat,
1357 5505 1461 5553 etc.
1503 5487 1711 5552 Iterum

140 5569 304 5638 mpetu!
346 5568 498 5630 edit.,
545 5575 733 5625 ueteris
777 5573 1071 5638 disciplina:
1120 5575 1264 5638 legis,
1304 5580 1585 5638 tanquam.
1643 5573 1712 5624 Et

143 5633 256 5696 min,
275 5637 717 5705 honoriﬁcentiam
739 5633 1067 5695 roses-uatum
1105 5633 1312 5695 habere.
1341 5633 1547 5696 Contra
1592 5657 1712 5694 om-

147 5709 216 5776 nes
234 5717 343 5758 nos.
367 5712 688 5776 utrobique,
714 5719 778 5764 ut
799 5727 902 5766 nos
929 5716 989 5765 in
1017 5720 1193 5768 textu.

187 5775 260 5836 σε)
289 5779 413 5833 Cod.
451 5775 621 5848 Audi,
665 5786 852 5850 Vind.,
896 5786 1054 5839 Colb.
1094 5799 1262 5848 unus,
1305 5789 1362 5835 et
1403 5785 1534 5836 Nav.
1581 5785 1712 5836 item

1817 444 1996 498 Deum
2065 442 2230 508 scire,
2291 445 2348 496 et
2397 442 2630 515 quidem
2681 442 2956 514 pluribus.
3019 444 3178 500 Tanti
3227 445 3444 518 papuli,

1819 534 2075 608 1126
2107 539 2278 591 tantae
2321 536 2601 604 nationes,
2635 535 2780 590 tanti
2820 535 3022 592 divites
3048 541 3446 609 paupertatem

1814 633 2018 700 putant
2061 629 2303 685 Domino
2347 630 2593 699 servire;
2637 633 2696 685 et
2737 630 2834 700 qui
2883 646 3054 702 supra
3099 645 3299 685 omnes
3339 634 3446 699 est,

1815 723 1932 778 illis.
1973 723 2214 795 exiguus
2257 728 2316 778 et
2358 728 2636 794 angustus
2677 729 2793 793 est;
2845 724 2958 778 illis
3002 740 3118 780 non
3176 728 3262 779 est
3314 725 3446 779 satis

1813 817 1912 871 Dei
1945 816 2138 883 Filius,
2180 817 2239 870 in
2281 832 2394 888 quo
2435 821 2567 872 sunt
2609 817 2816 872 omnia.
2863 816 3117 888 Denique
3154 817 3252 872 ille
3293 817 3448 871 dives

1813 911 1870 964 in
1913 909 2244 981 Evangelia,
2294 911 2384 964 cui
2424 910 2640 965 dictum
2686 914 2772 964 est
2815 926 2829 965 :
2872 929 2899 961 ‹‹
2941 910 2997 966 Si
3041 910 3124 965 vis
3168 910 3448 981 perfectus

1813 1018 1954 1071 esse,
2000 1003 2178 1059 vende
2221 1004 2416 1058 omnia
2468 1020 2596 1076 quae
2641 1004 2838 1071 habes,
2881 1008 2938 1059 et
2986 1004 3056 1057 da
3097 1003 3450 1076 pauperibus

1813 1096 2058 1168 (Matth.,
2097 1113 2206 1165 XIX,
2249 1100 2359 1168 21),
2392 1119 2419 1146 ››
2463 1097 2639 1152 Deum
2684 1097 2790 1152 sibi
2835 1113 2950 1152 non
2997 1095 3252 1152 sufﬁcere
3285 1099 3445 1167 judi-

1813 1190 1977 1245 cavit.
2009 1190 2262 1262 Denique
2299 1195 2357 1246 et
2389 1191 2752 1246 contristatus
2791 1194 2878 1244 est
2916 1191 3103 1261 (Ibid.,
3145 1191 3255 1263 22),
3284 1193 3443 1262 quasi

1813 1284 1967 1354 quod
1997 1284 2125 1354 plus
2164 1287 2314 1338 esset
2353 1283 2681 1356 relinquere
2716 1284 3044 1355 juberetur;
3076 1285 3223 1355 quod
3259 1285 3448 1339 minus

1814 1384 1958 1433 esset
1991 1377 2228 1449 eligere.
2256 1377 2353 1431 llle
2391 1394 2532 1449 ergo
2559 1377 2694 1432 dicit
2723 1395 2737 1432 :
2773 1380 2917 1432 Tuus
2956 1394 3095 1441 sum,
3126 1379 3224 1449 qui
3261 1382 3446 1449 potest

1813 1471 2003 1526 dicere
2035 1488 2047 1525 ε
2085 1492 2111 1520 α
2142 1472 2283 1526 Ecce
2316 1470 2511 1526 omnia
2551 1471 2908 1544 reliquimus,
2949 1477 3005 1526 et
3042 1471 3216 1527 secuti
3247 1488 3442 1534 sumus

1812 1570 1867 1621 te
1898 1566 2083 1627 tibist,
2109 1569 2220 1628 27).
2254 1587 2282 1615 ››

1885 1661 1972 1714 38.
1999 1659 2400 1729 Apostolorum
2421 1658 2614 1730 itaque
2643 1673 2750 1713 vox
2775 1658 2881 1713 ista
2907 1661 3012 1727 est,
3047 1673 3154 1714 nec
3181 1659 3442 1715 omnium

1813 1757 2008 1808 tamen
2043 1751 2448 1824 apostolorum.
2489 1752 2634 1807 Nam
2677 1754 2736 1806 et
2771 1751 2943 1807 ludas
2987 1753 3272 1823 apostolus
3310 1753 3441 1822 fuit,

1814 1849 1872 1901 et
1897 1845 1955 1900 iu
1993 1844 2250 1900 convivio
2287 1844 2496 1900 Christi
2539 1844 2690 1900 inter
2727 1845 3011 1915 apostolos
3051 1845 3434 1900 recumbebat.

1815 1938 2050 1994 Dicebat
2082 1943 2139 1994 et
2177 1938 2301 2010 ipse
2337 1961 2348 1992 :
2400 1941 2545 1994 Tuus
2586 1954 2722 2002 sum,
2763 1938 2863 1992 sed
2901 1955 3058 2008 voce,
3101 1955 3215 1994 non
3253 1941 3440 1995 corde.

1813 2032 1996 2099 Venit,
2042 2035 2100 2086 et
2144 2051 2171 2081 ‹‹
2211 2031 2464 2087 introivit
2511 2031 2571 2086 in
2615 2047 2747 2086 eum
2793 2031 3034 2087 Satanas
3078 2031 3277 2103 (Joan.,
3326 2048 3446 2103 xm,

1811 2125 1922 2194 27),
1951 2143 1980 2177 ››
2009 2129 2066 2179 et
2093 2124 2267 2197 coepit
2295 2124 2484 2180 dicere
2517 2142 2530 2181 :
2561 2127 2684 2183 Non
2712 2129 2798 2180 est
2822 2130 2956 2180 tuus
2977 2127 3132 2196 Jesu,
3154 2126 3257 2181 sed
3285 2142 3444 2182 meus

1813 2222 1916 2273 est.
1943 2217 2199 2290 Denique
2242 2235 2310 2274 ea
2348 2235 2477 2290 quae
2517 2234 2649 2274 mea
2687 2223 2838 2287 sunt,
2870 2220 3114 2290 cogitat;
3148 2237 3275 2292 quae
3317 2236 3445 2277 mea

1813 2316 1964 2379 sunt,
2024 2312 2082 2366 in
2138 2316 2371 2383 pectore
2415 2329 2517 2367 suo
2562 2312 2766 2382 volvit;
2817 2319 3007 2368 tecum
3057 2314 3339 2384 epulatur,
3388 2319 3447 2369 et

1811 2420 2038 2460 mecum
2067 2405 2349 2476 pascitur;
2384 2422 2418 2460 a
2452 2411 2508 2462 te
2547 2422 2759 2477 panem
2800 2405 3023 2478 accipit,
3062 2422 3098 2461 a
3132 2423 3224 2462 me
3264 2424 3440 2479 pecu-

1811 2499 1994 2569 niam;
2022 2503 2214 2555 tecum
2238 2499 2400 2566 bibit,
2441 2504 2498 2556 et
2531 2499 2674 2555 mihi
2716 2503 2881 2555 tuum
2920 2500 3262 2571 sanguinem
3305 2517 3440 2557 ven-

1812 2592 1921 2660 dit;
1953 2596 2086 2648 tuus
2116 2597 2175 2648 et
2201 2593 2512 2664 apostolus,
2539 2596 2628 2648 est
2652 2609 2815 2649 meus
2843 2599 2928 2649 est
2963 2593 3370 2651 mercenarius.

1883 2688 1970 2741 39.
2001 2687 2123 2741 Non
2149 2689 2336 2758 potest
2360 2687 2548 2742 dicere
2584 2687 2870 2743 saecularis
2897 2704 2911 2742 :
2953 2689 3096 2742 Tuus
3133 2703 3281 2755 sum;
3309 2688 3441 2761 plu-

1811 2794 1901 2834 res
1945 2779 2101 2834 enim
2147 2779 2406 2835 dominos
2443 2779 2633 2836 habet.
2687 2781 2852 2835 Venit
2891 2780 3088 2848 libido,
3137 2784 3197 2835 et
3240 2781 3377 2836 dicit
3426 2799 3440 2837 :

1811 2873 1964 2927 Meus
2007 2889 2096 2942 es;
2140 2872 2276 2944 quia
2313 2888 2382 2929 ea
2421 2889 2549 2945 quae
2589 2876 2722 2929 sunt
2757 2875 3032 2946 corporis,
3060 2875 3442 2946 concupiscis;

1810 2965 1869 3021 in
1895 2965 2046 3021 illius
2091 2965 2530 3022 adolescentulis
2576 2983 2769 3023 amore
2815 2971 2872 3023 te
2920 2967 3062 3023 mihi
3103 2968 3442 3036 vendidisti;

1812 3059 1874 3115 in
1900 3059 2053 3115 illius
2077 3061 2382 3116 concubitu
2409 3061 2725 3117 meretricis
2752 3060 3005 3133 pretium
3035 3078 3140 3134 pro
3167 3065 3224 3117 te
3253 3079 3438 3118 annu-

1810 3154 2047 3209 meravi.
2065 3153 2234 3210 Venit
2259 3153 2520 3225 avaritia,
2543 3159 2601 3210 et
2621 3154 2761 3210 dicit
2783 3171 2796 3210 :
2819 3159 3136 3228 Argentum
3155 3160 3214 3211 et
3232 3172 3440 3212 aurum

1811 3247 1965 3318 quod
2005 3247 2200 3318 habes,
2245 3247 2530 3304 servitutis
2564 3251 2679 3304 ture
2719 3249 2968 3320 pretium
3011 3254 3126 3320 est;
3171 3251 3444 3322 possessio

1810 3356 1986 3412 quam
2035 3344 2220 3409 tenes,
2263 3341 2412 3413 juris
2456 3342 2541 3397 tui
2589 3343 2826 3414 emptio,
2872 3342 3124 3400 venditio
3166 3344 3443 3401 libertatis

1809 3439 1926 3490 tuae
1965 3438 2067 3490 est.
2116 3435 2284 3491 Venit
2324 3435 2572 3503 luxuria,
2617 3441 2674 3492 et
2714 3435 2899 3492 dicit:
2941 3438 3093 3493 Meus
3137 3454 3229 3509 es;
3272 3441 3442 3496 unius

1811 3527 1922 3583 diei
1951 3527 2294 3596 convivium,
2323 3529 2573 3599 pretium
2605 3535 2717 3585 tuae
2752 3529 2882 3586 vita:
2908 3536 3026 3599 est;
3054 3531 3151 3586 ille
3180 3538 3442 3604 sumptus

1810 3622 2136 3693 epularum,
2173 3622 2255 3676 tui
2293 3621 2492 3693 capitis
2530 3622 2765 3679 licitatio
2813 3623 2940 3696 (72),
2979 3625 3064 3680 tui
3099 3630 3185 3682 est
3215 3643 3442 3684 summa

1811 3717 2152 3783 contractus,
2199 3718 2257 3770 et
2311 3715 2463 3786 quod
2517 3715 2680 3787 pejus
2729 3720 2844 3786 est,
2894 3733 3024 3773 caro
3080 3725 3310 3791 emptus
3359 3737 3440 3789 es,

1810 3808 1978 3864 vilior
2005 3808 2131 3863 cibo
2163 3823 2222 3863 es
2265 3811 2394 3875 tuo;
2424 3808 2731 3880 pretiosior
2765 3813 2855 3867 est
2887 3811 3057 3867 unius
3096 3812 3212 3867 diei
3242 3829 3444 3869 mensa

1809 3908 1930 3969 tua,
1973 3917 2151 3974 quam
2196 3901 2370 3958 totius
2417 3902 2696 3974 temporis
2741 3903 2878 3959 vita.
2933 3905 3084 3962 Inter
3129 3905 3334 3962 calices
3387 3881 3440 3962 te

1810 3995 2050 4064 redemi,
2094 3995 2246 4052 inter
2287 3995 2484 4066 epulas
2529 3997 2820 4069 acquisivi.
2868 3998 3032 4054 Venit
3072 3999 3332 4069 ambitio,
3381 4008 3441 4057 et

1809 4088 1942 4144 dicit
1967 4088 2070 4144 tibi
2104 4106 2117 4143 :
2146 4089 2316 4144 Plane
2340 4105 2506 4145 meus
2527 4107 2608 4146 es.
2631 4091 2819 4148 Nescis
2837 4093 2989 4165 quod
3010 4093 3135 4150 ideo
3157 4095 3441 4167 imperare

1808 4182 1930 4236 aliis
1959 4185 2017 4237 te
2045 4182 2174 4251 feci,
2208 4186 2272 4238 ut
2299 4182 2444 4238 mihi
2470 4184 2589 4255 ipse
2622 4184 2901 4240 ser-vires?
2930 4187 3116 4242 Nescis
3141 4189 3290 4261 quod
3317 4190 3444 4251 ideo

1809 4279 2146 4346 potestatem
2173 4275 2230 4330 in
2260 4283 2315 4331 te
2344 4277 2577 4345 contuli,
2611 4283 2670 4334 ut
2707 4294 2847 4334 meo:
2875 4284 2930 4334 te
2969 4280 3310 4353 subjicerem
3336 4299 3435 4354 po-

1808 4368 2040 4424 testati?
2075 4372 2163 4424 An
2203 4370 2441 4441 ignoras
2482 4371 2588 4442 ipsi
2627 4372 2869 4428 Domino
2913 4373 3185 4430 Salvatori
3227 4375 3441 4432 dictum

1732 4470 1933 4543 Desse
1973 4461 2044 4516 ab
2075 4463 2249 4533 hujus
2291 4464 2491 4520 mundi
2529 4464 2805 4535 principe,
2837 4481 2969 4521 cum
3010 4466 3060 4522 ei
3102 4468 3442 4525 ostendisset

1809 4555 2007 4611 omnia
2044 4573 2226 4629 regna
2273 4557 2476 4613 mundi
2518 4574 2532 4612 :
2576 4579 2603 4608 ‹‹
2641 4559 2766 4614 Haec
2805 4559 2998 4615 omnia
3039 4560 3184 4618 dabo
3228 4562 3350 4631 tibi,
3395 4564 3440 4619 si

1810 4649 2112 4722 procidens
2160 4649 2488 4706 adoraveris
2539 4668 2632 4707 me
2679 4653 2922 4724 (Matth.,
2977 4670 3051 4721 ιν,
3100 4657 3173 4726 9).
3217 4678 3246 4707 »
3296 4661 3440 4714 Ante

1809 4759 1949 4815 ergo
1977 4743 2443 4814 ipse-subjicitur,
2466 4745 2563 4816 qui
2591 4746 2730 4802 alios
2749 4747 2871 4803 vult
2895 4747 3111 4804 habere
3137 4749 3436 4821 subjectos.

1810 4836 2060 4892 Veniunt
2098 4838 2294 4892 omnia
2339 4839 2493 4905 vitia,
2533 4843 2591 4896 et
2630 4840 2856 4912 singula
2891 4841 3128 4898 dicunt:
3169 4844 3322 4898 Meus
3357 4861 3439 4900 es.

1807 4931 1987 4996 Quem
2021 4931 2166 4986 tanti
2209 4938 2566 5004 competunt,
2597 4950 2773 5006 quam
2804 4935 2913 4991 vile
2944 4937 3293 5008 mancipium
3321 4939 3438 4994 est!

1881 5026 1970 5081 40.
2049 5025 2349 5090 Quomodo
2426 5044 2566 5099 ergo
2643 5032 2705 5083 tu
2777 5029 2876 5100 qui
2950 5030 3276 5102 hujusmodi
3341 5049 3436 5100 es,

1809 5124 1972 5190 potes
2033 5120 2256 5175 Christo
2318 5120 2505 5176 dicere
2561 5139 2574 5176 :
2640 5125 2786 5178 Tuus
2841 5127 3004 5179 sum?
3060 5124 3444 5196 Respondebit

1807 5212 1914 5267 tibi
1959 5212 2051 5268 ille
2091 5230 2104 5268 :
2155 5236 2181 5261 ‹‹
2222 5215 2344 5269 Non
2395 5215 2722 5288 quicunque
2768 5215 2906 5270 dicit
2961 5217 3127 5284 mihi,
3177 5218 3441 5286 Domine,

1811 5305 2073 5374 Domine,
2112 5307 2348 5362 intrabit
2385 5307 2443 5363 in
2483 5324 2729 5380 regnum
2771 5308 3039 5365 oculorum
3069 5311 3308 5380 (Matth,
3347 5329 3442 5381 vn,

1811 5440 1978 5487 unus,
2010 5429 2067 5476 in
2095 5433 2242 5478 terra
2267 5429 2684 5479 resurrectionis.
2719 5429 2899 5492 Quam
2930 5431 3266 5485 locutionem
3302 5438 3443 5491 Am-

1812 5498 1998 5549 brosio
2031 5511 2231 5550 novam
2257 5513 2370 5550 non
2400 5512 2522 5550 esse
2541 5502 2654 5563 jam
2680 5501 3038 5554 advertimus.

1876 5570 1974 5634 (72)
2018 5569 2178 5642 Edlt._
2208 5573 2330 5620 Am.
2376 5575 2433 5621 et
2468 5571 2592 5642 Era.
2630 5584 2758 5642 cum
2804 5585 2937 5623 mss.
2987 5575 3442 5642 aliquammultis,

1812 5642 1889 5692 tui
1931 5641 2118 5705 capitis
2162 5639 2366 5703 Iitutio;
2415 5641 2663 5706 quidam,
2709 5641 2925 5695 lictatio.
2968 5645 3039 5696 Et
3081 5639 3217 5711 post
3267 5663 3442 5713 pauca

1813 5725 1944 5762 mss.
1981 5715 2213 5776 septem,
2243 5725 2405 5762 carne
2429 5719 2632 5780 smptus
2660 5727 2731 5774 ss,
2763 5715 2919 5767 vilior
2948 5717 3082 5777 cibo,
3109 5723 3213 5772 etc.
3246 5720 3444 5772 Melius

1813 5783 1908 5834 alii
1937 5787 1992 5834 et.
2024 5781 2176 5846 edit.,
2202 5787 2266 5834 ut
2297 5797 2401 5835 nos
2435 5797 2635 5850 supra;
2667 5785 2765 5838 ubi
2793 5787 3149 5855 subintellige
3175 5792 3363 5856 pretio.
