3862 6166
474 239 492 288 t
506 235 606 290 447

1958 230 2011 284 S.
2055 225 2369 283 AMBROSII

3657 237 3767 292 1448

471 358 590 425 21);
625 378 651 406 ››
683 372 797 410 non
825 354 1154 425 quicunque
1185 352 1321 407 dicit
1355 350 1497 406 mihi
1529 368 1542 407 :
1592 354 1736 407 Tuus
1773 367 1912 420 sum,
1941 366 2102 407 meus
2127 365 2183 435 Α
2274 351 2361 404 42.
2395 350 2561 404 Recte
2591 364 2726 420 ergo
2759 348 3038 420 propheta
3078 346 3252 402 David
3291 347 3420 403 dixit
3449 366 3462 404 :
3493 354 3622 409 Tuus
3654 373 3770 422 sum,

473 455 578 503 est.
605 449 758 504 Meus
797 449 966 520 plane
1000 453 1104 515 est,
1138 447 1182 500 si
1218 461 1416 500 vocem
1458 461 1574 500 non
1619 445 1927 517 redarguat
1967 461 2102 500 con-

475 542 739 612 scientia,
789 543 833 595 si
883 556 1210 596 sermonem
1261 545 1424 594 tuum
1491 540 1719 594 animus
1779 545 1878 594 aut
1931 554 2106 610 opera

477 653 589 691 non
618 635 893 691 refutent.
934 636 1056 706 Ego
1085 650 1198 689 non
1241 650 1394 706 nego
1435 649 1628 690 meum
1665 648 1785 688 esse
1823 649 1976 701 eum,
2007 631 2104 703 qui

475 731 594 800 ipse
643 747 702 784 se
753 733 961 801 neget,
1018 733 1117 784 aut
1168 735 1320 784 certe
1377 727 1420 782 si
1485 744 1590 798 pro
1642 743 1737 782 me
1793 743 1852 781 se
1917 726 2105 798 ipsum

476 823 579 877 sibi
610 822 880 895 abneget.
911 821 1048 877 Nolo
1077 821 1288 877 habere
1317 822 1604 876 servulum
1631 819 1888 891 pluribus
1921 817 2102 874 domi-

476 917 563 971 nis
605 917 971 972 servientem.
1015 917 1153 970 Nam
1199 915 1482 987 quomodo
1523 930 1684 969 meus
1733 918 1838 982 est,
1875 912 1921 967 si
1963 911 2106 967 mihi

475 1011 624 1066 dicat
649 1010 820 1065 verbo
851 1027 863 1066 :
901 1013 1045 1066 Tuus
1071 1025 1210 1071 sum,
1243 1011 1302 1063 et
1329 1007 1598 1079 operibus
1627 1011 1817 1078 neget,
1853 1011 1911 1060 et
1947 1005 2107 1061 factis

477 1121 534 1160 se
569 1103 799 1159 diabolo
839 1103 1128 1174 adjudicet
1167 1106 1224 1156 et
1263 1101 1622 1173 obstringat?
1662 1102 1782 1156 Non
1821 1103 1905 1156 est
1945 1115 2107 1155 meus

480 1214 651 1270 quem
687 1197 860 1252 libido
895 1195 1218 1260 succendit;
1251 1195 1385 1268 quia
1421 1211 1551 1249 mea
1591 1197 1675 1248 est
1709 1194 1956 1250 castitas.
1985 1194 2107 1248 Non

482 1299 566 1346 est
615 1308 774 1347 meus
821 1307 994 1361 quem
1041 1306 1174 1344 cura
1219 1287 1500 1360 spoliandi
1544 1288 1800 1344 minores
1844 1285 2102 1360 1127

481 1386 756 1455 exagitat;
815 1385 948 1455 quia
1003 1399 1136 1438 mea
1183 1381 1480 1453 integritas
1529 1387 1614 1437 est
1660 1382 1792 1453 ('73).
1849 1382 1972 1436 Non
2025 1384 2111 1436 est

480 1495 644 1534 meus
668 1493 841 1549 quem
872 1477 954 1530 ira
997 1475 1222 1530 mobilis
1260 1475 1569 1546 inquietat;
1614 1474 1750 1547 quia
1781 1491 1907 1530 mea
1945 1480 2108 1530 tran-

480 1569 730 1642 quillitas
772 1573 874 1625 est.
903 1570 1027 1624 Non
1073 1574 1159 1624 est
1198 1584 1359 1624 meus
1398 1568 1515 1623 vini
1559 1568 1789 1640 crapula
1826 1567 2106 1623 temulen-

479 1669 569 1719 tus
614 1663 670 1718 in
721 1665 924 1733 lucem,
967 1662 1284 1717 ambitione
1330 1661 1525 1733 glorim
1566 1662 1854 1716 saecularis
1895 1660 2106 1728 ebrius,

2207 445 2304 515 qui
2360 458 2586 515 semper
2638 443 2698 498 in
2755 443 3001 498 Domino
3044 441 3276 496 mansit.
3334 443 3395 497 Et
3440 460 3545 516 qua
3591 450 3772 507 ratione

2205 537 2410 593 dixerit
2450 557 2460 592 :
2513 559 2539 585 «
2573 537 2722 592 Tuus
2764 553 2914 606 sum,
2948 558 2976 586 »
3024 535 3242 590 addidit
3281 552 3294 589 :
3341 557 3368 585 «
3399 537 3775 599 lustiticationes

2205 637 2332 686 tuas
2365 631 2658 703 exquisivi,
2689 653 2716 682 ››
2743 631 2852 686 hoc
2877 636 2982 699 est,
3006 629 3149 684 nihil
3174 628 3412 684 aliorum
3439 633 3667 702 quesivi,
3692 639 3769 692 sed

2209 725 2262 780 id
2295 727 2476 780 solum
2509 725 2661 798 quod
2704 730 2869 780 tuum
2914 730 2999 779 est
3041 721 3373 778 desideravi.
3413 724 3515 778 Alii
3553 738 3780 797 quaerunt

2209 818 2444 874 monilia
2507 818 2776 890 pretiosa,
2842 834 2950 890 ego
3009 817 3158 872 solas
3215 815 3623 887 justiticationes
3678 826 3780 876 tuas

2207 914 2366 986 quasi
2405 913 2669 984 quaedam
2714 915 2862 967 serta
2892 910 3169 982 justitiae;
3213 909 3310 964 alii
3351 910 3575 965 domum
3607 913 3669 967 ad
3699 913 3777 968 do-

2208 1022 2388 1075 mum,
2422 1007 2612 1061 villam
2636 1005 2708 1060 ad
2734 1005 2922 1060 villam
2946 1006 3221 1076 jungunt,
3253 1003 3410 1074 quasi
3440 1004 3536 1058 soli
3559 1004 3783 1061 habitare

2207 1100 2426 1172 possint
2471 1101 2528 1154 in
2581 1107 2733 1156 terra
2774 1099 2900 1167 hac,
2947 1105 3002 1153 et
3047 1098 3392 1152 elementum
3428 1097 3609 1152 volunt
3646 1115 3783 1154 occu-

2209 1211 2344 1266 pare
2371 1209 2696 1258 commune,
2727 1192 2822 1248 alii
2865 1191 3283 1263 possessionem
3312 1191 3452 1246 aeris
3491 1191 3652 1261 ipsius
3687 1194 3783 1247 vin-

2210 1288 2426 1355 dicare;
2477 1287 2617 1342 mihi
2661 1286 2716 1340 in
2761 1286 2872 1341 tuis
2915 1283 3409 1356 justiﬁcationibus
3445 1299 3604 1339 omne
3638 1287 3783 1355 patri-

2211 1381 2466 1436 monium
2509 1384 2612 1434 est.
2655 1379 2851 1434 Nescio
2891 1378 3178 1450 possidere
3223 1377 3330 1432 nisi
3380 1378 3528 1448 quod
3568 1378 3643 1432 tui
3671 1378 3787 1447 juris

2211 1481 2313 1530 est.
2367 1477 2429 1529 In
2489 1475 2600 1528 tuis
2643 1472 2886 1544 eloquiis
2928 1471 3200 1544 spiritalis
3251 1471 3390 1525 mihi
3438 1487 3567 1526 cura
3610 1471 3789 1526 refulsit

2211 1569 2457 1641 argenti.
2495 1567 2625 1623 Mihi
2668 1567 2854 1638 portio
2889 1568 3036 1622 Deus
3082 1571 3184 1621 est.
3232 1567 3376 1621 Tuus
3410 1582 3520 1620 sum
3546 1579 3662 1633 ego;
3687 1565 3792 1635 quia

2210 1679 2344 1736 pars
2371 1662 2516 1717 mihi
2543 1661 2896 1716 haereditatis
2930 1677 3043 1715 non
3074 1661 3132 1714 in
3171 1675 3335 1728 auro,
3366 1675 3473 1713 non
3510 1659 3567 1712 in
3588 1662 3790 1728 argento

481 1757 576 1829 qui
616 1758 672 1812 in
717 1756 1033 1828 periculum
1079 1772 1195 1810 non
1243 1755 1418 1826 possit
1460 1755 1662 1810 sobriae
1706 1753 2314 1826 moderationisBest,
2344 1757 2440 1811 sed
2472 1756 2532 1810 in
2560 1754 2782 1812 Christo
2810 1755 2962 1810 Jesu.

481 1867 703 1907 servare
729 1850 1054 1920 vestigium.
1085 1851 1190 1906 Pax
1219 1865 1346 1904 sum
1374 1865 1501 1920 ego,
1540 1849 1766 1920 litigare
1798 1865 1915 1904 non
1959 1848 2104 1902 novi.

480 1944 627 2009 Quid
658 1943 799 1998 mihi
824 1943 893 1998 ad
924 1959 1056 1998 eum
1083 1943 1153 1998 de
1182 1959 1296 2014 quo
1314 1942 1504 1997 veniat
1530 1941 1806 2010 diabolus,
1838 1947 1896 1996 et
1922 1941 2105 1996 dicat:

482 2039 632 2093 Meus
658 2042 770 2107 est;
803 2053 935 2092 nam
967 2036 1108 2091 mihi
1147 2053 1245 2091 sua
1291 2037 1435 2091 colla
1463 2037 1735 2105 curvavit,
1767 2052 1892 2090 mea
1923 2036 1981 2090 in
2017 2035 2110 2090 illo

485 2131 648 2202 plura
671 2131 927 2202 reperio;
958 2146 1168 2186 nomen
1197 2130 1304 2185 sibi
1336 2135 1499 2185 tuum
1530 2130 1793 2196 vindicat,
1825 2135 1882 2185 et
1913 2146 2110 2184 meum

415 2233 418 2236 '
487 2226 734 2280 munus?

558 2321 646 2372 41.
691 2319 812 2372 Non
852 2322 938 2373 est
976 2333 1116 2389 ergo
1155 2317 1385 2385 Christi,
1422 2318 1528 2372 nisi
1567 2317 1666 2389 qui
1709 2323 1792 2372 est
1835 2316 2048 2371 alienus
2082 2332 2115 2369 a

485 2412 755 2480 crimine;
801 2429 917 2467 non
967 2417 1051 2467 est
1096 2411 1328 2480 Christi,
1372 2411 1481 2466 nisi
1527 2412 1622 2483 qui
1657 2414 1842 2482 potest
1884 2425 2115 2481 semper

486 2524 546 2561 se
601 2505 804 2563 Christi
858 2506 1145 2560 servulum
1207 2505 1623 2560 demonstrare.
1690 2505 1830 2558 Nam
1886 2504 1934 2557 si
1987 2504 2115 2574 quis

488 2599 775 2655 mutabilis
817 2604 920 2669 est,
969 2604 1030 2655 ut
1073 2615 1181 2671 ego
1224 2602 1323 2653 aut
1364 2614 1608 2654 maerore
1649 2602 1860 2664 mutor,
1902 2601 2000 2652 aut
2028 2597 2111 2650 in-

486 2692 836 2764 dignatione,
869 2692 1022 2748 venit
1060 2693 1164 2764 (74)
1197 2694 1300 2758 ira,
1336 2698 1392 2748 et
1431 2691 1564 2747 dicit
1599 2708 1613 2746 :
1644 2693 1795 2746 Meus
1821 2695 1936 2760 est;
1982 2693 2115 2744 ante

486 2788 686 2842 horam
729 2803 893 2841 meus
942 2789 1080 2853 erat,
1125 2803 1293 2858 spero
1338 2785 1488 2858 quod
1533 2786 1742 2841 iterum
1787 2801 1948 2840 meus
1995 2784 2113 2838 ﬁat.

485 2880 648 2936 Venit
689 2880 936 2950 tristitia,
978 2883 1034 2934 et
1071 2880 1247 2935 dicit:
1293 2881 1446 2934 Meus
1488 2883 1600 2950 est;
1643 2883 1773 2933 ante
1811 2879 2013 2933 horam
2057 2877 2115 2930 in

486 2990 614 3030 mea
639 2975 989 3046 possessione
1017 2973 1145 3044 fuit,
1172 2974 1229 3028 in
1260 2989 1392 3029 meo
1407 2973 1572 3044 jure;
1609 2973 1826 3044 erigere
1856 2972 2116 3026 animum

489 3085 607 3139 prae
645 3084 887 3123 maerore
924 3083 1042 3122 non
1078 3073 1320 3138 poterat,
1364 3082 1466 3121 nec
1504 3066 1695 3121 oculos
1739 3067 1958 3134 levare;
1987 3069 2045 3119 et
2074 3064 2118 3118 si

489 3161 648 3216 triste
698 3161 909 3232 aliquid
960 3160 1264 3227 acciderit,
1316 3159 1386 3214 ad
1441 3176 1532 3215 me
1580 3160 1730 3214 illico
1783 3163 2116 3214 revertetur.

488 3255 623 3318 Quis
659 3270 796 3325 ergo
839 3258 926 3308 est
963 3254 1083 3323 Dei,
1130 3253 1238 3307 nisi
1279 3253 1376 3324 qui
1419 3257 1606 3326 potest
1643 3253 1834 3308 dicere
1868 3271 1882 3308 :
1920 3277 1942 3300 α
1974 3251 2121 3307 Nihil

493 3348 632 3404 mihi
676 3347 934 3403 conscius
974 3363 1102 3402 sum
1145 3347 1184 3415 (Ι
1235 3349 1377 3410 Cor.,
1421 3363 1494 3414 IV,
1536 3347 1629 3417 4)?
1658 3369 1685 3396 »
1724 3346 1858 3401 ideo
1900 3346 2124 3401 dicebat

493 3442 699 3497 Paulus
716 3441 1004 3512 apostolus
1021 3443 1151 3496 Jesu
1172 3440 1400 3508 Christi,
1414 3440 1546 3512 quia
1564 3440 1706 3495 nulli
1729 3440 1824 3495 alii
1844 3440 2122 3495 obnoxius

491 3535 808 3591 tenebatur.
851 3537 970 3606 Ego
1015 3540 1206 3590 autem
1258 3550 1407 3588 nunc
1456 3534 1556 3588 Dei
1603 3535 1718 3588 mei
1761 3551 1922 3601 sum,
1970 3550 2121 3588 nunc

493 3630 755 3697 tristitiae,
781 3645 934 3684 nunc
960 3628 1292 3695 iracundiae,
1322 3643 1473 3682 nunc
1501 3627 1657 3682 verbi
1684 3629 1878 3697 otiosi;
1912 3632 1969 3683 et
1993 3628 2120 3683 ideo

490 3725 586 3796 qui
618 3725 808 3796 plures
834 3723 1095 3778 dominos
1134 3722 1324 3790 habet,
1367 3738 1485 3778 non
1522 3725 1710 3793 potest
1750 3722 1853 3776 uni
1883 3722 2070 3776 dicere
2104 3739 2118 3777 :

490 3819 734 3873 Domine
778 3819 928 3886 Jesu,
979 3822 1102 3872 tuus
1142 3832 1281 3871 sum.
1335 3815 1492 3872 Unde
1533 3815 1784 3871 arbitror
1829 3815 1999 3870 etiam
2049 3815 2119 3870 de

492 3911 817 3982 hujusmodi
866 3910 1114 3966 dominis
1160 3909 1366 3964 dixisse
1407 3909 1648 3964 Paulum
1694 3927 1706 3963 :
1762 3929 1790 3958 ‹‹
1829 3910 1965 3963 Nam
2020 3909 2121 3963 etsi

491 4010 623 4061 sunt
648 4006 742 4077 qui
771 4006 1032 4060 dicantur
1069 4003 1146 4058 dii
1187 4005 1300 4058 sive
1331 4003 1388 4058 in
1425 4003 1590 4070 caelo,
1624 4003 1736 4058 sive
1761 4002 1821 4056 in
1853 4007 2118 4058 terra.....

493 4099 654 4153 nobis
679 4105 869 4153 tamen
901 4114 1047 4152 unus
1074 4100 1218 4152 Deus
1245 4099 1424 4164 Pater,
1455 4113 1523 4151 ex
1552 4111 1666 4167 quo
1693 4097 1902 4165 omnia,
1933 4101 1992 4152 et
2018 4112 2122 4152 nos

493 4193 552 4246 in
576 4191 701 4259 illo;
751 4197 806 4245 et
847 4207 997 4245 unus
1036 4190 1310 4245 Dominus
1346 4192 1523 4258 Jesus,
1564 4206 1666 4262 per
1693 4207 1865 4261 quem
1909 4190 2120 4257 omnia,

493 4289 549 4341 et
576 4302 678 4340 nos
713 4301 814 4356 per
853 4286 1040 4356 ipsum
1078 4285 1120 4355 (Ι
1153 4287 1298 4347 Cor.,
1336 4300 1452 4352 vm,
1484 4288 1534 4349 5,
1579 4285 1652 4354 6).
1680 4305 1708 4334 »
1743 4283 1910 4339 Verbi
1947 4284 2125 4355 igitur

493 4382 642 4436 totus
672 4385 793 4434 erat
829 4379 1117 4450 apostolus
1158 4378 1392 4446 Paulus;
1435 4377 1564 4432 ideo
1608 4377 1871 4432 dicebat:
1908 4399 1934 4426 «
1967 4378 2120 4442 Quo-

493 4476 647 4529 niam
675 4473 1122 4544 experimentum
1153 4472 1409 4544 quaéritis
1436 4472 1560 4543 ejus
1589 4473 1686 4544 qui
1719 4472 1775 4526 in
1809 4487 1901 4525 me
1928 4472 2119 4543 loqui-

496 4573 588 4621 tur
622 4566 876 4622 Christus
916 4567 973 4636 (ll
1014 4569 1157 4629 Cor.,
1205 4583 1324 4635 xm,
1365 4568 1437 4634 3).
1473 4588 1500 4615 ››
1539 4565 1634 4620 llle
1669 4581 1806 4637 ergo
1855 4565 2118 4620 dicebat:

493 4659 698 4717 Christi
759 4676 918 4728 sum;
972 4663 1028 4714 et.
1071 4659 1456 4731 respondebat
1499 4660 1548 4714 ei
1599 4659 1922 4714 Dominus:
1974 4660 2124 4714 Meus

495 4773 573 4810 es.
615 4753 722 4818 Qui
774 4769 901 4808 vere
951 4752 1132 4808 dicit:
1179 4755 1323 4808 Tuus
1367 4770 1505 4816 sum,
1551 4752 1711 4807 audit
1749 4761 1782 4807 a
1826 4753 2067 4808 Domino
2109 4769 2122 4807 :

492 4851 644 4904 Meus
685 4865 764 4902 es.
808 4847 1064 4918 Denique
1110 4847 1180 4902 de
1231 4847 1354 4918 ipso
1395 4846 1670 4902 Dominus
1709 4846 1780 4900 ad
1820 4847 2122 4914 Ananiam,

493 4961 623 4998 cum
680 4943 936 4997 mitteret
986 4957 1118 4996 eum
1168 4940 1238 4996 ad
1296 4940 1614 4995 sanandum
1665 4941 1926 5008 Paulum,
1977 4941 2057 4994 ait
2108 4958 2120 4994 :

499 5059 527 5086 ι(
567 5037 740 5105 Vade,
785 5035 1056 5108 quoniam
1103 5051 1198 5090 vas
1227 5035 1519 5090 electionis
1563 5039 1648 5090 est
1687 5033 1829 5089 mihi
1853 5036 2019 5104 (Act,
2047 5051 2122 5100 ιχ,

495 5132 602 5203 l5).
641 5153 669 5182 »
714 5131 782 5186 Et
826 5129 958 5202 quia
992 5127 1369 5202 perseveravit
1398 5128 1609 5184 Christi
1647 5144 1786 5196 esse,
1835 5127 1996 5199 quasi
2027 5127 2126 5182 im-

496 5225 651 5296 pleto
681 5225 1015 5292 certamine,
1049 5239 1316 5278 coronam
1350 5222 1559 5278 meruit
1587 5222 1842 5276 invenire
1865 5221 2122 5293 justitiae.

554 5365 653 5429 (73)
686 5366 763 5414 Ita
799 5367 991 5416 cuncti
1029 5379 1160 5415 mss.
1207 5363 1352 5414 Edit.
1396 5375 1545 5424 vero,
1587 5363 1718 5426 quia
1752 5375 1868 5412 mea
1909 5362 2127 5425 largitio

495 5439 584 5486 est.
617 5437 734 5487 Non
771 5442 843 5487 est
883 5449 1028 5487 meus
1067 5449 1221 5500 quem
1262 5448 1405 5485 aura
1448 5433 1762 5484 mobilitatis
1805 5434 2124 5497 inquietat...

495 5506 679 5557 illuvie
717 5507 1022 5558 ambitionis
1062 5507 1325 5571 impurus,
1366 5505 1549 5571 gloria:
1583 5505 1856 5556 saecularis
1887 5505 2127 5568 cupidus,

495 5577 674 5628 ebrius
701 5579 758 5627 in
790 5577 1106 5641 periculum,
1139 5579 1234 5642 qui
1270 5591 1377 5628 non
1413 5581 1599 5641 potest,
1639 5581 1748 5627 etc.
1789 5575 1952 5628 Solus
1993 5576 2124 5640 Reg.

497 5646 642 5707 ood.,
675 5649 807 5712 quia
833 5661 950 5698 mea
974 5648 1188 5713 largitio
1212 5653 1304 5706 est,
1332 5653 1532 5698 castora
1553 5662 1679 5699 cum
1704 5647 1826 5697 aliis
1851 5648 2124 5698 convenit.

559 5719 657 5784 (74)
685 5718 833 5770 Edit.
859 5732 1073 5780 omnes,
1113 5724 1170 5769 ut
1205 5731 1298 5782 ego
1337 5721 1429 5785 qui
1468 5725 1563 5770 aut
1598 5733 1876 5770 maerore...
1908 5732 2016 5770 non
2053 5724 2128 5769 est

498 5790 708 5844 Christi.
746 5791 911 5847 Venit,
948 5794 1050 5842 etc.
1081 5790 1217 5842 Cod.
1248 5805 1416 5842 manu
1450 5792 1675 5852 exarati,
1705 5795 1763 5842 ut
1792 5793 1844 5842 in
1881 5805 2123 5856 corpore.

2280 1852 2368 1906 43.
2426 1850 2603 1922 (Vers.
2650 1848 2764 1920 95.)
2813 1847 3084 1919 Sequitur
3124 1862 3321 1901 versus
3367 1845 3630 1917 septimus
3673 1861 3684 1898 :
3730 1845 3792 1898 Me

2209 1949 2648 2016 exspectaverunt
2691 1949 3012 2014 peccatores,
3068 1948 3130 1995 ut
3175 1940 3464 2011 perderent
3515 1955 3624 2004 me;
3677 1941 3792 1992 testi-

2209 2041 2389 2094 monia
2455 2045 2550 2092 tua
2619 2037 2882 2092 intellexi.
2947 2037 3140 2090 Potest
3196 2049 3306 2089 vox
3370 2034 3473 2088 ista
3536 2033 3792 2087 convenire

2213 2131 2507 2203 martyrio,
2551 2131 2607 2185 in
2651 2146 2764 2202 quo
2812 2129 3031 2202 positus
3080 2132 3307 2183 sanctus
3343 2127 3461 2198 jam
3510 2125 3576 2180 de
3619 2123 3797 2196 judicio

2212 2225 2588 2296 persecutoris
2654 2239 2918 2294 egressus
2981 2221 3136 2276 dicat
3186 2237 3199 2274 :
3264 2221 3353 2275 Me
3411 2222 3796 2290 exspectaverunt

2208 2325 2529 2390 peccatores,
2592 2324 2653 2372 ut
2710 2317 2999 2387 perderent
3063 2331 3178 2383 me,
3241 2311 3501 2386 1128
3563 2313 3659 2367 hoc
3717 2318 3798 2374 est,

2213 2411 2599 2468 adhibuerunt
2637 2411 2834 2467 omnia
2865 2425 3074 2481 genera
3104 2424 3427 2479 pmnarum,
3459 2422 3649 2461 omnes
3679 2411 3800 2458 artes

2215 2506 2670 2578 persuasionum,
2718 2504 2818 2560 sed
2869 2504 2938 2558 de
2980 2502 3271 2575 proposito
3319 2500 3596 2556 abducere
3638 2496 3797 2568 nequi-

2217 2605 2437 2656 verunt.
2479 2600 2623 2655 Vicit
2660 2598 2800 2655 ﬁdes
2833 2598 2962 2653 vitae
2988 2597 3161 2668 huius
3189 2595 3537 2661 illecebram,
3564 2589 3800 2663 corporis-

2217 2710 2327 2766 que
2376 2693 2714 2749 cruciatum.
2758 2693 3235 2763 Exspectaverunt
3279 2690 3617 2772 peccatores,
3657 2688 3713 2738 ut
3751 2682 3804 2735 de

2219 2803 2310 2842 me
2349 2788 2708 2859 triumphum
2745 2787 3043 2855 referrent,
3084 2783 3185 2839 sed
3223 2782 3441 2855 gratias
3473 2780 3700 2845 Christo,
3726 2775 3802 2846 qui

2219 2880 2363 2936 mihi
2406 2880 2560 2937 dedit
2604 2881 2672 2936 de
2721 2878 3174 2952 persecutoribus
3219 2876 3598 2948 triumphare.
3639 2869 3804 2926 Redite

2218 2975 2370 3044 victi,
2401 2975 2501 3046 qui
2525 2974 2841 3046 sperabatis
2865 2989 2964 3028 vos
2981 2962 3399 3040 esse'victores;
3424 2968 3599 3024 redite
3619 2961 3807 3035 dejecti,

2221 3069 2320 3140 qui
2351 3068 2633 3124 veneratis
2662 3067 2914 3140 superbi.
2937 3088 2968 3116 «
2995 3066 3099 3121 Ubi
3128 3071 3231 3136 est,
3257 3080 3436 3132 mors,
3462 3059 3680 3117 victoria
3698 3055 3809 3124 tua}

2213 3159 2326 3218 'Ubi
2375 3165 2480 3233 est,
2526 3178 2700 3232 mors,
2746 3162 2976 3216 aculeus
3028 3164 3157 3215 tuus
3204 3159 3247 3224 (Ι
3306 3161 3452 3220 Cor.,
3505 3172 3591 3224 xv,
3632 3150 3751 3219 55)?
3788 3170 3807 3195 ν

2221 3257 2341 3312 Non
2388 3262 2482 3311 tua
2523 3257 2668 3327 jam,
2717 3256 2812 3311 sed
2855 3258 3054 3310 nostra
3090 3253 3263 3325 coepit
3291 3268 3414 3308 esse
3452 3248 3676 3305 victoria
3707 3247 3805 3311 (75),

2221 3350 2357 3422 quia
2408 3351 2465 3404 in
2517 3355 2570 3404 te
2619 3349 2922 3418 vincimus,
2971 3349 3031 3402 in
3085 3363 3198 3419 qua
3253 3352 3425 3402 antea
3466 3341 3804 3398 vincebamur.

2224 3445 2373 3498 Bene
2421 3461 2560 3516 ergo
2604 3443 2740 3498 dicit
2785 3446 3042 3514 martyr:
3073 3444 3157 3498 Me
3185 3441 3630 3512 exspectaverunt
3651 3445 3805 3504 pecca-

2224 3545 2380 3602 tores,
2427 3544 2490 3592 ut
2542 3538 2834 3608 perderent
2869 3552 2970 3592 me.
3017 3537 3151 3591 Post
3198 3537 3584 3599 momentum,
3622 3529 3726 3583 imo
3766 3525 3807 3576 in

2221 3647 2454 3702 corpore
2505 3630 2692 3686 adhuc
2740 3630 2911 3699 situs,
2963 3629 3115 3684 videt
3165 3626 3572 3684 deducentium
3618 3622 3808 3681 choros,

2221 3725 2557 3797 angelorum
2586 3724 2811 3796 gaudia.
2832 3723 2940 3788 Qui
2967 3723 3119 3779 enim
3147 3739 3325 3794 super
3352 3721 3525 3777 unius
3551 3712 3812 3790 peccatoris

2221 3819 2588 3874 conversione
2637 3818 2928 3886 laetantur,
2973 3821 3185 3888 quanto
3234 3815 3424 3888 magis
3477 3814 3537 3868 in
3584 3807 3808 3882 passione

2213 3912 2528 3984 justoruml
2585 3911 2746 3967 Videt
2800 3911 3042 3982 gloriam
3087 3916 3143 3966 et
3185 3910 3268 3965 ait
3313 3928 3329 3964 :
3379 3910 3462 3964 Me
3504 3905 3811 3976 exspectave-

2221 4009 2359 4062 runt
2402 4005 2572 4077 justi,
2629 4012 2692 4060 ut
2748 4005 3099 4060 deducerent
3153 4020 3268 4060 me.
3330 4002 3500 4058 Videt
3553 3996 3812 4054 Dominum

2221 4102 2436 4170 Iesum,
2468 4105 2523 4156 et
2554 4099 2634 4154 ait
2665 4117 2680 4155 :
2707 4099 2790 4154 Me
2829 4098 3176 4170 exspectavit
3212 4097 3494 4164 Christus,
3524 4097 3587 4150 ut
3618 4101 3810 4146 corona-

2223 4197 2312 4250 ret
2342 4209 2453 4250 me.

2293 4289 2382 4343 44.
2436 4287 2612 4342 Aliter
2653 4286 2751 4358 qui
2803 4286 2921 4342 vult
2969 4285 3294 4357 intelligere
3345 4302 3358 4339 :
3417 4281 3600 4348 Multi,
3648 4272 3815 4346 inquit,

2223 4384 2451 4452 peccata
2503 4381 2865 4451 persuadere,
2908 4385 3078 4451 atque
3125 4382 3472 4451 extorquere
3517 4377 3618 4446 (76)
3663 4362 3814 4424 conati

2223 4478 2352 4530 sunt
2386 4473 2561 4542 mihi;
2592 4475 2736 4529 alius
2763 4473 3132 4543 adulterium,
3163 4473 3311 4528 alius
3349 4470 3598 4528 hominis
3630 4475 3816 4521 necem.

2202 4569 2366 4624 'alius
2408 4569 2840 4640 oppressionem
2883 4567 3068 4622 viduae
3099 4567 3184 4622 vel
3223 4565 3454 4638 pupilli,
3485 4563 3628 4618 alius
3662 4553 3814 4613 aliud;

2226 4668 2282 4718 et
2346 4662 2615 4734 putabant
2678 4677 2768 4716 me
2832 4662 2947 4716 suis
3023 4661 3239 4716 retibus
3315 4675 3441 4715 esse
3503 4650 3817 4726 capiendum.

2229 4757 2688 4827 Emspectavcrunt
2713 4771 2815 4818 me,
2844 4761 2908 4808 ut
2924 4755 3212 4825 perderent
3234 4751 3578 4824 contagione
3607 4739 3818 4819 peccati;

2226 4850 2321 4904 sed
2351 4865 2460 4921 ego
2491 4865 2608 4903 non
2649 4847 2928 4903 illecebris
2965 4852 3330 4919 peccatorum
3370 4849 3624 4902 mentem
3662 4855 3692 4892 a
3727 4838 3819 4888 stu-

2227 4943 2320 4998 dio
2385 4941 2589 4997 divinae
2647 4941 2985 5012 cognitionis
3045 4942 3252 5010 averti,
3306 4956 3416 4994 nec
3484 4932 3817 4992 intentionem

2227 5052 2434 5111 meam,
2473 5036 2728 5103 Domine,
2770 5052 2801 5088 a
2847 5035 3256 5090 mandatorum
3305 5039 3537 5088 tuorum
3576 5026 3713 5082 serie
3743 5019 3817 5074 de-

2227 5129 2454 5200 clinavi,
2497 5129 2596 5183 sed
2642 5129 2886 5184 intellexi
2928 5131 3229 5184 testimonia
3284 5135 3406 5182 tua.
3450 5125 3502 5180 Si
3553 5121 3696 5176 enim
3729 5125 3816 5169 non

2227 5223 2648 5293 intellexissem,
2697 5227 3024 5294 peccatores
3059 5239 3152 5276 me
3205 5223 3404 5293 utique
3458 5219 3535 5274 illi
3577 5208 3816 5288 perdidis-

2294 5365 2393 5429 (75)
2433 5364 2562 5414 M88.
2612 5368 2756 5426 octo,
2806 5363 2947 5428 quod
2991 5363 3192 5426 coepisti
3235 5375 3345 5413 esse
3390 5357 3626 5410 victoria.
3671 5349 3817 5429 Unus,

2228 5427 2357 5500 quia
2383 5435 2584 5498 capisti
2612 5447 2736 5495 esse,
2768 5427 2841 5486 est
2862 5435 3107 5485 victoria.
3134 5434 3206 5484 Et
3240 5437 3369 5498 post
3409 5435 3519 5481 tres
3550 5435 3717 5482 voces,
3742 5427 3821 5482 ΡΝ

2229 5509 2286 5556 in
2316 5521 2420 5571 qua
2445 5511 2622 5565 antea,
2653 5519 2784 5556 mss.
2817 5505 2931 5556 duo
2959 5506 3168 5571 legunt,
3195 5506 3294 5570 qui
3315 5509 3494 5562 antea,
3519 5505 3618 5550 etc.

2293 5570 2386 5637 (76)
2416 5578 2563 5630 Edit.
2591 5591 2808 5639 omnes,
2833 5582 2998 5643 atque
3019 5570 3083 5628 ex
3104 5581 3314 5643 pectore
3333 5573 3486 5639 ﬁdem
3527 5570 3816 5643 οφωτᾳυςνς-

2229 5636 2340 5702 Sed
2374 5636 2550 5702 verba
2583 5664 2651 5700 ex
2687 5636 2892 5715 pectore
2905 5636 3186 5713 'ﬁdemﬂn
3223 5636 3448 5710 scriptis
3478 5640 3594 5715 cod.
3631 5636 3816 5702 praeter—

2229 5721 2546 5784 mittuntur,
2573 5712 2969 5772 nec—videntur
2995 5718 3280 5772 contextui
3308 5712 3630 5769 necessaria.
