3930 6168
192 229 317 283 1149

1321 228 1671 286 EXPOSITIO
1711 230 1777 285 IN
1819 229 2134 286 PSALMUM
2173 231 2396 286 CXVIII.

3395 239 3529 290 I450

181 357 310 408 sent.
354 354 488 418 Qua
533 354 794 409 intellexi
837 355 1032 427 utique
1079 371 1272 426 sensu,
1312 356 1482 412 etiam
1528 356 1986 445 operibusAnis
2018 357 2278 412 omnium
2318 357 2593 411 virtutum
2623 355 2899 424 Christus,
2930 358 3025 428 qui
3062 381 3088 408 «
3119 360 3243 414 fluis
3280 367 3366 416 est
3386 363 3531 433 legis

182 454 388 501 secutus
432 463 590 515 sum;
640 465 826 520 neque
871 449 1021 504 enim
1082 450 1270 505 nudus
1320 450 1636 506 intellectus
1692 457 1794 522 est,

177 541 257 594 sed
290 557 464 611 quem
505 541 681 596 etiam
720 542 868 597 facta
910 545 1210 597 testantur.
1243 543 1498 615 Denique
1533 563 1561 593 ‹‹
1593 545 1799 599 Beatus

175 634 256 704 qui
305 633 585 705 intelligit
635 651 808 706 super
859 652 1111 706 egenum
1162 642 1218 691 et
1268 653 1580 708 pauperem
1631 637 1797 707 (Psal.

173 743 245 792 η,
273 730 354 797 2).
401 750 430 777 n
467 728 560 783 Ille
593 729 787 800 utique
821 728 1089 799 intelligit
1131 746 1302 801 super
1336 746 1668 802 pauperem,
1701 729 1795 801 qui

170 820 409 890 largitur
449 822 707 891 pauperi.
748 822 888 876 Nam
930 821 1066 892 quid
1104 823 1334 893 prodest
1374 824 1630 879 misereri
1675 824 1796 877 ino-

167 914 257 983 pis,
287 914 409 967 nisi
439 913 772 969 alimoniam
802 914 989 970 eidem
1011 915 1310 986 Iargiaris?

222 1049 306 1099 45.
353 1046 540 1112 (Vers.
580 1050 688 1116 96.)
747 1048 1013 1118 Sequitur
1054 1064 1249 1104 versus
1284 1053 1513 1103 octavus
1556 1066 1569 1104 :
1618 1051 1800 1106 Omnis

159 1142 645 1194 consummationis
694 1141 810 1194 vidi
863 1144 1049 1210 ﬁnem;
1101 1143 1432 1212 ampli/tcum
1480 1143 1800 1198 mandatum

159 1240 301 1285 tuum
335 1233 530 1287 valde.
559 1234 682 1287 Non
722 1249 1024 1303 possumus
1065 1234 1123 1288 in
1162 1236 1429 1290 omnibus
1466 1236 1579 1289 vim
1621 1237 1802 1291 Grmci

154 1325 440 1379 sermonis
462 1326 812 1396 exprimere;
838 1327 1028 1396 major
1055 1327 1113 1381 in
1139 1329 1334 1382 Graeco
1357 1329 1698 1400 plerumque
1718 1330 1800 1385 vis

157 1422 202 1471 et
218 1435 452 1489 pompa
477 1419 757 1473 sermonis
777 1425 880 1474 est.
904 1428 1049 1484 Τέλος
1065 1420 1273 1475 dicitur
1293 1422 1506 1490 Grece,
1527 1423 1674 1494 quod
1703 1440 1800 1479 uos

154 1511 348 1566 Latine
383 1517 446 1565 et
480 1511 658 1566 ﬁnem
690 1513 930 1567 dicimus
966 1520 1022 1567 et
1058 1514 1640 1583 consummationem;
1670 1524 1802 1580 τέλος

154 1609 345 1658 autem
379 1611 442 1658 et
467 1607 967 1660 consummationis
996 1606 1174 1678 ipsius
1201 1607 1330 1662 ﬁnis
1361 1612 1466 1675 est,
1499 1610 1644 1663 sicut
1671 1609 1800 1664 ﬁnis

154 1698 289 1769 legis
321 1703 418 1752 est
448 1698 705 1753 Christus
733 1699 805 1754 ad
823 1699 1104 1770 justitiam
1133 1702 1290 1756 omni
1321 1703 1573 1758 credenti
1603 1704 1794 1775 (Rom,

155 1808 204 1858 x,
234 1793 315 1862 4).
352 1791 551 1847 Habes
577 1793 848 1864 scriptum
878 1811 892 1847 :
918 1815 944 1842 ‹‹
980 1795 1116 1849 Ecce
1146 1811 1254 1866 ego
1281 1795 1573 1850 vobiscum
1605 1813 1794 1851 sum...

158 1901 332 1956 usque
376 1886 451 1939 ad
491 1887 1049 1942 consummationem
1095 1888 1290 1942 szeculi
1328 1889 1567 1959 (Matth,
1612 1906 1797 1959 xxvm,

153 1982 251 2040 20).
273 2004 304 2027 η
331 1979 772 2034 Consummatio
794 1993 932 2052 ergo
954 1980 1146 2035 saeculi
1167 1981 1299 2035 ﬁnis
1322 1982 1512 2036 seaculi
1535 1989 1645 2051 est;
1673 1983 1799 2038 ﬁnis

157 2080 354 2127 autem
410 2073 681 2126 omnium
721 2071 994 2129 Christus.
1038 2075 1570 2130 Consummationes
1609 2083 1797 2131 autem

159 2166 372 2219 multae.
406 2166 510 2219 Est
537 2167 968 2236 consummatio,
1001 2167 1229 2238 quando
1254 2169 1594 2223 resurrectio
1623 2173 1708 2224 est
1731 2170 1798 2224 ad

159 2260 417 2313 salutem.
452 2260 930 2314 Consummatum
970 2276 1198 2332 quoque
1239 2277 1379 2331 opus
1421 2261 1628 2316 dicitur
1667 2279 1797 2334 per-

165 2350 371 2406 fectum
406 2367 577 2422 opus.
621 2353 1033 2406 Consummata
1075 2353 1297 2408 malitia
1341 2354 1564 2421 dicitur,
1605 2355 1657 2410 id
1691 2360 1797 2422 est,

167 2445 350 2514 plena,
379 2445 476 2499 cui
513 2445 659 2498 nihil
686 2445 833 2500 desit
857 2446 926 2500 ad
957 2446 1211 2501 studium
1241 2450 1299 2500 et
1324 2451 1507 2502 artem
1536 2449 1795 2503 nocendi.

173 2537 253 2592 Est
277 2538 706 2592 consummatio
740 2538 1006 2607 hominis,
1041 2542 1098 2593 et
1126 2539 1320 2593 multa:
1357 2541 1797 2596 consummatio-

177 2644 287 2697 nes,
313 2630 501 2685 donec
541 2630 614 2684 ad
644 2629 960 2700 perfectum
985 2631 1193 2686 veniat.

254 2751 330 2803 46.
355 2750 629 2822 Legimus
654 2766 792 2822 ergo
818 2756 875 2805 et
901 2751 1452 2808 consummationem
1476 2753 1686 2820 saeculi,
1715 2753 1798 2808 le-

185 2843 349 2913 gimus
391 2848 454 2898 et
501 2843 704 2899 finem.
747 2845 823 2898 De
868 2845 1357 2901 consummatione
1399 2846 1588 2901 saeculi
1633 2862 1801 2917 supra

171 2937 456 3005 posuimus
503 2937 857 3008 exemplum,
902 2954 1074 3008 quam
1114 2938 1370 3009 sequitur
1413 2940 1796 2994 resurrectio:

169 3050 196 3078 α
225 3030 386 3085 Sicut
414 3031 581 3084 enim
625 3029 682 3084 in
711 3029 892 3085 Adam
925 3045 1125 3085 omnes
1161 3031 1506 3100 moriuntur,
1547 3032 1627 3086 ita
1657 3039 1714 3087 et
1741 3032 1800 3086 in

1820 1749 1875 1819 B

1897 451 1965 504 ad
2004 450 2284 521 justitiam
2329 449 2485 504 omni
2530 449 2783 504 credenti
2831 450 3022 521 (Rom,
3067 469 3122 517 x,
3169 453 3242 522 4).
3294 477 3321 503 ››
3363 456 3528 509 Vides

1899 544 2034 614 quia
2063 543 2191 598 ﬁnis
2229 547 2314 598 est
2341 542 2513 598 ﬁdei?
2548 544 2698 598 Bene
2731 559 2870 615 ergo
2907 545 2985 599 ait
3015 561 3027 599 :
3064 546 3248 602 Omnis
3286 564 3524 602 consum-

1897 639 2155 692 mationis
2181 638 2298 692 vidi
2323 639 2497 706 ﬁnem.

1969 757 2059 811 49.
2084 758 2243 811 Nunc
2270 757 2405 828 quia
2427 757 2936 814 consummationis
2956 759 3134 814 ﬁnem
3165 761 3524 830 agnovimus,

1898 866 2277 920 agnoscamus
2315 850 2455 921 quid
2501 851 2621 905 sit:
2659 872 2683 899 ‹‹
2733 852 2934 907 Latum
2982 853 3316 908 mandatum
3364 857 3528 909 tuum

1900 944 2080 999 valde.
2098 944 2365 1014 Legimus
2384 944 2538 1015 quod
2558 950 2799 1015 angusta
2829 946 2899 1000 sit
2927 951 3090 1016 porta
3119 964 3218 1018 per
3245 964 3421 1018 quam
3450 948 3530 1002 in-

1902 1036 2240 1106 grediantur
2262 1037 2498 1104 (Matth,
2520 1053 2616 1104 vn,
2651 1037 2757 1108 14),
2787 1059 2814 1088 ››
2841 1039 2934 1109 qui
2967 1044 3194 1094 aeternae
3224 1039 3351 1094 vitae
3383 1041 3531 1095 fruc-

1903 1132 2026 1183 tum
2052 1128 2461 1201 adipiscuntur.
2486 1130 2632 1185 Rara
2665 1131 2820 1186 enim
2847 1131 3026 1187 virtus
3058 1140 3113 1186 et
3151 1132 3393 1188 difﬁcilis
3415 1151 3534 1205 pas-

1875 1221 2121 1298 .sionum
2173 1223 2492 1278 tolerantia.
2547 1224 2740 1279 Plures
2788 1232 2918 1278 sunt
2969 1226 3066 1296 qui
3119 1228 3310 1281 saeculi
3361 1228 3533 1297 hujus

1900 1315 2147 1386 spatiosa
2191 1319 2494 1383 sectentur,
2544 1317 2641 1388 qui
2684 1317 2877 1372 dicant
2921 1335 2932 1371 :
2981 1321 3238 1390 Angusta
3281 1325 3334 1373 et
3379 1327 3533 1374 arcta

1900 1408 2064 1463 nobis
2096 1414 2180 1463 est
2217 1410 2325 1478 via,
2367 1426 2495 1481 quae
2532 1410 2600 1463 ad
2638 1410 2944 1464 Dominum
2973 1411 3149 1479 ducit,
3180 1413 3535 1467 conterimur

1902 1501 1960 1554 in
1993 1501 2110 1571 illa,
2142 1501 2536 1574 relinquamus
2561 1518 2708 1557 eam.
2732 1503 3032 1567 Quomodo
3061 1520 3197 1575 ergo
3228 1505 3362 1558 dicit
3393 1507 3529 1560 Pro-

1900 1595 2076 1666 pheta
2106 1595 2287 1649 latum
2330 1596 2671 1650 mandatum
2714 1596 2833 1662 Dei,
2873 1602 2928 1650 et
2967 1596 3129 1651 valde
3157 1597 3377 1652 latum?
3403 1599 3533 1653 Ideo

1900 1688 2032 1759 quia
2051 1691 2307 1759 angustae
2326 1689 2431 1742 viae
2452 1689 2630 1743 latum
2659 1688 2994 1744 mandatum
3024 1690 3402 1746 necessarium
3426 1698 3527 1747 est.

1899 1781 2150 1852 Denique
2187 1781 2280 1836 hic
2322 1783 2440 1852 ipse
2477 1783 2754 1853 Propheta
2786 1799 2798 1836 :
2835 1805 2861 1832 ‹‹
2895 1784 2957 1838 In
2995 1783 3356 1839 tribulatione
3390 1785 3527 1839 dila-

1903 1875 2026 1929 tasti
2068 1875 2208 1929 mihi
2254 1877 2414 1944 (Psal.
2459 1892 2532 1942 1v,
2565 1878 2638 1945 2).
2670 1897 2696 1924 ››
2733 1877 2800 1929 Et
2839 1877 3047 1930 iterum
3080 1894 3092 1932 :
3131 1899 3155 1925 ι(
3197 1871 3256 1930 In
3299 1877 3528 1932 tribula-

1899 1968 2053 2023 tione
2083 1968 2336 2022 invocavi
2365 1969 2696 2036 Dominum,
2727 1973 2781 2023 et
2810 1970 3097 2025 exaudivit
3127 1987 3217 2025 me
3251 1971 3309 2024 in
3338 1971 3529 2025 latitu-

1899 2061 2034 2116 dine
2064 2061 2232 2131 (Psal.
2267 2077 2430 2129 cxvn,
2463 2065 2534 2131 5).
2568 2085 2594 2111 ››

1973 2198 2058 2249 50.
2121 2197 2246 2249 Haec
2299 2195 2542 2250 latitudo
2605 2195 3008 2251 mandatorum
3070 2197 3383 2252 caelestium
3435 2215 3531 2252 cor

1900 2289 2198 2358 Prophetae
2248 2287 2518 2343 dilatabat
2569 2293 2623 2343 et
2669 2289 2944 2360 Apostoli.
2999 2290 3256 2362 Denique
3306 2296 3364 2345 et
3413 2292 3530 2362 ipse

1901 2381 2120 2436 dicebat
2157 2404 2166 2434 :
2203 2404 2228 2430 ‹‹
2261 2382 2334 2436 Os
2374 2386 2635 2436 nostrum
2673 2386 2826 2453 patet
2867 2383 2940 2437 ad
2982 2399 3101 2451 vos,
3150 2401 3183 2438 ο
3230 2383 3528 2451 Corinthii,

1900 2491 2000 2530 cor
2024 2479 2282 2530 nostrum
2319 2475 2616 2530 dilatatum
2647 2478 2732 2530 est
2761 2477 2825 2544 (ll
2857 2479 2998 2543 Cor.,
3039 2492 3112 2544 v1,
3147 2477 3253 2546 11).
3296 2476 3530 2547 Dispen-

1902 2567 2078 2622 saudo
2122 2568 2274 2622 enim
2314 2568 2556 2623 caelestia
2592 2568 2880 2636 mandata,
2921 2585 3022 2624 cor
3055 2585 3222 2623 suum
3262 2569 3529 2624 dilatave-

1901 2664 2018 2729 rat;
2048 2664 2105 2716 et
2131 2661 2284 2731 quod
2311 2663 2445 2715 ante
2474 2661 2885 2731 persecutionis
2915 2661 3158 2732 perﬁdia
3192 2663 3529 2730 coarctabat,

1901 2754 2009 2808 hoc
2037 2754 2243 2810 Christi
2263 2753 2627 2823 ampliﬁcavit
2647 2755 2854 2824 gratia.
2879 2755 2943 2807 Et
2971 2771 3085 2825 qua
3106 2755 3326 2809 ratione
3353 2756 3531 2810 latum

1901 2847 2277 2901 mandatum?
2318 2847 2396 2900 Ne
2435 2863 2542 2901 nos
2591 2849 2941 2901 coarctemur
2976 2848 3254 2918 angustiis
3298 2849 3530 2903 manda-

1902 2944 2113 2994 torum.
2137 2939 2299 2994 Unde
2322 2940 2433 2994 ait:
2456 2959 2484 2987 «
2505 2940 2628 2993 Non
2653 2939 3058 3009 angustiamini
3081 2940 3140 2993 in
3165 2939 3530 3009 nobis(1bid.,

1905 3035 2012 3098 12).
2048 3054 2074 3081 ››
2121 3032 2175 3086 Si
2220 3033 2323 3086 hoc
2365 3032 2586 3099 Paulus,
2626 3037 2844 3103 quanto
2888 3033 3070 3104 magis
3113 3032 3389 3100 Christus,
3436 3034 3534 3104 qui

162 3123 386 3178 Christo
413 3138 623 3178 omnes
650 3121 1086 3179 viviﬁcabuntur
1115 3124 1154 3193 (I
1186 3124 1328 3186 Cor.,
1361 3140 1451 3191 xv,
1479 3127 1589 3193 22).
1617 3149 1643 3174 ››
1673 3127 1803 3180 Post
1823 3109 1877 3181 C
1902 3126 2093 3180 clausa
2142 3125 2457 3180 reseravit?
2503 3125 2650 3197 Ergo
2697 3125 2836 3180 dicit
2879 3143 2892 3179 :
2940 3125 3079 3179 Nolo
3116 3129 3435 3181 coarctetur
3474 3128 3534 3182 in

161 3217 647 3271 resurrectionem
674 3213 932 3288 1129
963 3218 1415 3272 consummatio:
1445 3239 1471 3267 «
1501 3219 1804 3288 Unusquis-

164 3325 272 3380 que
289 3314 499 3364 autem
519 3309 578 3362 in
607 3325 710 3363 suo
735 3309 956 3378 ordine;
975 3310 1243 3381 primitias
1257 3310 1533 3380 Christus,
1547 3311 1750 3366 deinde
1765 3312 1804 3365 ii

162 3405 256 3474 qui
281 3408 427 3456 sunt
450 3402 685 3470 Christi,
705 3403 801 3472 qui
830 3402 886 3456 in
914 3402 1227 3458 adventum
1256 3404 1380 3474 ejus
1405 3403 1802 3471 crediderunt;

163 3496 375 3550 deinde
409 3496 562 3561 ﬁnis,
603 3511 732 3550 cum
770 3495 1071 3550 tradiderit
1111 3513 1354 3568 regnum
1399 3499 1512 3553 Deo
1546 3500 1604 3552 et
1633 3497 1802 3566 Patri,

164 3588 302 3643 dum
337 3589 696 3642 evacuaverit
724 3604 959 3643 omnem
980 3588 1362 3660 principatum
1393 3595 1448 3644 et
1472 3593 1804 3660 potestatem

163 3682 349 3747 (Ibid.,
374 3683 468 3746 23,
488 3681 575 3748 24)
589 3722 602 3734 .
621 3702 647 3730 ››
669 3682 820 3751 Ergo
839 3682 1392 3738 consummationem
1414 3683 1602 3737 szeculi
1624 3682 1807 3753 sequi-

163 3779 254 3826 tur
281 3774 422 3827 ﬁnis
442 3774 613 3843 juxta
644 3773 995 3843 Apostolum.
1031 3775 1188 3830 Unde
1220 3775 1506 3846 colligitur
1533 3776 1682 3847 quod
1715 3791 1802 3830 se-

161 3870 381 3936 quatur
407 3866 542 3920 ﬁnis
569 3882 804 3922 omnem
833 3869 1410 3924 consummationem.

234 3988 327 4040 47.
349 3985 594 4040 Mundus
615 3986 673 4039 in
696 3987 950 4058 maligno
971 3989 1189 4059 positus
1205 3991 1308 4056 est,
1325 3993 1388 4042 ut
1406 3988 1542 4044 dixit
1561 3990 1808 4043 Joannes

171 4080 209 4142 (ι
250 4081 440 4142 Ιοαπ..
487 4094 541 4146 v,
589 4081 694 4147 l9),
735 4095 871 4151 ergo
908 4084 967 4135 et
1004 4082 1276 4136 saeculum
1317 4081 1373 4135 in
1417 4082 1671 4152 maligno
1701 4088 1804 4150 est,

168 4173 422 4227 mundus
471 4172 674 4242 plenus
713 4173 946 4243 peccati.
987 4174 1487 4230 Consummaverat
1531 4175 1807 4230 malitiam

171 4281 331 4320 suam
388 4265 663 4334 mundus,
719 4266 862 4319 sicut
907 4270 1398 4321 consummaverat
1442 4267 1600 4334 Saul,
1649 4269 1809 4339 cujus

175 4359 373 4413 videns
419 4362 879 4414 consummatam
924 4359 1199 4414 malitiam
1245 4361 1512 4416 Jonathas
1559 4361 1707 4416 ﬁlius
1751 4361 1808 4415 in

179 4452 359 4506 David
402 4449 768 4522 prophetam,
797 4453 990 4507 eidem
1017 4453 1298 4508 nuntiavit
1327 4458 1385 4508 ut
1418 4454 1725 4510 declinaret
1755 4460 1810 4509 et

181 4547 405 4616 fugeret
432 4545 476 4612 (I
505 4549 658 4614 Reg.,
689 4561 778 4616 xx,
811 4547 920 4615 38).
952 4548 1046 4602 Est
1075 4562 1211 4618 ergo
1240 4549 1655 4603 consummatio
1683 4564 1806 4602 ma-

183 4637 330 4702 litiae,
369 4638 795 4692 consummatio
837 4643 1220 4709 peccatorum.
1260 4641 1424 4695 Venit
1460 4644 1651 4712 Agnus
1691 4641 1807 4708 Dei,

184 4733 271 4800 qui
310 4731 446 4785 tulit
487 4735 780 4801 peccatum
826 4733 1056 4800 mundi,
1094 4734 1190 4804 qui
1230 4735 1315 4788 est
1347 4734 1599 4790 Christus
1627 4736 1807 4799 Jesus,

187 4823 302 4877 tinis
344 4825 512 4895 legis,
560 4823 906 4895 principium
942 4828 1000 4880 et
1033 4824 1183 4894 ﬁnis,
1223 4829 1282 4880 et
1320 4827 1574 4882 remissio
1611 4843 1806 4897 pecca-

189 4919 385 4972 torum.
419 4919 582 4972 Hunc
611 4917 783 4971 ﬁnem
822 4919 1328 4973 consummationis
1364 4920 1501 4974 vidit
1529 4921 1810 4990 Propheta

193 5008 241 5062 in
268 5011 495 5081 spiritu,
530 5010 627 5080 qui
657 5014 1127 5066 consummatum
1154 5012 1344 5066 seaculi
1369 5011 1623 5068 aboleret
1650 5029 1806 5067 erro-

195 5116 301 5156 rem
321 5120 338 5171 ;
373 5101 521 5156 vidit
557 5103 839 5173 sanguine
877 5105 999 5174 ejus
1041 5105 1260 5158 diversa
1298 5105 1553 5159 omnium
1583 5109 1812 5175 peccata

195 5195 468 5250 mandari.
512 5195 662 5249 Bene
698 5211 836 5265 ergo
872 5196 1012 5251 dixit
1051 5215 1064 5251 :
1116 5199 1300 5254 Omnis
1341 5201 1812 5253 consummationis

195 5287 294 5341 vidi
309 5292 500 5356 ﬁnem;
523 5289 633 5342 hoc
659 5294 766 5354 est,
789 5288 904 5343 vidi
931 5290 1308 5345 consummati
1333 5291 1598 5345 adulterii
1621 5291 1811 5346 remis-

201 5393 385 5449 sorem,
432 5381 553 5436 vidi
594 5385 1008 5438 consummatae
1047 5383 1283 5438 luxuriae
1327 5389 1497 5455 atque
1537 5384 1809 5451 lascivias,

204 5477 599 5528 consummatae
625 5473 978 5530 crudelitatis
1014 5479 1184 5548 atque
1214 5477 1460 5544 saevitiae,
1493 5477 1677 5532 omnis
1703 5493 1810 5548 po-

207 5568 392 5622 stremo
423 5566 631 5639 ﬂagitii
661 5583 764 5638 per
794 5585 1015 5624 crucem
1052 5586 1208 5625 suam
1243 5571 1448 5626 delicta
1480 5571 1806 5626 donantem.

262 5659 339 5714 48.
380 5661 478 5716 Est
521 5660 701 5716 etiam
746 5669 1140 5718 consummata
1183 5663 1381 5735 virtus,
1422 5669 1814 5720 consummata

211 5753 478 5820 rapientia,
505 5758 900 5810 consummata
918 5756 1160 5826 justitia,
1186 5757 1286 5811 sed
1315 5757 1486 5813 habet
1508 5757 1705 5813 ﬁnem.
1732 5757 1814 5811 Fi-

514 5841 792 5905 Pnnoc.
839 5842 968 5907 XV.
1013 5843 1196 5924 (XIV,
1246 5864 1400 5908 PARS
1446 5846 1550 5926 II.)

1905 3235 1998 3273 me
2025 3218 2266 3290 populus
2298 3234 2480 3273 meus.
2509 3221 2570 3273 In
2601 3224 2844 3289 angusto
2876 3218 3152 3272 virtutum
3182 3219 3408 3274 tramite
3437 3219 3534 3275 de-

1903 3312 2000 3366 bet
2027 3311 2265 3366 latitudo
2296 3310 2565 3383 praecepti
2593 3311 2707 3366 mei
2734 3310 3016 3366 viantibus
3044 3328 3164 3365 esse
3205 3312 3432 3380 solatio;
3465 3329 3537 3368 ne

1904 3405 2030 3477 quis
2059 3404 2301 3459 deﬁcere
2330 3404 2526 3476 possit,
2555 3409 2652 3459 aut
2676 3403 2915 3460 conteri.

1979 3523 2236 3597 1130
2279 3528 2366 3579 51.
2409 3524 2780 3578 Ambulemus
2819 3539 2960 3594 ergo
3001 3523 3061 3576 in
3102 3524 3202 3578 Dei
3243 3524 3536 3592 mandato,

1905 3619 2037 3690 quia
2081 3619 2211 3673 satis
2261 3619 2438 3672 latum
2487 3623 2589 3672 est.
2639 3618 2735 3671 Est
2779 3617 2934 3670 enim
2974 3617 3154 3671 latum
3195 3617 3535 3671 mandatum

1906 3711 2216 3782 sapientiae,
2247 3725 2374 3780 quae
2418 3709 2475 3762 in
2516 3709 2673 3763 exitu
2712 3708 2955 3775 canitur,
3002 3707 3059 3761 in
3099 3708 3302 3778 plateis
3341 3714 3536 3764 autem

1904 3801 2241 3858 ﬁducialiter
2281 3802 2418 3873 agit,
2457 3810 2657 3857 πλατεῖα
2689 3800 2845 3856 enim
2885 3801 3061 3855 Graeci
3105 3801 3382 3856 sermonis
3418 3807 3532 3868 est;

1907 3912 2037 3968 quae
2077 3896 2251 3951 latine
2296 3896 2500 3950 dicitur
2547 3895 2808 3949 latitudo.
2864 3893 3176 3949 Dilatemus
3223 3892 3398 3964 igitur
3438 3909 3537 3947 cor

1906 3994 2186 4055 nostrum,
2215 3994 2278 4042 ut
2315 3987 2656 4058 recipiamus
2701 3987 3029 4057 apostolicze
3071 3988 3180 4040 vim
3214 3985 3533 4050 sententias,

1907 4098 2035 4154 qua:
2065 4083 2145 4136 ait
2174 4099 2186 4136 :
2216 4101 2243 4129 «
2269 4081 2466 4151 Capite
2495 4096 2600 4134 nos
2629 4081 2695 4149 (II
2726 4079 2872 4144 Con,
2897 4096 2987 4146 vn,
3016 4082 3093 4147 2).
3123 4101 3150 4128 ››
3182 4078 3541 4150 Recipiamus

1907 4191 2045 4245 ergo
2079 4175 2201 4245 ejus
2233 4189 2519 4228 sermones
2550 4173 2608 4226 in
2640 4188 2739 4226 cor
2764 4176 3047 4242 nostrum,
3084 4172 3392 4227 induamus
3426 4173 3538 4226 vis-

1908 4284 2039 4322 cera
2064 4266 2488 4336 misericordiaa,
2519 4265 2959 4336 benignitatem,
2998 4265 3404 4331 humilitatem,
3440 4281 3534 4334 pa-

1908 4359 2187 4416 tientiam.
2219 4360 2260 4414 Ο
2289 4360 2482 4425 homo,
2523 4373 2695 4428 quam
2736 4359 2878 4411 latus
2907 4373 2988 4422 es,
3021 4357 3068 4410 si
3102 4356 3175 4410 ad
3210 4355 3534 4425 amplitudi-

1828 4469 2042 4544 Dnem
2098 4456 2512 4523 praeceptorum
2565 4451 2872 4505 cmlestium
2930 4449 3114 4502 sinum
3167 4447 3375 4502 mentis
3425 4453 3539 4502 tuae

1910 4546 2225 4616 expandasl
2266 4546 2448 4609 Quam
2495 4545 2672 4597 latum
2719 4541 3053 4596 mandatum
3089 4545 3175 4595 est
3209 4539 3535 4596 charitatis!

1915 4661 1940 4688 ‹‹
1969 4639 2219 4709 Diligite,
2250 4637 2453 4708 inquit,
2488 4635 2749 4690 inimicos
2780 4640 2990 4688 vestros
3019 4635 3263 4702 (Matth,
3296 4651 3349 4701 v,
3375 4637 3488 4700 44).
3509 4656 3537 4685 ››

1909 4733 2120 4787 Omnes
2150 4731 2344 4801 utique
2371 4730 2428 4782 in
2461 4727 2668 4783 aﬁ‘ectu
2703 4727 2995 4782 charitatis
3023 4727 3267 4794 inclusit,
3295 4727 3394 4798 qui
3423 4743 3535 4782 non

1911 4825 2145 4879 exclusit
2173 4822 2450 4877 inimicos.
2480 4821 2614 4886 Quis
2649 4821 2806 4875 enim
2837 4820 3061 4875 videtur
3089 4823 3376 4891 exceptus,
3407 4835 3534 4873 cum

1908 4916 2214 4988 recipiatur
2259 4915 2561 4970 inimicus?
2608 4914 2768 4968 Unde
2812 4914 3112 4984 Apostolus
3149 4930 3161 4967 :
3215 4934 3243 4961 «
3291 4911 3350 4967 Si
3393 4910 3537 4976 ﬁeri,

1909 5011 2116 5082 inquit,
2165 5012 2455 5080 potest...
2502 5024 2630 5062 cum
2675 5006 2940 5061 omnibus
2982 5005 3306 5061 hominibus
3341 5019 3539 5073 pacem

1910 5104 2188 5159 habentes
2223 5105 2413 5171 (Rom,
2451 5117 2550 5168 xu,
2596 5102 2701 5166 18).
2737 5121 2765 5150 ››
2807 5100 2928 5153 Non
2960 5103 3147 5169 potest
3183 5097 3292 5151 hoc
3329 5095 3541 5150 Judwis

1911 5197 2042 5263 dici,
2065 5213 2181 5250 non
2205 5195 2491 5266 gentibus,
2515 5199 2579 5248 ut
2603 5208 2730 5247 cum
2759 5191 3026 5246 omnibus
3046 5205 3243 5261 pacem
3269 5188 3538 5244 habeant.

1911 5290 1992 5344 Illi
2019 5289 2102 5343 vix
2128 5305 2256 5343 suos
2281 5287 2528 5358 diligunt
2551 5303 2563 5341 :
2587 5285 2907 5340 Christiano
2937 5284 3106 5338 etiam
3137 5281 3399 5336 inimicos
3424 5297 3539 5336 non

1911 5383 2046 5438 licet
2070 5397 2182 5436 non
2217 5396 2425 5436 amare.
2455 5379 2841 5436 Christianum
2877 5392 3007 5430 cum
3038 5376 3184 5444 dico,
3217 5375 3538 5445 perfectum

1912 5476 2064 5544 dico;
2095 5477 2151 5530 in
2173 5475 2396 5532 Christo
2420 5473 2578 5527 enim
2606 5469 2897 5542 plenitudo
2923 5468 3228 5523 divinitatis
3254 5473 3356 5536 est,
3379 5468 3541 5538 cujus

1911 5585 2127 5626 nomen
2171 5583 2426 5638 usurpas.
2465 5564 2575 5629 Qui
2615 5561 2947 5618 vocabulum
2988 5561 3157 5633 geris,
3206 5563 3542 5632 interpreta-

1913 5664 2131 5720 tionem
2153 5658 2409 5716 vocabuli
2435 5655 2970 5729 perfectionemque
2995 5669 3097 5709 cur
3116 5654 3372 5724 refugis?
3397 5652 3541 5708 Audi

1914 5755 2093 5811 latum
2116 5753 2476 5810 mandatum:
2493 5771 2521 5799 ‹‹
2547 5748 2866 5805 Benedicite
2890 5764 2984 5804 eos
3004 5747 3102 5819 qui
3123 5749 3542 5820 persequuntur

3147 5840 3226 5898 46
