3930 6168
156 244 245 296 1453

1181 241 1528 297 EXPOSITlO
1563 243 1630 296 IN
1671 242 1984 299 PSALMUM
2026 245 2242 300 CXVIII.

3265 256 3400 308 1434

149 370 205 423 sui
235 362 446 438 1132
482 363 669 434 populi
709 364 859 419 viros
894 364 1151 436 legitima
1190 368 1360 423 debet
1397 368 1670 424 charitate
1693 371 1981 453 Asuevit,
2022 375 2078 425 et
2120 373 2295 427 nescit
2337 389 2395 426 se
2437 374 2672 428 malitiae
2717 390 2836 430 esse
2878 375 3243 434 fermentum.
3289 381 3396 435 Sed

148 459 366 529 complecti
397 461 484 511 aut
515 457 862 529 alienigenas
897 460 1225 530 evangelica
1264 461 1669 531 praedicatione

146 553 312 608 invitare
342 551 402 605 ad
438 551 528 605 Dei
564 551 843 621 gratiam?
892 552 1045 606 Ferae
1085 559 1408 610 consortem
1448 560 1668 610 naturas

144 663 217 700 sua!
245 645 479 715 diligunt;
515 644 794 714 quomodo
823 645 1191 701 dilectionem
1231 648 1544 703 conformis
1583 651 1668 704 sui

142 739 342 810 Propheta
389 738 705 808 respueret?
761 739 888 793 Esse
934 739 1111 809 igitur
1149 741 1362 810 justam
1414 743 1668 814 aliquam

140 849 301 887 causam
358 835 603 901 oportet,
663 847 776 902 qua
848 833 887 886 ii
951 849 1094 903 quos
1161 834 1478 905 significat,
1536 838 1667 906 jure

138 926 361 979 videantur
382 923 608 978 inimici.
632 925 709 978 Ea
733 940 862 996 quae
884 925 956 980 sit
983 943 1280 995 possumus
1307 929 1666 999 investigare,

136 1019 163 1071 si
190 1017 560 1072 meminerimus
597 1018 734 1088 quia
773 1018 907 1072 alibi
949 1019 1104 1073 idem
1151 1020 1251 1074 iste
1301 1021 1490 1077 dixit:
1534 1044 1559 1070 «
1602 1025 1669 1078 Et

133 1127 250 1181 super
271 1110 504 1164 inimicos
537 1115 662 1165 tuos
691 1111 1070 1181 tabescebam,
1102 1117 1162 1166 et
1181 1114 1336 1182 justo
1372 1114 1504 1168 odio
1531 1116 1663 1170 ode-

133 1221 211 1257 ram
240 1205 343 1258 illos
371 1205 524 1270 (Paul.
557 1220 814 1270 cxxxvrri,
847 1209 936 1270 21,
973 1206 1085 1276 22).
1120 1229 1147 1256 »
1181 1209 1289 1262 Iste
1325 1225 1465 1279 ergo
1496 1225 1666 1263 evan-

131 1298 254 1367 gelica
277 1297 586 1352 auctoritate
617 1314 746 1352 suos
784 1298 1050 1352 inimicos
1087 1299 1223 1354 dicit
1257 1317 1396 1369 esse,
1437 1302 1537 1373 qui
1567 1303 1669 1356 ini-

128 1391 214 1443 mici
247 1396 358 1444 sunt
385 1391 491 1445 Dei.
531 1392 677 1444 Nam
709 1391 753 1444 si
790 1393 837 1445 is
876 1392 972 1462 qui
1017 1409 1133 1448 non
1165 1394 1435 1465 relinquit
1464 1412 1664 1466 paren-

1770 465 1868 534 qui
1900 464 2168 536 intelligit
2204 466 2342 536 quid
2374 467 2444 520 sit
2475 471 2632 521 vetus
2675 484 2992 538 expurgare
3029 470 3395 541 fermentum,

1768 573 1840 611 ne
1890 561 2066 612 totam
2112 575 2355 614 massam
2398 565 2760 632 corrumpat,
2808 566 3058 617 veterem
3101 563 3396 621 hominem

1769 667 1897 704 cum
1939 651 2154 706 actibus
2186 653 2300 706 suis
2338 657 2640 725 expurgat,
2673 658 2734 709 ut
2764 656 2862 709 fiat
2899 672 3044 710 nova
3073 661 3397 728 conspersio

1770 745 2038 798 veritatis.
2082 745 2276 800 Judazo
2318 749 2420 801 ista
2459 747 2606 801 dicta
2641 755 2792 816 sunt,
2832 756 2886 804 et
2924 750 3275 805 Christianus
3305 769 3401 806 au-

1769 837 1934 906 divit;
1963 839 2096 909 quia
2132 839 2268 893 dum
2295 857 2492 894 aurem
2535 857 2696 896 suam
2730 843 2823 897 ille
2851 843 3048 896 subula
3085 845 3398 913 pertundit,

1767 931 1963 985 audire
1997 949 2109 986 non
2151 934 2363 1002 potuit;
2403 934 2755 989 vulneratam
2785 952 2983 989 aurem
3026 953 3250 1006 gerens,
3288 955 3397 992 non

1770 1024 1929 1094 legis,
1962 1025 2060 1078 sed
2097 1026 2347 1081 stultitiae
2387 1043 2504 1082 sua:
2546 1028 2749 1083 subula
2784 1027 3043 1102 1133
3085 1031 3401 1087 cruentavit

1769 1133 1964 1171 aurem
1991 1135 2174 1172 suam.
2207 1120 2301 1173 Ille
2325 1120 2606 1175 audiendo
2633 1137 2761 1193 quae
2790 1123 3122 1193 spiritaliter
3151 1126 3402 1178 revelan-

1769 1212 1881 1276 tur,
1922 1211 2231 1280 perforavit
2266 1229 2464 1268 aurem
2507 1230 2670 1268 suam
2700 1214 2879 1285 ferro;
2919 1217 3118 1272 maluit
3153 1217 3306 1272 enim
3341 1219 3395 1272 in

1768 1303 1982 1358 ferrum
2013 1321 2190 1376 quam
2227 1306 2283 1360 in
2314 1306 2557 1362 Verbum
2592 1309 2847 1363 credere.
2891 1310 3024 1366 ldeo
3055 1311 3242 1378 servit,
3273 1312 3399 1366 ideo

1767 1397 1911 1451 liber
1940 1414 2061 1452 esse
2109 1416 2220 1454 non
2259 1401 2483 1466 meruit,
2516 1401 2646 1456 ideo
2687 1419 2791 1456 nec
2826 1404 3092 1474 completi
3128 1405 3400 1475 temporis

129 1489 178 1536 tes
198 1488 388 1554 propter
413 1485 510 1538 Dei
539 1501 766 1552 nomen,
791 1501 904 1539 non
933 1491 1018 1540 est
1048 1487 1163 1540 Deo
1189 1487 1419 1558 dignus,
1455 1495 1666 1559 quanto
1769 1490 1821 1544 ei
1859 1491 2042 1561 gratia
2081 1492 2453 1563 suffragatur;
2497 1495 2632 1565 quia
2670 1495 3088 1566 plenitudinem
3125 1499 3401 1568 temporis

128 1577 251 1645 magis
283 1577 367 1646 qui
401 1577 577 1649 diligit
625 1578 746 1648 ejus
783 1579 1058 1645 inimicos,
1102 1583 1365 1651 acceptus
1395 1583 1506 1636 Deo
1545 1598 1666 1637 esse
1769 1599 1881 1638 non
1919 1586 2152 1655 recepit,
2182 1602 2295 1656 quo
2338 1587 2509 1640 Filius
2541 1588 2639 1642 Dei
2676 1589 2879 1643 missus
2918 1595 3002 1644 est
3035 1590 3105 1644 ad
3133 1591 3396 1656 salutem,

124 1685 199 1723 non
229 1671 440 1740 poterit?
479 1670 634 1734 Quos
677 1687 814 1741 ergo
857 1671 1122 1727 inimicos
1166 1673 1375 1729 habet?
1422 1675 1480 1730 Si
1523 1692 1664 1745 gen-
1691 1749 1732 1754 _
1771 1682 1827 1731 et
1863 1678 2016 1732 venit
2051 1679 2124 1732 ad
2167 1679 2651 1750 redemptionem,
2682 1681 2861 1736 factus
2893 1683 2997 1737 sub
3041 1685 3186 1754 lege,
3236 1688 3398 1737 natus

125 1762 236 1826 tiles;
268 1764 553 1832 quomodo,
585 1780 727 1835 quos
754 1765 1082 1836 prophetico
1119 1768 1437 1823 credituros
1466 1769 1667 1840 spiritu
1691 1749 1745 1821 Β
1768 1786 1833 1824 ex
1875 1771 2124 1841 Virgine,
2165 1772 2344 1828 victor
2389 1774 2603 1840 mortis,
2656 1775 2898 1845 largitor
2948 1777 3396 1832 resurrectionis.

126 1855 393 1923 praesidebat
444 1859 601 1927 (8t)?
652 1859 908 1929 Denique
959 1863 1022 1914 ut
1066 1859 1412 1916 benedicant
1451 1866 1514 1940 et
1562 1863 1668 1933 ipsi
1766 1865 1951 1919 Manet
1990 1881 2127 1936 ergo
2174 1866 2377 1921 vulnus
2420 1867 2518 1933 illi,
2564 1869 2653 1922 cui
2701 1869 2950 1924 Christus
2980 1887 3094 1925 non
3132 1871 3394 1924 surrexit.

125 1948 374 2017 Dominum,
424 1951 480 2004 in
532 1953 924 2021 superioribus
979 1953 1312 2009 adhortatus
1363 1963 1447 2010 est
1496 1957 1664 2024 (Psal.

126 2057 217 2108 Lm,
241 2043 298 2110 4).
333 2045 390 2097 Et
423 2060 550 2114 qua:
590 2061 804 2116 magna
842 2047 963 2100 laus
999 2063 1169 2119 super
1200 2064 1295 2102 eos
1324 2049 1664 2119 intelligere,

125 2137 186 2203 qni
219 2136 414 2190 metalla
457 2144 510 2192 et
557 2154 692 2193 saxa
732 2140 1080 2208 venerando,
1125 2141 1379 2196 similem
1420 2143 1666 2213 rigorem

126 2229 293 2299 stuporis
316 2232 638 2287 attraxerint
657 2232 685 2286 ?

169 2323 205 2374 6.
243 2322 363 2386 Quos
403 2325 580 2396 igitur
626 2325 800 2380 habet
841 2325 1130 2395 inimicos,
1179 2327 1288 2382 nisi
1335 2329 1665 2385 haereticos?

130 2414 195 2482 Ipsi
213 2417 330 2470 enim
353 2422 481 2472 sunt
504 2419 944 2489 impugnatores
971 2420 1123 2488 fidei,
1148 2421 1399 2476 veritatis
1427 2423 1663 2478 inimici.

130 2508 242 2573 Quos,
276 2511 363 2564 nisi
402 2511 667 2566 Iudaeos?
711 2512 819 2583 Ipsi
865 2513 1020 2567 enim
1070 2515 1365 2584 graviores
1412 2516 1663 2583 inimici,

134 2600 193 2669 qui
215 2618 258 2656 ex
280 2604 455 2659 amicis
497 2606 636 2660 facti
680 2609 813 2659 sunt
856 2607 1094 2662 inimici.
1139 2608 1325 2678 Super
1360 2625 1457 2664 eos
1496 2610 1662 2665 intel-

138 2691 328 2766 ligit,qui
377 2699 567 2768 legem
627 2698 944 2768 spiritalem
997 2716 1118 2754 esse
1179 2701 1463 2772 intelligit.
1519 2702 1664 2766 Quid

147 2800 230 2855 ergo
245 2790 430 2858 prodest
469 2793 589 2859 lex,
620 2791 665 2845 si
699 2792 872 2846 linem
919 2794 1060 2865 legis
1091 2794 1341 2865 ignores,
1369 2795 1414 2849 si
1449 2800 1660 2866 myste-

142 2877 227 2932 rium
250 2885 448 2952 nescias,
491 2885 542 2940 si
586 2892 940 2940 sacramenta
988 2903 1097 2941 non
1141 2888 1408 2942 noveris?
1448 2889 1663 2944 Iudaeis

132 2985 172 3023 ex
190 2973 330 3031 ovibus
360 2994 542 3049 agnus
576 2978 851 3034 occiditur
875 2995 977 3050 pro
1003 2979 1331 3036 celebritate
1360 2983 1615 3052 paschali
1645 2999 1658 3037 :

125 3064 227 3119 nobis
244 3085 324 3138 pro
353 3072 747 3143 redemptione
778 3073 978 3128 mundi
1007 3074 1334 3146 unigenitus
1375 3075 1496 3142 Dei,
1527 3092 1659 3146 par-

123 3161 177 3210 tus
217 3161 415 3233 Virginis
467 3165 834 3220 immolatur.
893 3166 1044 3231 Quid
1102 3166 1402 3238 proficiunt
1457 3169 1657 3237 Judaei,

1766 1958 1809 2012 Ο
1844 1959 2048 2012 vulnus
2083 1960 2232 2029 quod
2278 1960 2470 2014 sarciri
2510 1978 2625 2015 non
2664 1962 2860 2032 possit,
2900 1963 3007 2017 nisi
3046 1964 3190 2018 forte
3226 1963 3398 2018 relin-

1768 2057 1907 2120 quat
1949 2050 2231 2118 su‘bulam,
2277 2059 2335 2108 et
2379 2058 2566 2108 sumat
2615 2054 2722 2108 sibi
2774 2055 3027 2125 gladium
3078 2072 3252 2126 quem
3298 2073 3400 2127 pro

1765 2144 1970 2198 Christi
2006 2145 2245 2199 nomine
2285 2162 2399 2200 non
2432 2146 2643 2202 refutet
2669 2148 2796 2218 (83),
2828 2149 2914 2202 vel
2942 2165 3056 2219 quo
3085 2150 3401 2220 corporalia

1764 2249 1797 2287 a
1823 2234 2194 2304 spiritalibus,
2223 2234 2489 2290 umbram
2517 2253 2550 2289 a
2575 2237 2810 2293 veritate
2832 2237 3146 2308 distinguat
3172 2256 3185 2293 :
3216 2245 3403 2294 sumat

1766 2326 1866 2381 Dei
1899 2327 2159 2394 verbum,
2190 2327 2446 2398 gladium
2482 2328 2568 2382 bis
2597 2333 2851 2398 acutum,
2884 2334 2943 2385 et
2971 2347 3039 2385 ex
3069 2332 3167 2386 illo
3205 2331 3397 2386 divino

1768 2435 1867 2474 ore
1899 2419 2172 2476 doceatur
2197 2417 2531 2477 mandatum
2559 2423 2804 2492 Domini,
2832 2425 3231 2495 praescriptum
3257 2426 3404 2496 legis

1767 2529 2093 2584 agnoscere,
2140 2515 2291 2585 quod
2327 2532 2442 2570 non
2487 2518 2816 2587 temporalis
2857 2517 3062 2572 habeat
3091 2518 3397 2572 observan-

1765 2607 1906 2660 tiam
1936 2607 2298 2672 celebritatis,
2329 2608 2430 2662 sed
2460 2609 2730 2664 salutaria
2756 2613 2813 2664 et
2842 2611 3191 2681 sempiterna
3219 2627 3429 2666 reme--

1767 2699 1864 2753 dia
1893 2715 2062 2754 succo
2089 2701 2286 2770 gratim
2312 2702 2580 2772 spiritalis
2606 2703 2887 2757 infundat.

1837 2797 1888 2846 .7.
1918 2794 2057 2846 Tota
2084 2809 2225 2863 ergo
2258 2794 2349 2847 die
2377 2794 2434 2848 in
2466 2795 2591 2864 lege
2619 2794 2901 2850 meditare
2938 2815 2949 2849 :
2987 2812 3101 2851 non
3127 2797 3395 2868 perfunc-

1765 2885 1908 2939 toria
1946 2886 2048 2940 tibi
2086 2886 2256 2942 debet
2283 2903 2404 2941 esse
2444 2887 2810 2942 transcursio.
2851 2888 2910 2943 Si
2956 2905 3162 2960 agrum
3204 2905 3393 2946 emere

1763 2979 1920 3048 velis,
1950 2979 1994 3033 si
2029 2981 2265 3034 mercari
2295 2981 2551 3050 domum,
2585 2981 3018 3052 prudentiorem
3049 2982 3304 3050 adhibes,
3340 2991 3397 3039 et

1763 3071 1896 3144 quid
1939 3072 2086 3143 juris
2130 3073 2220 3140 sit,
2269 3073 2573 3144 diligenter
2609 3073 2968 3144 consideras;
3009 3082 3067 3130 et
3098 3091 3169 3130 ne
3209 3077 3267 3131 in
3298 3077 3396 3131 ali-

1761 3182 1874 3238 quo
1899 3166 2046 3220 forte
2083 3165 2316 3234 fallaris,
2350 3167 2452 3221 tibi
2495 3166 2614 3238 ipse
2655 3183 2773 3222 non
2803 3169 3004 3223 credis.
3046 3171 3120 3223 At
3147 3186 3299 3224 nunc
3333 3175 3394 3226 tu

119 3253 215 3318 quod
234 3259 470 3328 sanguine
501 3258 645 3330 agni
675 3258 878 3314 domos
905 3265 963 3315 et
986 3264 1176 3330 postes
1203 3277 1336 3316 suos
1377 3262 1660 3316 illiniunt?
1761 3259 1880 3330 ipse
1937 3259 2216 3314 emendus
2269 3278 2328 3314 es
2385 3259 2520 3327 tibi,
2581 3261 2651 3316 de
2701 3267 2801 3317 tuo
2850 3262 3037 3332 pretio
3092 3267 3392 3332 tractatur,

119 3341 213 3399 Nihil
233 3349 424 3422 utique;
451 3352 727 3425 quoniam
767 3352 923 3424 ligna
964 3353 1051 3407 his
1080 3359 1180 3410 aut
1217 3371 1352 3410 saxa
1387 3355 1659 3426 prodesse
1759 3352 2053 3407 considera
2078 3352 2215 3424 quid
2241 3352 2336 3420 sis,
2360 3353 2512 3424 quod
2541 3369 2754 3408 nomen
2780 3354 3016 3422 habeas,
3044 3356 3180 3426 quid
3204 3358 3394 3428 acqui-

117 3450 192 3491 non
220 3451 434 3510 possunt.
477 3444 653 3500 Nobis
693 3445 914 3516 proﬁcit
951 3464 1122 3502 omne
1165 3449 1522 3520 mysterium,
1559 3450 1661 3520 qui
1758 3461 1847 3499 ras
1884 3445 2006 3512 tibi,
2046 3462 2164 3500 non
2205 3462 2433 3516 agrum,
2466 3462 2581 3500 non
2618 3447 2944 3516 pecuniam,
2984 3465 3096 3502 non
3132 3464 3389 3519 gemma-

118 3527 338 3592 abliorrere
378 3540 664 3595 credimus
707 3556 740 3594 a
788 3541 973 3610 gratia
1013 3541 1279 3611 spiritali;
1328 3546 1390 3596 ut
1434 3542 1654 3597 habita-

117 3622 238 3679 tiones
271 3638 470 3686 nostras
514 3633 796 3703 sanguine
848 3619 1084 3704 pecudis
1129 3639 1512 3705 cruentemus,
1557 3652 1658 3691 ora

116 3722 248 3774 nostra
287 3739 470 3781 cruore
517 3727 844 3797 tingamus,
900 3727 998 3781 sed
1044 3744 1276 3798 corpora
1326 3735 1518 3784 nostra
1565 3746 1653 3784 sa-

115 3819 328 3870 cramento
381 3821 482 3890 (8'2)
537 3819 720 3874 crucis
775 3819 1084 3875 Dominicae
1135 3837 1548 3890 consecramus,
1600 3826 1657 3876 et

114 3904 377 3966 confessione
403 3913 606 3967 mortis
633 3913 855 3968 Domini
889 3914 1064 3968 nostri
1088 3915 1216 3970 lesu
1247 3915 1456 3970 Christi
1491 3931 1652 3970 sanc-

113 3994 314 4056 tiﬁcamus
353 4007 461 4060 oris
505 4006 774 4078 alloquia.
812 4008 1048 4063 «Corde
1089 4008 1246 4062 enim
1290 4009 1543 4063 creditur
1583 4009 1656 4064 ad

109 4085 342 4164 iustitiam;
361 4113 454 4154 ore
477 4104 674 4154 autem
703 4100 975 4155 confessio
1001 4102 1065 4154 tit
1089 4101 1162 4155 ad
1188 4102 1431 4156 salutem
1464 4104 1655 4172 (Rom,

113 4193 145 4244 ιε
169 4186 247 4253 16).
275 4210 299 4236 »
323 4189 459 4254 Quid
491 4193 728 4263 prodest
759 4194 909 4264 quod
951 4193 1168 4249 Hebraei
1207 4211 1410 4249 aurem
1449 4196 1657 4251 servuli

112 4279 381 4340 pertendunt
422 4287 644 4353 subula,
687 4291 744 4341 et
787 4287 1068 4358 praeputia
1109 4287 1196 4341 sui
1245 4287 1658 4344 circumcidunt

113 4375 329 4437 εὐτροήεῖ
366 4379 481 4433 Νοη
526 4380 856 4450 intelligunt
899 4380 1126 4451 penitus
1163 4381 1301 4452 quid
1337 4381 1427 4437 lex
1470 4382 1657 4438 divina

1758 3555 1887 3592 rum
1926 3538 2237 3606 monialia;
2266 3539 2367 3593 sed
2394 3539 2684 3595 Christum
2713 3541 2925 3607 Jesum,
2959 3542 3050 3594 cui
3081 3541 3234 3595 nulla
3259 3559 3388 3612 pos-

1757 3634 1891 3686 sunt
1919 3631 2120 3702 pretia,
2152 3633 2308 3686 nulla
2337 3636 2678 3686 ornamenta
2718 3633 2986 3688 conferri.
3023 3633 3249 3688 Adhibe
3287 3635 3391 3689 tibi

1757 3724 2111 3780 consiliarios
2156 3725 2412 3796 Moysen,
2465 3726 2689 3795 Isaiam,
2737 3725 3076 3794 Jeremiam,
3127 3727 3388 3796 Petrum,

1756 3819 2027 3887 Paulum,
2079 3819 2388 3884 Joannem,
2440 3817 2627 3890 ipsum
2677 3834 2952 3888 magnum
3005 3819 3386 3874 consiliarium

1754 3913 1946 3967 Iesum
1994 3912 2096 3967 Dei
2139 3911 2362 3977 Filium,
2409 3915 2475 3965 ut
2515 3911 2773 3982 acquiras
2814 3913 3056 3968 Patrem.
3104 3914 3246 3968 Cum
3297 3913 3386 3966 his

1755 4005 2136 4073 tractandum,
2189 4021 2320 4060 cum
2362 4005 2452 4058 his
2500 4009 2621 4059 tota
2668 4005 3072 4060 conferendum
3124 4010 3209 4060 est
3257 4004 3380 4072 tibi,

1755 4102 1877 4152 tota
1915 4097 2308 4152 meditandum
2347 4097 2465 4164 die;
2498 4097 2641 4150 sicut
2681 4097 3066 4152 meditabatur
3099 4097 3296 4166 David,
3329 4103 3388 4152 et

1755 4191 1875 4246 haec
1914 4195 2039 4245 erat
2072 4191 2153 4245 illi
2182 4192 2304 4246 sola
2342 4190 2660 4245 meditatio.
2696 4191 2818 4245 Non
2857 4191 3217 4246 saecularibus
3257 4193 3381 4246 ani-

1756 4301 1884 4339 mus
1915 4285 2314 4340 traducebatur
2341 4284 2636 4351 illecebris,
2664 4300 2779 4339 non
2808 4285 3138 4354 pecuniaria
3165 4301 3384 4340 coacer-

1754 4379 1920 4433 vandi
1956 4378 2284 4450 patrimonii
2327 4377 2636 4448 cupiditate
2680 4376 2989 4447 ﬂagrabat;
3034 4394 3148 4431 non
3189 4378 3378 4446 profe-

112 4456 336 4522 discernat.
381 4471 556 4543 Signa
602 4476 734 4527 sunt
780 4473 909 4540 ista,
959 4490 1072 4528 non
1115 4475 1347 4529 veritas.
1396 4475 1512 4530 Sed
1563 4471 1918 4552 illeDrendi
1943 4472 2160 4539 limitis,
2184 4470 2632 4541 excludendique
2654 4469 2881 4524 finitimi
2900 4470 3099 4524 anxius
3116 4486 3378 4525 curarum

113 4548 328 4627 intelligit,
390 4565 483 4634 qui
548 4581 650 4620 cor
710 4583 878 4621 suum
927 4566 1165 4637 spiritali
1229 4567 1654 4622 circumcisione

113 4648 332 4722 castiﬁca;
381 4663 446 4711 ut
498 4659 798 4714 colluviem
865 4675 1102 4714 omnem
1165 4677 1452 4731 corporeae
1507 4647 1657 4716 labis

116 4745 326 4801 emendet.
376 4751 473 4806 Ille
523 4752 814 4824 intelligit,
866 4753 964 4825 qui
1020 4752 1281 4809 subulam
1334 4759 1389 4808 et
1432 4771 1653 4823 aurem,

117 4836 256 4890 mentis
276 4841 458 4912 vigore
494 4846 869 4913 transcendit,
913 4851 972 4901 et
1008 4848 1167 4902 illam
1196 4848 1452 4902 animam
1483 4864 1654 4918 quam

118 4928 390 4990 Peﬂmnsivit
432 4937 654 5008 gladius
698 4940 1111 4995 ad-revelanda
1161 4940 1351 4995 cordis
1403 4941 1654 5008 occulta,

121 5026 327 5087 Willetius
357 5032 586 5099 praemio
622 5031 895 5087 libertatis
926 5033 1165 5101 attollit;
1195 5034 1279 5088 vel
1318 5034 1653 5087 examinan-

120 5104 171 5159 dis
197 5123 511 5177 sermonibus
550 5125 782 5179 sollicite
821 5127 1092 5193 serviens,
1134 5143 1505 5198 quoscunque
1545 5127 1656 5180 vir-

123 5200 205 5254 ίιηὶε
251 5224 348 5265 sum
411 5231 545 5270 aure
611 5220 952 5288 susceperit,
1021 5221 1289 5291 mysterio
1347 5219 1660 5275 sanctificat

124 5292 303 5357 ‘Pirilali.
331 5310 529 5378 Azyma
558 5309 662 5364 sibi
699 5311 927 5365 Iudaeus
960 5313 1270 5384 quotannis
1301 5313 1482 5368 facere
1520 5329 1654 5367 con-

162 5416 401 5498 l31)__Edit.,
429 5430 689 5491 Quomodo
725 5445 886 5497 super
917 5434 1157 5486 inimicos
1194 5433 1479 5493 intellexit,
1508 5447 1658 5498 quos,

130 5486 312 5570 ξξξΝορ
356 5486 512 5570 male.
554 5503 751 5553 Melius
787 5486 984 5554 tamen
1027 5519 1160 5556 mss.
1197 5505 1342 5567 cod.,
1379 5486 1660 5570 quomodo;

253 5568 340 5640 etc.
378 5569 482 5621 Hic
519 5575 667 5623 enim
715 5575 1168 5640 subintelligitur,
1212 5563 1453 5626 inimicos
1489 5563 1660 5631 habet.

136 5629 416 5704 T’Qﬂerbum
439 5645 771 5704 praecidebat.

259 5695 593 5783 Segoviam,
630 5716 685 5766 id
727 5719 830 5778 est,
872 5716 1163 5781 baptismo,
1209 5717 1299 5767 vel
1336 5718 1474 5768 forte
1503 5719 1664 5783 signo

140 5774 266 5821 Cmcis.
292 5777 518 5847 Namque
542 5774 662 5851 ejus
687 5774 852 5838 usum
881 5774 1189 5854 priscorum
1221 5774 1662 5841 Christianoer

1756 4571 1923 4620 aestus
1988 4564 2174 4619 studio
2242 4563 2631 4618 meditationis
2696 4562 2983 4616 intentum
3050 4562 3383 4620 reﬂectebat

1757 4658 2052 4725 affectum;
2098 4656 2378 4727 quidquid
2407 4658 2636 4727 poterat
2673 4655 2948 4726 temporis
2993 4655 3110 4710 dies
3147 4657 3378 4728 habere,

1758 4754 1864 4808 hoc
1902 4757 2087 4808 totum
2126 4752 2247 4805 sola
2288 4750 2395 4804 sibi
2439 4749 2496 4804 in
2538 4750 2664 4820 lege
2703 4751 2996 4806 meditatio
3036 4751 3377 4808 vindicabat.

1827 4848 1880 4900 8.
1919 4845 2030 4899 Sed
2065 4843 2239 4898 etiam
2279 4843 2384 4897 hoc
2422 4859 2629 4913 parum
2669 4847 2755 4897 est
2789 4844 3070 4915 diligenti,
3113 4846 3211 4915 qui
3250 4845 3381 4899 velit

1757 4937 1826 4992 ad
1856 4936 2224 4991 beatitudinis
2254 4935 2501 5007 gratiam
2527 4936 2844 5007 pervenire.
2877 4937 3078 4992 Beatus
3105 4938 3256 4992 enim
3283 4937 3379 4990 die

1755 5047 1820 5086 ac
1854 5038 2014 5085 nocte
2051 5030 2362 5084 meditatur
2387 5029 2444 5082 in
2480 5029 2630 5100 lege.
2657 5031 2966 5100 Angustior
2992 5029 3112 5084 dies
3149 5035 3233 5084 est
3258 5045 3375 5086 me-

1757 5124 2031 5179 ditatione
2077 5123 2372 5178 doctrinae.
2420 5122 2544 5177 Non
2594 5125 2782 5177 tantus
2825 5123 2942 5177 dies
2986 5121 3045 5176 in
3091 5128 3376 5193 tempore,

1757 5222 2003 5290 quantus
2036 5215 2336 5271 meditator
2369 5216 2426 5270 in
2456 5215 2581 5286 lege
2621 5216 2746 5285 (84).
2780 5215 2934 5270 Unde
2973 5215 3097 5269 vide
3135 5231 3207 5270 ne
3239 5215 3380 5270 illud

1757 5311 1942 5382 magis
1971 5310 2230 5364 videatur
2255 5309 2597 5380 significare,
2629 5307 2780 5379 quod
2809 5309 2860 5360 ei
2893 5308 2987 5378 qui
3017 5308 3074 5360 in
3105 5310 3228 5378 lege
3255 5325 3378 5363 me-

1759 5431 1947 5496 pietati
1993 5431 2490 5481 familiarissimum
2544 5429 2715 5478 fuisse
2775 5429 2978 5491 passim
3035 5429 3270 5493 legimus
3325 5433 3380 5481 iu

1758 5507 2078 5553 sanctorum
2108 5503 2333 5552 Patrum
2356 5501 2752 5551 monumentis.

1819 5573 1918 5638 (83)
1941 5572 2036 5623 Sic
2064 5585 2196 5622 mss.
2229 5574 2300 5623 At
2329 5572 2620 5632 editiones,
2657 5568 2891 5632 gladium
2920 5582 3026 5634 quo
3065 5570 3257 5623 Christi
3287 5586 3380 5624 ποι

1758 5657 1878 5695 men
1899 5656 2009 5695 non
2030 5644 2236 5708 refutet.

1826 5716 1924 5781 (84)
1967 5714 2176 5767 Omnes
2213 5714 2346 5764 edit.
2387 5726 2454 5764 ac
2497 5725 2630 5763 mss.
2675 5711 2907 5776 aliquot,
2949 5718 3185 5778 quantus
3223 5713 3386 5764 medie

1762 5792 1902 5840 tatus
1938 5791 1998 5838 in
2041 5787 2162 5852 lege.
2205 5786 2276 5838 Et
2311 5786 2472 5847 infra,
2507 5784 2794 5836 meditatur
2831 5785 2977 5849 Legio
3013 5789 3060 5835 at
3108 5785 3385 5850 Evangelii
