3930 6168
477 242 607 296 1453

1918 242 1972 293 S.
2014 240 2329 297 AMBROSll

3691 242 3824 293 1456

470 365 699 431 ditatur,
741 363 1123 434 semper-dies
1168 368 1271 431 est,
1319 368 1374 419 et
1422 365 1615 419 lumen
1665 365 1789 420 sine
1840 365 2088 434 defectu,
2114 376 2246 449 Av,
2277 367 2349 436 2).
2380 326 2571 422 Merito
2606 381 2779 437 super
2814 381 3015 420 omnes
3042 365 3339 431 intellexit,
3368 380 3542 436 quem
3583 364 3827 420 docebat

469 458 617 528 quod
663 457 835 511 nullae
884 456 1137 512 tenebrae
1188 458 1367 512 noctis
1413 457 1775 528 interpolent.
1828 459 2090 531 Alioquin

467 551 751 623 quomodo
781 550 1257 622 negligentiorem
1285 552 1344 605 in
1380 568 1647 622 processu
1681 552 1868 623 operis
1906 553 2090 607 decla-

466 648 634 710 raret,
667 660 839 715 quem
882 644 1300 715 diligentiorem
1341 645 1400 699 in
1432 646 1569 715 ipsis
1607 647 1795 717 operis
1838 645 1926 700 sui
1951 648 2087 700 Pro-

464 737 638 809 pheta
663 737 958 809 principiis
986 754 1105 792 esse
1132 737 1438 793 voluisset?
1465 738 1653 805 ln,die
1683 756 1819 811 ergo
1850 739 2090 794 medita-

464 834 553 884 tor
577 831 738 902 legis,
770 834 827 885 et
848 831 1139 902 Evangelii
1160 831 1520 902 praedicator.

536 927 589 978 9.
620 926 686 979 Et
713 925 944 980 fortasse
974 925 1055 979 illi
1082 926 1180 996 qui
1206 926 1422 980 Novum
1453 941 1566 980 non
1598 926 1878 997 recipiunt
1903 928 2087 981 Testa-

464 1024 727 1073 mentum
751 1017 881 1089 (85),
911 1018 969 1072 in
995 1023 1159 1073 nocte
1188 1020 1470 1089 legerunt,
1511 1023 1566 1073 et
1597 1019 1724 1072 ideo
1765 1019 2091 1074 nescierunt

462 1126 650 1181 neque
688 1111 1115 1166 intellexerunt.
1158 1111 1312 1166 Unde
1351 1111 1625 1179 Salvator,
1657 1128 1729 1165 ne
1774 1111 1943 1167 etiam
1989 1130 2090 1167 nos

462 1204 784 1276 legeremus
831 1204 888 1259 in
938 1204 1207 1272 tenebris,
1252 1205 1521 1259 admonet
1561 1204 1752 1260 dicens
1797 1206 2091 1261 ambulan-

464 1297 605 1351 dum
632 1299 689 1352 in
729 1298 841 1366 die,
873 1298 1006 1369 quia
1036 1314 1148 1352 non
1194 1297 1430 1353 offendit
1468 1298 1566 1369 qui
1598 1300 1656 1352 in
1698 1299 1788 1353 die
1833 1300 2091 1356 ambulat

464 1392 662 1461 (Joan.,
715 1408 788 1458 χι,
840 1394 890 1461 9,
948 1394 1065 1461 1Ο);
1126 1390 1383 1463 1134
1434 1391 1588 1446 videt
1639 1392 1791 1446 enim
1850 1394 2089 1465 gratiam

463 1484 622 1538 lucis.
670 1485 773 1547 Qui
823 1487 1015 1539 autem
1065 1485 1324 1539 ambulat
1372 1484 1431 1538 in
1480 1484 1750 1555 tenebris,
1798 1488 2087 1559 scopulum

461 1576 788 1631 offensionis
814 1576 1069 1631 incurrit.

2192 460 2314 530 ipsa
2353 459 2663 531 Sapientia.
2714 459 2869 515 Unde
2908 465 2966 513 et
2994 458 3127 513 alibi
3172 459 3251 512 ait
3286 475 3298 512 :
3331 479 3360 506 ‹‹
3402 458 3603 512 Beatus
3648 474 3825 529 quem

2192 558 2252 608 tu
2294 552 2589 618 erudieris,
2634 552 2889 618 Domine,
2923 557 2979 606 et
3008 551 3076 606 de
3101 552 3230 622 lege
3272 555 3367 605 tua
3393 551 3655 606 docueris
3690 567 3825 606 eum

2197 647 2363 705 (Psul.
2399 661 2544 713 xcm,
2577 648 2681 712 12).
2716 667 2742 694 ››

2267 743 2349 793 12.
2398 738 2656 794 Ostendit
2698 739 2874 809 igitur
2918 738 3072 809 quod
3119 736 3373 791 divinum
3422 742 3507 792 est
3553 737 3826 791 homines

2191 833 2391 888 docere
2430 850 2544 887 non
2586 849 2780 903 posse;
2813 838 2869 887 et
2906 832 3036 885 ideo
3077 832 3173 902 qui
3205 831 3410 885 docere
3441 832 3823 900 praesumunt,

2192 926 2478 995 nesciunt,
2520 926 2621 981 sed
2662 924 2921 996 agnoscit
2958 924 3268 995 discipulus
3314 924 3410 994 qui
3458 923 3713 977 docetur.
3759 924 3823 976 In

2189 1035 2301 1090 quo
2333 1023 2536 1089 praeter
2570 1019 2782 1072 donum
2816 1016 3069 1071 scientiae
3099 1016 3248 1087 quod
3280 1016 3349 1070 de
3378 1016 3591 1087 Spiritu
3623 1019 3825 1069 sancto

2188 1112 2371 1166 fuerat
2408 1117 2736 1166 consecutus
2778 1109 3033 1175 ;moralis
3060 1110 3169 1179 (87)
3194 1124 3419 1180 quoque
3450 1109 3637 1162 suavis
3664 1109 3828 1163 locus

2190 1210 2294 1273 est,
2334 1204 2482 1275 quod
2512 1204 2675 1258 multi
2713 1203 2978 1257 docentes
3002 1207 3133 1255 sunt
3167 1201 3261 1272 qui
3291 1201 3445 1273 quod
3471 1217 3586 1254 non
3614 1200 3827 1255 intelli-

2190 1303 2334 1369 gunt
2360 1298 2560 1352 docere
2591 1314 2650 1350 se
2678 1297 2895 1363 dicunt,
2928 1301 2985 1349 et
3010 1294 3246 1366 plurimi
3270 1299 3404 1350 sunt
3427 1293 3686 1364 discipuli
3720 1294 3824 1365 qui

2190 1391 2376 1446 studio
2403 1408 2504 1445 suo
2523 1395 2904 1462 assequuntur
2924 1393 2981 1443 et
3002 1388 3277 1444 industria
3304 1388 3454 1459 quod
3475 1404 3590 1442 non
3616 1387 3830 1442 didice-

2190 1489 2325 1539 runt
2359 1502 2393 1540 a
2420 1484 2723 1555 magistris.
2760 1483 3015 1554 Denique
3059 1487 3191 1537 ante
3232 1498 3335 1536 nos
3378 1482 3611 1552 quidam
3651 1481 3833 1535 inter-

2190 1595 2309 1633 esse
2352 1578 2497 1632 dixit
2536 1578 2684 1632 inter
2724 1578 2991 1632 docentes
3035 1580 3206 1647 atque
3250 1576 3542 1642 doctores;
3585 1574 3828 1629 fortasse

534 1671 618 1724 10.
665 1669 836 1739 (Vers.
890 1672 999 1739 99.)
1044 1670 1310 1741 Sequitur
1352 1688 1364 1725 :
1404 1670 1577 1742 Super
1618 1689 1797 1728 omnes
1846 1674 2090 1728 docentes
2190 1672 2295 1725 hoc
2329 1671 2633 1727 arbitratus
2673 1671 2802 1741 quia
2844 1671 3105 1725 doctores
3148 1674 3282 1723 sunt
3318 1669 3560 1723 aliorum
3599 1667 3826 1737 judicio

455 1778 539 1817 me
572 1764 845 1828 intellexi;
873 1766 1005 1832 quia
1046 1766 1353 1818 testimonia
1391 1770 1487 1819 tua
1526 1766 1808 1821 meditatio
1834 1783 1953 1822 mea
1988 1771 2085 1822 est.
2107 1742 2163 1813 Β
2189 1766 2256 1820 ad
2290 1765 2392 1819 hoc
2436 1781 2644 1819 munus
2683 1763 2877 1833 electi;
2912 1763 3175 1818 docentes
3216 1766 3405 1817 autem
3450 1762 3548 1832 qui
3589 1762 3826 1832 propria

457 1856 782 1911 Doctrinam
824 1857 1165 1926 proﬁtentur
1202 1857 1410 1913 Scriban
1448 1859 1807 1929 Judseorum;
1842 1861 1977 1931 quia
2002 1860 2083 1915 1e-

461 1964 591 2021 gem
627 1954 683 2003 et
718 1949 1028 2020 prophetas
1068 1951 1176 2020 ipsi
1217 1950 1430 2020 priores
1470 1951 1684 2006 habere
1733 1961 2082 2009 meruerunt.

459 2042 570 2098 Sed
602 2042 683 2095 illi
718 2042 1061 2112 proﬁtentur
1097 2044 1320 2113 docere,
1354 2045 1453 2099 sed
1493 2062 1605 2100 non
1637 2046 1858 2101 docent.
1897 2048 1956 2101 Ei
1982 2064 2083 2101 au-

456 2137 576 2189 tem
607 2136 817 2207 populo
848 2136 944 2206 qui
977 2153 1043 2189 ex
1088 2136 1352 2207 gentibus
1389 2138 1648 2205 credidit,
1694 2140 1966 2211 competit
2000 2141 2082 2195 di-

456 2244 586 2284 cere
629 2245 641 2283 :
684 2229 858 2299 Super
900 2244 1075 2284 omnes
1116 2230 1350 2286 dicentes
1389 2248 1472 2286 me
1513 2234 1790 2300 intellexi;
1833 2234 1964 2305 quia
2007 2233 2083 2289 illi

452 2337 569 2376 non
612 2320 1027 2378 intellexerunt.
1077 2323 1410 2394 Respondet
1450 2325 1675 2380 Judaaus
1720 2343 1733 2380 :
1785 2326 1947 2381 Unde
1989 2328 2086 2382 ha-

450 2413 624 2469 buisti
648 2414 1003 2486 intelligere?
1026 2416 1310 2487 Scriptum
1336 2421 1455 2472 est:
1490 2440 1519 2466 «
1545 2396 1840 2491 Interroga
1860 2423 2083 2491 patrem

451 2513 639 2575 tuum,
683 2511 740 2562 et
779 2509 1137 2564 annuntiabit
1172 2510 1306 2576 tibi;
1348 2511 1617 2581 seniores,
1661 2518 1717 2567 et
1751 2513 1945 2568 dicent
1984 2514 2085 2569 tibi

431 2600 653 2673 '(Deut.,
694 2616 862 2667 xxxu,
890 2606 961 2671 7).
998 2624 1023 2652 n
1058 2603 1178 2674 Ego
1216 2619 1342 2657 sum
1379 2610 1543 2676 pater
1582 2611 1732 2675 tuus,
1762 2622 1855 2661 me
1901 2606 2080 2661 inter-

449 2710 606 2767 roga.
638 2715 666 2745 ‹‹
694 2694 803 2750 Sed
850 2697 952 2751 etsi
1000 2695 1458 2767 interrogavero,
1510 2715 1627 2754 non
1671 2700 2082 2771 respondebitis

449 2787 618 2855 mihi,
651 2787 793 2842 dixit
820 2790 978 2843 Jesus
1009 2789 1180 2859 (Luc.,
1224 2807 1359 2859 xxu,
1402 2792 1511 2861 68),
1558 2815 1586 2841 »
1628 2795 1687 2847 et
1722 2809 1791 2848 ex
1820 2793 1914 2848 illo
1960 2810 2080 2848 res-

446 2880 708 2953 pondere
754 2898 868 2937 non
911 2886 1166 2952 possunt,
1209 2887 1267 2937 et
1306 2900 1370 2937 ex
1415 2885 1510 2938 illo
1554 2901 1723 2956 supra
1762 2886 1888 2941 illos
1922 2887 2084 2942 intel-

446 2973 568 3044 ligo
619 2974 717 3046 qui
768 2992 885 3030 non
940 2975 1331 3046 intelligebam
1389 2978 1521 3047 (86);
1574 2978 1705 3049 quia
1756 2979 2083 3034 testimonia

454 3066 642 3133 didici,
687 3083 815 3137 quae
858 3068 952 3122 ille
988 3084 1107 3122 non
1143 3070 1320 3123 novit.
1362 3070 1536 3124 Didici
1567 3088 1582 3124 :
1614 3093 1640 3119 ‹‹
1673 3071 1782 3135 Qui
1823 3072 2083 3143 sequitur

447 3174 607 3213 me...
639 3160 796 3214 tollat
823 3176 1047 3215 crucem
1076 3177 1236 3215 suam
1266 3161 1510 3232 (Matth.,
1544 3179 1653 3229 xvr,
1674 3165 1787 3234 24).
1817 3187 1844 3214 ››
1865 3165 2037 3220 Didici
2062 3182 2075 3221 :

450 3271 480 3302 ‹‹
505 3251 732 3322 Diligite
763 3252 1018 3307 inimicos
1044 3256 1260 3308 vestros
1287 3254 1531 3325 (Matth,
1562 3272 1615 3323 v,
1648 3257 1760 3328 44).
1792 3280 1820 3307 ››
1851 3259 1918 3312 Et
1944 3258 2079 3314 ideo

447 3348 602 3415 optat
648 3344 953 3399 anathema
991 3361 1112 3400 esse
1154 3347 1355 3402 Paulus
1395 3364 1499 3420 pro
1540 3348 1808 3415 fratribus
1848 3367 2076 3424 genere,

447 3436 698 3492 inimicis
724 3436 835 3493 ﬁdo
866 3438 1060 3508 (Rom,
1093 3456 1166 3509 IX,
1197 3439 1272 3511 3).

522 3533 607 3585 11.
646 3530 942 3587 Videretur
970 3533 1374 3589 inconveniens
1410 3550 1530 3590 esse
1566 3536 1919 3593 verecundite
1947 3554 2074 3609 pro-

445 3622 660 3695 phetali
695 3623 1023 3694 hujusmodi
1053 3626 1345 3697 usurpatio
1366 3671 1381 3695 ,
1421 3644 1487 3682 eo
1512 3628 1668 3701 quod
1696 3645 2073 3702 praesumpse-

444 3715 522 3771 rit
561 3716 751 3772 dicere
778 3718 932 3788 quod
960 3734 1132 3790 super
1167 3736 1373 3775 omnes
1410 3720 1679 3777 docentes
1714 3723 2075 3794 intellexerit,

447 3824 582 3864 cum
620 3811 707 3865 vel
746 3810 935 3882 legem
965 3812 1179 3884 Moyses
1218 3815 1503 3886 acceperit
1531 3830 1559 3868 a
1591 3815 1854 3886 Domino,
1889 3820 1946 3872 et
1974 3834 2075 3889 p0-

444 3903 581 3973 pulo
610 3903 732 3973 ejus
760 3902 1021 3959 instituta
1046 3906 1343 3962 tradiderit
1379 3906 1595 3977 (Exod,
1631 3925 1738 3976 xrx,
1765 3910 1840 3980 '7),
1870 3913 2074 3981 Aaron,

444 3994 850 4051 sacriﬁciorum
895 3998 1155 4053 omnium
1202 4000 1437 4055 decurso
1484 4001 1614 4069 ritu,
1663 4002 2075 4058 sacerdotalem

446 4087 699 4143 docuerit
738 4088 1094 4160 disciplinam
1124 4092 1339 4162 (Exod,
1383 4110 1568 4163 XXVIII,
1613 4099 1662 4165 1,
1700 4100 1752 4161 2,
1797 4097 1958 4168 seq.),
1996 4099 2076 4152 Je-

447 4195 542 4235 sus
567 4181 716 4235 Nave
754 4181 1159 4252 signiﬁcaverit
1196 4188 1681 4256 quemadmodum
1724 4189 2076 4246 circumcisio

443 4273 627 4344 possit
657 4273 853 4329 iterari
888 4275 1084 4346 (Iosue,
1123 4293 1178 4346 v,
1207 4282 1259 4348 2,
1305 4282 1357 4347 3,
1387 4285 1560 4352 seq.);
1603 4281 1825 4337 Samuel
1858 4283 2072 4338 unctio-

447 4366 537 4421 nis
566 4367 914 4438 propheticse
953 4369 1169 4440 pariter
1208 4386 1271 4425 ac
1310 4373 1484 4444 regia:
1523 4380 1876 4430 sacramenta
1918 4393 2077 4432 mon-

2190 1857 2549 1928 usurpatione
2585 1857 2691 1911 hoc
2722 1856 2827 1910 sibi
2858 1872 3065 1910 munus
3100 1856 3531 1926 assumpserint.
3573 1854 3689 1909 Sed
3726 1870 3820 1908 ce-

2187 1951 2324 2005 dant
2362 1966 2593 2005 necesse
2636 1954 2721 2003 est
2768 1949 2818 2003 ei
2865 1949 3124 2004 doctores
3163 1964 3407 2020 quoque,
3441 1963 3613 2018 quem
3655 1948 3820 2002 testi-

2186 2044 2508 2099 moniorum
2538 2043 2912 2098 meditatione
2942 2042 3257 2097 caelestium
3301 2041 3555 2097 doctrina
3593 2040 3689 2095 Dei
3726 2041 3826 2094 do-

2186 2138 2366 2192 centis
2397 2136 2683 2192 imbuerit.

2260 2233 2342 2286 13.
2376 2230 2547 2299 (Vers.
2585 2229 2728 2299 100.)
2756 2229 3024 2299 Sequitur
3053 2230 3260 2299 :Super
3276 2230 3508 2283 seniores
3536 2229 3824 2295 intellexi;

2184 2328 2313 2395 quia
2346 2329 2621 2394 praecepta
2663 2328 2759 2376 tua
2796 2322 3081 2391 emquisivi.
3123 2322 3234 2376 Nec
3268 2321 3373 2375 hoc
3400 2320 3631 2392 quidem
3672 2320 3828 2375 difﬁ-

2185 2419 2309 2485 cile,
2350 2423 2411 2471 ut
2444 2417 2492 2470 is
2518 2431 2685 2486 quem
2721 2414 2994 2469 Dominus
3036 2414 3318 2482 docuerit,
3356 2431 3529 2485 super
3560 2414 3826 2469 seniores

2185 2509 2498 2581 intelligat;
2545 2507 2829 2579 siquidem
2881 2508 2975 2562 Dei
3032 2507 3217 2577 gratia
3266 2506 3337 2561 ad
3389 2507 3707 2562 doctrinam
3760 2512 3828 2562 et

2185 2603 2572 2657 maturitatem
2628 2598 2885 2672 1135
2942 2599 3127 2654 aetatis
3173 2598 3579 2670 progrediatur
3621 2599 3827 2654 senilis

2184 2697 2308 2767 (88).
2348 2697 2488 2751 Cum
2534 2695 2686 2749 enim
2734 2699 2896 2748 aestas
2940 2693 3246 2748 senectutis
3293 2692 3405 2747 vita
3450 2692 3827 2748 immaculata

2181 2790 2271 2856 sit,
2302 2788 2500 2860 utique
2528 2788 2786 2843 doctrina
2828 2786 2955 2841 vitae
2991 2786 3373 2841 immaculata:
3404 2787 3637 2842 senilem
3670 2803 3828 2859 prae-

2182 2886 2291 2937 stat
2314 2885 2540 2937 aetatem
2570 2881 2743 2951 (δίψη
2768 2896 2841 2948 1v,
2865 2880 2938 2951 9).
2964 2879 3215 2950 Denique
3241 2880 3529 2934 excusanti
3553 2881 3827 2935 leremiae

2183 2976 2333 3047 quod
2361 2975 2586 3046 juvenis
2621 2979 2791 3041 esset,
2821 2988 3161 3043 responsum
3202 2977 3328 3027 est:
3365 2994 3392 3023 ‹‹
3419 2973 3543 3028 Noli
3575 2973 3773 3029 dicere
3810 2992 3827 3030 :

2172 3069 2399 3140 juvenis
2429 3084 2556 3122 sum
2600 3070 2833 3137 (Jerem.,
2872 3084 2908 3135 ι,
2940 3066 3023 3137 7);
3063 3082 3131 3121 eo
3161 3067 3312 3138 quod
3355 3082 3472 3122 non
3508 3067 3831 3123 aestimare-

2182 3167 2274 3217 tur
2302 3162 2525 3233 juvenis
2562 3161 2892 3216 deﬁnitione
2938 3160 3146 3228 divina,
3194 3160 3291 3231 qui
3328 3176 3529 3214 canam
3574 3160 3830 3216 haberet

2179 3255 2563 3327 prudentiam,
2622 3271 2752 3326 quae
2814 3254 3275 3309 sanctiﬁcationis
3324 3253 3563 3309 caelestis
3630 3256 3827 3325 gratia

2178 3350 2479 3404 reluceret.

2255 3444 2337 3497 14.
2371 3444 2774 3497 Verumtamen
2799 3456 2917 3496 non
2948 3438 3090 3495 mihi
3123 3440 3348 3496 videtur
3374 3456 3434 3494 se
3473 3440 3662 3512 ipsum
3688 3441 3825 3497 lau-

2178 3536 2313 3590 dare
2338 3536 2637 3607 Propheta,
2665 3538 2723 3589 et
2742 3533 3017 3616 praeferre
3037 3533 3378 3604 senioribus,
3405 3550 3534 3589 cum
3558 3533 3776 3605 legerit
3806 3552 3822 3590 :

2183 3650 2208 3680 ‹‹
2249 3631 2371 3684 Non
2399 3633 2453 3684 te
2476 3633 2783 3700 praetereat
2811 3629 3061 3683 narratio
3084 3627 3406 3698 seniorum;
3437 3631 3495 3682 et
3517 3627 3619 3699 ipsi
3652 3628 3823 3683 enim

2178 3722 2500 3778 didicerunt
2531 3738 2564 3777 a
2598 3720 2856 3776 Patribus
2909 3722 3118 3791 (Eccli.,
3163 3737 3279 3789 Vill,
3332 3721 3436 3792 Η).
3484 3743 3512 3770 ››
3559 3722 3705 3776 Nam
3762 3727 3828 3777 et

2177 3816 2307 3870 alibi
2354 3816 2497 3871 dixit
2523 3815 2719 3871 Sirach
2758 3814 3048 3886 Sapientia
3077 3833 3090 3869 :
3124 3836 3152 3865 ‹‹
3183 3815 3282 3869 Ubi
3313 3819 3445 3869 sunt
3484 3831 3667 3882 senes,
3697 3831 3827 3871 non

2179 3909 2425 3964 multum
2478 3907 2731 3980 loquaris
2783 3907 2989 3978 (Eccli.,
3042 3924 3211 3976 xxxu,
3266 3908 3370 3978 13).
3420 3929 3448 3959 ι)
3496 3909 3605 3964 Sed
3656 3912 3829 3963 novit

2178 4003 2384 4074 quibus
2433 4018 2492 4057 se
2541 4000 2808 4073 praeferat
2849 4000 3185 4064 senioribus,
3227 4001 3558 4056 inveteratis
3599 4001 3827 4057 scilicet

2175 4098 2233 4152 iu
2265 4099 2520 4167 peccato,
2550 4099 2607 4149 et
2642 4100 2877 4149 veterno
2918 4094 3227 4166 impietatis
3262 4101 3433 4167 atque
3460 4095 3618 4151 senio
3648 4096 3830 4166 perﬁ-

2176 4190 2284 4245 diae
2327 4188 2721 4244 delirantibus.
2765 4188 2861 4243 Isti
2904 4193 3036 4244 sunt
3067 4188 3315 4243 seniores
3360 4188 3539 4259 plebis
3576 4189 3647 4243 de
3691 4190 3828 4260 qui-

2176 4283 2283 4338 bus
2311 4284 2521 4338 dictum
2549 4287 2634 4338 est
2672 4281 2769 4353 qui
2805 4282 3110 4336 Dominum
3145 4284 3333 4337 Iesum
3380 4282 3554 4337 Pilato
3578 4283 3822 4353 praesidi

2176 4376 2528 4431 tradiderunt
2579 4394 2591 4429 :
2642 4397 2670 4423 «
2716 4378 3121 4432 Convenerunt
3162 4376 3316 4430 enim
3361 4375 3704 4443 sacerdotes,
3756 4383 3825 4431 et

445 4460 707 4515 straverit
733 4461 773 4529 (Ι
800 4465 951 4530 Reg.,
975 4479 1082 4531 xvr,
1114 4464 1220 4535 13).
1250 4464 1570 4535 Videretur,
1601 4468 1857 4539 inquam,
1888 4469 2077 4525 incon-
2095 4467 2154 4539 D
2177 4469 2396 4539 scribae,
2425 4473 2481 4523 et
2507 4468 2781 4536 seniores,
2809 4472 2875 4522 ut
2899 4468 3216 4523 aitMarcus
3243 4470 3464 4537 (Mure,
3493 4485 3602 4537 xxv,
3633 4471 3749 4539 53).
3788 4492 3822 4520 ››

448 4566 593 4622 grua
612 4555 1003 4625 prtesumptio,
1022 4555 1132 4610 nisi
1152 4558 1518 4627 praemisisset
1539 4560 1847 4630 superiora,
1870 4563 2076 4633 quibus

447 4660 565 4699 non
608 4644 896 4701 immerito
935 4641 1111 4720 super
1148 4649 1421 4707 docentes
1456 4653 1799 4710 intellexisse
1827 4672 1886 4709 se
1923 4672 2072 4711 com-

442 4736 735 4807 probaret.
779 4739 979 4795 Debuit
1005 4741 1153 4797 hanc
1185 4760 1474 4799 assumere
1510 4746 1940 4817 conﬁdentiam,
1978 4750 2075 4821 qui

444 4828 768 4901 docebatur,
807 4848 842 4886 a
874 4833 1134 4905 Domino,
1180 4837 1233 4891 ei
1275 4838 1606 4894 mandatum
1645 4841 1795 4911 quod
1829 4841 2072 4897 doceba-

444 4925 557 4993 tur,
582 4923 807 4979 Domini
826 4930 967 4995 erat,
992 4930 1050 4981 et
1075 4927 1196 4999 ipse
1220 4930 1487 4985 Dominus
1507 4932 1605 5003 qui
1636 4932 1876 4989 docebat
1897 4936 2068 5005 (Sup.,

438 5053 776 5130 praedicator.
804 5054 940 5130 __Sed
990 5069 1119 5107 mss.
1169 5060 1356 5123 plures
1396 5075 1462 5113 ac
1501 5063 1741 5126 potiores
1781 5064 2075 5130 utrobique

442 5123 671 5186 habent,
701 5125 1004 5177 meditator.

504 5196 853 5317 (Egitgempe
886 5198 1086 5261 Judmi,
1129 5214 1271 5265 quos
1309 5201 1402 5254 hic
1439 5203 1679 5255 subinde
1717 5206 1801 5256 vir
1847 5213 2075 5260 sanctus

443 5278 705 5331 exagitat.

506 5337 605 5400 (86)
650 5336 797 5388 Edit.
836 5352 1028 5390 omnes
1075 5353 1202 5391 cum
1252 5356 1382 5393 mss.
1433 5346 1738 5408 nonnullis,
1791 5354 1837 5397 et
1877 5363 1940 5398 ex
1981 5348 2073 5400 illo

442 5408 567 5456 novi
592 5410 930 5484 respondere,
955 5417 1002 5461 et
1038 5425 1107 5484 ea:
1145 5410 1239 5463 illo
1273 5426 1442 5477 supra
1481 5415 1604 5467 illos
1641 5416 1893 5483 intelligo,
1932 5420 2076 5484 quod

439 5488 548 5551 non
586 5477 961 5543 intelligebam.
999 5482 1110 5532 Alii
1155 5485 1353 5548 majori
1396 5499 1649 5551 numero,
1685 5492 1747 5538 ut
1789 5477 1846 5540 in
1879 5477 2069 5551 textu;

440 5544 540 5596 ubi
579 5553 707 5610 post
739 5563 935 5621 vocem
971 5552 1084 5612 illo,
1123 5544 1656 5621 subintelligendum
1693 5559 1911 5611 videtur
1951 5544 2073 5612 tem;

435 5629 586 5679 pore,
612 5631 724 5680 quo
757 5619 1014 5672 Christus
1038 5623 1163 5675 huic
1203 5626 1376 5679 verba
1414 5619 1628 5681 Judais
1662 5630 1816 5682 dixit.
1858 5632 2071 5684 Rursus

438 5684 567 5735 edit.
594 5687 791 5767 “Flam”
833 5693 1070 5767 quailli
1103 5707 1213 5767 non
1246 5706 1521 5750 noverant.
1560 5701 1700 5753 Alia
1737 5716 1866 5754 cum
1912 5718 2067 5767 mss.,

441 5767 558 5822 qua
584 5756 674 5807 ille
706 5771 813 5808 non
849 5761 1021 5821 novit;
1050 5765 1202 5826 quod
1240 5768 1592 5822 referendum
1633 5772 1702 5824 ad
1736 5776 2019 5839 superiora
2053 5756 2066 5826 ξ

2177 4565 2241 4618 Et
2280 4563 2492 4617 iterum
2535 4585 2546 4615 :
2587 4583 2615 4611 ‹‹
2650 4562 2930 4617 Fecerunt
2972 4560 3292 4616 sacerdotes
3334 4562 3633 4617 concilium
3676 4579 3823 4619 cum

2175 4655 2526 4726 senioribus,
2570 4658 2632 4709 ut
2671 4670 2804 4709 eum
2848 4654 3144 4709 traderent
3171 4655 3390 4724 (Marc,
3434 4670 3524 4721 xv,
3567 4654 3640 4725 1).
3676 4676 3707 4705 »
3749 4659 3827 4713 Et

2174 4750 2472 4805 adversum
2498 4748 2782 4819 apostolos
2813 4748 2871 4802 in
2914 4747 3141 4802 Actibus
3170 4763 3393 4814 eorum,
3439 4748 3591 4819 quod
3627 4750 3829 4805 senio-

2176 4858 2263 4897 res
2312 4843 2481 4898 Israel
2526 4841 2930 4908 convenerint,
2978 4843 3175 4896 Petrus
3221 4846 3481 4911 sanctus,
3531 4845 3589 4897 et
3632 4842 3827 4899 Lucas

2175 4935 2519 5007 evangelista
2566 4940 2847 4990 testantur
2884 4935 3054 5005 (Act.,
3099 4950 3173 5003 iv,
3223 4939 3240 4989 i
3298 4936 3455 5005 seq.).
3503 4936 3619 4991 Non
3667 4951 3825 5008 ergo

2175 5068 2460 5133 Respondet
2487 5067 2723 5127 Judzus,
2751 5070 2855 5118 etc.

2239 5140 2332 5203 (87)
2397 5139 2724 5203 Superiores
2789 5138 2944 5199 edit.,
3009 5139 3071 5187 In
3130 5149 3268 5202 quo;
3332 5140 3550 5199 propter
3606 5136 3823 5189 donum

2172 5211 2417 5270 scientia,
2458 5210 2704 5274 quod.....
2745 5213 3064 5259 consecutus.
3108 5207 3348 5265 Moralis,
3390 5212 3494 5259 etc.
3535 5206 3667 5259 Mss.
3708 5220 3826 5259 au-

2175 5285 2286 5333 tem
2338 5294 2539 5346 magno
2588 5293 2887 5341 consensu,
2938 5284 2999 5329 ut
3045 5281 3102 5329 in
3150 5292 3380 5343 corpore
3431 5295 3442 5328 :
3498 5279 3606 5328 nisi
3653 5281 3823 5343 quod

2174 5353 2297 5403 loco
2343 5352 2751 5415 praepositionis
2799 5357 3012 5415 praeter,
3064 5351 3228 5414 pauci
3278 5350 3471 5412 legunt
3522 5363 3533 5397 ε
3590 5357 3824 5412 praeest;

2171 5435 2283 5473 non
2308 5423 2472 5481 male.
2503 5423 2549 5473 si
2585 5426 2857 5487 punctum
2883 5421 3244 5472 transferatur
3270 5424 3396 5485 post
3436 5431 3630 5472 vocem
3672 5433 3823 5472 con-

2170 5497 2391 5544 secutus.
2530 5508 2539 5511 ·

2235 5565 2329 5626 (88)
2375 5564 2452 5614 Ita
2488 5577 2621 5615 mss.
2665 5577 2833 5629 prope
2875 5563 2947 5614 ad
2989 5576 3186 5613 unum.
3234 5563 3353 5614 Vet.
3412 5567 3596 5614 autem
3645 5562 3819 5629 edit.,

2171 5633 2443 5697 Siquidem
2470 5635 2567 5685 Dei
2594 5635 2775 5700 gratia
2801 5637 3028 5697 erogata
3061 5632 3134 5683 ad
3169 5632 3488 5691 doctrinam,
3516 5634 3817 5685 maturita-

2169 5709 2269 5756 tem
2292 5706 2480 5764 aetatis,
2508 5704 2906 5770 supergreditur
2928 5703 3131 5755 senilis.
3159 5702 3317 5755 Rom.
3358 5703 3513 5767 edit.,
3543 5705 3817 5757 Doctrina

2166 5777 2529 5828 maturith
2554 5776 2724 5828 aetatis
2742 5775 3180 5841 supergrediatur
3202 5774 3400 5831 senilis.
