3930 6168
177 252 303 304 H57

1312 248 1658 305 EXPOSITIO
1699 249 1764 304 IN
1805 250 2118 304 PSALMUM
2158 250 2383 305 CXVIII.

3388 253 3517 308 1458

166 374 321 430 senili
378 375 679 446 derogavit
731 376 918 442 atati,
974 376 1072 430 sed
1126 392 1258 431 voce
1310 377 1507 447 populi
1554 376 1797 432 senioris
1821 376 1956 460 Ain
1997 377 2249 448 maligno
2288 378 2533 447 positum
2573 383 2676 431 est.
2715 378 2955 433 Dubium
3004 380 3276 450 quidquid
3314 384 3418 448 est,
3460 388 3520 435 et

168 467 532 522 indocibilem
563 469 664 522 Dei
689 473 976 555 vetustum
1011 469 1172 524 illum
1209 470 1429 523 dierum
1468 470 1798 524 Judaorum
1899 470 2160 540 ancipitis
2201 471 2434 526 effectus
2476 471 2602 539 (91),
2649 471 2752 527 hoc
2799 473 3117 544 malignum
3162 477 3272 538 est;
3322 479 3381 527 ut
3423 476 3515 529 lux

162 562 272 616 fore
312 561 604 632 populum
644 562 1020 634 prophetavit,
1068 562 1166 633 qui
1204 561 1360 633 quod
1402 562 1458 616 in
1499 563 1798 632 juventute
1898 562 2093 628 dubia,
2125 563 2376 634 maligna
2403 563 2628 630 dicitur,
2656 566 2736 619 ita
2772 566 3089 636 malignum
3128 569 3212 620 est
3243 566 3517 638 quidquid

162 670 253 707 sua
280 670 408 709 non
457 654 821 726 acquisierat,
862 658 919 709 et
954 655 1012 709 in
1052 658 1343 710 senectute
1388 655 1643 710 invenire
1682 671 1796 709 non

159 748 360 815 potuit.
396 748 664 819 Namque
691 765 725 802 a
750 748 1028 819 principio
1058 748 1452 820 frequentibus
1492 748 1793 804 Dominum

156 842 513 912 exasperavit
550 840 800 897 offensis.
839 842 1008 913 Cujus
1047 840 1222 913 igitur
1251 842 1494 913 gratiam
1538 858 1668 896 cum
1714 859 1795 896 es-

154 939 229 988 set
242 934 518 1004 juvenis,
552 951 669 990 non
700 938 965 1006 potuerat
993 936 1256 1001 emereri,
1286 935 1455 1006 hujus
1483 934 1793 990 adventum

152 1043 316 1082 senex
368 1044 498 1082 non
535 1028 748 1084 meruit
789 1044 1135 1101 agnoscere,
1183 1028 1399 1084 donum
1443 1035 1638 1084 tenere
1677 1045 1790 1083 non

148 1121 359 1192 potuit.
393 1122 609 1178 Sensus
645 1125 840 1177 autem
875 1124 933 1178 in
964 1123 1190 1193 canitie,
1220 1122 1490 1178 indicium
1532 1128 1789 1178 senectu-

148 1212 210 1268 tis
251 1213 317 1268 in
369 1230 556 1269 sensu
598 1220 685 1269 est
730 1216 863 1285 (89),
904 1221 963 1272 et
1006 1215 1255 1271 veterani
1295 1215 1516 1271 consilii
1557 1215 1794 1271 scientia

144 1307 483 1363 intellectus
524 1308 872 1377 maturitate,
912 1325 1029 1365 non
1070 1309 1197 1365 vita
1239 1308 1606 1381 longavitate
1648 1325 1788 1380 pra-

146 1400 348 1456 fertur.

210 1498 298 1549 l5.
332 1495 731 1566 Exquiramus
765 1511 902 1567 ergo
937 1496 1209 1551 mandata
1240 1496 1368 1563 Dei,
1401 1503 1461 1551 ut
1501 1512 1671 1567 super
1701 1513 1790 1551 se-

143 1588 332 1641 niores
368 1588 792 1660 intelligamus.
825 1589 1133 1660 Fugiamus
1159 1589 1307 1644 viam
1346 1589 1625 1645 lubricam
1656 1607 1788 1661 pec-

141 1690 435 1747 catorum,
478 1687 546 1737 ut
578 1683 858 1754 possimus
884 1689 1166 1755 pracepta
1191 1684 1475 1738 custodire
1520 1683 1788 1739 calestia.

1895 656 2172 711 admiscet
2225 657 2457 711 malitia
2506 657 2765 713 tenebras
2814 659 3055 714 veritati.
3112 661 3330 714 Revoca
3379 676 3516 731 ergo

1896 748 1969 804 ab
1998 749 2155 804 istius
2190 750 2391 804 mundi
2434 750 2649 806 lubrico
2692 750 2868 823 pedes
2903 752 3079 806 animi
3117 753 3218 819 tui,
3260 756 3318 806 ct
3352 769 3511 807 meu-

1898 841 1967 897 tis
2014 843 2318 899 incessnm.
2368 843 2631 910 Prohibe,
2682 846 2942 917 inquam,
2988 846 3181 900 resiste
3233 845 3513 917 cupidita-

1894 936 2064 1003 tibus,
2111 936 2317 991 obsiste
2359 937 2607 992 motibus
2644 938 2744 1008 qui
2791 938 3054 994 videntur
3092 940 3336 1007 irruerc,
3375 938 3518 993 sicut

1894 1029 2089 1084 bestia
2124 1034 2295 1101 atque
2319 1030 2611 1100 jumenta;
2652 1038 2713 1085 ut
2754 1037 2984 1088 teneros
3022 1033 3259 1098 fructus,
3291 1036 3347 1086 et
3373 1049 3517 1086 nova

1894 1123 2042 1178 ruris
2071 1124 2237 1193 hujus
2263 1123 2442 1179 nostri
2469 1123 2617 1180 culta
2639 1123 2962 1195 depascant.

1968 1220 2049 1270 l7.
2110 1218 2397 1280 Prohibui,
2454 1218 2655 1288 inquit,
2702 1219 2866 1288 pedes
2913 1234 3072 1275 meos.
3136 1221 3257 1274 Non
3324 1220 3518 1292 utique

1892 1310 2148 1380 corporis
2186 1310 2355 1381 pedes
2385 1311 2707 1381 prohibent,
2751 1311 2847 1382 qui
2874 1312 3082 1367 mentis
3124 1313 3230 1383 pia
3260 1314 3514 1384 plerum-

1892 1419 2004 1474 que
2034 1403 2431 1473 obsequuntur
2468 1404 2724 1459 arbitrio.
2760 1406 2949 1475 Neque
2989 1405 3145 1460 enim
3174 1406 3515 1477 prohibendi

1890 1501 2041 1563 sunt,
2070 1513 2199 1550 cum
2232 1497 2519 1568 prodeunt
2554 1498 2623 1552 ad
2660 1498 2754 1552 Dei
2796 1498 3097 1569 templum,
3128 1499 3308 1553 vidua
3347 1516 3515 1570 opem

1889 1589 2041 1644 ferre
2068 1589 2358 1660 festinant,
2390 1589 2628 1661 impium
2660 1591 2993 1660 pravenire,
3030 1592 3397 1662 supplantare
3420 1592 3518 1646 ali-

1892 1699 2062 1753 quem
2091 1682 2544 1739 frandulentum.
2587 1684 2740 1738 Alius
2775 1684 2951 1755 igitur
2992 1688 3078 1738 est
3119 1701 3216 1755 pes
3258 1684 3356 1756 qui
3382 1685 3515 1755 jure

144 1775 248 1829 Hoc
296 1775 471 1830 enim
512 1776 807 1831 declarant
850 1754 1164 1847 sequentia.
1210 1779 1391 1848 Super
1425 1777 1675 1832 seniores
1704 1754 1868 1831 in-B
1895 1775 2253 1847 prohibetur.
2300 1776 2435 1840 Quis
2475 1777 2570 1831 ille
2614 1776 2704 1846 sit,
2756 1754 2876 1848 ipse
2932 1754 3214 1849 Propheta
3262 1754 3515 1832 nosido-

145 1869 367 1922 tellexit
412 1869 594 1923 Iacob
627 1869 826 1939 junior
851 1869 1055 1937 frater;
1088 1869 1242 1941 quia,
1286 1886 1417 1924 cum
1455 1869 1649 1924 senior
1677 1869 1790 1923 fra-

145 1965 224 2016 ter
266 1964 427 2017 Esau
466 1963 910 2033 prarogativam
951 1963 1059 2018 sibi
1100 1962 1514 2018 benedictionis
1561 1962 1788 2033 privile-

146 2056 233 2124 gio
269 2056 470 2110 atatis
518 2056 797 2126 exposcit,
835 2056 1066 2128 reliquit
1096 2057 1294 2128 epulas
1336 2055 1610 2121 mitiores,
1652 2056 1791 2110 dum

148 2150 349 2219 quarit
406 2156 676 2220 agrestes
729 2151 900 2219 (Gem,
958 2166 1088 2217 xxv,
1141 2151 1341 2217 32-34).
1394 2149 1647 2204 Profecto
1697 2149 1792 2203 illo

150 2242 201 2296 in
240 2243 652 2310 venationem,
692 2242 893 2313 junior
938 2244 1116 2298 frater
1160 2242 1500 2298 vestimenta
1546 2243 1668 2313 ejus
1706 2259 1793 2297 ac-

153 2335 310 2407 cepit,
355 2339 418 2391 et
454 2336 606 2390 mihi
645 2335 877 2391 tradidit
917 2338 1127 2407 pOpulo
1168 2335 1487 2404 nationum,
1529 2341 1789 2390 materno

156 2445 276 2482 usus
308 2428 566 2483 consilio
596 2428 774 2497 (Gem,
812 2445 975 2497 xxvu,
1006 2433 1058 2495 5,
1091 2432 1145 2497 8,
1178 2429 1285 2496 15).
1317 2429 1475 2483 Illam
1514 2444 1652 2499 ergo
1696 2444 1787 2483 sa-

164 2521 381 2590 pientia
409 2521 626 2575 stolam
662 2538 836 2593 quam
870 2521 1070 2577 habuit
1104 2526 1271 2577 antea
1297 2521 1537 2593 populus
1562 2521 1785 2576 Judao-

169 2630 304 2677 tum,
336 2614 542 2669 induit
585 2630 683 2669 me
716 2614 987 2669 Rebecca.
1034 2614 1193 2669 Stola
1245 2615 1365 2685 ejus
1406 2614 1561 2669 bona
1606 2615 1697 2668 lex
1734 2617 1789 2668 et

180 2706 469 2776 Propheta.
538 2709 654 2762 Hac
718 2708 856 2762 stola
917 2708 1010 2762 ille
1068 2708 1312 2778 populus
1372 2711 1458 2763 est
1518 2707 1785 2776 nudatus,

176 2801 469 2855 nosinduti
499 2817 721 2856 sumus.
752 2801 941 2857 Induit
969 2817 1069 2855 nos
1101 2807 1286 2856 mater
1321 2801 1419 2855 illa
1450 2802 1784 2869 Jerusalem,

163 2910 270 2964 qua
296 2894 357 2948 in
385 2895 535 2949 calo
572 2897 679 2949 est.
715 2894 1044 2950 Accedimus
1085 2910 1224 2965 ergo
1264 2894 1334 2948 ad
1370 2896 1615 2963 Patrem,
1645 2893 1785 2949 offe-

154 2987 324 3042 rimus
367 2988 453 3041 illi
500 2988 700 3058 epulas
743 2987 1019 3055 mitiores,
1058 2987 1348 3059 patientia
1394 2987 1574 3054 cibos,
1616 2987 1786 3041 mise-

154 3080 409 3135 ricordia
461 3080 783 3149 lenitatem,
838 3080 1161 3135 intellectus
1212 3079 1569 3135 suavitatem.
1627 3080 1782 3134 Acci-

150 3174 241 3243 pio
269 3173 753 3240 benedictionem,
788 3174 1053 3245 praripio
1094 3174 1259 3229 fratri
1296 3174 1504 3229 seniori
1543 3173 1786 3244 gratiam

151 3266 494 3336 spiritalem.
538 3267 701 3322 Venit
730 3266 846 3332 ille,
889 3266 1182 3336 irascitur;
1213 3283 1330 3322 non
1378 3267 1597 3321 invenit
1633 3266 1787 3337 quod

150 3361 414 3431 accipiat.
449 3361 627 3415 Mater
664 3360 931 3430 occurrit,
965 3365 1019 3415 et
1064 3361 1155 3430 pio
1195 3377 1301 3415 nos
1343 3360 1569 3415 hortatu
1605 3360 1783 3414 infor-

153 3458 289 3508 mat.
347 3453 581 3509 Residet
623 3470 797 3525 penes
839 3470 931 3509 me
976 3454 1115 3510 stola
1163 3454 1326 3509 bonis
1369 3454 1585 3509 intexta
1629 3469 1787 3508 man-

152 3548 319 3602 datis.

228 3644 313 3695 l6.
367 3643 544 3707 (Vers.
589 3643 730 3710 101.)
780 3642 869 3696 Ab
920 3644 1085 3705 omni,
1141 3642 1345 3713 inquit,
1400 3643 1493 3696 via
1544 3642 1789 3711 maligna

149 3736 411 3805 prohibui
441 3734 605 3804 pedes
645 3750 824 3801 meos;
878 3733 1140 3808 1136
1184 3741 1241 3789 ut
1282 3736 1585 3791 custodiam
1623 3736 1789 3791 verba

155 3835 271 3882 tua.
320 3828 470 3883 Vere
511 3827 719 3899 dignus
759 3827 857 3898 qui
898 3844 1069 3899 super
1109 3828 1364 3883 seniores
1406 3828 1783 3899 intelligeret;

152 3920 623 3993 quandoquidem
657 3921 849 3976 divino
885 3925 971 3976 est
1008 3922 1323 3976 honoratus
1352 3922 1575 3992 spiritu,
1610 3926 1672 3975 ut
1695 3938 1783 3975 se-

153 4015 350 4070 niores
402 4014 637 4070 doceret
689 4031 807 4071 non
863 4016 1046 4069 solum
1101 4015 1417 4069 intellectus
1466 4015 1783 4083 veritatem,

153 4125 353 4163 verum
408 4107 583 4163 etiam
634 4108 850 4179 peccati
896 4109 1091 4180 fugam
1136 4108 1429 4180 culpaque
1477 4109 1779 4165 cautelam.

157 4204 382 4273 Itaque,
437 4218 571 4255 cum
618 4201 899 4273 fragilitas
949 4202 1197 4256 humana
1247 4218 1429 4272 prona
1486 4202 1559 4256 sit
1606 4205 1669 4255 ut
1715 4201 1784 4256 ad

158 4298 341 4351 imum
384 4294 701 4361 affectibus,
745 4301 803 4350 et
852 4301 1112 4350 currente
1159 4295 1414 4367 vestigio,
1460 4295 1678 4349 feratur
1725 4295 1784 4349 in

158 4390 378 4455 vitium,
422 4389 607 4448 docet.
629 4388 1113 4460 quemadmodum
1159 4388 1262 4443 via
1301 4388 1461 4442 istius
1503 4387 1782 4442 lubricum

1892 1873 2016 1924 ceat
2039 1885 2051 1923 :
2136 1870 2258 1924 Non
2288 1870 2495 1936 veniat,
2519 1870 2725 1941 inquit,
2750 1870 2887 1924 mihi
2913 1886 3013 1941 pes
3036 1868 3316 1941 superbia
3349 1872 3517 1940 (Psal.

1892 1978 2060 2031 xxxv,
2097 1964 2201 2031 12).
2295 1965 2387 2019 Est
2426 1963 2597 2018 etiam
2642 1981 2740 2033 pes
2780 1963 3113 2034 iniquitatis,
3153 1964 3251 2034 qui
3285 1964 3395 2018 cito
3430 1964 3514 2018 la-

1891 2055 2065 2121 bitur,
2120 2060 2176 2108 et
2225 2060 2374 2110 stare
2425 2072 2537 2110 non
2588 2059 2791 2127 potest,
2843 2056 2989 2110 sicut
3029 2074 3125 2128 pes
3170 2056 3516 2127 perdorum

1892 2151 1994 2215 est,
2054 2149 2124 2202 de
2179 2149 2385 2220 quibus
2444 2150 2715 2220 scriptum
2772 2152 2858 2203 est
2911 2166 2924 2204 :
3061 2149 3139 2204 Ibi
3189 2150 3518 2205 ceciderunt

1891 2258 2093 2297 omnes
2144 2242 2244 2313 qui
2288 2246 2595 2314 operantur
2640 2241 3034 2314 iniquitatem,
3091 2243 3311 2314 expulsi
3361 2247 3514 2311 sunt,

1891 2352 1996 2389 nec
2022 2340 2335 2406 potuerunt
2376 2341 2526 2390 stare
2558 2336 2738 2404 (Ibid,
2774 2339 2880 2402 l3).
2974 2336 3218 2390 Prohibe
3249 2352 3389 2406 ergo
3417 2353 3512 2407 pe-

1890 2429 1987 2484 des
2025 2433 2170 2495 tuos,
2213 2445 2285 2483 ne
2325 2428 2522 2495 cadas;
2570 2434 2703 2484 sunt
2740 2429 2895 2483 enim
2939 2446 3051 2484 non
3094 2430 3275 2483 solum
3320 2430 3513 2483 crimi-

1891 2538 2049 2587 num,
2084 2522 2182 2577 sed
2212 2522 2383 2577 etiam
2416 2521 2761 2576 inrmitatis
2788 2521 2976 2592 pedes.
3010 2523 3078 2576 Et
3102 2521 3409 2577 videndum
3442 2538 3513 2575 ne

1890 2614 2077 2668 cadas.
2131 2617 2195 2669 Et
2248 2615 2494 2669 videaris
2540 2616 2636 2668 tibi
2684 2615 2924 2669 forsitan
2978 2615 3122 2668 bene
3179 2617 3366 2680 stare;
3412 2614 3513 2668 sed

1890 2708 2026 2763 dicit
2063 2707 2164 2762 tibi
2209 2708 2442 2775 Paulus;
2493 2712 2551 2761 et
2590 2710 2651 2761 tu
2687 2707 2783 2778 qui
2831 2711 2961 2773 stas,
3004 2706 3129 2761 vide
3170 2723 3240 2761 ne
3277 2706 3445 2761 cadas
3471 2710 3511 2775 (

1890 2802 2034 2863 Cor.,
2067 2818 2118 2866 ,
2165 2800 2271 2871 12).
2306 2800 2619 2871 Diligenter
2659 2800 2890 2854 attende
2930 2799 3078 2854 viam
3116 2805 3296 2865 tuam,
3329 2805 3389 2853 ut
3412 2816 3510 2854 au-

1890 2896 2011 2950 dias
2044 2913 2055 2949 :
2153 2895 2235 2948 Tu
2271 2899 2462 2948 autem
2507 2893 2597 2947 hic
2635 2897 2722 2947 sta
2756 2909 2981 2970 mecum
3017 2894 3213 2962 (Deut,
3258 2910 3310 2959 v,
3344 2895 3454 2959 3i).

1891 2989 2056 3044 Stans
2093 2988 2248 3042 enim
2290 3003 2418 3041 cum
2467 2987 2596 3050 Deo,
2629 2986 2846 3057 lapsum
2887 2986 3093 3040 timere
3135 3002 3249 3040 non
3278 2986 3510 3057 poteris.

1893 3083 2055 3138 Stans
2102 3098 2229 3136 cum
2277 3082 2388 3135 Deo
2434 3081 2644 3151 poteris
2686 3080 2871 3134 dicere
2907 3098 2917 3133 :
3022 3079 3294 3134 Eruit.....
3341 3079 3515 3149 pedes

1890 3192 2044 3230 meos
2085 3193 2117 3228 a
2165 3175 2327 3244 lapsu
2369 3174 2534 3243 (Psal.
2587 3190 2724 3240 cxrv,
2761 3174 2834 3243 8).
2947 3173 3053 3228 Sed
3100 3173 3174 3227 ita
3221 3172 3368 3227 eruit
3406 3173 3511 3226 Do-

1887 3268 2079 3323 minus
2130 3269 2302 3339 pedes
2349 3271 2478 3321 tuos
2528 3266 2598 3320 ab
2649 3267 2809 3321 omni
2868 3267 3047 3337 lapsu,
3092 3266 3135 3319 si
3186 3267 3517 3336 cognoverit

1889 3361 2042 3432 quod
2071 3367 2130 3415 tu
2157 3360 2457 3431 prohibeas
2479 3360 2651 3430 pedes
2681 3366 2809 3414 tuos
2832 3376 2865 3413 a
2893 3360 3074 3429 lapsu.
3106 3359 3237 3414 Ideo
3264 3359 3370 3413 hoc
3399 3376 3512 3413 me-

1888 3457 2002 3510 ruit
2046 3453 2240 3519 David,
2290 3458 2351 3507 ut
2391 3454 2538 3507 Deus
2574 3469 2609 3507 a
2652 3453 2810 3523 lapsu
2856 3452 3030 3523 pedes
3074 3452 3196 3522 ejus
3248 3457 3512 3516 erueret;

1889 3547 2160 3619 quoniam
2198 3546 2376 3617 pedes
2417 3562 2549 3600 suos
2583 3546 2702 3615 ipse
2739 3544 3099 3614 prohibebat,
3128 3560 3197 3599 ne
3238 3544 3514 3615 pracipiti

1891 3646 2061 3711 atque
2123 3639 2351 3693 incauto
2421 3642 2784 3709 peccatorum
2849 3637 3177 3691 laberentur
3239 3637 3511 3707 vestigio;

1888 3733 2043 3787 unde
2085 3738 2142 3787 et
2183 3732 2367 3803 potuit
2413 3730 2583 3786 verba
2630 3729 2916 3784 custodire
2950 3729 3159 3783 divina.
3200 3730 3320 3783 Non
3358 3729 3511 3783 enim

1889 3826 2174 3882 custodire
2226 3824 2352 3896 quis
2397 3824 2630 3895 poterit,
2679 3822 2784 3876 nisi
2838 3822 3088 3893 potuerit
3138 3822 3293 3892 prius
3340 3826 3507 3877 stare.

1885 3925 2029 3976 Cum
2090 3922 2282 3973 autem
2351 3916 2707 3981 custodierit,
2774 3916 2880 3986 ipsi
2946 3914 3142 3985 incipit
3205 3915 3303 3970 Dei
3374 3916 3509 3969 Ver

1886 4015 2024 4068 bum
2083 4014 2233 4067 ferre
2298 4010 2631 4066 custodiam.
2699 4008 3021 4064 Prohibitos
3072 4008 3244 4079 pedes
3292 4025 3421 4063 suos
3478 4027 3512 4063 a

1886 4106 1975 4160 via
2011 4106 2264 4175 maligna
2313 4104 2457 4158 bene
2514 4103 2672 4171 dicit,
2721 4102 2819 4174 qui
2860 4102 3145 4158 Christum
3191 4102 3336 4157 viam
3390 4119 3509 4157 esse

1886 4200 2060 4255 novit.

1963 4294 2044 4347 t8.
2099 4293 2274 4359 (Vers.
2338 4293 2480 4359 l02.)
2532 4292 2580 4345 A
2615 4290 2843 4358 judiciis
2893 4292 3000 4344 tuis
3049 4305 3154 4342 non
3200 4290 3509 4353 declinavi;

1885 4388 2143 4456 quoniam
2180 4390 2238 4439 tu
2281 4386 2445 4454 legem
2483 4384 2716 4453 posuisti
2746 4384 2895 4436 mihi.
2948 4382 3216 4451 Exposuit
3254 4381 3387 4452 quid
3430 4398 3510 4436 es-

158 4492 207 4536 et
246 4482 475 4537 itineris
513 4483 623 4551 (90)
668 4482 840 4552 hujus
882 4482 1168 4536 anfractus
1208 4481 1454 4536 viantem
1495 4478 1974 4551 implicareDset
2038 4496 2068 4533 a
2128 4479 2219 4532 via
2271 4477 2528 4546 maligna
2578 4475 2877 4545 prohibere
2932 4475 3163 4544 pedem;
3210 4491 3242 4526 a
3278 4474 3511 4545 judiciis

156 4592 261 4630 non
306 4575 510 4648 possit.
557 4576 838 4635 Prohibui,
880 4575 1087 4645 inquit,
1113 4575 1274 4644 pedes
1300 4590 1439 4629 meos
1468 4591 1501 4629 a
1541 4575 1785 4643 maligna

158 4672 256 4729 ria,
290 4670 396 4724 hoc
425 4672 535 4733 est,
564 4669 635 4722 ab
662 4668 821 4723 istius
847 4667 1037 4722 saculi
1058 4667 1333 4736 vanitate;
1358 4668 1492 4738 quia
1516 4667 1786 4722 saculum

214 4801 303 4861 (89)
346 4799 475 4849 .
516 4797 670 4858 edit,
711 4797 1011 4861 Speciosam
1054 4801 1230 4847 autem
1261 4798 1317 4846 in
1354 4810 1500 4846 cans
1517 4796 1787 4860 judicium

160 4873 424 4922 senectutis
499 4882 684 4918 sensus
755 4874 846 4919 est.
920 4868 1183 4929 Rom.....,
1256 4870 1460 4919 incana!
1518 4870 1786 4931 judicium

160 4945 449 4997 senectutis,
490 4944 543 4990 et
580 4941 842 5001 veterani,
885 4944 990 4991 etc.
1040 4940 1166 4990 Mss.
1208 4944 1318 4991 tres
1411 4941 1671 5002 Sponsum
1708 4940 1784 5003 (id

162 5017 245 5071 est,
276 5013 658 5078 promissum).
684 5012 810 5062 Duo
840 5026 851 5059 :
880 5012 1182 5075 Promptum
1212 5016 1386 5061 autem
1410 5011 1617 5059 incana
1636 5010 1785 5073 judi-

162 5083 281 5132 cium
320 5084 608 5134 senectutis
651 5082 706 5130 in
747 5095 902 5132 sensu
943 5086 1033 5131 est.
1077 5081 1275 5132 Cateri
1316 5081 1576 5145 denique,
1620 5086 1684 5132 ut
1730 5083 1784 5133 in

163 5161 417 5206 contextu
442 5171 457 5213 ;
487 5154 597 5203 nisi
628 5152 777 5217 quod
803 5154 1059 5204 nonnulli
1090 5153 1295 5204 habent
1312 5154 1576 5216 judicium
1611 5167 1786 5203 senec-

162 5227 287 5275 tutis.

213 5298 304 5355 (90}
333 5297 489 5348 Edit.
540 5298 674 5355 ant.,
703 5308 875 5359 prona
913 5297 980 5345 sit
1018 5301 1075 5345 ut
1116 5295 1330 5346 labatur
1370 5308 1475 5345 non
1514 5294 1585 5343 ad
1622 5308 1788 5344 unum

162 5368 422 5427 omnibus
467 5368 693 5425 malum,
743 5371 788 5415 et
845 5371 1142 5416 currentem
1188 5372 1377 5417 cuncta
1438 5367 1496 5414 in
1559 5378 1787 5430 preceps

164 5442 447 5502 suscipiant
501 5438 728 5502 probra,
774 5442 937 5501 atque
981 5443 1085 5488 toto
1132 5452 1158 5487 e
1211 5437 1425 5500 vestigio
1477 5435 1686 5498 feratur
1731 5438 1789 5485 in

167 5510 337 5559 rinam
360 5525 377 5570 ;
427 5510 581 5560 docet
638 5509 1082 5573 quemadmodum
1146 5513 1266 5559 vitae
1315 5510 1466 5559 istius
1530 5507 1789 5557 lubricam

164 5577 425 5630 datiuum
480 5580 756 5638 semitam,
811 5580 1052 5637 itineris,
1105 5583 1229 5641 etc.,
1282 5580 1440 5630 Rom.
1488 5579 1619 5629 edit.
1666 5580 1791 5642 post

164 5662 319 5700 voces
364 5649 644 5714 a'ectibus
684 5648 905 5705 malum,
958 5652 1032 5699 ita
1082 5652 1326 5714 reposuit
1380 5665 1393 5697 :
1440 5650 1530 5700 sed
1574 5650 1788 5699 univer-

168 5734 267 5769 sum
315 5728 428 5772 toto
480 5723 700 5785 vestigio
748 5721 962 5783 feratur
1018 5722 1077 5770 in
1130 5723 1347 5778 vitium,
1393 5726 1442 5770 et
1495 5725 1791 5770 currentem

170 5799 343 5843 macta
402 5794 462 5842 in
517 5805 748 5857 preceps
801 5792 1096 5858 suscipiant
1153 5791 1374 5857 probra.
1434 5792 1622 5851 Docet,
1679 5794 1787 5842 etc.

1887 4573 2082 4643 utique
2109 4588 2225 4626 non
2272 4570 2556 4625 declinare
2589 4568 2812 4633 divinis,
2842 4573 2899 4621 et
2934 4567 3163 4621 firmum
3193 4572 3361 4638 atque
3400 4569 3507 4624 im-

1888 4666 2103 4721 mobile
2144 4662 2555 4735 perseverantis
2594 4661 2932 4715 innocentia
2971 4666 3161 4716 tenere
3189 4662 3509 4732 vestigium,

1887 4796 2016 4845 Mss.
2066 4807 2197 4844 vero
2248 4804 2442 4843 omnes
2484 4790 2552 4840 ad
2600 4791 2783 4839 locum
2835 4790 3238 4840 restituendum
3279 4804 3514 4841 concur-

1888 4870 2047 4925 runt;
2092 4865 2202 4913 nisi
2256 4862 2406 4926 quod
2456 4864 2510 4911 in
2565 4860 2787 4910 duobus
2835 4860 3066 4924 legitur,
3115 4862 3299 4923 pronis
3344 4864 3399 4908 ut
3441 4861 3514 4910 ad

1887 4938 2051 4987 imum
2100 4934 2388 4999 a'ectibus.
2435 4939 2480 4982 et
2528 4936 2771 4982 currente
2818 4931 3030 4994 vestigio
3071 4931 3279 4992 feratur
3320 4931 3373 4979 in
3432 4931 3509 4978 vi-

1888 5010 2037 5065 tium,
2076 5008 2237 5061 docet,
2282 5011 2388 5055 etc.
2436 5006 2555 5054 Non
2596 5003 2757 5061 male,
2802 5003 2848 5051 si
2896 5002 3094 5051 vocula
3138 5008 3194 5051 ut
3234 5015 3514 5066 expunge-

1888 5084 2053 5130 retur.
2089 5080 2147 5128 In
2181 5076 2515 5141 quibusdam
2561 5075 2682 5123 aliis
2724 5073 2959 5123 habetur
3000 5074 3162 5122 etiam
3207 5085 3389 5131 unum,
3416 5086 3514 5136 pro

1888 5152 2099 5201 imum:
2141 5164 2208 5200 ex
2248 5162 2360 5213 quo
2407 5161 2589 5197 errore
2634 5147 2802 5195 totius
2850 5145 2959 5195 loci
3002 5144 3280 5207 corruptio
3321 5149 3512 5194 secuta

1889 5228 1990 5273 est.

1953 5294 2047 5351 (9t)
2092 5291 2223 5340 Mss.
2268 5289 2602 5353 complures,
2649 5292 2692 5335 et
2732 5285 2981 5349 ancipitis
3023 5283 3254 5346 affectus,
3309 5284 3361 5334 id
3410 5289 3510 5339 est.

1890 5361 2039 5425 quod
2070 5361 2294 5423 ancipiti
2317 5359 2482 5409 modo
2511 5372 2612 5407 nos
2652 5360 2839 5406 movet
2871 5359 2925 5404 et
2958 5353 3286 5425 afcit.A1ii
3322 5358 3512 5407 tamen

1888 5424 2000 5482 non
2030 5432 2213 5496 pauci,
2243 5445 2307 5481 ac
2334 5430 2462 5480 edit.
2495 5441 2707 5487 omnes,
2736 5432 2780 5475 et
2809 5426 3060 5496 ancipitis
3091 5424 3318 5487 allectus.
3348 5426 3514 5488 Quod

1889 5495 2075 5555 autem
2117 5503 2188 5552 de
2227 5503 2469 5565 maligna
2514 5501 2638 5549 luce
2688 5497 2961 5560 adjicitur,
3000 5495 3056 5545 id
3103 5497 3297 5559 procul
3341 5498 3514 5548 dubio

1891 5577 2247 5638 desumptum
2277 5575 2357 5622 est
2387 5586 2455 5621 ex
2483 5571 2578 5620 illo
2607 5569 2779 5630 Virg,
2804 5568 2899 5617 lib.
2928 5580 2986 5617 v1
3011 5567 3226 5617 Eneid.
3257 5584 3267 5615 :

2014 5687 2193 5751 Quale
2228 5701 2324 5750 per
2349 5686 2616 5736 incertam
2651 5684 2843 5735 lunam
2869 5682 2973 5735 sub
3002 5682 3128 5735 luce
3153 5682 3393 5748 maligna

2014 5761 2114 5811 Est
2143 5760 2243 5810 iter
2268 5760 2324 5809 in
2353 5757 2525 5809 silvis.
