3930 6168
461 305 593 361 1459

1917 303 1972 353 S.
2015 299 2328 355 AMBROSII

3681 302 3805 355 1460

451 419 572 486 non
602 430 907 486 deflectere
950 429 1214 500 gradum,
1251 443 1355 482 nec
1400 427 1471 481 de
1513 427 1792 482 curriculo
1833 429 2086 481 avertere
2109 437 2165 509 Α
2189 425 2269 481 ait
2296 441 2308 478 :
2339 427 2512 493 Quam
2544 427 2725 481 dulcia
2751 427 3006 492 faucibus
3033 428 3159 481 meis
3183 427 3345 480 verba
3383 431 3498 488 tua,
3527 441 3688 495 super
3712 428 3809 481 met

459 523 801 595 disciplinae,
838 523 940 577 sed
981 522 1198 576 semitis
1227 537 1344 575 non
1384 522 1568 575 solum
1600 520 1806 575 veteris
1846 521 1903 574 in
1932 520 2084 585 Sina,

459 619 558 674 sed
590 615 844 690 1137
881 616 1052 671 etiam
1096 631 1260 670 novae
1301 614 1444 685 legis
1489 614 1748 669 insistere
1773 613 2086 668 secundum

460 711 750 782 Evangelii
778 711 1115 765 claritatem.

535 808 619 860 l9.
649 806 746 859 Est
790 805 966 858 etiam
995 803 1287 874 Evangelii
1331 805 1443 868 lex,
1477 802 1545 856 de
1575 817 1687 872 qua
1721 800 1858 854 dicit
1895 799 1951 854 in
2000 817 2088 855 su-

461 898 781 970 perioribus
821 898 912 952 hic
949 898 1230 969 propheta
1259 913 1272 951 :
1306 916 1334 945 «
1365 895 1679 962 Constitue,
1711 894 1971 963 Domine,
2004 895 2084 948 le-

462 993 799 1064 gislatorem
841 1009 1016 1064 super
1060 1008 1185 1060 eos;
1227 990 1402 1045 sciant
1446 991 1646 1060 gentes
1685 988 1956 1060 quoniam
1993 989 2090 1043 ho-

464 1086 650 1141 mines
712 1089 845 1140 sunt
902 1085 1068 1156 (Psal.
1120 1101 1209 1151 IX,
1269 1085 1380 1153 21).
1438 1103 1465 1131 ››
1515 1083 1834 1137 Adventum
1897 1081 2090 1153 utique

464 1179 695 1235 Domini
761 1179 1128 1249 intelligimus
1190 1175 1548 1248 prophetari,
1616 1179 1673 1230 et
1736 1176 2089 1231 vocationem

464 1273 724 1345 gentium
755 1273 860 1344 (92)
892 1289 1020 1342 qua!
1065 1275 1194 1325 ante
1236 1271 1296 1324 in
1341 1270 1526 1324 lutum
1567 1269 1862 1341 quoddam
1899 1286 2090 1341 corpo-

464 1367 541 1422 ris
572 1367 742 1437 hujus
769 1365 1104 1419 videbantur
1142 1363 1354 1429 inﬁxai,
1393 1363 1668 1434 voluptati
1708 1363 2091 1434 corruptionis

465 1477 581 1515 sua:
635 1463 908 1529 tanquam
961 1457 1104 1526 feeci,
1156 1462 1213 1512 et
1260 1457 1483 1510 libidini
1537 1456 1912 1524 inhaerentes;
1961 1457 2093 1527 quia

465 1553 770 1608 Dominum
797 1551 1144 1605 nescierunt.
1176 1552 1242 1604 Et
1264 1551 1392 1605 ideo
1417 1549 1598 1604 iratus
1630 1573 1639 1602 :
1671 1573 1696 1598 ‹‹
1725 1553 2090 1618 Avertantur,

464 1646 672 1716 inquit,
721 1649 1050 1718 peccatores
1090 1644 1150 1698 in
1209 1643 1501 1698 infernum
1546 1644 1716 1713 (Psat.
1759 1660 1835 1711 ix,
1875 1642 1988 1712 l8);
2029 1648 2094 1696 ut

466 1755 582 1794 non
635 1737 893 1793 viderent
938 1737 1381 1792 descendentem
1425 1740 1485 1790 et
1536 1736 1938 1791 ascendentem
1977 1736 2094 1790 ani-

2187 524 2237 574 et
2261 524 2452 587 favum
2479 522 2562 574 ori
2589 522 2734 575 meo!
2761 521 2828 574 Et
2859 520 3006 574 bene
3045 521 3248 582 dulcia,
3287 519 3496 591 quibus
3533 519 3806 590 praedica-

2191 620 2284 668 tur
2327 613 2590 668 remissio
2630 617 3021 684 peccatorum,
3060 614 3192 668 vitai
3231 613 3578 684 perennitas,
3623 630 3805 668 resur-

2189 707 2363 762 rectio
2393 707 2565 762 etiam
2596 707 3013 774 defunctorum,
3047 724 3176 778 qum
3211 713 3507 778 perpetua:
3535 708 3735 762 mortis
3758 713 3812 762 et

2191 801 2410 857 acerbae
2445 801 2886 857 amaritudinem
2921 805 3334 872 temperarunt.
3373 803 3479 856 Per
3508 801 3630 855 haec
3657 817 3809 856 mor-

2191 901 2305 950 tem
2350 897 2624 967 coepimus
2671 911 2784 950 non
2835 895 3061 962 timere,
3109 895 3207 966 qui
3257 895 3532 965 coepimus
3573 894 3757 950 dicere
3795 913 3806 949 :

2197 991 2297 1045 Ubi
2321 995 2418 1053 est,
2457 1005 2618 1052 mors,
2658 991 2888 1045 victoria
2919 994 3014 1043 tua
3043 991 3085 1058 (l
3128 988 3271 1050 Cora,
3301 1005 3385 1054 xv,
3417 988 3546 1059 55)?
3575 989 3643 1043 Et
3667 989 3812 1044 bene

2188 1084 2439 1150 faucibus
2473 1083 2692 1148 dulcia;
2738 1099 2805 1138 eo
2849 1082 2998 1153 quod
3040 1081 3258 1136 intimis
3288 1082 3471 1137 infusa
3509 1082 3812 1138 visceribus

2192 1176 2375 1247 gratia
2401 1175 2670 1247 spiritalis
2697 1175 2789 1230 sit.

2259 1273 2350 1324 23.
2389 1272 2564 1339 Super
2601 1271 2707 1324 mel
2739 1275 2788 1324 et
2831 1272 3039 1337 favum,
3084 1269 3289 1341 inquit,
3335 1271 3420 1324 ori
3459 1285 3572 1324 meo
3614 1270 3810 1325 dulcia.

2193 1364 2260 1417 Et
2284 1363 2413 1418 ideo
2456 1363 2555 1433 qui
2591 1362 2779 1417 dulcia
2815 1363 2983 1417 nobis
3019 1363 3192 1417 verba
3225 1365 3323 1417 tua
3362 1379 3480 1417 esse
3507 1367 3813 1433 cmperunt,

2193 1456 2333 1510 dicis
2374 1457 2443 1510 ad
2491 1455 2792 1510 Ecclesiam
2826 1473 2839 1510 :
2887 1478 2915 1504 «
2947 1457 3152 1510 Favum
3193 1455 3466 1510 distillant
3507 1455 3659 1510 labia
3700 1459 3814 1525 tua,

2193 1549 2407 1619 Sponsa
2451 1549 2650 1618 (Cant.,
2696 1566 2772 1618 1v,
2818 1549 2926 1620 11).
2959 1571 2986 1598 ››
3025 1549 3172 1614 Quid
3214 1549 3259 1603 si
3298 1549 3474 1614 favus,
3515 1550 3654 1603 doce
3695 1565 3814 1612 nos,

2194 1643 2507 1697 Salomon?
2531 1644 2609 1697 Tu
2650 1641 2908 1716 1138
2943 1643 3098 1698 enim
3129 1642 3316 1697 dixisti
3345 1659 3358 1696 :
3396 1663 3418 1693 ι
3455 1642 3584 1696 Favi
3615 1642 3816 1709 mellis,

2194 1752 2485 1790 sermones
2534 1735 2668 1790 boni
2710 1737 2913 1807 (Ρνουυ
2962 1752 3069 1804 XVI,
3114 1736 3226 1807 24).
3271 1756 3295 1786 υ
3345 1737 3412 1790 Et
3457 1752 3590 1790 vere
3636 1736 3819 1790 bonus

466 1849 622 1887 mam
651 1831 872 1886 Domini
902 1833 1053 1899 .lesu,
1087 1837 1142 1884 et
1169 1833 1644 1886 converterentur
1669 1831 1737 1884 ad
1765 1830 2091 1898 Dominum,
2114 1805 2170 1875 Β
2196 1831 2375 1895 favus,
2403 1845 2574 1900 quem
2599 1829 2911 1884 manducet
2936 1829 3202 1899 Ecclesia,
3234 1830 3544 1884 multorum
3569 1829 3811 1900 prophe-

466 1925 567 1997 qui
596 1924 867 1992 converti,
895 1941 1025 1978 cum
1063 1925 1335 1991 viverent,
1369 1924 1697 1978 noluerunt.
1736 1924 1844 1978 Sed
1890 1924 1958 1978 de
1987 1923 2094 1977 illis

467 2018 606 2073 dicit
665 2018 966 2089 gentibus,
1035 2038 1061 2066 ‹‹
1117 2034 1246 2088 qua:
1309 2017 1718 2072 obliviscuntur
1787 2017 2091 2072 Dominum

467 2112 669 2182 (lbid.).
703 2133 730 2160 ››

537 2209 627 2260 20.
667 2204 924 2260 Scierunt
961 2221 1101 2276 ergo
1139 2208 1196 2259 et
1232 2204 1392 2258 obliti
1422 2208 1585 2270 sunt;
1619 2207 1808 2259 tamen
1839 2205 2091 2276 prophe-

468 2301 578 2354 tica
627 2298 986 2370 benignitate
1035 2302 1157 2352 orat
1205 2302 1269 2352 ut
1309 2303 1577 2368 exsurgat
1629 2298 1924 2366 Dominus,
1981 2315 2096 2353 non

468 2393 769 2463 praevaleat
808 2392 1008 2458 homo;
1051 2394 1114 2445 ut
1154 2391 1528 2463 cogitationes
1567 2395 1823 2459 terrenae,
1872 2395 1928 2445 et
1968 2408 2092 2465 mo-

472 2489 559 2540 tus
605 2500 804 2540 omnes
852 2485 1131 2540 ferventes
1174 2485 1345 2556 hujus
1383 2485 1636 2556 corporis
1672 2485 2093 2556 conquiescant.

472 2600 500 2627 ‹‹
537 2578 870 2634 Judicentur
891 2583 1091 2648 gentes
1110 2579 1293 2648 (Ibid.,
1311 2579 1435 2648 20);
1468 2600 1495 2628 »
1519 2577 1789 2650 quoniam
1815 2583 1952 2633 tunc
1971 2595 2096 2650 cog-

468 2672 720 2727 noscitur
763 2672 1052 2739 Dominus,
1099 2688 1228 2726 cum
1269 2672 1591 2726 timentium
1635 2673 1981 2728 convertitur
2010 2672 2095 2726 af-

467 2766 668 2833 fectus,
706 2764 894 2836 gravis
937 2769 1155 2821 terrore
1185 2763 1388 2835 judicii
1421 2781 1434 2818 :
1473 2785 1500 2814 ι(
1533 2766 1600 2818 Et
1638 2765 1857 2819 discant
1893 2768 2097 2836 gentes

469 2860 737 2931 quoniam
800 2859 1064 2913 homines
1123 2860 1258 2912 sunt
1321 2858 1517 2928 (Ibid.,
1575 2860 1683 2927 21),
1733 2881 1760 2908 υ
1815 2858 1918 2912 luti
1972 2874 2094 2913 cor-

469 2953 736 3023 ruptione
778 2950 1131 3017 resolubiles,
1180 2955 1238 3004 et
1285 2951 1404 3005 imo
1451 2951 1787 3006 durescente
1829 2951 2094 3019 formati;

467 3047 622 3117 quod
663 3049 795 3100 ante
831 3044 931 3115 qui
963 3044 1159 3114 legem
1198 3059 1315 3098 non
1353 3046 1711 3114 acceperant,
1751 3043 2095 3099 nesciebant.

472 3137 633 3194 Unde
664 3137 947 3207 Propheta
969 3136 1131 3208 quasi
1156 3142 1211 3190 et
1239 3136 1360 3206 ipse
1384 3136 1643 3190 turbatus
1661 3142 1904 3191 terrenas
1931 3137 2100 3208 fragi-
2120 3169 2175 3244 Ο

472 3229 646 3285 litatis
678 3229 1178 3299 contemplatione,
1207 3228 1285 3283 ait
1315 3246 1328 3283 :
1361 3250 1389 3278 ι(
1421 3230 1490 3283 Ut
1515 3230 1671 3300 quid,
1703 3230 1959 3300 Domine,
1993 3230 2100 3285 dis-

473 3323 690 3378 cessisti
719 3323 886 3393 longe
913 3322 1097 3393 (Ibid.,
1123 3325 1214 3391 22,
1242 3322 1332 3376 vel
1361 3339 1416 3390 x,
1453 3323 1539 3390 1)?
1567 3344 1594 3372 »
1621 3324 1770 3377 Bene
1789 3323 1970 3391 timet,
2003 3324 2100 3395 qui

475 3416 766 3470 hominem
819 3433 876 3470 se
923 3431 1044 3470 esse
1088 3415 1408 3486 cognoscit;
1450 3416 1547 3471 sed
1592 3416 1725 3487 quia
1771 3418 1894 3487 plus
1939 3417 2100 3472 timet

472 3509 658 3576 nobis,
686 3509 784 3580 qui
815 3525 1008 3563 sumus
1046 3525 1116 3563 ex
1149 3509 1416 3580 gentibus
1453 3513 1798 3580 peccatores,
1836 3513 2100 3581 precatur

475 3619 591 3658 non
634 3603 801 3673 longe
841 3602 938 3656 ﬁat
973 3619 1007 3656 a
1046 3602 1160 3656 suis
1198 3602 1493 3673 gentibus;
1535 3605 1595 3656 ut
1631 3603 1732 3674 qui
1775 3603 1945 3675 longe
1971 3621 2094 3659 era-

475 3713 622 3764 mus,
668 3695 1012 3766 incipiamus
1057 3712 1176 3752 esse
1226 3696 1540 3767 propiores,
1587 3701 1644 3752 et
1682 3698 1925 3752 sciamus
1965 3698 2100 3768 quia

473 3791 734 3846 homines
771 3805 986 3857 sumus,
1016 3788 1088 3843 ad
1133 3789 1443 3860 imaginem
1481 3789 1694 3845 scilicet
1735 3795 1793 3845 et
1831 3791 2096 3845 similitu-

473 3885 668 3938 dinem
707 3883 800 3938 Dei
834 3882 986 3950 facti,
1017 3883 1223 3954 quibus
1260 3899 1366 3962 per
1401 3882 1646 3953 Virginis
1672 3886 1896 3954 partum
1926 3885 2099 3938 etiam

441 3973 446 3976 ’
475 3977 729 4032 Christus
755 3976 1060 4031 conformis
1091 3977 1194 4047 (93)
1223 3981 1308 4032 est
1339 3978 1538 4032 factus.
1580 3979 1749 4032 Recte
1775 3993 1913 4049 ergo
1943 3983 2002 4034 et
2025 3978 2099 4032 ad

477 4070 863 4124 infirmitatem
892 4069 1184 4140 accipitur,
1214 4074 1271 4124 et
1297 4070 1370 4124 ad
1392 4071 1634 4141 gratiam
1658 4088 1671 4126 :
1707 4072 1941 4126 «Sciant
1967 4088 2102 4142 gen-

477 4169 560 4218 tes
586 4163 855 4234 quoniam
881 4164 1140 4217 homines
1175 4168 1338 4231 sunt;
1370 4185 1395 4212 ››
1426 4165 1605 4219 altero
1650 4182 1752 4235 per
1792 4182 2101 4221 commune

477 4256 766 4328 quoddam
818 4258 989 4326 atque
1055 4256 1284 4310 carnale
1351 4258 1701 4312 consortium
1755 4259 2098 4325 bestiarum;

477 4351 655 4406 altero
686 4365 790 4420 per
813 4349 1128 4420 imaginem
1159 4349 1278 4417 Dei,
1303 4355 1358 4402 ct
1383 4350 1566 4404 carnis
1586 4352 1894 4406 Dominicae
1921 4369 2102 4406 sacra-

475 4449 735 4499 mentum
773 4443 1023 4515 dignitas
1059 4459 1182 4498 esse
1222 4443 1408 4514 coepit,
1443 4459 1571 4514 quae
1600 4443 1925 4514 ignobilitas
1954 4445 2102 4502 vide-

473 4539 656 4592 batur.

543 4635 632 4686 21.
660 4631 852 4686 Merito
881 4647 1019 4702 ergo
1061 4648 1173 4684 non
1206 4630 1509 4686 declinavit
1533 4649 1567 4685 a
1595 4631 1828 4702 judiciis
1859 4633 1957 4687 Dei
1992 4649 2096 4704 po-

470 4726 636 4796 pulus
681 4724 1002 4790 nationum,
1053 4723 1152 4794 qui
1198 4730 1384 4793 potest
1429 4724 1618 4778 dicere
1661 4741 1673 4778 :
1728 4727 1988 4791 Quoniam
2037 4733 2096 4780 tu

470 4821 634 4888 legem
651 4819 885 4888 posuisti
907 4818 1066 4871 mihi.
1107 4820 1229 4873 Non
1268 4835 1371 4888 per
1407 4819 1652 4889 Moysen,
1686 4834 1800 4872 non
1836 4835 1938 4888 per
1963 4835 2095 4889 pro-

469 4913 692 4983 phetas,
742 4911 843 4964 sed
886 4910 1005 4982 ipse
1049 4927 1152 4982 per
1198 4914 1272 4979 te,
1316 4912 1469 4980 lesu,
1518 4912 1682 4979 legem
1725 4915 1902 4980 posuit
1943 4914 2094 4974 mihi,

469 5008 575 5061 hoc
630 5008 734 5072 est,
784 5003 1172 5076 Evangelium.
1219 5004 1350 5058 ideo
1409 5021 1523 5058 non
1573 5003 1847 5059 declinavi
1891 5022 1924 5059 a
1973 5006 2094 5074 via;

467 5100 601 5171 quia
629 5103 682 5154 te
710 5099 923 5169 aspexi,
949 5104 1003 5151 te
1034 5098 1297 5169 cognovi,
1320 5103 1414 5151 tua
1433 5097 1638 5153 itinera
1659 5103 1882 5152 secutus
1904 5114 2096 5154 veram

467 5193 708 5264 cognovi
734 5192 908 5247 viam.

535 5291 622 5343 22.
681 5287 858 5358 (Vers.
913 5285 1057 5356 103.)
1110 5288 1307 5356 Itaque
1357 5284 1815 5356 praedicationem
1865 5285 2098 5340 audiens

466 5381 753 5451 Evangelii
805 5397 976 5451 quam
1030 5379 1398 5451 propheticus
1448 5378 1679 5450 spiritus
1731 5379 2094 5449 praacinebat,

528 5556 625 5618 (92)
680 5558 807 5606 Mss.
861 5558 1090 5622 aliquot,
1148 5555 1460 5620 prophetari
1514 5556 1793 5605 vocatione
1844 5555 2094 5618 gentium.

464 5627 696 5684 Rursus,
742 5627 842 5677 ubi
885 5641 1078 5678 omnes
1117 5627 1266 5687 edit.,
1309 5641 1439 5677 cum
1480 5626 1611 5690 Reg.
1655 5626 1796 5686 cod.,
1839 5632 2098 5690 tanquam

457 5698 572 5761 feci
599 5703 644 5746 et
677 5696 886 5747 libidini
913 5713 930 5759 ;
960 5700 1056 5749 alii
1081 5698 1201 5749 cod.
1240 5712 1442 5762 magno
1485 5711 1740 5758 numero,
1776 5711 1935 5760 quam
1956 5696 2098 5758 fece—

461 5775 588 5819 rant
617 5771 762 5829 (tres,
789 5782 947 5832 quam
980 5769 1232 5829 fecerunt)
1266 5774 1311 5817 et
1343 5769 1571 5819 libidini.

525 5841 619 5904 (93)
652 5838 822 5899 Edit,
846 5838 1035 5904 quibus
1060 5853 1154 5905 per
1186 5840 1418 5909 Virginis
1446 5846 1654 5895 uterum
1680 5840 1837 5892 etiam
1861 5839 2101 5893 Christus

2195 1926 2385 1976 tarum
2411 1921 2568 1976 velut
2597 1937 2775 1993 apum
2804 1921 3045 1992 spiritali
3071 1922 3324 1978 ubertate
3353 1925 3624 1993 congesta
3650 1922 3818 1976 mella

2195 2014 2567 2070 redolentem.
2607 2016 2720 2069 Hoc
2752 2019 2836 2070 est
2871 2016 2987 2070 mel
3027 2015 3098 2070 de
3127 2032 3242 2087 quo
3281 2016 3402 2070 ait:
3438 2036 3466 2065 α
3496 2015 3820 2070 Manducavi

2196 2125 2401 2180 panem
2436 2125 2630 2164 meum
2665 2124 2793 2162 cum
2836 2108 3003 2164 melle
3037 2125 3196 2176 meo;
3239 2108 3355 2164 bibi
3390 2109 3588 2163 vinum
3630 2125 3820 2164 meum

2195 2219 2324 2256 cum
2351 2203 2494 2256 lacte
2529 2217 2657 2256 meo
2695 2202 2900 2271 (Cant.,
2925 2218 2981 2269 v,
3020 2202 3090 2272 l).
3123 2223 3150 2251 ››
3179 2203 3439 2273 Mysticus
3481 2218 3668 2257 sermo
3705 2219 3819 2257 caa-

2197 2295 2422 2350 lestium
2468 2295 2890 2366 Scripturarum
2936 2295 3080 2350 sicut
3123 2296 3287 2367 panis
3328 2300 3432 2365 est,
3475 2296 3571 2367 qui
3617 2296 3817 2350 contir-

2197 2391 2314 2442 mat
2339 2404 2438 2443 cor
2462 2388 2734 2456 hominis,
2757 2389 2913 2444 velut
2931 2388 3138 2443 fortior
3157 2388 3314 2443 cibus
3333 2388 3511 2444 verbi.
3535 2388 3822 2444 Suasorius

2198 2486 2390 2536 autem
2431 2482 2671 2548 ethicus,
2714 2481 2894 2536 dulcis
2937 2485 2996 2536 et
3033 2482 3286 2548 mollior;
3332 2499 3401 2537 eo
3447 2482 3600 2553 quod
3640 2483 3822 2537 ethica

2197 2575 2601 2646 praedicatione
2660 2575 2869 2630 mentis
2932 2575 3163 2630 interna
3221 2576 3574 2642 mulcentur;
3625 2592 3822 2630 amara

2196 2669 2466 2736 febribus,
2515 2669 2569 2723 id
2617 2673 2720 2736 est,
2765 2668 3097 2740 pmnitentia
3141 2670 3246 2738 (94)
3293 2670 3651 2738 delictorum,
3697 2669 3820 2723 miti

2198 2763 2366 2816 corda
2391 2777 2652 2816 sermone
2679 2762 3023 2818 dulcescunt.
3057 2762 3283 2817 Stillant
3308 2763 3421 2817 mel
3445 2761 3598 2817 labia
3624 2763 3824 2834 praedi-

2199 2855 2398 2923 cantis,
2421 2855 2654 2927 quando
2680 2855 2872 2910 collisa
2897 2856 3052 2911 duris
3077 2856 3298 2911 casibus
3318 2857 3405 2911 vel
3433 2856 3628 2925 ruinis,
3656 2857 3825 2928 lapsa:

2198 2948 2403 3003 animm
2431 2949 2689 3003 membra
2720 2950 3069 3004 refoventur.

2269 3042 2357 3096 24.
2393 3043 2486 3096 Est
2515 3042 2687 3096 etiam
2722 3042 2804 3096 vis
2842 3043 3156 3098 ferventior
3195 3043 3371 3110 verbi,
3398 3043 3540 3099 sicut
3569 3044 3700 3098 vini.
3735 3045 3833 3098 Est

2201 3133 2374 3189 etiam
2412 3134 2470 3188 in
2510 3135 2668 3189 lactis
2711 3135 2897 3208 specie
2936 3152 3122 3191 sermo
3160 3136 3418 3191 lucidior.
3456 3159 3484 3187 ι(
3518 3137 3697 3205 Edite,
3740 3139 3826 3192 in-

2199 3228 2341 3299 quit,
2364 3228 2605 3299 proximi
2633 3230 2768 3296 mei,
2793 3234 2850 3284 et
2873 3229 3072 3296 bibite,
3101 3234 3159 3284 et
3177 3230 3540 3285 inebriamini
3563 3231 3772 3302 (lbid.).
3799 3257 3826 3279 ››

2200 3322 2354 3376 Bona
2383 3321 2644 3389 ebrietas,
2685 3339 2814 3394 quae
2853 3322 2925 3376 ad
2968 3324 3210 3378 meliora
3247 3329 3416 3395 atque
3451 3325 3705 3395 jucunda
3744 3326 3826 3379 fa-

2199 3415 2274 3469 cit
2311 3416 2621 3486 quemdam
2667 3416 2876 3471 mentis
2918 3433 3239 3484 excessum;
3273 3422 3334 3472 ut
3371 3417 3681 3472 immemor
3717 3420 3826 3473 sol-

2199 3509 2560 3564 licitudinum
2601 3509 2827 3564 animus
2867 3513 3061 3565 noster
3098 3511 3231 3565 vino
3264 3511 3635 3582 jucunditatis
3680 3512 3827 3566 hila-

2200 3607 2374 3657 retur.
2426 3603 2579 3658 Bona
2631 3619 2844 3658 mensae
2892 3603 3162 3675 spiritalis
3203 3604 3464 3660 ebrietas.
3511 3605 3769 3677 Denique
3816 3623 3828 3660 :

2204 3714 2228 3744 α
2270 3697 2544 3750 Poculum
2597 3695 2887 3751 inebrians
2931 3713 3102 3768 quam
3147 3699 3482 3768 praeclarum
3526 3703 3610 3753 est
3657 3701 3831 3767 (Psal.

2199 3805 2327 3856 xxn,
2357 3788 2439 3859 5)!
2473 3809 2500 3840 »
2529 3789 2640 3845 Sed
2677 3793 2735 3844 et
2766 3790 2896 3844 alibi
2935 3789 3109 3846 habes
3139 3807 3153 3844 :
3185 3811 3212 3839 ‹‹
3241 3791 3407 3846 Rivos
3433 3792 3554 3861 ejus
3581 3791 3831 3852 inebria.

2200 3881 2513 3953 multiplica
2552 3883 2945 3953 generationes
2989 3884 3111 3954 ejus
3149 3885 3314 3951 (Psal.
3356 3901 3501 3952 inv,
3543 3886 3723 3954 11);››
3767 3903 3836 3940 eo

2201 3975 2351 4045 quod
2390 3975 2632 4030 ebrietas
2675 3981 2842 4031 terra:
2889 3993 3020 4031 cum
3062 3977 3249 4032 infusa
3293 3977 3464 4032 fuerit
3503 3978 3689 4033 imbre
3727 3997 3838 4033 coe-

2203 4071 2346 4138 lesti,
2375 4071 2644 4126 suscitare
2671 4072 2914 4140 semina,
2943 4073 3159 4127 fructus
3187 4073 3558 4145 multiplicare
3585 4091 3831 4130 consue-

2203 4163 2365 4218 verit.
2390 4165 2585 4234 ltaque
2605 4165 2842 4219 verbum
2865 4166 2966 4220 Dei
2987 4166 3139 4237 quod
3163 4167 3304 4222 sicut
3326 4167 3515 4238 pluvia
3535 4169 3834 4223 descendit

2203 4256 2272 4310 de
2323 4257 2488 4323 ccelo,
2542 4257 2634 4311 ubi
2679 4274 2849 4312 venas
2894 4264 3060 4314 terra:
3105 4263 3332 4328 nostras,
3374 4262 3454 4336 vel
3502 4262 3716 4316 animae
3768 4281 3837 4316 ac

2203 4350 2411 4404 mentis
2436 4350 2729 4405 inebriavit
2751 4352 3150 4421 praedicatione
3179 4354 3386 4422 divina,
3417 4354 3684 4409 excitavit
3715 4358 3833 4410 vir-

2203 4447 2388 4496 tutum
2428 4443 2615 4497 studia
2644 4444 3015 4512 diversarum,
3044 4447 3370 4519 fructusque
3400 4449 3528 4504 iidei
3572 4454 3630 4504 et
3660 4455 3838 4505 castas.

2117 4536 2516 4606 Ddevotionis
2555 4537 2832 4604 adolevit;
2876 4539 3197 4610 meritoque
3242 4541 3293 4595 ei
3333 4542 3580 4597 dicitur:
3628 4565 3655 4592 ‹‹
3690 4545 3838 4598 Visi-

2199 4629 2330 4683 tasti
2356 4633 2590 4698 terram,
2622 4636 2678 4685 et
2702 4631 2993 4687 inebriasti
3022 4649 3146 4688 eam
3175 4634 3356 4702 (Ibid.,
3387 4635 3494 4704 l0).
3522 4657 3550 4684 ιι
3585 4637 3841 4707 Suscep-

2199 4723 2353 4778 tione
2383 4724 2595 4778 etenim
2619 4725 2873 4795 corporis
2899 4726 3160 4792 visitavit,
3193 4734 3253 4780 ut
3281 4734 3510 4783 sanaret
3535 4729 3839 4798 inﬁrmos;

2199 4818 2504 4873 inebriavit
2554 4816 2737 4887 gratia
2787 4818 3058 4889 spiritali,
3113 4825 3179 4874 ut
3228 4821 3429 4876 anxios
3468 4823 3842 4893 jucunditate

2197 4913 2498 4967 mulceret.

2266 5009 2356 5060 25.
2397 5007 2570 5060 Recte
2609 5021 2746 5075 ergo
2785 5005 3016 5075 Sponsa:
3058 5006 3304 5062 dicitur:
3349 5030 3375 5056 «
3405 5009 3606 5063 Favum
3643 5009 3843 5064 distil-

2199 5099 2323 5152 lant
2361 5097 2506 5153 labia
2540 5105 2657 5165 tua,
2697 5101 2944 5169 Sponsa;
2987 5100 3101 5154 mcl
3144 5104 3202 5155 et
3245 5101 3332 5155 lac
3372 5102 3474 5157 sub
3513 5103 3712 5172 lingua
3743 5110 3848 5158 tua

2205 5194 2399 5258 (Cant.,
2430 5209 2500 5259 iv,
2532 5194 2636 5263 11).
2670 5214 2698 5242 ››
2731 5193 2803 5248 Os
2840 5193 2995 5248 enim
3021 5194 3160 5263 justi
3195 5195 3427 5250 distillat
3455 5196 3846 5267 sapientiam;

2199 5285 2270 5339 de
2297 5300 2394 5339 ore
2424 5285 2567 5354 justi
2605 5285 2902 5340 suavitatis
2939 5291 2996 5340 et
3033 5287 3440 5344 misericordiae
3481 5291 3653 5345 mella
3697 5308 3845 5363 pro-

2199 5378 2436 5444 cedunt;
2481 5378 2541 5433 in
2591 5396 2687 5436 ore
2733 5381 2871 5450 justi
2920 5381 3112 5437 nullus
3157 5381 3341 5449 dolus,
3386 5385 3541 5438 nulla
3585 5385 3848 5452 fallacia,

2197 5555 2505 5617 conformis;
2531 5555 2728 5619 reliqui
2753 5555 3048 5607 nobiscum
3076 5557 3304 5608 faciunt.

2259 5628 2355 5688 (94)
2387 5628 2468 5676 Ita
2496 5627 2684 5678 cuncti
2711 5641 2841 5678 mss.
2871 5633 2928 5679 et
2958 5633 3067 5680 vet.
3099 5629 3249 5690 edit;
3291 5630 3446 5680 Rom.
3488 5645 3654 5682 vero:
3688 5634 3850 5684 Sicut

2199 5698 2336 5746 enim
2380 5699 2490 5749 oris
2526 5711 2740 5757 amara,
2783 5713 2901 5762 qua:
2945 5699 3178 5760 febribus
3221 5701 3303 5750 vel
3349 5701 3476 5751 aliis
3518 5703 3852 5752 acciderunt

2198 5769 2629 5831 mgritudinibus,
2681 5771 2782 5820 met
2835 5771 3108 5834 mitiﬁcat;
3162 5773 3239 5822 ita
3290 5775 3467 5824 tristia
3513 5773 3852 5825 delictorum

2196 5841 2528 5905 paenitentia,
2553 5843 2658 5892 etc.
