3930 6168
188 287 278 339 1461

1245 278 1595 335 EXPOSlTlO
1636 279 1701 334 IN
1744 236 2057 335 PSALMUM
2099 280 2326 335 CXVIII.

3330 285 3459 337 1462

178 409 296 465 nulla
332 412 405 461 est
437 405 747 461 amaritudo
790 406 1019 477 peccati.
1069 406 1242 460 Audit
1280 408 1519 462 Ecclesia
1559 407 1732 462 verba
1755 418 1812 492 Α
1833 411 1891 461 et
1920 408 1999 461 lac
2026 408 2239 462 habere
2267 408 2370 462 sub
2407 407 2625 479 lingua,
2662 416 2719 461 ut
2758 423 2872 461 non
2906 409 3247 464 maledicere
3278 414 3457 466 male-

172 501 289 573 justi,
308 501 452 556 audit
483 500 632 571 plebs
667 500 768 553 Dei
789 504 1070 571 praecepta
1103 499 1393 571 sapientis,
1419 500 1733 555 delectatur

177 594 355 665 alloquii
377 592 632 647 suavitate
674 592 902 647 moralis
944 593 1344 662 disputationis
1370 592 1731 664 jucunditate

174 689 416 754 mulcetur,
443 685 630 741 dicens
660 702 674 739 :
708 686 879 751 Quam
908 686 1092 740 dulcia
1132 687 1391 752 faucibus
1416 689 1547 741 meis
1568 687 1734 741 verba

173 790 257 843 tua,
284 795 428 850 super
466 780 568 834 mel
605 784 655 834 et
696 782 886 846 favum
925 782 1010 833 ori
1052 781 1200 834 meo!
1233 779 1364 850 quia
1406 780 1519 834 mel
1558 794 1732 850 apum

170 874 220 930 ad
250 874 430 928 horam
472 873 734 939 delectat,
773 872 874 927 sed
914 872 1025 927 cito
1070 888 1240 944 sapor
1272 872 1394 943 ejus
1433 872 1730 939 evanescit,

167 973 207 1022 et
232 967 543 1038 plerumque
581 965 791 1020 viscera
834 965 1025 1020 vitiosa
1059 965 1382 1035 laeduntur;
1424 965 1733 1021 verborum

166 1063 314 1115 autem
349 1060 642 1114 moralium
675 1059 780 1113 etsi
817 1063 1086 1130 pungunt
1123 1059 1313 1127 mella,
1345 1075 1457 1114 non
1497 1058 1729 1113 laedunt.

164 1155 403 1224 Cognosce
463 1158 657 1207 tamen
730 1152 820 1207 cui
892 1152 986 1207 illa
1049 1151 1391 1221 credantur;
1459 1151 1732 1223 scriptum

161 1250 225 1301 est
252 1245 388 1300 enim
425 1262 440 1300 :
481 1267 512 1296 «
552 1247 613 1300 in
650 1261 849 1301 aurem
888 1245 1206 1317 insipientis
1241 1245 1383 1300 nihil
1427 1244 1611 1313 dicas;
1658 1261 1732 1299 ne

158 1340 345 1410 quando
383 1338 613 1394 irrideat
661 1339 972 1410 prudentes
1027 1354 1321 1393 sermones
1358 1344 1485 1394 tuos
1534 1340 1729 1406 (Prom,

158 1448 269 1501 mn,
295 1435 359 1500 9).
384 1451 412 1483 ι)
436 1433 668 1487 Evomet
690 1431 865 1501 enim,
888 1436 948 1486 et
973 1431 1197 1503 rejiciet
1220 1447 1546 1486 sermonem
1569 1437 1732 1486 tuum

158 1526 336 1592 stultus,
355 1526 445 1597 qui
477 1525 604 1596 ejus
632 1542 746 1579 non
775 1529 960 1595 potest
985 1524 1196 1580 sentire
1225 1524 1584 1579 suavitatem.

207 1621 277 1673 26.
298 1618 465 1689 (V'ers.
502 1617 647 1689 104.)
680 1618 984 1690 Sequitur:
1015 1620 1063 1673 Α
1102 1617 1382 1673 mandatis
1424 1620 1533 1673 tuis
1563 1620 1730 1673 intel-

157 1714 238 1767 leri
259 1730 274 1765 :
290 1718 498 1783 propter
532 1713 629 1767 hoc
667 1712 792 1766 odio
828 1712 1000 1765 habui
1036 1726 1244 1767 omnem
1278 1713 1425 1765 viam
1463 1713 1728 1781 iniquita-

158 1808 222 1859 tis.
242 1805 576 1876 Consequens
608 1804 743 1858 huic
778 1804 1052 1858 versiculo
1093 1807 1180 1857 est
1211 1821 1225 1858 :
1256 1824 1284 1852 «
1316 1803 1733 1875 Concupiscens

158 1897 457 1967 sapientiam,
509 1913 674 1951 serva
725 1896 995 1951 mandata
1038 1898 1247 1965 (Ερειίυ
1295 1912 1334 1963 ι,
1380 1898 1490 1967 33).
1538 1918 1567 1947 ››
1620 1897 1733 1952 Sed

157 2005 284 2045 nemo
317 1994 494 2061 potest
540 2006 787 2056 servare,
832 1990 942 2044 nisi
993 1990 1087 2061 qui
1142 1990 1428 2061 intelligit.
1477 1988 1733 2060 Denique

158 2083 419 2139 redduntur
467 2083 733 2154 quotidie
782 2083 974 2139 omnia
1021 2083 1188 2137 verba
1235 2082 1377 2154 legis
1419 2099 1453 2137 a
1496 2082 1731 2153 quibus-

159 2176 256 2229 dam
288 2175 598 2231 senioribus
627 2176 978 2243 Judaeorum,
1005 2180 1061 2230 et
1099 2191 1267 2231 nemo
1306 2192 1509 2230 eorum
1548 2178 1734 2246 potest

161 2268 382 2325 custodire
422 2270 786 2324 mandatum.
828 2269 1022 2339 Neque
1065 2268 1222 2323 enim
1263 2268 1527 2322 arborem
1572 2268 1728 2322 dixe-

162 2360 237 2415 rim
266 2363 530 2417 custodire
581 2362 985 2417 fecunditatem
1030 2365 1271 2427 naturas,
1314 2375 1443 2432 qua:
1485 2360 1734 2416 luxuriat

165 2455 202 2507 in
238 2455 388 2525 foliis,
440 2456 701 2509 vanescit
750 2454 811 2508 in
874 2455 1090 2523 fructu;
1147 2470 1248 2509 nec
1302 2460 1513 2509 terram
1570 2454 1730 2509 illam

166 2548 335 2602 dixerim
378 2548 666 2603 custodire
710 2547 928 2602 fructus
971 2564 1119 2615 suos,
1164 2563 1293 2618 qua:
1338 2547 1543 2601 ﬁlicem
1586 2547 1728 2601 invi-

172 2656 248 2693 sam
276 2642 402 2711 parit
441 2640 710 2714 1139
753 2640 1033 2712 agricolis,
1076 2640 1244 2695 edere
1286 2640 1574 2695 frumenta
1618 2655 1731 2693 non

180 2732 308 2801 soleat;
358 2752 459 2790 nec
513 2738 711 2806 pastor
766 2733 1052 2788 custodire
1104 2733 1329 2789 videtur
1384 2749 1576 2804 pecus,
1633 2732 1729 2804 qui

176 2825 313 2895 eligere
336 2828 543 2899 pabula
578 2827 879 2898 profutura
908 2843 1022 2881 non
1054 2826 1289 2893 noverit,
1318 2826 1486 2897 lupos
1512 2842 1729 2895 cavere,

166 2919 331 2974 canibus
351 2922 571 2975 vallare
596 2920 762 2976 ovilia
786 2937 909 2989 sua,
937 2920 1153 2975 nesciat
1178 2924 1399 2991 potum,
1428 2935 1558 2973 cum
1588 2935 1732 2990 opus

162 3010 222 3076 sit,
250 3014 576 3069 ministrare.
616 3015 758 3069 Nam
800 3014 1116 3085 producere
1163 3013 1563 3067 tantummodo
1610 3013 1731 3067 sine

161 3103 239 3157 ulla
270 3123 387 3162 cura
428 3111 666 3162 mutum
714 3124 905 3178 pecus,
944 3106 1305 3161 tantumdem
1351 3112 1408 3160 et
1452 3112 1729 3177 quantum

158 3196 407 3268 Scriptores
442 3201 647 3272 legere
678 3203 903 3255 tantum
942 3201 1216 3271 populum
1251 3199 1597 3255 Judasorum.
1627 3199 1733 3254 Ubi

159 3289 238 3344 sint
265 3294 510 3363 spiritalis
561 3310 774 3365 pascua
811 3293 1177 3362 sacramenti,
1213 3292 1317 3347 ubi
1354 3292 1540 3347 littera
1582 3292 1731 3347 occi-

158 3381 242 3448 dat,
266 3386 345 3440 ubi
372 3387 764 3458 intelligibiles
788 3387 1084 3442 incursent
1113 3386 1254 3457 lupi,
1286 3386 1380 3440 ubi
1409 3386 1480 3439 sit
1507 3386 1734 3457 requies

158 3476 437 3548 refectionis,
475 3480 584 3536 ubi
626 3497 754 3551 spes
798 3479 1253 3549 resurrectionis,
1287 3479 1385 3550 qui
1423 3480 1533 3533 sint
1562 3494 1733 3533 canes

155 3570 223 3637 qui
243 3588 329 3641 pro
363 3575 562 3646 gregis
599 3572 820 3645 possint
856 3574 1065 3628 latrare
1096 3571 1370 3641 custodia,
1399 3573 1643 3643 populus
1677 3576 1734 3628 et

154 3660 242 3730 ipso
264 3680 419 3737 grege
444 3667 639 3737 magis
664 3672 855 3722 mutus
881 3666 1127 3737 ignorat.

201 3759 269 3808 27.
303 3760 487 3830 Itaque
536 3759 583 3813 si
626 3760 777 3814 dicat
818 3776 831 3813 :
873 3759 1131 3814 Mandata
1170 3758 1459 3825 custodio;
1496 3774 1729 3828 respon-

153 3845 277 3902 detur
303 3852 350 3904 ei
386 3869 400 3906 :
442 3873 470 3901 ι(
507 3854 597 3907 Tu
635 3869 765 3907 vero
806 3852 976 3908 odisti
1017 3851 1397 3922 disciplinam,
1442 3854 1502 3905 et
1540 3851 1728 3922 proje-

153 3942 240 3995 cisti
280 3960 569 4001 sermones
618 3961 777 4000 meos
826 3947 957 4016 post
1002 3949 1075 3999 te.
1128 3945 1188 4000 Si
1235 3945 1469 3999 videbas
1521 3945 1728 4013 furem,

154 4032 279 4090 simul
314 4039 582 4094 currebas
622 4056 752 4093 cum
793 4055 881 4105 eo,
923 4042 983 4093 et
1023 4054 1153 4093 cum
1199 4038 1469 4093 adulteris
1512 4038 1727 4109 portio-

152 4141 250 4182 nem
273 4133 409 4186 tuam
442 4132 716 4203 ponebas.
750 4133 823 4186 Os
849 4136 1010 4186 tuum
1038 4132 1342 4186 abundavit
1370 4131 1646 4203 nequitia,
1675 4135 1732 4186 et

153 4218 303 4290 lingua
356 4228 453 4280 tua
514 4225 895 4280 concinnabat
954 4225 1135 4280 dolos.
1193 4225 1410 4280 Sedens
1462 4225 1730 4280 adversus

1754 3144 1808 3218 C

1834 500 2167 567 dicentibus,
2197 500 2298 555 sed
2339 500 2795 556 benedictionem
2836 500 3051 556 referre
3087 504 3408 558 noverimus
3442 520 3455 558 :

1832 593 2149 648 nesciamus
2193 593 2377 647 odisse
2423 593 2532 648 nisi
2578 594 2729 647 viam
2777 593 3122 664 iniquitatis,
3168 598 3233 649 ut
3274 596 3457 651 facere

1832 687 1987 759 quod
2049 703 2443 753 exsecramur,
2510 687 2809 742 reluctanti
2874 703 3170 741 caveamus
3230 688 3459 744 affectu.

1834 779 1968 835 ideo
2018 780 2218 834 Paulus
2266 780 2504 834 cavebat
2551 781 2609 834 in
2658 796 2829 834 carne
2880 797 2980 834 sua
3030 780 3281 850 malum;
3328 783 3460 852 quia

1835 873 2035 928 oderat
2084 874 2281 943 (Rom,
2335 889 2427 940 vn,
2483 874 2591 942 l5).
2651 872 2780 928 tdeo
2840 874 3081 928 Joannes
3142 879 3345 929 monet
3399 874 3461 929 in

1834 966 2072 1038 epistola
2100 983 2202 1021 sua
2237 982 2310 1020 ne
2350 965 2652 1037 diligamus
2689 966 2960 1021 saeculum
2990 983 3004 1021 :
3040 988 3066 1016 «
3101 966 3245 1031 Quia
3284 983 3460 1022 omne

1833 1060 1982 1131 quod
2024 1059 2083 1114 in
2129 1060 2331 1114 sarculo
2380 1064 2484 1126 est,
2525 1059 2985 1131 concupiscentia
3027 1063 3113 1114 est
3157 1059 3362 1126 carnis,
3406 1065 3463 1115 et

1833 1152 2285 1225 concupiscentia
2324 1152 2639 1220 oculorum,
2670 1158 2728 1208 et
2744 1152 3023 1223 jactantia
3049 1152 3178 1209 vita:
3206 1152 3251 1225 (Ι
3277 1156 3459 1217 Joan.,

1833 1264 1890 1317 ιι,
1923 1247 2030 1318 l7).
2064 1266 2091 1298 ››

1902 1342 1992 1395 28.
2030 1341 2125 1395 Est
2164 1356 2303 1411 ergo
2342 1340 2400 1393 in
2436 1339 2595 1394 nobis
2636 1342 2699 1393 ut
2741 1341 2797 1394 et
2824 1340 2973 1394 bene
3011 1339 3222 1411 aliquid
3268 1340 3457 1395 oderi-

1834 1449 1984 1501 mus,
2024 1434 2081 1487 et
2123 1432 2268 1488 bene
2307 1432 2520 1504 aliquid
2559 1433 2887 1503 diligamus.
2923 1432 3075 1488 Sicut
3113 1432 3268 1488 enim
3310 1433 3458 1488 bene

1833 1542 2026 1582 amare
2068 1542 2367 1596 possumus
2405 1541 2598 1582 servos
2635 1526 2729 1581 Dei
2770 1524 2903 1595 (95),
2940 1530 2996 1579 et
3033 1525 3178 1581 bene
3218 1526 3458 1597 diligere

1834 1636 2133 1691 possumus
2162 1619 2420 1675 inimicos
2452 1622 2678 1674 nostros
2713 1618 3027 1673 secundum
3067 1619 3313 1673 Verbum
3351 1620 3455 1674 Do-

1835 1713 1977 1768 mini
2025 1713 2267 1784 (Matth.,
2321 1729 2375 1780 ν,
2421 1713 2533 1783 44),
2592 1713 2671 1767 ita
2718 1712 2865 1766 bene
2918 1711 3107 1767 odisse
3160 1727 3459 1783 possumus

1833 1806 2096 1861 inimicos
2122 1806 2252 1874 Dei,
2276 1805 2465 1860 odisse
2493 1804 2883 1876 iniquitatem,
2915 1804 3100 1859 odisse
3137 1805 3455 1876 perﬁdiam,

1834 1899 2020 1955 odisse
2069 1898 2485 1970 turpitudines,
2535 1898 2722 1954 odisse
2776 1897 2982 1953 mundi
3031 1899 3192 1953 istius
3240 1899 3456 1953 vanita-

1831 2000 1939 2050 tes.
1975 1991 2114 2048 Odio
2155 1992 2330 2063 igitur
2373 2008 2496 2047 esse
2539 1992 2750 2048 debent
2788 2008 2918 2063 quas
2961 1991 3153 2047 saeculi
3190 1995 3352 2061 sunt;
3384 2008 3459 2047 ne

1832 2086 2044 2141 securis
2093 2085 2381 2140 affectibus
2436 2089 2492 2139 et
2544 2085 2734 2141 otiosis
2786 2085 3069 2140 blanditer
3120 2085 3457 2140 conciliatri-

1832 2181 1956 2235 cula
1994 2179 2297 2250 voluptatis
2337 2179 2548 2249 irrepat
2586 2178 2871 2233 illecebra.
2912 2177 3092 2234 Facile
3134 2179 3288 2250 capit
3328 2195 3459 2233 ocu-

1830 2273 1916 2327 los
1981 2272 2283 2344 petulantis
2344 2272 2530 2326 forma
2592 2271 2939 2339 meretricis,
2998 2271 3105 2326 nisi
3174 2287 3270 2326 eos
3333 2271 3462 2326 odia

1831 2371 2094 2438 premant
2127 2365 2303 2435 justa,
2346 2369 2403 2419 et
2449 2365 2841 2435 impuritatem
2881 2364 3210 2436 indignatus
3247 2362 3465 2419 avertat

1830 2458 2081 2514 affectus.
2138 2458 2301 2513 Inflat
2366 2458 2703 2529 plerumque
2770 2457 3064 2523 homines,
3122 2462 3180 2512 et
3239 2456 3461 2513 tumido

1832 2552 2129 2623 resupinat
2166 2551 2396 2606 fastidio
2440 2550 2753 2606 nobilitatis
2789 2549 3066 2621 jactantia
3094 2548 3230 2620 (96),
3271 2555 3330 2605 et
3369 2566 3459 2604 re-

1832 2662 1957 2699 rum
1987 2645 2279 2699 affluentia
2306 2643 2694 2711 saecularium;
2726 2643 2833 2697 nisi
2866 2642 3076 2713 pudeat
3109 2642 3167 2696 in
3198 2645 3251 2697 te
3280 2642 3463 2697 aliena

1831 2738 2036 2808 magis,
2078 2754 2253 2807 quam
2293 2737 2526 2808 propria
2568 2736 2806 2790 laudari.
2844 2735 3099 2790 Christus
3138 2752 3269 2789 cum
3311 2736 3464 2791 dives

1833 2833 2000 2897 esset,
2038 2846 2251 2901 pauper
2288 2829 2469 2883 factus
2507 2834 2589 2883 est
2617 2847 2633 2884 :
2663 2828 2720 2882 in
2752 2843 3025 2899 paupere,
3055 2844 3170 2882 non
3201 2828 3261 2881 in
3290 2827 3464 2882 divite

1831 2930 1888 2978 te
1946 2922 2209 2977 redemit.
2268 2921 2680 2977 Confitentibus
2742 2921 2841 2975 Dei
2898 2919 3083 2974 filium
3145 2919 3465 2991 imperabat

1834 3020 2045 3085 tacere,
2092 3022 2151 3070 ut
2188 3015 2456 3087 operibus
2494 3014 2679 3085 magis
2714 3030 2887 3085 quam
2927 3013 3286 3068 sermonibus
3321 3014 3464 3068 Deus

1832 3112 2267 3180 agnosceretur;
2299 3111 2356 3162 et
2389 3113 2450 3163 tu
2488 3107 2740 3161 nobilem
2783 3111 2836 3160 te
2874 3105 3031 3174 dicis,
3065 3107 3162 3177 qui
3199 3123 3259 3161 es
3283 3106 3462 3161 factus

1834 3219 1864 3258 e
1894 3202 2081 3256 terra?
2109 3201 2280 3255 David
2310 3217 2409 3255 rex
2436 3200 2569 3255 dicit
2604 3216 2617 3254 :
2653 3221 2681 3249 ‹‹
2707 3200 3007 3267 Memento,
3038 3200 3297 3269 Domine,
3331 3200 3463 3270 quia

1834 3295 2017 3367 pulvis
2066 3311 2262 3349 sumus
2304 3295 2477 3366 (Psal.
2525 3309 2611 3360 cu,
2652 3293 2776 3363 44);
2822 3315 2850 3343 ››
2898 3289 3155 3364 1140
3200 3296 3257 3347 et
3296 3297 3359 3347 tu
3402 3292 3463 3346 in

1833 3389 1937 3443 hoc
1969 3388 2181 3443 caduco
2221 3392 2394 3459 atque
2430 3386 2631 3441 limoso
2674 3401 2881 3456 genere
2921 3384 3197 3456 gloriaris,
3231 3390 3287 3440 et
3320 3385 3460 3439 divi-

1833 3488 1953 3535 tem
1991 3487 2047 3535 te
2086 3488 2270 3552 putas,
2302 3481 2401 3552 qui
2445 3497 2567 3534 cras
2610 3483 2771 3550 potes
2811 3494 2930 3533 esse
2966 3477 3291 3544 mendicus;
3329 3495 3461 3532 cum

1832 3574 1947 3629 vita
1992 3578 2093 3628 tua
2142 3590 2255 3629 non
2306 3574 2366 3627 in
2420 3572 2775 3627 abundantia
2822 3575 2939 3637 tua,
2988 3571 3088 3625 sed
3134 3571 3191 3625 in
3246 3571 3341 3624 Dei
3391 3572 3466 3627 sit

1834 3667 2261 3722 misericordia?
2290 3667 2394 3722 Cui
2426 3666 2625 3731 honor,
2659 3664 2854 3736 gloria,
2882 3664 3024 3732 laus,
3058 3665 3406 3735 perpetuitas
3429 3682 3463 3717 a

1831 3760 2070 3827 saeculis,
2112 3764 2170 3814 et
2214 3776 2386 3827 nunc,
2434 3762 2491 3813 et
2532 3774 2773 3828 semper,
2816 3762 2873 3811 et
2916 3757 2973 3810 in
3017 3756 3209 3811 omnia
3254 3758 3460 3811 saecula

1832 3854 2185 3909 saeculorum.
2216 3855 2418 3907 Amen.

2185 3945 2408 4001 SERMO
2456 3944 2770 4088 QUAgTUS
2810 3943 3101 3999 DECIMUS

2528 4043 2553 4088 Π
2658 4046 2758 4087 un.

2528 4043 2553 4090 ἓ
2596 4043 2758 4088 ιναη.

1906 4137 1954 4186 1.
1995 4136 2121 4189 Nun
2166 4131 2351 4185 littera
2392 4130 2622 4185 hebrzea
2660 4132 2746 4185 est
2784 4134 2985 4201 quarta
3025 4127 3261 4195 decima,
3304 4128 3462 4196 cujus

1831 4224 2229 4297 interpretatio
2276 4229 2379 4289 est,
2432 4225 2660 4287 Unicus;
2712 4223 2798 4278 vel
2853 4222 2909 4276 in
2964 4221 3073 4276 alia
3122 4222 3460 4291 interpreta-

154 4312 341 4371 lratrem
392 4323 559 4373 tuum
616 4318 955 4373 detrahebas
1011 4318 1195 4393 (Psal.
1231 4334 1375 4384 xux,
1434 4318 1641 4387 17-20).
1700 4339 1728 4367 ››
1829 4320 1980 4374 tione
2013 4335 2026 4373 :
2058 4320 2262 4373 Pascua
2293 4333 2495 4372 eorum.
2530 4318 2665 4371 Ecce
2696 4316 2818 4387 ipse
2854 4315 3223 4369 Hebraeorum
3262 4314 3463 4367 litterae

155 4404 243 4460 Non
276 4414 353 4463 est
388 4412 497 4467 hoc
541 4412 825 4466 custodire
870 4411 1155 4479 mandata,
1193 4411 1288 4465 sed
1329 4411 1680 4482 praevaricari
1712 4428 1726 4465 :

1831 4411 2209 4468 testificantur
2249 4411 2555 4465 Dominum
2604 4410 2795 4463 Jesum
2840 4424 2961 4462 esse
3006 4407 3239 4461 unicum
3284 4405 3459 4459 Patris

154 4502 329 4556 statutis
369 4505 558 4560 facere
607 4504 909 4568 contraria,
950 4520 1063 4558 non
1115 4507 1203 4559 est
1248 4504 1590 4575 intelligere,
1632 4505 1810 4576 sedD
1834 4505 2055 4573 Filium,
2092 4505 2339 4558 Verbum
2383 4503 2501 4557 Dei.
2541 4502 2790 4572 Denique
2836 4499 3020 4570 primo
3056 4499 3251 4553 statim
3293 4513 3458 4552 versu

150 4589 381 4659 ignorare.
413 4598 709 4662 Quomodo
750 4600 987 4667 possunt
1026 4597 1197 4651 verba
1238 4597 1337 4651 Dei
1381 4597 1567 4651 dulcia
1607 4613 1727 4651 esse

152 4682 193 4735 in
223 4686 451 4744 faucibus
489 4691 624 4757 tuis,
668 4691 727 4744 in
774 4690 982 4760 quibus
1025 4695 1110 4744 est
1151 4690 1473 4745 amaritudo
1520 4690 1725 4760 nequi—

153 4776 247 4832 tiac?
279 4783 563 4846 Quomodo
617 4784 733 4838 mel
781 4788 835 4838 et
884 4784 966 4837 lac
1014 4782 1116 4837 sub
1166 4783 1367 4854 lingua
1410 4782 1545 4837 tua?
1594 4800 1727 4838 cum

153 4868 297 4928 dolum
353 4878 543 4949 lingua
599 4881 699 4931 tua
760 4880 1098 4949 componat,
1155 4882 1217 4931 ut
1274 4876 1429 4931 aliud
1498 4880 1727 4947 pectore

153 4967 411 5038 concipias,
465 4972 621 5026 aliud
673 4971 885 5025 forensi
938 4986 1206 5025 sermone
1267 4970 1614 5040 prietendas,
1668 4972 1729 5024 ut

156 5054 351 5129 decipies
379 5063 700 5129 incautum;
733 5081 860 5118 cum
888 5063 991 5119 tibi
1018 5065 1217 5118 Petrus
1238 5064 1525 5134 apostolus
1551 5063 1724 5131 dicat,

158 5154 195 5201 et
234 5152 456 5225 deponas
508 5174 743 5212 omnem
799 5157 1098 5223 malitiam,
1143 5162 1201 5211 et
1251 5157 1443 5210 fucum
1500 5156 1728 5210 simula-

161 5240 286 5300 tionis
328 5249 561 5319 abjicias,
614 5251 809 5306 dicens
857 5267 870 5305 :
920 5272 948 5299 ‹‹
998 5250 1157 5305 Sicut
1204 5264 1357 5303 nunc
1406 5248 1586 5320 geniti
1634 5248 1725 5302 in-

162 5334 313 5407 fantes,
348 5344 729 5410 rationabiles,
772 5347 829 5398 et
867 5343 988 5398 sine
1028 5343 1181 5410 dolo,
1215 5343 1302 5397 lac
1346 5341 1728 5414 concupiscite

170 5426 192 5485 ,l
214 5431 351 5496 Petra,
374 5451 431 5502 ιι,
464 5437 537 5505 2).
566 5460 594 5488 ››
627 5436 889 5492 Ostendit
931 5436 1086 5490 enim
1130 5435 1292 5489 nobis
1327 5436 1466 5507 quid
1506 5435 1578 5489 sit
1613 5436 1727 5490 mel

210 5596 283 5658 αις)
310 5601 446 5664 Mss,
473 5617 657 5655 amare
682 5616 958 5668 possumus
981 5608 1188 5653 sanctos
1220 5602 1334 5652 Dei.

210 5668 282 5743 illi!)
305 5671 435 5722 Edit.
463 5680 586 5736 vet,
617 5675 816 5726 tumido
846 5688 937 5725 ore
961 5676 1180 5737 supinat
1210 5673 1487 5738 fastigium
1524 5673 1727 5723 nobili-

171 5736 552 5809 'Oltsdactantia,
582 5752 687 5798 etc.
728 5746 883 5797 Rom.
916 5748 970 5796 et
1009 5736 1121 5795 duo
1153 5757 1309 5803 mss.,
1341 5736 1540 5794 tumido
1578 5757 1728 5794 resu-

171 5815 282 5862 Ριηαι
316 5812 509 5880 fastigio
550 5816 847 5877 nobilitatis
882 5818 1173 5883 jactantia.
1218 5816 1328 5868 Alii
1368 5827 1571 5881 magno
1614 5828 1729 5866 nu-

1830 4597 2002 4652 David
2046 4597 2115 4651 de
2167 4595 2332 4649 unico
2379 4594 2518 4648 Filio
2568 4595 2670 4647 Dei
2714 4592 2850 4647 dicit
2889 4608 2901 4646 :
2949 4595 3192 4648 Lucerna
3232 4591 3462 4661 pedibus

1828 4694 1956 4745 meis
2012 4690 2243 4745 Verbum
2294 4693 2464 4748 tuum,
2514 4692 2562 4740 et
2613 4686 2792 4741 tamen
2843 4688 3046 4741 semitis
3094 4687 3245 4740 meis.
3301 4684 3457 4739 Unde

1828 4783 2203 4853 intelligimus
2238 4781 2367 4835 ideo
2400 4796 2501 4850 per
2526 4780 2744 4833 litteras
2776 4779 3143 4834 Hebraeorum
3171 4777 3457 4848 psalmum

1828 4877 1981 4931 hunc
2042 4891 2164 4929 esse
2228 4874 2544 4944 digestum;
2604 4878 2662 4927 ut
2716 4873 2889 4927 homo
2940 4876 3130 4926 noster
3190 4876 3459 4939 tanquam

1828 4970 2111 5040 parvulus,
2159 4971 2217 5023 et
2254 4968 2325 5021 ab
2376 4966 2619 5021 infantia
2664 4981 2767 5036 per
2808 4965 3128 5018 litterarum
3179 4962 3460 5016 elementa

1826 5064 2120 5130 formatus,
2163 5062 2369 5133 quibus
2412 5065 2549 5115 setas
2594 5058 2827 5130 puerilis
2868 5056 3127 5121 assuevit,
3171 5070 3346 5124 usque
3387 5054 3456 5107 ad

1831 5156 2217 5210 maturitatem
2246 5153 2470 5208 virtutis
2504 5157 2812 5207 excrescat.
2850 5150 3075 5205 Litterae
3108 5152 3299 5202 autem
3338 5147 3454 5200 sin-

1830 5250 1981 5320 gulas
2032 5249 2188 5303 velut
2238 5248 2385 5309 tituli
2437 5250 2571 5300 sunt
2618 5261 2818 5301 eorum
2871 5257 3156 5307 versuum,
3206 5241 3304 5311 qui
3352 5239 3456 5293 sub

1830 5342 2033 5397 iisdem
2071 5341 2274 5397 litteris
2311 5340 2690 5405 ascribuntur,
2720 5337 2925 5391 seriem
2962 5342 3017 5390 et
3045 5333 3456 5390 continentiam

1829 5436 2200 5502 declarantes,
2246 5434 2389 5489 sicut
2433 5432 2523 5487 hic
2568 5434 2789 5486 unicum
2829 5428 3108 5499 significat
3149 5427 3356 5494 littera,
3400 5432 3457 5482 et

1829 5617 2001 5665 mero,
2038 5602 2237 5653 tumido
2265 5614 2356 5651 ore
2385 5600 2603 5664 supinat
2642 5595 2873 5661 fastigio,
2909 5598 3013 5646 etc.
3045 5595 3296 5658 Quatuor
3332 5600 3453 5646 tan-

1831 5681 1968 5735 tum,
2016 5673 2134 5735 sed,
2188 5676 2375 5723 nostro
2421 5669 2647 5734 quidem
2698 5667 2928 5732 judicio,
2968 5667 3061 5718 hic
3101 5666 3450 5733 prmferendi,

1828 5747 2038 5809 legunt,
2065 5750 2127 5795 ut
2155 5745 2210 5795 in
2236 5754 2480 5806 corpore.
