3930 6168
332 189 466 243 1463

326 405 579 462 claritate
608 406 810 477 psalmi
840 405 1010 478 hujus
1036 407 1219 477 portio
1247 407 1576 478 prophetat.

397 504 451 554 2.
492 501 604 553 Nec
647 516 782 554 sane
826 500 896 553 ab
944 499 1053 554 ista
1095 499 1361 554 abhorret
1400 498 1572 554 etiam
1610 499 1706 552 illa
1749 498 1805 553 in
1848 498 1956 552 alio

329 598 550 664 reperta
611 592 800 646 codice
864 592 1068 646 littera
1132 592 1302 663 hujus
1355 591 1768 663 interpretatio.
1821 592 1956 655 Qua

331 690 462 741 sunt
511 685 667 740 enim
721 702 933 757 pascua
985 690 1193 752 nostra,
1240 686 1350 739 hoc
1398 689 1482 739 est
1527 685 1779 739 fidelium
1825 684 1953 754 (97),

328 778 435 835 nisi
488 779 780 834 Christus?
826 781 890 833 In
941 780 1101 849 cujus
1151 778 1371 850 pascuis
1418 794 1475 833 se
1521 779 1769 833 locatum
1817 779 1955 832 Pro-

332 873 503 944 pheta
544 873 765 927 latatus
809 877 913 941 est,
959 873 1150 927 dicens
1193 889 1205 926 :
1257 895 1284 921 (ι
1333 873 1392 926 ln
1438 873 1556 926 loco
1606 887 1829 943 pascua
1875 870 1956 926 ibi

332 983 424 1021 me
488 966 785 1021 collocavit
840 967 1007 1036 (Psal.
1063 983 1198 1036 xm,
1252 967 1330 1036 2).
1389 987 1414 1014 ››
1469 967 1590 1036 Ipse
1645 964 1799 1019 enim
1858 981 1956 1019 nos

333 1059 532 1130 pascit,
580 1062 636 1113 et
677 1058 876 1113 reﬁcit.
929 1062 1079 1114 Bona
1123 1075 1330 1129 pascua
1373 1058 1562 1113 divina
1609 1060 1960 1113 sacramenta

334 1158 483 1206 sunt.
527 1153 723 1222 Carpis
761 1152 876 1206 illic
921 1168 1129 1207 novum
1169 1152 1391 1221 ﬂorem,
1431 1151 1527 1222 qui
1566 1151 1783 1206 bonum
1823 1151 1959 1206 odo-

334 1261 457 1300 rem
509 1245 662 1300 dedit
716 1242 1160 1300 resurrectionis.
1215 1244 1412 1315 Carpis
1464 1244 1666 1312 lilium,
1717 1244 1824 1299 hoc
1876 1251 1961 1299 est

335 1339 699 1410 splendorem
765 1337 1123 1393 aternitatis.
1185 1337 1378 1408 Carpis
1441 1353 1653 1406 rosam,
1711 1338 1819 1392 hoc
1879 1345 1963 1392 est

336 1431 609 1486 Dominici
672 1431 922 1502 corporis
984 1430 1326 1503 sanguinem
1383 1429 1514 1501 (98).
1575 1431 1730 1485 Bona
1786 1431 1960 1486 etiam

336 1540 545 1597 pascua
574 1524 704 1579 libri
743 1531 874 1578 sunt
911 1523 1329 1596 Scripturarum
1369 1523 1704 1594 caelestium,
1738 1525 1797 1579 in
1835 1525 1958 1596 qui-

334 1619 441 1673 bus
467 1616 802 1688 quotidiana
828 1617 1067 1672 lectione
1096 1617 1404 1689 pascimur,
1432 1617 1492 1671 in
1525 1617 1726 1688 quibus
1755 1634 1964 1672 recrea-

1790 180 1848 240 S.
1891 183 2202 241 AMBROSII

326 315 396 368 de
441 313 730 384 unigenito
769 313 870 369 Dei
913 313 1071 382 Filio,
1103 317 1274 384 atque
1317 313 1440 384 ejus
1482 313 1678 368 aeterni
1721 312 1956 368 luminis
1977 323 2188 396 Acua,
2242 312 2340 383 qui
2392 311 2589 367 dicunt

3551 183 3688 237 1464

2642 329 2656 366 :
2716 315 2953 368 Lucerna
3008 311 3233 380 pedibus
3287 310 3414 363 meis
3467 310 3692 364 verbum

2059 409 2232 468 tuum,
2279 408 2519 461 Domine.
2563 404 2812 460 Pascitur
2863 401 3017 458 enim
3071 419 3133 458 os
3180 403 3438 457 nostrum
3488 403 3690 471 verbo,

2057 513 2186 551 cum
2248 497 2538 569 loquimur
2600 497 2868 552 mandata
2923 497 3019 552 Dei
3085 495 3258 551 verbi.
3319 495 3569 550 Pascitur
3634 499 3696 550 et

2059 592 2254 646 oculus
2305 595 2499 646 noster
2550 589 2788 646 interior
2835 591 3082 645 lucerna
3131 588 3392 660 spiritalis
3441 589 3690 658 lumine,

2059 701 2186 755 qua
2215 683 2378 739 nobis
2415 684 2472 738 in
2515 684 2618 738 hac
2659 682 2857 738 mundi
2897 685 3064 738 nocte
3109 682 3407 753 pralucet;
3435 698 3508 736 ne
3546 681 3695 735 sicut

2059 777 2118 831 in
2170 777 2416 832 tenebris
2461 776 2840 844 ambulantes,
2888 775 3113 832 incertis
3163 774 3473 830 titubemus
3522 775 3693 829 vesti-

2061 870 2188 941 giis,
2222 877 2280 926 et
2316 871 2462 925 viam
2501 887 2692 925 veram
2720 870 2974 925 invenire
3012 885 3386 940 nequeamus.
3416 867 3691 938 Intelligi-

2060 963 2190 1018 bilis
2216 963 2395 1036 igitur
2418 964 2635 1035 pedum
2665 980 2912 1036 gressus,
2941 962 3315 1033 intelligibilis
3343 964 3403 1016 et
3437 963 3696 1028 lucerna,

2060 1056 2194 1130 quia
2230 1057 2471 1112 Verbum
2511 1058 2607 1112 Dei
2649 1057 2879 1112 lucerna
2917 1060 3018 1111 est.
3052 1057 3250 1110 Nonne
3288 1055 3398 1109 hoc
3440 1054 3499 1108 in
3541 1055 3699 1124 prin-

2060 1151 2209 1222 cipio
2257 1155 2381 1205 erat
2430 1151 2671 1205 Verbum
2726 1150 2875 1220 apud
2926 1151 3104 1204 Deum
3155 1167 3167 1202 :
3217 1148 3504 1220 quomodo
3553 1163 3696 1218 ergo

2063 1245 2295 1298 lucerna
2337 1243 2459 1298 est?
2502 1244 2700 1297 Nonne
2744 1242 2850 1296 hoc
2897 1245 3023 1296 erat
3063 1258 3261 1295 verum
3303 1243 3499 1295 lumen
3543 1240 3697 1311 quod

2063 1337 2351 1391 illuminat
2405 1353 2636 1392 omnem
2698 1335 2992 1390 hominem
3045 1335 3363 1390 venientem
3420 1334 3477 1387 in
3544 1333 3700 1387 hunc

2062 1431 2373 1499 mundum;
2423 1429 2712 1500 quomodo
2765 1445 2904 1500 ergo
2955 1430 3196 1483 lucerna
3239 1427 3483 1482 dicitur?
3528 1427 3701 1482 Isaias

2064 1525 2272 1578 clamat
2311 1541 2324 1578 ε
2368 1545 2395 1573 ‹‹
2425 1524 2667 1594 Populus
2709 1523 2808 1593 qui
2850 1521 3078 1577 sedebat
3107 1522 3164 1575 in
3208 1519 3479 1590 tenebris,
3506 1521 3701 1576 lucem

2063 1616 2206 1671 vidit
2244 1633 2515 1688 magnam
2556 1618 2705 1687 (Isa.,
2746 1633 2818 1684 IX,
2855 1616 2941 1685 2);
2976 1639 3005 1665 »
3036 1615 3319 1687 quomodo
3357 1613 3448 1668 hic
3490 1613 3704 1668 dicitur

335 1728 467 1765 mur
497 1727 560 1765 ac
588 1710 910 1778 reﬁcimur;
940 1727 1068 1765 cum
1100 1726 1166 1765 ea
1192 1726 1320 1780 qua
1348 1710 1554 1781 scripta
1580 1714 1731 1780 sunt,
1765 1711 1966 1782 degus-
1985 1687 2041 1758 B
2066 1710 2342 1766 lucerna?

336 1808 547 1870 tamus,
578 1805 662 1858 vel
704 1819 928 1857 summo
971 1818 1068 1858 ore
1107 1802 1281 1857 libata
1320 1803 1674 1874 frequentius
1714 1805 1964 1858 rumina-

338 1913 484 1952 mus.
518 1896 612 1952 His
637 1896 857 1967 pascuis
889 1913 1025 1967 grex
1057 1896 1278 1950 Domini
1306 1896 1619 1968 saginatur.

411 1993 463 2044 3.
495 1990 651 2044 Bona
683 1990 852 2044 etiam
890 1988 1094 2044 Christi
1129 2005 1357 2060 pascua,
1389 1989 1486 2060 qui
1522 1989 1701 2060 pascit
1729 1989 1788 2044 in
1818 1989 1965 2058 liliis,

339 2083 396 2136 in
425 2082 723 2152 splendore
752 2086 1076 2136 sanctorum
1107 2097 1119 2134 :
1151 2082 1296 2135 bona
1321 2098 1528 2152 pascua
1553 2081 1724 2137 etiam
1752 2089 1971 2138 montes

339 2174 676 2230 convallium
720 2175 850 2243 (99).
893 2175 1034 2228 Nam
1076 2179 1133 2228 et
1174 2174 1232 2228 in
1275 2173 1362 2228 his
1409 2175 1655 2245 pascitur
1695 2175 1968 2244 Christus,

341 2269 484 2322 sicut
529 2266 849 2338 capreolus,
899 2270 997 2321 aut
1052 2267 1326 2321 hinnulus
1379 2283 1695 2322 cervorum.
1753 2270 1972 2323 Montes

341 2367 474 2417 sunt
534 2361 914 2428 convallium,
978 2362 1123 2417 sicut
1176 2361 1481 2416 luminaria
1540 2363 1704 2416 istius
1769 2364 1971 2418 mundi

341 2455 540 2512 sedula
577 2454 902 2510 humilitate
943 2454 1245 2527 fulgentes,
1281 2455 1377 2526 qui
1416 2455 1690 2512 virtutum
1726 2457 1968 2512 diversa-

343 2565 472 2605 rum
500 2553 773 2620 prastant
810 2549 1125 2618 cacumine,
1156 2552 1214 2602 et
1249 2565 1416 2619 supra
1449 2552 1724 2604 mundum
1756 2551 1973 2606 meritis

343 2643 458 2698 suis
489 2642 766 2697 eminent.
796 2642 892 2697 Isti
927 2645 1060 2696 sunt
1086 2641 1156 2697 de
1187 2642 1392 2713 quibus
1419 2642 1624 2697 dicitur
1658 2660 1671 2696 :
1703 2664 1730 2693 «
1759 2645 1837 2698 De
1865 2645 1973 2699 hoc

344 2736 558 2791 mundo
607 2752 721 2789 non
770 2738 920 2800 sunt,
971 2735 1117 2789 sicut
1159 2740 1214 2790 et
1255 2751 1362 2806 ego
1409 2752 1524 2790 non
1573 2752 1697 2791 sum
1744 2737 1814 2791 de
1865 2737 1973 2792 hoc

345 2829 561 2884 mundo
609 2829 807 2899 (Joan.,
855 2844 989 2896 xvu,
1044 2827 1128 2898 14)
1143 2845 1160 2896 ;
1208 2849 1235 2877 ››
1289 2828 1421 2900 quia
1474 2845 1645 2900 supra
1691 2830 1973 2884 mundum

345 2927 476 2976 sunt
537 2922 634 2992 qui
700 2920 990 2976 Christum
1052 2925 1386 2992 sequuntur.
1439 2921 1719 2976 Convallis
1777 2927 1973 2978 autem

345 3015 594 3070 mundus
636 3018 748 3083 est;
783 3013 1023 3086 ideoque
1064 3012 1342 3084 disposuit
1380 3013 1440 3068 in
1479 3015 1729 3069 convalle
1771 3015 1936 3071 ﬂetus
1949 3034 1966 3085 ;

346 3125 412 3164 eo
454 3108 606 3180 quod
636 3107 696 3162 in
733 3107 841 3162 hoc
879 3106 1094 3161 mundo
1126 3105 1290 3161 ﬂetus
1329 3106 1438 3161 sint
1477 3108 1873 3180 lacrymaque.
1905 3111 1970 3165 Et

347 3200 647 3273 providens
684 3199 961 3255 Dominus
988 3198 1268 3270 disposuit
1292 3198 1349 3252 in
1385 3199 1493 3254 hoc
1522 3201 1738 3255 mundo
1775 3203 1968 3258 Testa-

348 3298 608 3350 mentum
645 3309 833 3362 suum,
875 3297 937 3347 ut
969 3291 1151 3364 magis
1187 3291 1277 3346 hic
1317 3291 1554 3348 ﬂeamus
1584 3297 1810 3365 peccata
1838 3311 1970 3350 nos-

349 3390 455 3456 tra,
487 3403 660 3458 quam
689 3386 876 3442 ﬂenda
904 3402 1215 3440 servemus.

420 3479 668 3553 1141
733 3481 786 3534 4.
837 3481 1044 3534 Pascua
1095 3483 1290 3533 nostra
1341 3479 1514 3534 etiam
1570 3481 1661 3536 isti
1719 3481 1978 3536 versiculi

350 3579 502 3641 sunt,
539 3574 610 3629 de
648 3572 851 3644 quibus
891 3572 1056 3628 hodie
1096 3571 1389 3628 tractaturi
1426 3589 1641 3641 sumus,
1677 3573 1735 3628 in
1774 3575 1978 3646 quibus

351 3667 530 3722 David
557 3667 692 3722 dicit
720 3683 732 3721 :
765 3687 791 3716 ‹‹
820 3667 1124 3721 Pascebam
1150 3682 1280 3721 oves
1303 3666 1487 3738 patris
1513 3667 1626 3721 mei
1657 3669 1728 3738 (t)
1758 3670 1797 3735 (l
1824 3673 1976 3738 Reg.,

350 3777 475 3829 xvu,
533 3760 643 3832 34),
695 3781 722 3809 ››
783 3759 1090 3814 ostendens
1144 3775 1339 3813 veram
1393 3760 1716 3827 lucernam,
1773 3762 1980 3816 docens

347 3855 759 3910 humilitatem.
793 3855 851 3908 ln
888 3853 1111 3924 pascuis
1148 3852 1354 3908 talibus
1383 3868 1548 3907 verus
1589 3854 1780 3921 David,
1815 3871 1980 3910 verus

351 3948 602 4015 humilis,
633 3949 689 4001 et
716 3962 886 4000 manu
914 3946 1092 4015 fortis,
1122 3947 1221 4017 qui
1249 3962 1363 4000 non
1393 3945 1652 4016 rapinam
1679 3947 1982 4004 arbitratus

352 4046 438 4095 est
473 4056 591 4094 esse
631 4055 689 4092 se
731 4039 1009 4110 aequalem
1051 4040 1187 4106 Deo,
1231 4039 1325 4093 sed
1369 4040 1741 4111 semetipsum
1785 4043 1979 4097 exina-

353 4133 512 4197 nivit,
557 4133 616 4184 et
654 4131 832 4186 homo
877 4137 1046 4186 natus
1089 4147 1194 4201 per
1233 4131 1478 4201 Virginis
1521 4136 1748 4203 partum
1792 4135 1981 4189 humi-

354 4225 508 4279 liavit
547 4240 606 4278 se
646 4240 824 4295 usque
863 4223 930 4278 ad
973 4226 1238 4290 mortem,
1277 4240 1406 4278 oves
1451 4225 1628 4279 Patris
1669 4226 1753 4280 sui
1794 4227 1984 4282 divina

354 4317 766 4390 pradicatione
806 4318 1098 4388 pascebat;
1142 4333 1271 4371 cum
1313 4317 1621 4372 secundum
1670 4319 1984 4391 Scripturas

2138 1807 2190 1858 6.
2225 1802 2335 1858 Sed
2367 1802 2659 1858 videamus
2696 1819 2768 1857 ne
2805 1803 2952 1858 forte
2987 1802 3138 1857 idem
3168 1801 3411 1856 Verbum
3443 1801 3543 1854 Dei
3573 1800 3705 1855 aliis

2069 1913 2279 1968 magna
2319 1897 2410 1950 lux
2451 1896 2541 1964 sit,
2575 1895 2700 1950 aliis
2735 1897 2988 1950 lucerna.
3024 1894 3156 1950 Mihi
3196 1895 3452 1960 lucerna,
3481 1895 3705 1965 angelis

2069 1993 2166 2045 lux
2195 1995 2298 2046 est.
2327 1991 2491 2044 Petro
2530 1990 2621 2044 lux
2650 1994 2787 2059 erat,
2819 1989 3046 2060 quando
3077 1988 3254 2043 astitit
3284 1989 3338 2042 ei
3369 1989 3605 2059 angelus
3641 1989 3702 2042 in

2069 2100 2313 2149 carcere,
2357 2088 2414 2137 et
2454 2083 2650 2137 lumen
2700 2082 3073 2136 circumfulsit
3111 2099 3241 2136 eum
3283 2082 3444 2150 (Act.,
3488 2099 3578 2148 xu,
3621 2082 3702 2150 7).

2069 2176 2243 2231 Paulo
2281 2175 2375 2230 lux
2415 2179 2558 2243 erat,
2599 2175 2829 2246 quando
2861 2181 3094 2230 euntem
3132 2175 3203 2230 ad
3243 2175 3703 2246 persequendum

2072 2269 2344 2341 populum
2399 2267 2784 2325 Christianum
2849 2267 3222 2323 circumfulsit
3283 2285 3417 2322 eum
3475 2268 3569 2322 lux
3635 2268 3707 2322 de

2071 2363 2231 2430 coelo,
2280 2367 2338 2417 et
2380 2361 2596 2416 audivit
2645 2361 2930 2416 dicentem
2982 2360 3086 2416 sibi
3135 2378 3148 2414 :
3201 2383 3228 2410 ‹‹
3274 2362 3464 2428 Saule,
3515 2360 3708 2429 Saule,

2072 2455 2208 2527 quid
2247 2471 2337 2509 me
2369 2453 2726 2526 persequeris
2763 2455 2930 2525 (Act.,
2959 2471 3032 2522 IX,
3062 2454 3154 2524 4)?
3182 2476 3209 2504 ››
3243 2456 3309 2508 Et
3338 2470 3547 2526 magna
3577 2453 3709 2524 qui-

2073 2550 2201 2603 dem
2229 2549 2343 2602 lux.
2376 2547 2629 2620 Denique
2656 2548 2901 2602 lucerna
2929 2547 3085 2602 Pauli
3114 2548 3308 2602 lumen
3334 2547 3581 2616 evanuit,
3614 2546 3716 2600 ubi

2074 2641 2279 2696 divina
2307 2641 2576 2712 splendor
2604 2640 2743 2695 lucis
2771 2640 3025 2695 emicuit.

2145 2740 2195 2788 7.
2252 2737 2318 2790 Et
2366 2751 2497 2788 vere
2550 2733 2782 2789 lucerna
2836 2739 2922 2788 est
2970 2733 3116 2788 mihi
3158 2733 3436 2802 Christus,
3485 2733 3716 2805 quando

2074 2827 2182 2883 isto
2229 2830 2424 2882 nostro
2467 2843 2565 2881 ore
2611 2830 2966 2882 recensetur.
3009 2828 3182 2882 Lucet
3225 2827 3282 2881 in
3331 2827 3484 2895 limo,
3526 2827 3720 2898 fulget

2076 2921 2135 2974 in
2186 2937 2316 2975 vase
2369 2919 2524 2974 ﬁctili
2578 2921 2876 2974 thesaurus
2925 2920 3040 2987 ille,
3086 2937 3261 2992 quem
3315 2920 3592 2976 habemus
3648 2920 3708 2974 in

2074 3013 2218 3068 vasis
2259 3013 2543 3068 ﬁctilibus.
2580 3013 2733 3068 Mitte
2773 3014 2988 3082 oleum,
3028 3030 3100 3068 ne
3146 3013 3369 3068 deficiat
3407 3013 3540 3079 tibi;
3568 3013 3710 3084 quia

2072 3108 2274 3163 lumen
2303 3107 2554 3161 lucerna
2589 3111 2674 3161 est
2699 3107 2911 3176 oleum,
2936 3123 3050 3161 non
3087 3108 3275 3161 oleum
3313 3109 3578 3160 terrestre
3607 3107 3712 3175 (2),

2073 3201 2173 3255 sed
2219 3199 2358 3254 illud
2394 3200 2630 3271 plenum
2672 3199 3074 3255 misericordia
3113 3199 3355 3254 caelestis
3393 3207 3447 3254 et
3490 3199 3711 3270 gratia,

2075 3310 2186 3365 quo
2225 3293 2592 3365 ungebantur
2628 3293 2942 3365 propheta.
2975 3292 3175 3348 Oleum
3214 3299 3376 3348 tuum
3419 3293 3714 3348 humilitas

2077 3393 2181 3454 est,
2224 3403 2338 3458 quo
2382 3385 2611 3442 cervicis
2661 3389 2870 3441 nostra
2914 3387 3058 3441 dura
3104 3387 3467 3455 mollescunt;
3514 3387 3714 3441 oleum

2077 3487 2240 3536 tuum
2281 3479 2668 3535 misericordia
2710 3486 2802 3534 tua
2848 3486 2951 3549 est,
2989 3497 3099 3551 quo
3145 3480 3315 3534 etiam
3355 3480 3545 3535 collisa
3585 3497 3712 3535 sco-

2077 3575 2227 3646 pulis
2293 3577 2652 3646 peccatorum
2714 3573 2976 3628 foventur
3039 3591 3296 3645 corpora.
3351 3576 3463 3630 Hoc
3519 3575 3716 3629 oleum

2079 3669 2376 3722 vulnerato
2427 3667 2507 3722 illi
2559 3684 2592 3722 a
2645 3667 2990 3733 latronibus,
3047 3667 3413 3722 descendenti
3465 3684 3494 3722 e
3545 3669 3712 3722 Jeru-

2081 3761 2256 3816 salem
2309 3760 2664 3831 evangelicus
2717 3761 2811 3814 ille
2862 3760 3252 3816 Samaritanus
3309 3760 3534 3827 infudit,
3587 3763 3714 3832 qui,

2081 3854 2282 3908 videns
2331 3869 2482 3922 eum,
2533 3853 2924 3908 misericordia
2973 3859 3161 3909 motus
3209 3857 3314 3921 est,
3361 3859 3418 3908 et
3458 3854 3720 3924 alligavit

2082 3949 2313 4003 vulnera
2351 3947 2493 4018 ejus,
2536 3947 2843 4002 infundens
2887 3948 3076 4002 oleum
3119 3951 3176 4002 et
3213 3947 3408 4002 vinum
3451 3948 3621 4018 (Luc.,
3659 3965 3719 4016 χ,

2083 4044 2148 4098 33
2193 4044 2248 4095 et
2287 4040 2398 4110 34).
2438 4041 2552 4094 Hoc
2593 4040 2778 4094 oleum
2823 4045 2986 4095 sanat
3024 4046 3293 4112 aegrotos;
3323 4041 3718 4095 misericordia

2084 4134 2238 4189 enim
2279 4151 2313 4188 a
2350 4136 2584 4204 peccato
2628 4133 2846 4188 liberat.
2885 4134 2994 4187 Hoc
3035 4133 3222 4189 oleum
3261 4135 3411 4190 lucet
3448 4134 3506 4188 in
3550 4139 3714 4189 tene-

2083 4227 2219 4297 bris,
2249 4227 2295 4280 si
2323 4243 2498 4297 opera
2525 4232 2713 4280 nostra
2738 4227 2962 4282 luceant
2996 4243 3187 4281 coram
3218 4227 3566 4282 hominibus.
3599 4229 3719 4283 Hoc

2084 4321 2269 4374 oleum
2321 4319 2472 4374 lucet
2520 4319 2577 4373 in
2631 4320 2892 4374 Ecclesia
2934 4320 3408 4376 solemnitatibus.
3457 4321 3718 4392 Denique

356 4429 520 4466 suum
558 4411 821 4482 probaret
848 4411 1150 4466 adventum
1190 4410 1361 4480 (Luc.,
1395 4427 1468 4478 ιν,
1501 4410 1613 4482 2t),
1646 4427 1772 4466 cum
1812 4413 2289 4486 quin-unibus
2331 4413 2518 4467 oleum
2569 4429 2682 4466 non
2734 4412 2934 4482 defuit,
2984 4429 3086 4468 nec
3131 4413 3324 4468 lumen
3371 4414 3501 4468 fidei
3551 4413 3716 4469 defe-

355 4521 465 4576 que
514 4505 752 4575 panibus
798 4510 854 4559 et
899 4504 1116 4559 duobus
1167 4503 1413 4575 piscibus
1465 4503 1761 4560 hominum
1807 4507 1986 4563 millia

357 4597 536 4653 multa
566 4603 843 4652 saturaret
869 4599 1066 4667 (Joan.,
1103 4614 1178 4664 Vl,
1208 4601 1239 4651 9
1267 4598 1422 4669 seq.).

427 4695 477 4746 5.
512 4691 685 4763 (Vers.
723 4693 858 4758 t05.)
891 4692 1018 4745 Hac
1054 4707 1192 4762 ergo
1225 4695 1415 4746 nostra
1446 4696 1576 4747 sunt
1606 4709 1832 4764 pascua,
1865 4695 1987 4748 hac

357 4801 556 4840 eorum
611 4780 710 4856 qui
762 4789 1002 4856 possunt
1053 4783 1238 4838 dicere
1293 4802 1304 4837 :
1358 4787 1532 4852 Quam
1583 4787 1770 4840 dulcia
1816 4788 1989 4854 fauci-

359 4880 452 4933 bus
497 4880 627 4933 meis
668 4878 830 4932 verba
871 4882 965 4931 tua
1014 4878 1178 4947 (vers.
1232 4878 1387 4947 103)!
1440 4880 1566 4933 Hac
1617 4895 1816 4934 eorum
1865 4897 1989 4950 pas-

421 5018 517 5080 (97)
557 5017 764 5069 Omnes
789 5015 942 5079 edit.,
981 5016 1368 5078 interpretatio,
1398 5031 1514 5081 qua
1554 5023 1626 5068 est
1657 5031 1859 5082 pascua
1896 5034 1989 5068 eo-

356 5102 494 5147 rum,
524 5089 617 5140 hoc
645 5093 739 5150 est,
758 5087 1008 5152 ﬁdelium.
1037 5088 1160 5148 Qua
1186 5091 1310 5137 sunt
1328 5099 1546 5150 pascua,
1571 5088 1679 5137 nisi
1708 5087 1944 5139 Christus
1962 5086 1993 5140 Ῡ

358 5159 488 5208 Mss.
520 5160 588 5208 ad
617 5173 813 5218 unum,
839 5164 902 5208 ut
933 5159 990 5206 in
1025 5162 1196 5207 textu.

418 5229 516 5292 (98)
543 5232 749 5291 Rasum,
779 5243 845 5280 eo
875 5230 1014 5279 forte
1044 5229 1396 5278 Dominicum
1437 5229 1765 5293 sanguinem
1807 5235 1988 5292 vocat,

357 5301 508 5364 quod
539 5302 883 5365 frequentius
909 5314 938 5350 e
966 5301 1098 5349 vino
1123 5299 1281 5349 rubei
1310 5299 1511 5349 coloris
1548 5306 1986 5362 consecraretur,

359 5373 600 5421 maxime
657 5371 728 5421 ob
787 5370 1228 5421 similitudinem.
1285 5369 1529 5421 Consule
1593 5384 1760 5434 super
1814 5385 1876 5422 ea
1933 5385 1989 5422 re

357 5441 452 5491 lib.
483 5455 541 5491 1v
566 5441 629 5490 de
659 5443 921 5501 Sacram.,
951 5455 1072 5505 cap.
1106 5443 1153 5500 4,
1183 5445 1238 5490 et
1281 5441 1373 5491 lib.
1403 5454 1419 5490 ι
1449 5441 1512 5491 de
1553 5442 1796 5504 Liturgia
1829 5441 1989 5500 Gall.,

360 5525 479 5576 cap.
507 5514 556 5572 ὅ,
584 5526 737 5562 num.
767 5514 816 5573 9,
847 5526 968 5576 pag.
998 5513 1079 5562 40.
1386 5528 1396 5538 ν

425 5585 523 5645 (99)
554 5584 632 5632 Ita
674 5597 772 5632 sex
811 5596 940 5632 mss.
984 5583 1228 5634 melioris
1265 5586 1450 5632 nota:
1481 5583 1536 5632 in
1578 5583 1704 5633 aliis
1751 5597 1897 5643 vero,
1939 5586 1990 5634 et

359 5657 473 5703 ant.
513 5653 642 5702 edit.
695 5654 1041 5713 omittuntur,
1083 5655 1218 5703 Nam
1265 5659 1311 5703 et
1349 5654 1406 5702 in
1447 5654 1586 5704 his...
1632 5658 1831 5703 montes
1868 5659 1991 5703 sunt

355 5723 696 5778 convallium.
752 5727 824 5777 At
876 5724 1034 5779 Rom.
1091 5725 1221 5780 edit.
1286 5726 1450 5781 verba
1495 5727 1578 5780 sic
1627 5727 1925 5781 inverterat
1970 5743 1981 5779 :

2087 4508 2192 4573 cit,
2247 4507 2342 4561 sed
2393 4522 2524 4560 cum
2591 4505 2952 4578 lampadibus
3017 4506 3075 4561 in
3139 4508 3324 4562 locum
3380 4508 3722 4578 nuptiarum

2088 4599 2326 4654 introire
2393 4603 2756 4668 meruerunt;
2825 4616 2952 4671 qua
3015 4603 3206 4655 autem
3271 4600 3329 4655 in
3393 4601 3540 4655 vasis
3599 4602 3726 4657 suis

2087 4693 2276 4748 oleum
2307 4709 2421 4748 non
2463 4691 2720 4765 1142
2753 4694 3027 4761 tulerunt,
3056 4694 3164 4748 hoc
3204 4697 3306 4760 est,
3340 4710 3455 4748 non
3497 4694 3722 4749 habue-

2089 4790 2224 4840 runt
2285 4786 2496 4852 fidem,
2561 4803 2677 4841 non
2744 4787 3141 4857 prudentiam,
3205 4804 3321 4842 non
3390 4788 3721 4843 misericor-

2089 4880 2262 4947 diam,
2315 4880 2526 4934 anima
2575 4879 2630 4934 in
2677 4880 2786 4935 hoc
2832 4881 3152 4935 constituta
3200 4897 3458 4952 corpore,
3512 4881 3723 4937 merito

2091 5020 2237 5069 Bona
2289 5019 2444 5068 etiam
2491 5018 2685 5068 Christi
2728 5033 2931 5082 pascua
2977 5026 3172 5071 montes
3213 5019 3532 5070 convallium
3570 5023 3725 5080 (nam

2089 5095 2137 5139 et
2165 5091 2222 5137 in
2251 5089 2331 5139 his
2359 5089 2598 5153 pascitur
2622 5089 2876 5148 Christus,
2907 5090 3040 5140 sicut
3073 5090 3349 5154 capreolus
3387 5096 3482 5141 aut
3520 5092 3724 5141 hinnu-

2093 5161 2174 5211 lus
2222 5164 2534 5221 cervorum),
2577 5160 2670 5211 hoc
2721 5167 2813 5220 est,
2869 5163 2924 5208 in
2975 5161 3341 5224 splendoribus
3390 5168 3724 5223 sanctarum,

2088 5232 2241 5287 sicut,
2265 5235 2370 5281 etc.

2153 5305 2235 5382 (‘1).
2271 5302 2396 5381 Mss.
2452 5306 2684 5365 septem,
2734 5302 2788 5350 in
2839 5301 3030 5365 quibus
3080 5304 3248 5354 David
3302 5302 3547 5366 pascebat
3601 5317 3725 5355 oves

2089 5378 2260 5506 pag)“
2279 5385 2488 5496 ἔξωθε
2546 5444 2677 5494 edit.
2738 5458 2803 5495 ac
2855 5458 2965 5494 non
3027 5446 3189 5508 pauci
3247 5459 3401 5507 mss.,
3456 5446 3719 5509 ﬁctilibus.

2092 5517 2285 5565 Lumen
2319 5513 2546 5564 lucernas
2578 5523 2669 5573 est,
2691 5515 2836 5565 mitte
2869 5514 3040 5565 oleum
3077 5530 3143 5564 ne
3173 5516 3379 5580 deﬁciat
3418 5518 3510 5568 tibi
3545 5517 3727 5567 lumen

2096 5587 2338 5636 lucernae.
2382 5587 2445 5635 Et
2484 5587 2653 5636 oleum
2700 5600 2808 5636 non
2855 5587 2980 5636 olea:
3027 5591 3308 5641 terrestris.
3346 5593 3452 5640 etc.
3494 5589 3722 5653 Septem

2092 5657 2184 5708 alii
2211 5670 2341 5710 mss.
2369 5658 2614 5711 melioris
2642 5661 2806 5721 nota,
2837 5663 2898 5710 ut
2923 5671 3024 5711 nos
3052 5660 3109 5710 in
3138 5663 3311 5711 textu.
