3930 6168
225 321 342 376 1465
1359 323 1704 382 EXPOSlTlO
1742 324 1811 379 ΙΝ

1943 323 2164 380 ΜλΜυΜ
2204 323 2429 378 CXVIII.
3435 325 3570 378 1466

215 447 544 502 inﬁdelitatis
579 449 828 503 exclusa
869 454 1000 503 sunt
1037 449 1281 517 (Matth,
1311 466 1440 517 xxv,
1477 452 1676 520 10-12).
1707 450 1838 505 Ideo
1861 449 2175 534 Aregione
2218 449 2440 504 umbras
2488 447 2704 514 mortis,
2746 448 2839 502 lux
2885 453 3006 502 orta
3049 454 3132 502 est
3176 449 3256 503 eis
3297 455 3448 518 (Isa.,
3489 468 3567 505 ιι»

211 547 264 595 et
288 545 345 594 tu
377 541 594 596 habeto
621 558 854 612 semper
879 543 1174 598 lucernam
1197 543 1514 610 ardentem,
1544 545 1629 599 vel
1657 545 1846 600 lucen-
1946 547 2018 611 2).
2049 564 2074 591 n
2110 543 2281 613 Aperi
2321 542 2496 613 igitur
2546 542 2820 596 fenestras
2868 545 3012 607 tuas,
3053 545 3114 595 ut
3161 542 3433 612 splendor
3465 543 3567 598 tibi

211 641 315 689 tem
356 635 566 689 facem.
603 636 660 691 Si
697 636 853 690 enim
888 651 1075 706 neque
1115 636 1363 702 lucerna,
1396 652 1582 708 neque
1622 637 1845 709 lampas
1945 653 2172 708 magna;
2218 636 2358 690 lucis
2409 635 2666 690 introeat.
2723 637 2985 690 Paratum
3027 635 3115 689 fac
3165 636 3565 691 candelabrum

208 734 294 781 tua
346 729 557 795 luceat,
609 729 777 783 stulta
828 729 990 799 virgo
1046 728 1270 795 diceris,
1319 745 1424 784 nec
1476 729 1735 785 introibis
1785 732 1844 786 in
1945 732 2128 796 tuum,
2161 732 2220 784 ut
2248 729 2340 783 lux
2373 733 2466 783 tua
2495 745 2610 782 non
2639 727 2930 798 operiatur
2953 728 3349 799 integumento
3375 745 3568 799 corpo-

202 823 524 876 thalamum
577 822 777 892 Sponsi
833 822 914 876 tui
961 821 1305 894 superioris,
1357 822 1461 877 sed
1516 825 1844 879 remanebis
1943 822 2021 876 ris
2080 823 2182 889 tui,
2236 829 2291 877 et
2353 838 2619 876 mensura
2683 825 2919 876 terrenae
2976 821 3146 890 hujus
3202 821 3563 891 fragilitatis;

198 915 248 968 in
302 914 568 969 tenebris
629 915 929 983 caecitatis,
984 915 1148 986 quasi
1209 916 1308 986 qui
1369 916 1561 971 oderis
1620 919 1840 985 lucem;

197 1024 260 1062 ne
301 1023 496 1079 opera
533 1013 632 1062 tua
667 1009 949 1079 ﬂagitiosa
988 1009 1304 1080 prodantur
1335 1027 1347 1062 :
1391 1031 1417 1058 ‹‹
1449 1010 1645 1065 Omnis
1683 1011 1839 1066 enim

192 1102 282 1172 qui
315 1102 480 1155 male
513 1101 652 1172 agit,
692 1101 814 1156 odit
849 1102 1037 1160 lucem
1069 1102 1274 1174 (Joan.,
1307 1119 1389 1172 ιιι,
1427 1106 1534 1173 20).
1565 1123 1594 1154 ι)
1629 1104 1840 1159 Habeto

192 1194 395 1263 ﬁdem,
452 1194 660 1250 habeto
711 1195 1093 1266 prudentiam,
1143 1202 1204 1251 ut
1249 1212 1478 1268 semper
1525 1197 1729 1252 habeas
1779 1197 1836 1252 in

188 1287 334 1341 vasis
364 1288 488 1342 tuis
525 1288 716 1343 oleum
744 1289 1173 1356 misericordiae,
1207 1290 1520 1345 devotionis
1558 1291 1836 1360 gratiam;

189 1381 324 1452 quia
361 1381 682 1451 prudentes
713 1388 1056 1454 acceperunt
1086 1384 1280 1438 oleum
1307 1383 1366 1437 in
1393 1383 1536 1437 vasis
1566 1384 1679 1438 suis
1705 1401 1836 1438 cum

185 1475 564 1545 lampadibus
625 1475 760 1530 suis.
817 1476 1054 1547 Ungite,
1112 1493 1145 1531 ο
1200 1476 1495 1544 homines,
1549 1477 1840 1547 lampades

185 1572 413 1621 vestras
443 1584 456 1621 :
488 1583 622 1622 cum
656 1569 954 1639 jejunatis,
994 1569 1193 1640 ungite
1231 1574 1400 1640 caput
1437 1572 1709 1624 vestrum.
1745 1571 1834 1624 ln-

183 1659 514 1714 fundamus
549 1661 834 1716 mentibus
869 1662 1077 1716 nostris
1115 1663 1328 1728 oleum,
1362 1665 1426 1716 ut
1459 1679 1660 1734 corpus
1699 1679 1834 1717 nos-

188 1757 342 1807 trum
415 1753 673 1808 lucidum
733 1755 824 1809 sit.
881 1756 1088 1810 aneat
1151 1755 1255 1810 tibi
1317 1771 1543 1826 semper
1603 1757 1837 1811 lucerna

1943 916 2040 970 sed
2071 933 2242 986 supra
2280 931 2608 970 mensuram
2652 930 2935 986 corporeae
2975 913 3319 969 inﬁrmitatis
3359 915 3566 971 animus

1943 1012 2055 1063 tuae
2086 1009 2292 1065 virtute
2332 1009 2696 1080 praefulgens.
2735 1011 2846 1063 Aut
2869 1008 2916 1062 si
2945 1008 3015 1063 ad
3048 1024 3375 1062 mensuram
3405 1013 3566 1063 tene-

1941 1103 2037 1170 ris,
2069 1101 2196 1157 vide
2225 1119 2298 1157 ne
2325 1103 2751 1174 superefﬂciant
2779 1103 2915 1172 ipsae
2944 1117 3246 1170 mensurae,
3277 1118 3348 1156 ne
3373 1118 3569 1173 super-

1940 1196 2176 1251 efﬂuant
2231 1197 2328 1264 (4);
2380 1196 2476 1250 sed
2532 1196 2697 1250 bonis
2745 1194 3058 1249 seminibus
3099 1195 3212 1250 sint
3259 1199 3564 1250 contentae.

1939 1290 2063 1344 Non
2106 1289 2180 1344 sit
2222 1289 2436 1344 otiosus
2469 1305 2658 1344 sermo
2699 1295 2850 1357 tuus,
2893 1305 3007 1342 non
3047 1289 3286 1343 ferietur
3315 1292 3373 1343 et
3411 1293 3569 1343 vacet

1939 1382 2172 1436 verbum
2203 1388 2400 1450 tuum;
2444 1399 2515 1437 ne
2554 1384 2652 1436 ﬁat
2692 1383 2930 1437 lucerna
2968 1382 3072 1436 sub
3117 1381 3326 1437 modio.
3368 1384 3568 1437 Potens

1938 1480 2022 1531 est
2062 1478 2207 1531 Deus
2243 1476 2338 1546 qui
2383 1492 2553 1546 super
2589 1475 2998 1530 candelabrum
3039 1475 3343 1529 constituat
3381 1477 3562 1529 lucer-

1938 1585 2075 1623 nam
2111 1574 2265 1623 tuam
2288 1610 2301 1637 ,
2341 1574 2404 1623 ut
2442 1570 2627 1624 luceat
2674 1568 2938 1623 omnibus
2968 1568 3068 1639 qui
3107 1569 3168 1622 in
3207 1568 3379 1623 domo
3409 1577 3564 1635 sunt,

1939 1661 1988 1734 1
2006 1662 2054 1734 1
2071 1661 2196 1735 43
2217 1665 2283 1716 ut
2306 1663 2403 1734 qui
2427 1662 2828 1732 ingrediuntur
2854 1663 3050 1717 lumen
3079 1661 3322 1716 videant.
3353 1661 3564 1717 Cande-

1938 1756 2165 1810 labrum
2203 1756 2511 1827 principale
2552 1761 2811 1810 nostrum
2839 1757 2942 1809 est.
2975 1757 3125 1809 Pone
3151 1771 3476 1810 sermonem
3505 1754 3564 1809 in

187 1847 445 1900 Verbum
483 1847 616 1912 Dei;
648 1848 832 1901 luceat
862 1852 918 1902 et
956 1847 1192 1903 lucerna
1230 1849 1484 1920 corporis
1523 1849 1604 1903 tui
1643 1849 1838 1904 oculus
1859 1829 1914 1900 Β
1943 1849 2242 1920 principali
2273 1855 2388 1917 tuo,
2422 1854 2479 1903 et
2520 1849 2788 1904 omnibus
2825 1849 3013 1903 luceat
3041 1849 3140 1919 qui
3171 1847 3568 1919 ingrediuntur

186 1947 338 1994 tuus.
384 1939 756 1994 Conscientia
794 1945 885 1994 tua
927 1942 1140 2009 lucens,
1173 1941 1318 1996 bene
1357 1942 1417 1996 in
1460 1942 1565 1996 hoc
1599 1958 1837 2012 corpore

187 2035 448 2087 lucernae
474 2034 577 2087 lux
607 2037 720 2102 est;
747 2035 880 2104 quia
905 2033 1026 2104 ipsa
1051 2039 1136 2090 est
1163 2036 1361 2089 oculus
1387 2041 1535 2090 tuus.
1558 2036 1639 2092 Sit
1663 2052 1838 2106 purus

188 2128 395 2181 oculus
437 2134 596 2180 tuus.
635 2127 693 2181 Si
725 2127 1067 2182 conscientia
1104 2133 1203 2182 tua
1243 2128 1456 2182 munda
1498 2130 1589 2196 sit,
1625 2130 1839 2184 munda

188 2225 265 2273 est
309 2236 452 2274 caro
499 2224 628 2284 tua;
675 2219 722 2273 si
766 2226 956 2275 autem
1006 2221 1315 2276 tenebrosa
1361 2225 1446 2276 est
1493 2223 1839 2277 conscientia

191 2320 316 2379 tua,
377 2313 565 2367 etiam
614 2328 822 2383 corpus
874 2316 1036 2368 tuum
1092 2314 1456 2369 conscientiae
1508 2317 1616 2368 tuae
1672 2321 1838 2370 nocte

194 2405 564 2460 tenebrosum
605 2409 715 2460 est.
751 2407 1026 2462 Lucernaa
1063 2423 1200 2478 ergo
1239 2411 1297 2462 et
1335 2424 1441 2462 nos
1483 2424 1678 2462 sumus
1716 2414 1837 2464 toto

194 2501 370 2568 operti
398 2515 670 2569 corpore,
707 2499 797 2553 vix
829 2499 1047 2570 aliquid
1074 2499 1348 2571 exiguum
1375 2500 1649 2556 habentes
1678 2502 1836 2556 unde

197 2591 375 2647 lucere
405 2593 726 2663 possimus.

270 2689 319 2740 8.
349 2686 616 2757 Denique
661 2689 719 2740 et
757 2688 1005 2741 Joannes
1049 2687 1284 2742 lucerna
1324 2691 1466 2756 erat,
1510 2688 1656 2742 sicut
1697 2689 1840 2744 dixit

223 2781 475 2834 Dominus
507 2779 582 2834 de
616 2795 682 2834 eo
714 2795 726 2834 :
758 2801 785 2828 α
814 2781 915 2835 Ille
947 2784 1070 2834 erat
1097 2782 1332 2836 lucerna
1358 2781 1675 2850 ardens,-et
1704 2782 1834 2836 illu-

213 2873 413 2927 minans
447 2874 654 2942 (Joan.,
698 2888 752 2939 v,
799 2875 906 2944 35).
939 2895 966 2924 ››
1011 2875 1162 2928 Bona
1192 2875 1442 2942 lucerna,
1474 2891 1603 2946 quae
1644 2877 1837 2930 lumen

202 2967 513 3037 accipiebat
548 2983 583 3020 a
624 2966 877 3035 Christo,
919 2971 980 3022 ut
1013 2969 1204 3023 lucere
1254 2971 1440 3039 posset
1481 2969 1539 3022 in
1578 2968 1688 3023 hoc
1732 2985 1833 3023 sre-

201 3063 359 3127 cnlo;
400 3059 612 3114 merito
647 3061 874 3129 ardens,
908 3062 1112 3117 merito
1151 3062 1510 3129 illuminans,
1551 3062 1685 3133 quia
1715 3067 1839 3118 erat

1938 1943 1996 1996 in
2038 1943 2365 1997 Ecclesiam.
2395 1942 2601 2013 Accipe
2639 1948 2695 1997 et
2731 1941 2884 1996 aliud
2913 1942 3334 1997 candelabrum.
3367 1941 3566 1997 Consi-

1939 2036 2073 2091 dera
2099 2053 2162 2090 os
2189 2041 2376 2103 tuum,
2399 2035 2695 2090 considera
2721 2039 2778 2090 et
2807 2051 3128 2090 sermonem
3157 2039 3343 2089 tuum.
3369 2035 3567 2089 Nonne

1940 2146 2002 2184 os
2031 2135 2192 2184 tuum
2219 2129 2625 2184 candelabrum
2658 2133 2762 2196 est,
2791 2135 2848 2184 et
2877 2129 3113 2184 verbum
3145 2132 3304 2182 tuum
3334 2128 3569 2182 lucerna

1939 2229 2045 2292 est,
2076 2239 2205 2278 cum
2247 2223 2316 2278 de
2356 2239 2453 2277 ore
2483 2228 2582 2278 tuo
2623 2224 2950 2294 profertur?
2993 2224 3120 2277 Haec
3154 2223 3388 2276 lucerna
3423 2238 3569 2276 sem-

1939 2334 2040 2388 per
2089 2317 2191 2371 tibi
2236 2317 2443 2383 luceat,
2487 2318 2596 2372 hoc
2637 2324 2740 2384 est,
2786 2316 3020 2372 verbum
3062 2319 3223 2370 tuum
3269 2317 3474 2385 luceat,
3513 2319 3571 2370 et

1937 2426 2238 2482 nunquam
2270 2411 2684 2482 exstinguatur.

2014 2509 2096 2559 l0.
2138 2504 2356 2568 Quaeris
2401 2509 2466 2558 ut
2509 2504 2747 2558 doceam
2794 2502 3080 2573 quomodo
3112 2519 3230 2557 non
3273 2502 3446 2572 possit
3470 2519 3566 2556 ex—

1938 2597 2195 2669 stingui?
2225 2597 2509 2668 Scriptum
2547 2603 2628 2651 est
2668 2613 2680 2651 :
2725 2597 2938 2650 Lumen
2973 2595 3112 2665 justi
3156 2610 3381 2665 semper
3419 2594 3570 2650 inex-

1937 2690 2265 2760 stinguibile
2297 2693 2401 2758 est,
2442 2711 2469 2738 «
2509 2690 2703 2743 lumen
2736 2689 2968 2758 (autem)
3008 2687 3322 2758 impiorum
3355 2687 3566 2742 exstin-

1937 2788 2147 2853 guetur
2189 2784 2320 2851 (Job,
2363 2798 2510 2847 xvnl,
2556 2782 2632 2851 5).
2678 2804 2705 2830 ››
2747 2782 2861 2835 Hoc
2897 2782 3090 2834 lumen
3135 2784 3257 2834 erat
3298 2780 3564 2848 lucernae,

1937 2893 2062 2948 quae
2107 2875 2330 2930 lucebat
2375 2875 2431 2929 in
2481 2874 2843 2928 tabernaculo
2891 2873 3241 2938 Testimonii,
3291 2879 3348 2927 et
3398 2873 3566 2927 hodie

1939 2986 2064 3040 quae
2110 2970 2263 3024 lucet
2312 2969 2372 3022 in
2413 2969 2679 3037 Ecclesia,
2720 2968 2801 3022 vir
2834 2967 3072 3038 sapiens.
3117 2966 3212 3020 Hic
3255 2971 3339 3020 est
3375 2967 3567 3020 oculus

1939 3063 2220 3129 Ecclesiae,
2254 3062 2354 3133 qui
2379 3066 2498 3116 non
2528 3060 2664 3116 dicit
2695 3061 2980 3127 manibus,
3012 3060 3118 3115 hoc
3145 3061 3250 3128 est,
3279 3058 3566 3130 operanti-

198 3155 432 3208 nuutius
511 3154 754 3221 Christi,
829 3153 1158 3209 illuminans
1223 3155 1623 3226 predicatione
1700 3155 1835 3211 ﬁdei
1859 3196 1913 3269 C
1939 3156 2062 3223 bus,
2097 3156 2192 3210 sed
2223 3172 2339 3211 non
2366 3156 2544 3210 acutis
2569 3155 2641 3210 ad
2673 3153 3115 3225 intelligendum
3145 3171 3157 3207 :
3189 3154 3310 3207 Non
3337 3153 3472 3207 estis
3496 3154 3567 3223 (5)

197 3252 434 3318 pectora
491 3247 868 3318 singulorum.
921 3247 1030 3303 Sed
1078 3253 1134 3302 et
1183 3248 1304 3303 istis
1355 3248 1602 3303 lucernis
1657 3249 1835 3317 dedit,

204 3346 262 3394 ut
307 3343 402 3395 lux
444 3341 650 3395 mundi
697 3345 907 3408 essent,
952 3341 1147 3396 dicens
1185 3342 1253 3396 ad
1291 3343 1572 3412 apostolos
1607 3359 1620 3398 :
1657 3365 1684 3392 «
1730 3345 1838 3399 Vos

201 3435 331 3488 estis
389 3435 487 3490 lux
543 3434 740 3489 mundi
770 3437 1014 3504 (Matth.,
1058 3451 1111 3501 ν,
1160 3435 1268 3503 14).
1312 3457 1339 3484 ››
1383 3438 1532 3507 Ergo
1574 3436 1618 3491 si
1659 3437 1839 3507 gloria

204 3532 532 3583 sanctorum
593 3544 744 3582 nunc
800 3528 947 3582 sicut
1004 3529 1267 3595 lucerna,
1335 3546 1486 3584 nunc
1540 3531 1682 3586 sicut
1745 3531 1837 3585 lux

202 3622 406 3676 mundi
455 3621 714 3692 fulgebat
762 3621 820 3676 in
868 3622 976 3677 hoc
1022 3621 1254 3691 saeculo,
1303 3623 1442 3694 quid
1482 3623 1721 3678 dicimus
1765 3623 1836 3678 de

205 3716 389 3769 Verbo
420 3714 546 3781 Dei,
579 3715 728 3785 quod
758 3719 814 3770 et
843 3715 1076 3770 lucerna
1107 3721 1191 3770 est
1223 3716 1460 3787 pedibus
1491 3717 1676 3771 meis?

271 3813 326 3863 9.
365 3809 432 3861 Et
463 3809 697 3862 fortasse
726 3807 822 3862 ubi
858 3824 971 3863 non
1011 3814 1144 3863 sunt
1171 3809 1446 3877 tenebrae,
1477 3826 1589 3864 non
1630 3815 1715 3864 est
1749 3811 1834 3864 lu-

203 3918 378 3956 cerna
417 3901 658 3955 Verbum
697 3901 816 3967 Dei,
858 3902 952 3955 sed
997 3917 1166 3973 supra
1204 3903 1492 3957 lucernam
1515 3945 1528 3969 ,
1571 3903 1704 3974 quia
1739 3904 1834 3958 lux

202 4001 302 4049 est.
338 3993 614 4048 Tenebrae
649 3995 718 4048 iis
761 4011 877 4048 non
909 4000 1041 4049 sunt
1076 3995 1172 4066 qui
1206 3995 1397 4050 vident
1428 3997 1630 4050 lucem.
1662 3997 1833 4050 Deni-

205 4105 318 4158 que
356 4111 381 4133 ιε
411 4094 549 4141 tunc
569 4087 709 4157 justi
740 4087 1048 4158 fulgebunt
1082 4088 1227 4142 sicut
1254 4089 1334 4143 sol
1365 4088 1421 4142 in
1456 4105 1632 4158 regno
1662 4091 1838 4144 Patris

205 4181 289 4234 sui
327 4181 572 4247 (Matth,
600 4196 712 4246 xm,
744 4181 859 4251 43).
891 4202 918 4229 ››
950 4181 1016 4234 Et
1041 4180 1275 4235 fortasse
1306 4182 1616 4236 secundum
1647 4182 1836 4254 legem

206 4276 440 4328 lucerna
469 4280 554 4327 est
581 4273 824 4328 Verbum
853 4273 972 4340 Dei,
1003 4273 1319 4328 secundum
1348 4275 1720 4344 Evangelium
1745 4277 1834 4330 lux

203 4383 424 4438 magna
451 4372 552 4421 est.
588 4366 797 4422 tudinis
832 4367 1058 4421 lucerna
1097 4371 1202 4435 est,
1233 4374 1290 4422 et
1315 4368 1548 4423 lucerna
1579 4369 1683 4423 sub
1719 4386 1838 4424 mo-

206 4462 322 4516 dio.
364 4461 544 4514 Lucet
594 4459 704 4527 lex,
748 4460 846 4514 sed
888 4476 1006 4514 non
1051 4461 1293 4527 videtur;
1326 4461 1458 4532 quia
1497 4467 1691 4532 operta
1735 4479 1834 4518 eo-

1943 3250 2084 3305 mihi
2124 3249 2442 3304 necessarii.
2477 3251 2623 3320 Ergo
2667 3265 2838 3319 super
2873 3246 3283 3302 candelabrum
3322 3246 3565 3313 lucebat,

1941 3345 2037 3415 qui
2076 3343 2300 3398 dicebat
2333 3360 2344 3398 :
2387 3364 2415 3391 ‹‹
2455 3344 2651 3397 Nostra
2693 3347 2885 3396 autem
2931 3340 3286 3396 conversatio
3328 3340 3384 3394 in
3415 3340 3568 3394 caelis

1941 3440 2026 3491 est
2061 3437 2346 3507 (Philipp,
2395 3453 2471 3503 ιιι,
2515 3437 2620 3504 20).
2663 3455 2689 3485 ι)
2739 3437 2875 3488 Nam
2919 3441 2976 3489 et
3010 3434 3180 3488 David
3223 3437 3335 3488 tota
3371 3437 3566 3487 mente

1933 3530 2056 3600 jam
2098 3528 2534 3583 conversabatur
2571 3528 2630 3582 in
2675 3528 2834 3594 caelo,
2879 3531 2937 3582 et
2973 3527 3158 3581 adhuc
3187 3532 3375 3581 tamen
3415 3526 3565 3580 dice-

1939 3623 2074 3676 bat:
2110 3625 2356 3677 Lucerna
2395 3623 2623 3692 pedibus
2666 3624 2794 3676 meis
2831 3621 3052 3675 verbum
3095 3625 3263 3674 tuum.
3306 3622 3415 3673 Aut
3455 3621 3564 3673 for-

1941 3719 2086 3769 tasse
2129 3715 2289 3785 quasi
2334 3715 2515 3769 bonus
2551 3715 2825 3784 magister
2858 3714 2996 3767 mihi
3044 3713 3244 3783 prmire
3281 3712 3566 3782 cupiebat,

1939 3812 2002 3862 ut
2033 3808 2228 3862 lumen
2263 3807 2421 3878 sequi
2449 3807 2746 3874 discerem,
2775 3812 2833 3861 et
2861 3807 3013 3861 illius
3043 3805 3282 3876 pedibus
3313 3806 3565 3859 ambula-

1945 3917 2086 3956 rem.
2123 3901 2380 3956 Ostendit
2408 3916 2544 3969 ergo
2579 3900 2722 3954 mihi
2758 3900 2906 3954 hanc
2940 3900 3230 3954 lucernam
3260 3898 3419 3968 sequi
3454 3897 3566 3950 dis-

1940 4011 2068 4048 cere
2108 3995 2164 4048 in
2203 3993 2366 4048 istius
2391 3993 2754 4063 ignorantiae,
2786 3993 2845 4046 in
2884 3993 3041 4046 istius
3068 3991 3412 4062 cperimenti
3443 4007 3565 4044 cor-

1941 4088 2097 4159 porei
2134 4087 2382 4142 tenebris
2418 4085 2722 4141 constituto
2760 4087 2859 4156 (6);
2896 4088 2956 4140 ut
2985 4085 3274 4140 Christum
3303 4100 3566 4155 sequens,

1940 4181 2160 4236 nullum
2207 4181 2452 4258 lapidem
2492 4180 2822 4234 offensionis
2856 4179 3165 4234 incurram.
3195 4178 3434 4233 Errabat
3466 4180 3567 4234 Pe-

1939 4278 2060 4328 trus
2087 4275 2143 4327 in
2171 4273 2424 4328 tenebris
2449 4273 2811 4345 ignorantiae,
2840 4273 3084 4343 negabat
3120 4271 3409 4327 Christum
3445 4287 3569 4325 esse

1939 4368 2300 4436 moriturum;
2331 4368 2467 4439 quia
2503 4367 2688 4422 adhuc
2729 4383 2845 4421 non
2877 4366 3105 4420 videbat
3134 4366 3479 4419 moriturum
3513 4371 3570 4417 et

1939 4464 2384 4516 resurrecturum
2424 4477 2549 4515 esse
2589 4477 2692 4531 pro
2737 4459 2921 4514 nobis.
2962 4460 3278 4512 Conversus
3322 4457 3393 4511 ad
3437 4472 3568 4511 eum

205 4571 338 4608 rum
397 4553 661 4607 doctrina
721 4556 804 4607 est
860 4559 916 4608 et
984 4553 1331 4623 cogitatione
1392 4555 1663 4610 vitiorum
1730 4557 1920 4629 (3‘),D
1947 4554 2218 4609 Dominus
2255 4555 2331 4609 ait
2373 4573 2445 4607 ;‹‹
2487 4554 2636 4608 Vade
2681 4559 2830 4607 retro
2875 4555 3000 4624 post
3046 4568 3141 4606 me
3181 4552 3424 4620 (Matth.,
3456 4567 3568 4617 1m,

205 4653 260 4700 et
317 4646 578 4702 caecitate
631 4647 920 4716 perfidiis;
969 4648 1182 4718 populo
1235 4651 1428 4702 autem
1477 4665 1542 4702 ex
1593 4649 1836 4703 nationi-

205 4740 307 4795 bus
365 4742 460 4794 lux
517 4744 622 4795 est.
673 4741 951 4811 Denique,
1007 4761 1035 4790 «
1089 4742 1301 4813 p0pulo
1357 4742 1453 4812 qui
1503 4741 1734 4796 sedebat
1781 4742 1839 4796 in

265 4865 330 4926 {3)
383 4863 486 4915 Sic
538 4864 790 4929 plerique
841 4878 971 4914 mss.
1020 4865 1130 4916 Alii
1185 4863 1468 4924 nonnulli,
1517 4867 1572 4913 et
1624 4867 1841 4914 cunctae

205 4935 355 4995 edit.,
414 4937 735 5000 contagione
783 4936 1053 4985 vitiorum.
1103 4937 1223 4986 Non
1278 4935 1456 4989 male,
1506 4934 1604 4984 sed
1657 4939 1842 4985 tamen

205 5006 404 5056 allusio
449 5007 672 5055 videtur
719 5006 812 5055 hic
856 5006 975 5055 fieri
1018 5007 1085 5056 ad
1127 5006 1444 5069 opinionem
1490 5005 1840 5055 sacerdotum

205 5076 425 5127 Iudaici
484 5077 696 5140 populi,
749 5077 846 5140 qui
897 5077 1255 5141 cogitationes
1301 5089 1366 5127 ac
1417 5075 1688 5126 desideria
1737 5075 1841 5140 legi

207 5149 481 5198 contraria
507 5160 620 5197 non
647 5148 1112 5198 condemnabant.

267 5220 328 5281 μ]
394 5217 559 5267 Rom.
624 5215 776 5277 edit.,
827 5220 933 5267 Aut
981 5220 1027 5268 si
1076 5231 1382 5268 mensuram
1435 5217 1684 5272 tenueris,
1729 5217 1843 5267 vide

206 5302 266 5337 ne
321 5289 573 5353 deficiant
629 5289 755 5352 ipsa:
809 5302 1085 5348 mensurae,
1134 5302 1225 5338 nec
1278 5287 1678 5352 supera/ﬂuant,
1734 5292 1839 5338 etc.

207 5360 323 5412 Vet.
372 5375 507 5412 cum
556 5361 776 5410 cunctis
823 5374 938 5410 mss
965 5398 977 5420 ,
1017 5364 1118 5410 Aut
1155 5361 1201 5410 si
1246 5362 1317 5409 ad
1363 5373 1668 5409 mensuram
1710 5364 1844 5407 tene-

207 5434 294 5481 ris.
341 5434 405 5483 In
453 5431 670 5495 reliqua
710 5442 839 5480 vero
882 5435 1033 5494 parte
1071 5444 1198 5480 mss.
1240 5431 1386 5481 inter
1424 5444 1483 5480 se
1523 5430 1683 5479 divisi
1723 5444 1844 5493 par-

206 5504 300 5552 tim
349 5505 479 5555 voci
532 5503 746 5556 teneris,
791 5502 1058 5552 continuo
1095 5502 1464 5566 subjungunl,
1506 5500 1845 5563 superefﬂuat

205 5576 316 5636 ipsa
349 5588 635 5631 mensura,
657 5571 1022 5636 sapere/ﬂuat,
1046 5574 1135 5622 sed
1158 5573 1308 5624 bonis
1332 5574 1399 5623 sit
1428 5571 1665 5634 conferta
1691 5572 1844 5621 semi-

207 5647 373 5710 nibus,
425 5647 630 5710 partim
669 5658 801 5696 cum
849 5649 962 5695 vet.
1015 5645 1145 5694 edit.
1203 5646 1499 5696 lectionem
1545 5643 1846 5707 pmferunt

205 5731 367 5779 quam
396 5717 577 5768 secuti
607 5729 822 5765 sumus.

273 5790 332 5849 ⁵5)
393 5789 633 5839 Cunctae
693 5787 848 5847 edit.,
905 5785 1249 5850 operantibus
1306 5789 1439 5850 (cum
1506 5787 1573 5836 sit
1631 5785 1842 5850 quidem

204 5860 467 5923 angustiis
523 5863 757 5923 opertus,
797 5857 890 5910 sed
940 5871 1050 5911 non
1106 5862 1360 5922 angustus
1412 5857 1484 5908 ad
1535 5857 1843 5922 intelligen-

1940 4652 2051 4718 23).
2096 4670 2122 4697 ››
2163 4647 2426 4703 Ostendit
2464 4647 2543 4701 illi
2575 4647 2869 4701 lucernam
2910 4661 3080 4717 quam
3119 4643 3354 4699 deberet
3385 4645 3568 4715 sequi,

1935 4748 2059 4811 post
2101 4758 2201 4805 me,
2249 4741 2466 4807 dicens,
2507 4740 2742 4794 Secutus
2785 4739 3018 4793 verbum
3067 4737 3162 4792 Dei
3207 4739 3569 4792 confirmatus

1942 4863 2084 4925 dum)
2115 4879 2130 4911 :
2158 4863 2274 4912 Non
2312 4861 2451 4917 estis,
2486 4865 2590 4912 etc.
2639 4860 2766 4910 Mss.
2813 4861 3083 4924 plerique,
3129 4858 3465 4923 operantibus
3504 4857 3570 4905 ad

1942 4933 2340 4995 intelligendum
2381 4948 2394 4981 :
2424 4935 2541 4982 Non
2589 4934 2730 4988 estis,
2768 4936 2872 4982 etc.
2922 4931 3140 4995 Optime
3175 4930 3423 4981 omnium
3464 4929 3572 4977 Na-

1942 5019 2055 5054 var.
2083 5018 2249 5065 unus,
2295 5003 2480 5065 Vind.,
2521 5003 2686 5063 Aud.,
2729 5003 2856 5053 Ebr.
2905 5007 2960 5052 et
2998 5003 3164 5062 Fisc.,
3203 5005 3263 5050 ut
3309 5011 3473 5062 supra
3512 4999 3568 5046 in

1942 5079 2223 5126 contextu.

2006 5147 2071 5207 (ϐ)
2099 5145 2244 5195 Edit.
2281 5149 2385 5196 vet.
2416 5151 2470 5196 et
2495 5158 2624 5195 mss.
2657 5145 2885 5208 aliquot,
2911 5143 3181 5192 lucernam
3212 5140 3347 5189 hanc
3374 5149 3572 5202 sequar

1945 5218 2002 5265 in
2046 5219 2196 5268 istius
2245 5217 2565 5279 ignorantia
2619 5218 2963 5278 operimento,
3012 5216 3071 5262 in
3125 5213 3274 5263 istius
3330 5212 3569 5274 corporis

1942 5288 2168 5338 tenebris
2195 5289 2520 5339 constitutus.
2553 5288 2752 5338 Rom...
2786 5289 2843 5334 in
2879 5286 3030 5335 istius
3069 5283 3386 5347 ignorantiae
3423 5287 3570 5332 tene-

1945 5358 2073 5414 bris,
2105 5360 2161 5407 in
2192 5360 2340 5408 istius
2367 5373 2630 5422 corporeae
2661 5356 2975 5420 fragilitatis
3015 5355 3338 5417 operimento
3378 5353 3571 5402 consti-

1946 5434 2101 5478 tutus.
2136 5430 2388 5479 Aliorum
2418 5442 2547 5478 mss.
2580 5431 2834 5491 quatuor,
2857 5427 2993 5476 hanc
3020 5425 3305 5474 lucernam.
3342 5424 3572 5486 Sequar,

1941 5499 2164 5556 discere,
2189 5504 2294 5549 etc.
2336 5499 2509 5558 Unus,
2538 5497 2675 5546 hanc
2715 5497 3005 5554 lucernam,
3029 5501 3086 5545 ut
3119 5495 3370 5544 discerem
3398 5495 3570 5557 sequi,

1944 5573 2047 5621 etc.
2091 5569 2207 5620 Sex
2249 5570 2489 5633 denique
2520 5573 2581 5618 ut
2618 5582 2783 5631 supra
2821 5569 2877 5616 in
2917 5569 3198 5616 contextu.
3234 5565 3571 5615 Duriuscula

1944 5652 2078 5689 sane
2116 5640 2341 5700 locutio,
2372 5643 2427 5690 et
2471 5652 2638 5703 quam
2682 5636 2944 5687 credibile
2984 5639 3066 5686 est
3107 5636 3282 5685 vitare
3327 5634 3570 5685 voluisse

1945 5724 2058 5772 eos,
2109 5712 2204 5776 qui
2250 5717 2328 5762 tot
2376 5713 2666 5761 varietates
2719 5709 3002 5759 induxere.
3053 5707 3164 5759 Sed
3209 5720 3332 5758 eam
3386 5710 3568 5758 tamen

1944 5783 2276 5835 conﬁrmant
2303 5784 2606 5849 superiora,
2633 5787 2687 5832 ut
2719 5781 2893 5832 lumen
2919 5781 3067 5847 sequi
3093 5780 3358 5831 discerem.
