3930 6168
376 288 512 342 1467

1831 292 1884 342 S.
1927 289 2235 345 AMBROSII

3597 294 3733 347 1468

372 417 491 478 est;
520 415 721 485 postea
759 412 927 484 coepit
963 414 1242 469 inhaerere
1278 416 1518 481 Christe,
1547 416 1761 470 timens
1799 432 1869 471 ne
1905 416 2007 470 ite-
2029 427 2085 499 Α
2107 417 2336 472 viscitur
2370 418 2525 489 quod
2562 419 2797 485 audivit,
2828 421 2884 473 et
2921 418 3180 488 negligit.
3216 419 3318 471 Iste
3362 423 3445 471 est
3476 419 3571 489 qui
3610 420 3738 473 sine

372 523 501 560 rum
545 506 737 576 aliquo
782 506 1068 562 laberetur
1116 524 1330 562 errore.
1379 509 1577 562 Nonne
1628 512 1687 562 et
1731 509 1851 578 ipse
1905 509 2006 579 qui

370 600 600 654 dicebat
650 615 663 653 :
711 602 955 656 Lucerna
1000 602 1228 670 pedibus
1271 604 1397 656 meis
1442 603 1665 657 verbum
1714 608 1887 663 tuum,
1933 602 2004 669 ad

374 694 522 748 hanc
567 694 861 747 lucernam
906 693 1210 762 festinavit,
1259 712 1388 749 cum
1441 695 1653 750 diceret
1692 695 1751 749 iu
1798 696 1939 749 mari
1986 713 1999 750 :

374 810 399 833 ‹‹
452 785 758 841 Domine...
802 786 939 857 jube
988 803 1081 841 me
1128 788 1320 843 venire
1368 789 1441 843 ad
1486 795 1540 843 te
1587 805 1759 859 super
1795 805 2004 861 aquam

372 881 615 947 (Matt/4.,
660 896 769 947 XIV,
820 882 946 951 28)?
988 903 1017 929 n
1061 882 1168 936 Sed
1211 882 1343 953 quia
1389 900 1503 938 non
1544 883 1882 954 sequebatur
1916 884 2000 937 lu-

374 988 625 1040 cernam,
659 976 847 1028 motus
888 979 991 1039 est,
1033 980 1202 1045 atque
1234 976 1515 1045 titubavit,
1551 980 1771 1031 natura:
1814 976 1884 1045 (7)
1917 992 2007 1031 ve-

372 1066 750 1122 hementioris
781 1068 930 1121 mole
958 1068 1235 1122 turbatus.

448 1163 534 1214 Η.
574 1161 896 1231 Sequemur
936 1177 1075 1233 ergo
1116 1162 1406 1217 lucernam
1447 1163 1614 1229 hanc,
1665 1167 1721 1217 et
1761 1162 1902 1218 sicut
1945 1164 2004 1218 in

378 1257 540 1308 nocte
585 1254 945 1309 ambulemus
982 1255 1055 1309 ad
1100 1255 1315 1310 lumen.
1363 1256 1550 1310 Multae
1593 1257 1793 1325 fovete,
1841 1257 2007 1312 multi

376 1348 592 1418 scopuli
644 1348 702 1403 in
762 1348 922 1402 istius
986 1348 1175 1403 saeculi
1237 1349 1481 1420 caligine
1548 1366 1661 1405 non
1721 1350 2002 1406 videntur.

375 1442 587 1495 Praeter
618 1442 723 1495 tibi
753 1443 1045 1497 lucernam
1086 1457 1260 1513 quam
1299 1444 1581 1514 Propheta
1628 1443 2002 1511 monstravit;

374 1533 501 1588 vide
555 1550 668 1604 quo
717 1535 925 1590 debeas
988 1537 1295 1591 transferre
1345 1536 1684 1607 vestigium,
1735 1542 2005 1592 contuere

374 1627 470 1681 ubi
518 1627 725 1698 pedem
770 1645 985 1700 ponere
1037 1631 1243 1685 mentis
1287 1630 1560 1695 internae;
1606 1645 1709 1701 per
1756 1630 2005 1702 singulos

372 1736 505 1774 cura
532 1722 603 1775 sit
630 1738 889 1791 gressus;
933 1724 1070 1777 nulli
1111 1724 1306 1778 credas
1346 1727 1530 1792 tuum,
1568 1722 1675 1777 nisi
1715 1729 2003 1794 praeeunte

370 1814 618 1868 lucerna}
676 1814 836 1869 istius
886 1816 1034 1885 luce,
1091 1833 1437 1887 processum.
1495 1818 1635 1870 Nam
1687 1817 1785 1871 ubi
1840 1793 2081 1888 putasB

372 1907 523 1977 quod
563 1908 763 1974 luceat,
808 1925 1021 1979 gurges
1063 1914 1177 1976 est;
1226 1910 1451 1964 videtur
1493 1910 1702 1979 lucere,
1747 1911 1843 1965 sed
1882 1912 2001 1981 pol-

369 1998 503 2067 luit;
555 2004 612 2054 et
664 2002 756 2054 ubi
810 2007 972 2072 putas
1022 2003 1270 2057 solidum
1322 2018 1440 2058 esse
1488 2003 1574 2057 vel
1625 2003 1873 2070 siccum,
1925 2003 2003 2058 ibi

370 2091 656 2147 lubricum
684 2099 789 2149 est.
818 2094 924 2149 Sed
955 2098 1013 2149 et
1039 2094 1085 2149 si
1114 2095 1345 2149 lucerna
1381 2096 1485 2150 tibi
1516 2094 1613 2166 (8),
1644 2096 1751 2151 iter
1776 2095 2003 2168 longius

369 2185 458 2239 sit.
505 2186 584 2241 Sit
627 2203 763 2257 ergo
805 2186 946 2242 ﬁdes
989 2187 1091 2242 tibi
1138 2187 1358 2243 itineris
1396 2188 1481 2243 tui
1523 2188 1750 2259 praevia,
1793 2188 1866 2243 sit
1896 2188 2003 2244 tibi

371 2279 484 2333 iter
534 2280 821 2350 Scriptura
869 2280 1081 2335 divina.
1139 2282 1325 2336 Bonus
1376 2288 1461 2337 est
1510 2282 1749 2337 ccelestis
1801 2282 2003 2337 ductus

372 2372 599 2444 eloquii.
646 2376 719 2429 Ex
768 2374 871 2428 hac
915 2375 1143 2429 lucerna
1184 2375 1430 2430 accende
1468 2379 1526 2429 et
1560 2381 1623 2429 tu
1670 2377 1959 2430 lucernam
1984 2418 1999 2441 ,

372 2471 432 2520 ut
460 2466 647 2521 luceat
686 2466 924 2522 interior
962 2468 1158 2522 oculus
1199 2473 1348 2536 tuus,
1385 2470 1483 2541 qui
1523 2469 1755 2523 lucerna
1796 2473 1882 2523 est
1919 2469 2000 2524 tui

369 2558 642 2629 corporis.
685 2560 889 2615 Multas
929 2560 1108 2615 habes
1144 2561 1425 2629 lucernas,
1465 2562 1740 2616 accendes
1780 2578 1999 2629 omnes,

369 2652 506 2722 quia
534 2652 751 2708 dictum
780 2658 863 2709 est
890 2653 991 2708 tibi
1019 2671 1033 2709 :
1067 2675 1095 2703 (ι
1124 2654 1247 2709 Sint
1276 2654 1455 2709 lumbi
1488 2655 1659 2709 vestri
1687 2655 1999 2726 praecincti,

368 2750 425 2800 et
468 2746 717 2801 lucerna:
747 2750 945 2802 vestra:
989 2746 1257 2803 ardentes
1298 2748 1470 2819 (Luc.,
1502 2764 1597 2815 xu,
1644 2752 1750 2818 35).
1790 2770 1816 2799 ››
1861 2748 2003 2812 Quia

372 2838 569 2894 multa}
605 2845 737 2895 sunt
772 2840 1047 2910 tenebrae,
1079 2842 1278 2896 multa:
1306 2846 1442 2896 sunt
1466 2843 1713 2896 lucernae
1745 2858 2001 2897 necessa-

373 2932 500 3002 riae;
533 2939 595 2988 ut
623 2934 964 2989 meritorum
996 2938 1325 2989 nostrorum
1356 2936 1416 2989 in
1444 2936 1613 2989 tantis
1643 2935 1893 2990 tenebris
1922 2938 2005 2991 lu-

370 3042 505 3081 men
532 3028 768 3082 eluceat.
800 3029 936 3081 lstas
965 3026 1221 3099 1144
1256 3029 1517 3083 lucernas
1546 3028 1635 3083 lex
1665 3029 2004 3100 signiﬁcavit

371 3134 598 3190 semper
661 3120 851 3175 lucere
914 3120 1121 3176 debere
1184 3123 1240 3175 in
1298 3122 1660 3175 tabernaculo
1720 3122 1998 3177 Testimo-

366 3213 447 3267 nii
495 3213 715 3282 (Εωοάη
760 3230 885 3282 xxv,
929 3213 1038 3285 37),
1078 3230 1195 3269 non
1232 3214 1354 3269 illas
1393 3231 1537 3285 quas
1575 3215 1755 3271 Judaei
1796 3232 1997 3271 accen-

370 3304 513 3359 dunt
539 3306 813 3376 quotidie.
837 3308 952 3362 Illae
974 3307 1076 3362 sub
1100 3307 1300 3363 umbra
1320 3308 1531 3374 lucent,
1556 3314 1612 3363 et
1634 3310 2001 3380 exstinguun-

370 3404 463 3453 tur
505 3399 791 3470 quotidie;
821 3401 957 3472 quia
996 3402 1144 3472 quod
1190 3401 1403 3455 faciunt
1438 3418 1552 3457 non
1595 3401 1805 3470 vident,
1846 3404 1999 3475 quod

369 3493 569 3563 legunt
627 3494 907 3562 nesciunt,
972 3495 1311 3566 accipientes
1373 3495 1687 3550 secundum
1748 3496 1999 3551 litteram

368 3587 524 3658 quod
547 3587 876 3659 praecipitur
900 3590 1212 3644 secundum
1241 3589 1523 3661 spiritum.
1548 3590 1999 3645 Tabernaculum

366 3680 520 3735 enim
561 3682 893 3736 Testimonii
934 3699 1136 3753 corpus
1181 3683 1291 3737 hoc
1336 3688 1595 3737 nostrum
1639 3689 1741 3752 est,
1786 3684 1845 3738 in
1888 3699 2001 3754 quo

365 3774 617 3830 Christus
652 3775 900 3843 advenit,
944 3792 1046 3847 per
1079 3776 1325 3847 amplius
1368 3782 1426 3830 et
1460 3776 1768 3846 perfectius
1807 3776 1997 3830 taber-

369 3869 657 3933 naculum,
695 3868 841 3923 sicut
877 3869 1150 3940 scriptum
1191 3872 1279 3923 est
1317 3869 1525 3937 (Hebr.,
1557 3886 1628 3937 Ix,
1662 3868 1769 3939 Η),
1800 3875 1865 3923 ut
1898 3886 2001 3940 per

368 3963 708 4033 sanguinem
757 3978 926 4016 suum
969 3963 1212 4017 intraret
1264 3964 1321 4017 in
1369 3967 1577 4030 sancta,
1611 3966 1667 4017 et
1706 3962 1996 4018 conscien-

366 4055 507 4108 tiam
546 4061 797 4110 nostram
834 4055 905 4109 ab
948 4056 1104 4110 omni
1156 4071 1329 4127 opere
1373 4060 1735 4111 mortuorum
1775 4061 1832 4112 et
1873 4056 2000 4112 labe

367 4148 703 4213 mandaret;
733 4165 846 4219 quo
881 4150 939 4203 in
971 4150 1306 4220 corporibus
1345 4152 1574 4218 nostris,
1602 4168 1731 4222 quae
1769 4168 1998 4225 suorum

364 4241 691 4296 testimonio
730 4245 789 4296 et
814 4243 1089 4313 qualitate
1121 4243 1406 4298 factorum
1435 4244 1844 4314 cogitationum
1878 4262 1999 4299 nos-

366 4339 582 4390 trarnm
636 4335 961 4390 abscondita
1012 4341 1068 4391 et
1116 4339 1334 4392 occulta
1387 4341 1687 4405 testantur,
1742 4338 1998 4393 lucerna-

364 4444 494 4483 rum
541 4429 715 4484 modo
767 4430 952 4484 luceat
997 4433 1323 4485 nostrarum
1375 4432 1465 4485 lux
1514 4432 1660 4485 clara
1705 4430 1995 4485 virtutum.

2105 510 2336 564 lucerna
2363 511 2421 565 in
2461 511 2633 566 domo
2668 528 2767 566 sua
2798 512 3080 578 ambulat;
3111 512 3349 583 ideoque
3386 513 3443 565 in
3482 513 3738 567 tenebris

2105 603 2380 671 ambulat,
2411 604 2506 675 qui
2541 620 2713 675 opera
2751 604 3121 659 tenebrarum
3163 604 3315 672 facit,
3358 606 3415 659 iu
3447 621 3736 660 comessa-

2108 696 2356 751 tionibus
2403 699 2460 751 et
2507 696 2892 766 ebrietatibus,
2939 698 2996 752 in
3045 696 3325 752 cubilibus
3373 703 3429 753 et
3478 698 3737 769 impudi-

2106 789 2268 856 citiis,
2301 790 2361 844 in
2399 790 2862 846 contentionibus
2892 796 2950 845 et
2989 790 3463 858 aemulationibus,
3497 791 3741 845 indutus

2106 884 2444 939 vestimenta
2462 884 2694 951 diaboli,
2719 901 2832 938 non
2852 884 3164 939 Christum.
3190 885 3316 939 Haec
3335 884 3481 939 ﬁunt
3501 885 3739 955 quando

2105 977 2262 1031 verbi
2306 977 2539 1033 lucerna
2577 995 2691 1032 non
2736 979 2908 1033 lucet.
2953 978 3257 1049 Nunquam
3295 994 3434 1049 ergo
3476 978 3735 1049 negliga-

2105 1087 2232 1125 mus
2268 1071 2506 1125 verbum
2548 1071 2769 1126 Domini
2811 1088 2878 1125 ex
2921 1087 3037 1142 quo
3074 1071 3235 1125 nobis
3272 1072 3529 1125 omnium
3571 1072 3740 1142 origo

2106 1164 2382 1219 virtutum
2439 1167 2558 1232 est;
2624 1164 3138 1236 universorumque
3196 1180 3437 1235 operum
3497 1164 3738 1236 quidam

2105 1273 2420 1327 processus.
2473 1258 2529 1314 Si
2588 1257 2847 1312 membra
2896 1257 3150 1329 corporis
3205 1258 3387 1313 nostri
3436 1257 3557 1313 sine
3608 1259 3737 1314 luce

2107 1351 2334 1421 operari
2389 1354 2543 1406 recte
2595 1367 2711 1406 non
2767 1357 2986 1422 queunt
3035 1353 3189 1417 (nam
3244 1352 3420 1423 pedes
3467 1351 3739 1406 vacillant

2105 1444 2227 1498 sine
2272 1444 2511 1511 lumine,
2546 1448 2604 1499 et
2641 1461 2845 1499 manus
2886 1444 3121 1517 errant),
3170 1451 3385 1517 quanto
3429 1445 3615 1515 magis
3660 1444 3736 1499 ad

2105 1536 2257 1592 verbi
2286 1537 2483 1592 lumen
2517 1537 2819 1609 dirigenda
2848 1542 2979 1592 sunt
3002 1538 3210 1593 anima:
3238 1542 3447 1593 nostra:
3472 1537 3737 1608 vestigia,

2103 1633 2275 1702 atque
2304 1630 2511 1686 mentis
2543 1630 2816 1686 incessus!
2860 1632 3006 1686 Sunt
3033 1634 3089 1687 et
3128 1646 3333 1686 manus
3364 1631 3571 1686 animas
3604 1647 3739 1702 quae

2106 1723 2252 1778 bene
2293 1727 2555 1794 tangunt,
2595 1731 2657 1778 ut
2703 1724 2892 1796 tetigit
2929 1724 3168 1779 Thomas
3199 1724 3506 1779 Dominica:
3537 1740 3736 1778 resur-

2106 1816 2374 1872 rectionis
2416 1817 2624 1871 indicia
2656 1816 2852 1888 (Joan.,
2889 1834 2978 1885 xx,
3018 1818 3130 1889 27),
3163 1818 3211 1872 si
3243 1817 3398 1872 verbi
3439 1816 3740 1888 praesentis

2104 1909 2264 1964 nobis
2311 1910 2508 1965 lumen
2555 1911 2756 1966 luceat.
2812 1912 2939 1966 [Ιωο
2982 1912 3215 1966 lucerna
3266 1926 3503 1965 accensa
3547 1910 3622 1963 sit
3673 1911 3737 1963 in

2105 2002 2266 2057 omni
2317 2002 2511 2072 verbo,
2564 2003 2623 2057 in
2674 2003 2830 2058 omni
2875 2019 3068 2074 opere.
3120 2003 3206 2059 Ad
3250 2003 3402 2059 hanc
3440 2004 3737 2059 lucernam

2103 2111 2331 2167 gressus
2356 2100 2549 2152 noster
2578 2096 2820 2151 forensis
2846 2097 3221 2169 internusque
3249 2100 3561 2152 moveatur.

2178 2192 2264 2243 13.
2297 2189 2407 2245 Sed
2431 2189 2557 2260 jam
2584 2189 3027 2261 progrediamur
3054 2190 3123 2245 ad
3161 2193 3385 2257 catera,
3416 2194 3473 2245 et
3500 2189 3601 2244 ﬁat
3629 2206 3735 2260 pe-

2105 2281 2272 2337 dibus
2299 2282 2443 2337 meis
2467 2282 2700 2337 lucerna
2724 2283 2969 2338 Verbum
2995 2284 3111 2353 Dei,
3136 2288 3195 2339 et
3213 2282 3426 2339 semitis
3451 2283 3589 2337 meis
3616 2283 3735 2337 lux.

2102 2375 2346 2429 Pedibus
2382 2376 2613 2431 lucerna
2649 2376 2785 2431 satis
2819 2380 2905 2432 est
2940 2377 3012 2431 ad
3052 2376 3477 2441 ambulandum,
3516 2376 3741 2431 semitis

2104 2484 2219 2523 non
2252 2474 2337 2523 est
2381 2471 2518 2524 satis
2559 2470 2632 2525 ad
2669 2470 3150 2537 illuminandum;
3182 2470 3331 2525 idem
3366 2469 3609 2525 Verbum
3647 2474 3736 2524 ta-

2102 2578 2233 2617 men
2263 2566 2320 2617 et
2348 2562 2588 2634 pedibus
2614 2546 2851 2619 lucerna
2876 2568 2978 2632 est,
3007 2567 3064 2619 et
3089 2563 3307 2618 semitis
3330 2564 3422 2616 lux
3452 2568 3568 2629 est;
3596 2562 3743 2634 quia

2104 2655 2258 2710 idem
2289 2655 2622 2727 unigenitus
2656 2657 2755 2712 Dei
2788 2657 2959 2711 Filius
2988 2661 3043 2711 et
3072 2656 3533 2728 delinquentibus
3566 2657 3743 2711 advo-

2106 2754 2283 2816 catus,
2316 2755 2375 2803 et
2411 2752 2805 2805 remunerator
2830 2752 2915 2805 est
2952 2750 3217 2818 fortibus,
3244 2754 3607 2821 peccatorum
3640 2765 3741 2803 re-

2103 2842 2325 2911 missor,
2354 2843 2725 2913 praemiorum
2758 2843 3012 2914 largitor.

2178 2939 2263 2991 14.
2315 2938 2489 3006 (Vers.
2540 2935 2686 3007 l06.)
2728 2938 2915 3007 Itaque
2970 2937 3059 2991 cui
3104 2937 3335 2991 lucerna
3376 2936 3549 2990 fuerit
3595 2937 3741 2990 Ver-

2103 3029 2239 3084 bum
2283 3030 2402 3099 Dei,
2446 3030 2579 3084 huic
2616 3046 2956 3101 quocunque
2999 3030 3208 3101 pergit,
3255 3031 3448 3084 lucent
3490 3029 3741 3096 semitae,

2104 3122 2247 3177 sicut
2283 3122 2549 3178 lucebant
2587 3128 2779 3178 sancto
2827 3123 3018 3191 David,
3066 3128 3122 3178 et
3164 3123 3292 3178 ideo
3331 3122 3490 3194 quasi
3539 3122 3597 3176 in
3644 3123 3740 3177 lu-

2102 3216 2260 3271 mine
2306 3216 2603 3270 ambulans
2648 3216 2783 3271 dicit
2836 3234 2849 3270 :
2899 3219 3111 3278 Juravi,
3156 3223 3209 3271 et
3253 3218 3428 3271 statui
3463 3217 3747 3271 custodire

2088 3310 2300 3379 judicia
2333 3311 2571 3379 justitiw
2622 3316 2749 3365 tuae.
2796 3310 3128 3365 Humiliatus
3170 3325 3289 3364 sum
3328 3325 3741 3379 usquequaque.

2103 3404 2216 3457 Vox
2255 3402 2598 3456 ambulantis
2638 3402 2695 3455 in
2738 3402 2955 3456 lumine
2995 3406 3081 3456 est
3111 3418 3243 3455 cum
3276 3402 3611 3457 auctoritate
3643 3403 3741 3457 di-

2101 3512 2229 3550 cere
2264 3512 2277 3550 :
2307 3498 2519 3559 Juravi,
2553 3494 2809 3567 1145
2850 3501 2902 3549 et
2942 3497 3131 3549 statui.
3176 3494 3284 3558 Qui
3324 3494 3476 3549 enim
3516 3494 3740 3566 statuit,

2099 3606 2215 3644 non
2258 3593 2534 3655 movetur,
2578 3605 2692 3643 non
2736 3589 2941 3643 metuit
2981 3604 3054 3642 ne
3098 3574 3282 3654 cadat,
3311 3588 3446 3659 quia
3483 3587 3614 3659 plus
3651 3595 3748 3643 est.

2100 3688 2345 3738 statuere
2383 3698 2561 3753 quam
2608 3684 2780 3737 stare.
2821 3682 2945 3737 Stat
2973 3682 3152 3752 igitur
3181 3681 3348 3736 David
3384 3682 3591 3736 mentis
3628 3686 3747 3736 sta-

2101 3776 2256 3831 tione
2281 3776 2571 3842 fundatus,
2602 3791 2707 3829 nec
2732 3775 2900 3829 timet
2928 3791 3000 3829 ne
3028 3775 3086 3829 in
3114 3775 3201 3828 liis
3230 3774 3428 3829 mundi
3456 3774 3629 3845 hujus
3656 3779 3747 3829 te-

2100 3868 2293 3924 nebris
2330 3869 2506 3939 possit
2543 3884 2763 3935 errare;
2801 3869 2848 3923 si
2885 3867 3039 3923 enim
3080 3870 3384 3937 metueret,
3417 3884 3533 3922 non
3566 3868 3742 3938 jura-

2101 3969 2220 4028 ret;
2271 3963 2317 4016 si
2365 3962 2695 4033 trepidaret,
2738 3964 2932 4016 utrum
2979 3960 3171 4015 divina
3217 3967 3405 4032 posset
3447 3961 3747 4017 custodire

2093 4055 2326 4128 judicia,
2352 4071 2465 4109 non
2494 4071 2625 4109 cum
2645 4054 3021 4125 jurisjurandi
3050 4057 3329 4109 statueret
3352 4060 3741 4110 sacramento.

2100 4152 2279 4205 Nemo
2320 4150 2464 4204 bene
2494 4148 2671 4220 jurat,
2705 4148 2814 4202 nisi
2852 4148 2950 4218 qui
2983 4154 3167 4219 potest
3199 4149 3341 4202 scire
3374 4148 3521 4219 quod
3548 4148 3742 4218 jurat.

2097 4245 2298 4299 iurare
2333 4243 2527 4312 igitur,
2558 4241 2831 4297 indicium
2863 4241 3130 4307 scientia’,
3171 4241 3561 4296 testimonium
3591 4257 3745 4297 con-

2100 4337 2351 4392 scientias
2382 4339 2486 4390 est.
2532 4337 2598 4390 Et
2626 4336 2772 4389 bene
2803 4336 2981 4405 jurat,
3024 4334 3120 4405 qui
3150 4335 3220 4389 ad
3255 4336 3540 4389 lucernam
3573 4335 3745 4390 verbi

2101 4430 2272 4500 pedes
2298 4445 2431 4484 suos
2457 4428 2672 4499 dirigit,
2702 4428 2800 4499 qui
2830 4428 3013 4483 lucem
3043 4428 3099 4481 in
3140 4427 3360 4481 semitis
3386 4427 3502 4481 suis
3528 4427 3739 4483 cernit.

366 4523 485 4576 Iste
523 4528 657 4577 sunt
699 4524 949 4578 lucerna:
989 4524 1277 4591 ardentes,
1319 4541 1447 4595 quae
1494 4524 1585 4577 die
1631 4541 1696 4578 ac
1740 4528 1906 4579 nocte
1939 4524 1995 4580 in
2017 4523 2077 4595 D
2101 4523 2213 4577 Lux
2244 4523 2343 4576 tibi
2377 4527 2609 4593 praeest,
2638 4522 2685 4576 si
2716 4522 2915 4592 jurare
2946 4520 3218 4591 disponis,
3250 4519 3305 4574 id
3338 4524 3444 4589 est,
3476 4521 3741 4592 cognitio

365 4617 575 4686 templo
609 4617 704 4670 Dei
741 4618 954 4672 lucent.
995 4618 1052 4673 Si
1092 4618 1372 4688 templum
1406 4618 1498 4673 Dei
1540 4619 1596 4672 in
1635 4634 1873 4689 corpore
1902 4625 1997 4673 tuo

367 4726 574 4777 servas,
605 4710 652 4764 si
690 4712 948 4766 membra
977 4716 1076 4765 tua
1103 4712 1363 4766 membra
1391 4716 1524 4766 sunt
1549 4712 1776 4781 Christi,
1806 4714 1998 4767 lucent

363 4805 601 4859 virtutes
634 4809 767 4872 tuae,
798 4821 939 4876 quas
970 4805 1157 4859 nullus
1190 4806 1519 4878 exstinguit,
1555 4806 1663 4860 nisi
1701 4822 1796 4860 eas
1832 4809 1996 4861 tuum

362 4899 580 4953 crimen
610 4898 957 4953 exstinxerit.
989 4900 1098 4953 Hoc
1131 4900 1346 4953 lumine
1374 4903 1537 4953 casta:
1566 4900 1774 4953 mentis
1804 4902 1861 4954 et
1887 4899 1997 4969 pia:

367 4991 685 5047 devotionis
730 4991 1104 5046 solemnitatis
1146 4998 1355 5046 nostra:
1391 4993 1535 5047 festa
1571 4992 1995 5063 resplendeant.

436 5090 520 5141 l2.
571 5087 781 5141 Luceat
832 5102 971 5155 ergo
1027 5101 1260 5157 semper
1310 5086 1547 5141 lucerna
1611 5089 1729 5140 tua.
1794 5085 1999 5157 Arguit

361 5180 617 5235 Christus
644 5179 815 5234 etiam
845 5196 942 5234 eos
973 5179 1069 5250 qui
1101 5185 1343 5233 utuntur
1369 5180 1613 5247 lucerna,
1638 5179 1682 5232 si
1712 5196 1825 5233 non
1854 5196 1996 5233 sem-

368 5290 473 5344 per
503 5277 756 5341 utantur,
787 5272 981 5327 dicens
1012 5289 1024 5327 :
1058 5294 1085 5322 ‹‹
1115 5271 1240 5327 Sint
1273 5272 1450 5325 lumbi
1482 5272 1653 5325 vestri
1684 5272 1995 5343 praecincti,

364 5371 421 5421 et
450 5367 693 5422 lucerna:
721 5367 987 5423 ardentes
1016 5365 1191 5437 (Luc.,
1223 5382 1321 5433 xu,
1350 5365 1458 5436 35).
1486 5385 1512 5417 »
1544 5365 1667 5420 Non
1692 5365 1765 5419 ad
1792 5365 1998 5421 horam

363 5460 713 5515 exsultemus
741 5461 799 5515 in
824 5460 1065 5515 lumine.
1090 5460 1169 5515 Ad
1198 5461 1399 5514 horam
1426 5460 1690 5526 exsultat,
1715 5459 1811 5529 qui
1835 5459 2000 5513 audit

364 5552 593 5607 verbum
623 5553 682 5607 in
714 5553 957 5609 Ecclesia
984 5559 1041 5608 et
1072 5553 1310 5624 gaudet;
1340 5569 1600 5624 egressus
1629 5556 1820 5607 autem
1852 5552 1996 5606 obli-

424 5688 491 5747 (7)
522 5687 758 5741 Naturae,
787 5685 839 5734 id
864 5690 966 5747 est,
989 5686 1270 5745 elementi,
1298 5686 1514 5738 scilicet
1538 5687 1723 5737 maris.

426 5759 489 5813 {8;
520 5756 643 5805 Post
676 5769 869 5804 vocem
901 5757 1015 5815 tibi,
1055 5757 1411 5822 subintellige
1453 5758 1865 5808 substantivum
1907 5764 1996 5809 est.

425 5833 493 5891 (9)
534 5828 666 5879 Mss.
717 5840 940 5890 novem,
984 5828 1203 5890 ﬁrmare
1254 5830 1601 5894 imperfectos.
1654 5828 1896 5894 Reliqui,
1947 5831 2001 5881 et

2098 4616 2345 4669 veritatis
2406 4615 2726 4686 prmcedat,
2779 4618 2844 4667 ut
2892 4615 3179 4667 vinculum
3230 4614 3573 4668 sacramenti
3628 4615 3739 4669 tibi

2098 4727 2213 4765 non
2260 4708 2435 4781 possit
2484 4724 2707 4763 nocere.
2757 4708 2860 4763 Ubi
2912 4707 3111 4778 religio
3157 4707 3420 4772 sanctior,
3461 4707 3536 4761 ibi
3586 4708 3744 4763 ﬁdes

2098 4804 2353 4859 veritatis
2391 4806 2477 4857 est
2517 4802 2762 4874 plenior.
2810 4801 3067 4872 Denique
3112 4800 3245 4855 ideo
3292 4800 3581 4868 Dominus,
3632 4803 3739 4872 qui

2097 4901 2254 4953 venit
2280 4898 2481 4953 docere
2510 4897 2795 4967 parvulos,
2830 4895 3089 4949 imbuere
3117 4910 3309 4960 novos,
3341 4895 3567 4947 tirmare
3593 4911 3740 4965 per-

2098 4992 2273 5045 fectos
2301 4990 2398 5061 (9),
2432 4990 2511 5043 ait
2549 4989 2606 5043 in
2648 4988 2950 5058 Evangelio
2984 5006 2997 5042 :
3036 5010 3061 5036 ‹‹
3109 4988 3227 5041 Non
3261 4987 3570 5057 jurandum
3603 5003 3739 5042 om-

2099 5084 2237 5138 nino
2282 5084 2525 5155 (Matth.,
2573 5100 2623 5150 v,
2670 5081 2786 5153 34);
2820 5104 2847 5131 »
2900 5081 3035 5153 quia
3083 5081 3324 5136 infirmis
3372 5081 3738 5152 loquebatur.

2100 5177 2356 5248 Denique
2385 5192 2501 5231 non
2532 5176 2602 5231 ad
2637 5176 2786 5231 solos
2816 5176 3102 5247 apostolos
3136 5174 3494 5246 loquebatur,
3522 5174 3624 5228 sed
3656 5175 3739 5229 ad

2098 5248 2322 5339 turbas;
2355 5269 2533 5324 voluit
2574 5270 2726 5325 enim
2768 5273 2822 5325 te
2861 5286 2971 5323 non
3006 5269 3220 5339 jurare,
3248 5284 3319 5322 ne
3355 5268 3633 5339 perjures.
3668 5269 3744 5323 Et

2101 5364 2319 5420 addidit
2353 5380 2467 5419 non
2501 5365 2698 5435 jurare
2732 5364 2966 5419 omnino
3001 5379 3183 5434 neque
3218 5378 3321 5434 per
3356 5361 3580 5426 ccelum,
3626 5377 3737 5416 ne-

2099 5475 2210 5529 que
2252 5474 2358 5528 per
2400 5462 2635 5523 terram,
2683 5473 2865 5528 neque
2903 5472 3006 5527 per
3040 5456 3503 5525 Hierosolymam,
3538 5470 3737 5525 neque

2100 5568 2204 5624 per
2250 5556 2423 5623 caput
2475 5554 2637 5605 tuum
2680 5551 2866 5621 (lbid.,
2912 5551 3127 5621 34-36),
3175 5565 3278 5621 per
3312 5549 3433 5603 haec
3466 5547 3739 5603 videlicet

2100 5688 2320 5736 cuncta
2364 5684 2517 5746 edit.,
2554 5685 2771 5747 ﬁrmare
2812 5684 3083 5750 perfectos.
3129 5682 3279 5747 Quid
3320 5683 3365 5733 si
3407 5681 3741 5747 legendum,

2060 5750 2063 5753 ’
2100 5757 2338 5822 formare
2364 5756 2688 5822 imperfectos
2709 5754 2738 5807 ?
