3930 6168
220 292 326 346 1469
438 252 441 261 ’

1299 287 1651 345 ΕΧΡΟδΙΤΙΟ
1691 287 1759 342 ΙΝ
1800 288 2117 345 PSALMUM
2157 290 2379 346 CXVIII.

3376 293 3510 347 1470

212 434 311 488 quis
333 415 568 485 subjecta
601 430 717 469 non
754 417 885 470 sunt
911 419 1024 470 tua:
1054 415 1342 487 potestati.
1378 437 1406 466 (ι
1434 415 1650 471 Juravit
1676 418 1779 472 Ι)οο
1805 419 1972 500 Arat
2012 416 2198 471 dicere
2244 433 2257 470 :
2303 435 2331 467 α
2380 415 2571 471 Nudus
2614 418 2785 470 natus
2842 432 2990 484 sum,
3043 418 3227 473 nudus
3278 418 3443 473 exibo
3494 435 3507 472 :

210 512 379 576 minus,
417 525 519 564 nec
550 508 853 580 pmuitebit
893 525 1027 564 eum
1071 509 1240 580 (Psal.
1283 527 1389 578 CIX,
1430 511 1508 579 4).
1552 530 1581 562 ››
1624 512 1783 565 Juret

207 620 319 674 ergo
351 602 438 658 ille
464 618 632 673 quem
669 602 1009 658 sacramenti
1041 604 1128 658 sui
1170 604 1445 676 pmnitere
1479 620 1594 659 non
1624 608 1779 675 pote-

206 698 281 752 rit.
324 697 383 749 Et
431 695 562 766 quid
605 695 821 767 juravit
869 697 1190 752 Dominus?
1234 697 1381 762 Quia
1429 698 1682 753 Christus
1720 698 1782 753 in

206 796 443 844 aeternum
473 789 733 845 sacerdos
771 794 858 844 est
897 790 1111 861 (Ibid).
1148 790 1438 863 Numquid
1479 792 1778 859 incertum,

1881 508 2155 565 Dominus
2202 508 2391 577 dedit,
2454 508 2727 565 Dominus
2775 510 3122 565 abstulit.....
3175 512 3246 565 sit
3297 528 3510 566 nomen

1881 603 2112 659 Domini
2153 602 2517 658 benedictum
2547 602 2685 673 (Job,
2718 620 2755 671 ι,
2795 606 2910 673 21).
2950 624 2977 653 ιι
3020 603 3306 658 Benedicit
3355 606 3510 659 enim

1882 697 2185 752 Dominum
2208 697 2397 767 justus
2435 713 2567 751 cum
2602 697 2844 764 laborat,
2888 703 3152 767 peccator
3186 713 3315 751 cum
3343 698 3506 752 luxu-

1882 790 2012 845 riat.
2042 792 2162 845 Non
2193 806 2330 861 ergo
2369 807 2434 845 ex
2466 790 2797 846 inﬁrmitate
2837 795 3033 846 nostra
3072 790 3152 845 vis
3183 790 3513 846 aestimanda

203 882 441 953 numquid
476 882 821 953 impossibile
861 886 987 937 erat
1024 884 1176 956 quod
1212 885 1428 956 juravit
1467 885 1783 940 Dominus?
1875 884 2112 954 justitize
2139 890 2157 953 (
2166 886 2249 953 13)
2274 888 2378 939 est.

201 976 452 1046 Numquid
490 979 717 1047 poterat
751 993 874 1033 esse
919 978 1236 1034 mutabile?
1278 978 1403 1034 Noli
1439 995 1579 1050 ergo
1625 994 1783 1033 usur-

199 1086 311 1141 pare
349 1070 663 1141 exemplum
708 1072 1071 1139 sacramenti,
1118 1071 1218 1144 qui
1264 1072 1546 1144 implendi
1593 1087 1778 1128 sacra-

197 1163 347 1219 menti
369 1179 483 1218 non
512 1163 684 1219 habes
710 1167 1075 1235 potestatem.

252 1260 326 1311 t5.
351 1256 494 1321 Quid
535 1256 714 1328 igitur
742 1258 958 1329 juravit
995 1259 1203 1314 David?
1249 1260 1527 1319 Custodire
1558 1260 1782 1328 judicia

187 1351 389 1419 justitiz
418 1353 655 1407 Dorm'ni.
688 1352 752 1406 In
789 1351 949 1407 nullo
990 1352 1252 1408 videlicet
1274 1354 1400 1424 jam
1439 1353 1780 1424 perfectum,

187 1444 287 1514 jam
314 1444 647 1500 instructum
692 1444 897 1500 divinas
929 1446 1166 1517 justitiaa
1203 1447 1504 1502 movebant
1537 1447 1779 1517 judicia.

194 1537 371 1600 Quanti
404 1544 727 1599 moventur.
764 1553 896 1593 cum
932 1539 1128 1594 vident
1159 1541 1379 1611 justum
1416 1540 1664 1612 aliquem
1690 1558 1780 1596 or-

193 1629 361 1684 batum
381 1630 596 1698 liberis,
618 1630 1042 1704 dispendiisque
1061 1633 1455 1705 frequentibus
1472 1634 1544 1689 ad
1565 1634 1784 1691 ultimas

192 1724 427 1793 egestatis
461 1723 768 1780 deductum
809 1727 1219 1796 necessitatem,
1268 1733 1330 1782 ut
1371 1728 1496 1799 ipsa
1539 1729 1779 1784 alimen-

1955 982 2041 1031 17.
2069 977 2212 1041 Quid
2252 977 2461 1032 durum
2504 981 2772 1049 putamus
2808 994 2930 1033 esse
2958 978 3235 1050 quidquid
3268 994 3372 1048 per
3403 978 3509 1032 im-

1881 1070 2251 1125 becillitatem
2277 1071 2455 1125 animi
2496 1072 2647 1126 ferre
2680 1088 2799 1126 non
2835 1072 3174 1144 possumus?
3198 1071 3354 1126 Tolle
3383 1088 3508 1142 per-

1882 1164 2222 1233 secutiones,
2253 1168 2311 1219 et
2337 1167 2615 1235 martyres
2648 1165 2871 1220 desunt.
2901 1165 3010 1221 Sed
3040 1169 3099 1219 et
3122 1170 3514 1237 persecutores

1882 1258 2048 1327 Deus,
2092 1258 2149 1313 id
2195 1264 2299 1325 est,
2352 1262 2661 1329 potestates
2709 1258 2899 1314 saeculi
2948 1263 3033 1313 est
3076 1275 3272 1330 passus
3324 1275 3510 1313 assur-

1883 1366 2042 1421 gere,
2075 1368 2148 1407 ne
2188 1352 2454 1407 deessent
2492 1352 2591 1424 qui
2623 1353 2912 1408 vincerent
2939 1352 3181 1409 Christo.
3213 1352 3348 1416 Quis
3378 1357 3511 1407 tunc

1881 1460 2001 1500 non
2046 1444 2189 1500 dixit
2227 1446 2529 1501 inﬁrmus:
2579 1446 2836 1516 Domine,
2884 1462 2987 1501 cur
3037 1445 3236 1501 dedisti
3282 1445 3510 1517 plebem

1884 1542 2046 1593 tuam
2072 1538 2132 1594 in
2162 1543 2503 1610 potestatem
2528 1539 2991 1612 persequentium
3007 1540 3035 1594 ?
3054 1539 3168 1594 Sed
3189 1539 3317 1610 quis
3339 1538 3512 1593 hodie

1883 1638 2058 1705 neget
2084 1633 2371 1689 beatiores
2399 1634 2522 1688 illos
2552 1650 2671 1690 esse
2701 1634 2800 1705 qui
2826 1633 2974 1704 passi
2999 1638 3150 1700 sunt,
3183 1648 3359 1703 quam
3388 1632 3512 1687 illos

1884 1742 2028 1797 quos
2056 1727 2215 1781 nulla
2239 1732 2513 1781 vexarunt
2541 1728 2817 1798 supplicia
2848 1732 3272 1798 persecutorum
3289 1726 3318 1779 ?

193 1820 353 1870 torum
389 1816 645 1872 subsidia
683 1818 894 1873 habere
934 1835 1046 1874 non
1084 1794 1280 1891 possit,
1330 1794 1570 1877 fractum
1610 1823 1779 1894 aegri-
1802 1794 1859 1866 B
1902 1794 1921 1797 _
1958 1822 2041 1873 18.
2068 1821 2259 1874 Justus
2293 1835 2432 1890 ergo
2463 1794 2627 1890 optat
2650 1794 2905 1891 probari,
2941 1819 3146 1875 tentari
3172 1835 3289 1874 non
3318 1819 3509 1885 timet;

192 1909 356 1964 tudine
412 1911 594 1981 gravi,
643 1917 702 1965 et
744 1917 1015 1982 perpetua
1060 1912 1348 1969 debilitate
1393 1918 1673 1985 vexatum,
1722 1921 1786 1971 ut

191 2002 318 2057 obire
353 2006 607 2073 nequeat
651 2004 971 2060 communis
1007 2006 1194 2060 ofﬁcia
1236 2010 1496 2063 naturas?
1537 2009 1648 2063 Sed
1685 2009 1783 2081 qui

190 2095 353 2150 ﬁrmus
379 2102 480 2163 est,
512 2112 634 2152 non
666 2102 945 2167 movetur,
967 2104 1025 2155 et
1049 2099 1096 2153 is
1116 2100 1296 2171 magis
1326 2101 1595 2173 intelligit
1620 2103 1784 2173 justi-

192 2187 299 2243 tiam
319 2189 405 2245 Dei
437 2190 892 2260 preedicandam,
915 2191 1047 2264 quia
1067 2193 1304 2264 corripit
1321 2194 1594 2249 Dominus
1610 2212 1782 2267 quem

193 2280 362 2351 diligit.
403 2283 696 2353 Numquid
731 2300 845 2339 non
880 2285 1234 2355 frequentius
1273 2287 1578 2358 corripitur
1611 2288 1780 2357 filius,

191 2389 329 2445 quam
365 2376 669 2431 servulus?
708 2378 923 2449 Injusta
961 2394 1100 2450 ergo
1143 2379 1325 2450 pietas
1366 2380 1560 2451 patris,
1601 2382 1784 2453 magis

195 2483 331 2537 quam
366 2470 597 2525 domini
625 2471 932 2527 severitas?
961 2473 1352 2545 Asperioribus
1378 2480 1597 2530 exercet
1621 2478 1785 2545 pater

197 2561 353 2631 tilium,
376 2580 555 2635 quam
588 2564 856 2620 dominus
881 2568 1268 2622 vernaculum.
1296 2567 1407 2623 Sed
1438 2568 1584 2623 dura
1611 2569 1784 2639 patris

205 2670 282 2709 non
301 2657 663 2712 aestimantur
686 2658 977 2730 impertita
1004 2658 1250 2731 ﬂagella;
1283 2661 1420 2732 quia
1458 2662 1578 2717 vult
1603 2662 1785 2717 ﬁlium

210 2748 442 2805 meliorem
475 2766 608 2807 esse
627 2767 800 2822 quam
826 2753 1133 2808 servulum.
1163 2754 1420 2809 Eruditio
1445 2770 1583 2827 ergo
1609 2755 1784 2827 plena

196 2840 375 2906 institue
398 2846 488 2900 est
517 2846 657 2915 (10).

249 2939 314 2990 16.
346 2936 595 2993 Orbatus
620 2943 706 2994 est
749 2942 975 2994 sanctus
1002 2939 1107 2995 Job
1146 2939 1344 2995 liberis
1382 2940 1517 3009 suis,
1558 2941 1615 2997 in
1644 2958 1783 3013 quos

194 3028 419 3085 Dominus
454 3034 810 3103 potestatem
853 3032 1077 3088 diabolo
1124 3032 1304 3089 dedit.
1347 3034 1635 3107 Numquid
1671 3036 1780 3091 ini-

192 3136 306 3191 qnus
347 3126 538 3180 Deus?
590 3125 777 3180 Absit!
828 3126 948 3181 imo
982 3127 1200 3198 justus;
1255 3128 1391 3199 quia
1439 3129 1784 3199 probaturus

188 3214 362 3283 justum
381 3235 581 3287 suum,
599 3235 703 3290 per
722 3219 1050 3290 hujusmodi
1070 3220 1343 3276 exercitia
1360 3221 1419 3276 in
1436 3223 1644 3293 quibus
1662 3224 1784 3294 ejus

191 3312 255 3362 est
283 3312 511 3381 probata
559 3312 835 3383 patientia
864 3313 994 3385 (11),
1028 3316 1210 3385 magis
1249 3315 1487 3387 dignum
1519 3316 1614 3387 qui
1653 3333 1781 3387 pro-

190 3400 398 3471 baretur,
421 3405 635 3461 effecit.
661 3406 784 3471 Quo
805 3407 959 3462 enim
980 3407 1187 3463 clarius
1211 3408 1484 3465 meritum
1507 3410 1781 3480 coronati,

188 3493 269 3549 hoc
293 3498 520 3554 uberior
548 3498 778 3569 justitia
811 3502 1154 3555 coronantis.
1187 3501 1444 3557 Nudatus
1487 3507 1573 3557 est
1601 3503 1781 3558 facul-

188 3590 365 3645 tatibus
391 3609 527 3647 cum
559 3592 719 3647 dives
744 3596 911 3662 esset,
940 3599 997 3649 et
1028 3594 1149 3649 haec
1191 3595 1303 3649 Deo
1342 3595 1515 3649 subiit
1544 3598 1779 3666 permit-

188 3685 313 3737 tente
351 3685 674 3757 dispendia.
724 3687 844 3741 Non
886 3690 1050 3741 erant
1086 3687 1344 3758 pecuniae
1384 3689 1504 3758 jam
1553 3688 1781 3758 damna,

187 3775 265 3829 sed
291 3778 408 3832 vitae
422 3796 439 3847 ;
464 3794 602 3833 cum
628 3778 846 3835 deesset
872 3780 1165 3847 alimonia,
1190 3781 1474 3853 ademptis
1496 3782 1780 3838 omnibus.

186 3868 294 3931 Quis
327 3877 554 3927 accuset
588 3872 870 3942 justitiam
911 3872 1033 3941 Dei,
1079 3889 1211 3928 cum
1253 3874 1355 3930 Job
1402 3876 1451 3930 si
1494 3892 1610 3930 non
1656 3892 1781 3931 om-

187 3976 295 4017 nem
341 3965 624 4020 amisisset
670 3966 991 4036 pecuniam,
1043 3983 1161 4022 non
1214 3973 1430 4024 tantam
1478 3969 1785 4026 invenisset

187 4055 436 4122 gratiam?
486 4058 774 4115 Athletam
828 4076 995 4115 suum
1058 4060 1277 4116 nudum
1332 4079 1546 4133 ungere
1611 4064 1786 4119 voluit

186 4147 303 4203 Deus
327 4152 447 4206 oleo
475 4152 831 4223 paenitentiae
857 4154 994 4225 (t2);
1025 4160 1091 4209 ut
1115 4158 1172 4209 et
1201 4155 1249 4228 1
1268 4155 1315 4227 1
1333 4155 1459 4229 46
1482 4158 1781 4213 subeundo

188 4240 370 4299 faceret
405 4246 711 4302 certamini
749 4247 1067 4315 fortiorem,
1096 4254 1154 4303 et
1192 4251 1505 4305 emerendo
1545 4252 1782 4322 praemio

187 4333 508 4405 digniorem.
549 4340 813 4395 Perfusus
850 4345 1033 4396 totum
1077 4356 1285 4413 corpus
1325 4344 1560 4399 vulnere
1606 4346 1782 4415 gravi,

189 4428 388 4487 sedebat
421 4433 480 4488 in
522 4438 792 4502 stercore,
824 4433 1031 4489 radens
1072 4436 1292 4491 saniem
1327 4438 1485 4491 saevis
1526 4438 1781 4494 ulcerum

1882 1912 1981 1983 qui
2025 1912 2179 1966 enim
2221 1913 2418 1967 statuit
2453 1913 2737 1968 custodire
2773 1912 2992 1983 judicia
3026 1912 3142 1981 Dei,
3184 1928 3301 1967 non
3348 1912 3514 1966 timet

1881 2005 2243 2060 tentationes.
2293 2006 2397 2059 Ubi
2448 2006 2664 2075 statuit,
2707 2007 2817 2060 nisi
2864 2007 2921 2061 in
2963 2006 3175 2061 corde?
3208 2006 3319 2060 Illic
3355 2006 3513 2060 enim

1882 2098 2117 2153 radicati
2162 2104 2220 2154 et
2267 2099 2490 2154 fundati
2531 2115 2654 2153 esse
2705 2099 3002 2167 debemus,
3044 2115 3161 2154 non
3203 2099 3511 2165 ﬂuitantes,

1883 2208 2069 2263 neque
2100 2193 2338 2248 mobiles
2365 2193 2522 2248 omni
2542 2198 2712 2247 vento
2739 2193 3035 2248 doctrinm.
3066 2195 3220 2247 Intus
3246 2209 3383 2264 ergo
3406 2196 3514 2247 sta-

1885 2287 2115 2339 tuamus
2154 2286 2212 2340 in
2255 2286 2424 2341 corde
2467 2291 2682 2353 nostro,
2721 2286 2781 2340 in
2822 2288 3070 2357 pectore,
3104 2286 3163 2340 in
3203 2285 3423 2352 animo;
3456 2290 3516 2339 ut

1882 2379 2050 2435 nobis
2079 2380 2177 2433 fiat
2206 2379 2345 2434 illud
2372 2379 2773 2451 propheticum
2810 2398 2824 2434 :
2860 2400 2887 2429 ‹‹
2916 2380 3309 2450 Cogitationes
3328 2379 3512 2450 justo-

1883 2489 2015 2529 rum
2057 2473 2277 2529 semitm
2315 2474 2521 2543 (Prom,
2561 2489 2653 2541 xn,
2694 2472 2769 2542 5).
2813 2495 2841 2522 »
2884 2475 2944 2527 In
2984 2473 3075 2527 his
3114 2473 3329 2528 semitis
3364 2473 3513 2527 bene

1883 2566 2141 2622 ambulat
2172 2567 2387 2637 justus;
2437 2566 2678 2637 ideoque
2723 2566 2859 2621 dicit
2900 2583 2913 2619 :
2967 2587 2994 2615 ‹‹
3028 2565 3207 2620 Proba
3243 2582 3354 2633 me,
3402 2567 3509 2620 Do-

1883 2660 2059 2729 mine,
2107 2665 2163 2714 et
2198 2663 2357 2715 tenta
2395 2675 2487 2714 me
2528 2660 2693 2728 (Psat.
2735 2675 2857 2725 xxv,
2908 2660 2982 2728 '2).
3032 2682 3060 2708 ››
3106 2659 3360 2730 Denique
3404 2659 3514 2713 hoc

1885 2769 2117 2825 quoque
2156 2754 2280 2807 loco
2322 2752 2648 2807 auctoritati
2686 2752 3036 2823 respondens
3061 2768 3199 2819 suae,
3228 2752 3325 2823 qui
3350 2751 3511 2822 jura-

1882 2850 2061 2915 verat,
2092 2850 2151 2901 et
2169 2850 2444 2901 statuerat
2469 2845 2751 2901 custodire
2770 2846 2986 2916 judicia
3005 2845 3246 2916 justitias
3269 2844 3512 2913 Domini,

1884 2941 2107 3012 probari
2148 2956 2206 2994 se
2239 2940 2482 2995 voluisse
2522 2940 2677 3006 dicit,
2719 2940 2816 3011 qui
2853 2938 3235 2994 humilitatem
3261 2938 3510 2994 subeun-

1884 3034 2015 3089 dam
2042 3032 2285 3088 credidit
2314 3048 2435 3088 esse
2463 3049 2565 3103 pro
2590 3034 2834 3087 Christo.

1958 3131 2043 3181 t9.
2105 3129 2278 3194 (Vers.
2337 3127 2479 3197 107.)
2529 3127 2774 3199 Ideoque
2827 3118 2967 3181 ait‘:
3018 3128 3351 3183 Humiliatus
3398 3142 3514 3181 sum

1883 3224 2063 3276 nimis.
2091 3221 2212 3276 Non
2244 3221 2427 3275 solum
2454 3221 2841 3289 humiliatum,
2870 3221 2969 3275 sed
3006 3220 3177 3275 etiam
3205 3219 3375 3275 nimis
3402 3219 3511 3273 hu-

1886 3314 2167 3369 miliatum
2193 3330 2251 3369 se
2278 3331 2401 3369 esse
2430 3314 2660 3386 gaudet.
2685 3316 2894 3369 Beatus
2912 3314 3010 3385 qui
3036 3313 3312 3383 gloriatur
3332 3313 3516 3367 humi-

1885 3408 2038 3462 litate
2078 3408 2261 3478 magis
2303 3424 2473 3478 quam
2511 3411 2812 3478 potestate.
2861 3410 3107 3463 Potestas
3141 3407 3369 3478 decipit,
3405 3407 3510 3462 hu-

1885 3501 2092 3555 militas
2119 3517 2231 3555 non
2259 3500 2534 3556 destituit.
2570 3502 2723 3555 Bona
2760 3501 3067 3568 humilitas,
3099 3518 3226 3573 quae
3256 3500 3425 3554 etiam
3456 3501 3515 3554 in

1881 3594 2103 3652 Christo
2147 3594 2383 3649 laudem
2430 3594 2650 3649 virtutis
2685 3594 2921 3649 invenit.
2961 3596 3113 3649 Hanc
3156 3594 3213 3648 in
3248 3594 3348 3649 illo
3390 3595 3515 3664 plus

1882 3704 2148 3754 veneror,
2176 3704 2347 3758 quam
2385 3688 2760 3754 creationem;
2791 3688 2925 3759 quia
2950 3687 3122 3742 creati
3150 3687 3221 3741 ad
3260 3687 3512 3741 laborem

1884 3798 2097 3844 sumus,
2130 3781 2409 3852 redempti
2450 3781 2523 3835 ad
2551 3781 2829 3851 quietem.
2875 3780 3127 3852 Denique
3172 3781 3312 3850 ipse,
3341 3779 3508 3834 advo-

1883 3891 2015 3930 cans
2042 3876 2281 3947 populos
2306 3875 2376 3929 ad
2406 3874 2855 3929 misericordiam
2881 3890 3066 3940 suam,
3093 3874 3162 3928 de
3189 3873 3512 3927 humilitate

1882 3969 2119 4041 propria
2149 3968 2440 4040 gloriatur,
2479 3968 2669 4022 dicens
2697 3984 2712 4021 :
2751 3989 2779 4017 «
2810 3968 2999 4022 Palam
3028 3967 3209 4022 factus
3235 3982 3362 4021 sum
3394 3982 3511 4019 non

1883 4062 2274 4134 quaerentibus
2311 4078 2433 4130 me;
2475 4061 2712 4133 apparui
2754 4061 2825 4115 iis
2857 4061 2955 4132 qui
2988 4077 3079 4115 me
3118 4076 3233 4115 non
3271 4060 3511 4115 interro-

1886 4156 2096 4226 gabant
2136 4157 2289 4225 (Isa.,
2331 4171 2453 4220 va,
2499 4157 2566 4225 I).
2600 4177 2628 4205 »
2670 4156 2738 4209 Et
2772 4154 2946 4209 alibi:
2989 4176 3017 4204 ‹‹
3045 4154 3309 4225 Scapulas
3352 4169 3512 4208 meas

1884 4249 2015 4303 dedi
2042 4249 2100 4303 in
2148 4248 2389 4320 ﬂagella,
2428 4249 2687 4303 maxillas
2727 4265 2880 4303 meas
2922 4249 2979 4302 in
3023 4249 3271 4319 palmas;
3307 4247 3512 4302 faciem

1883 4349 2073 4397 autem
2129 4358 2321 4397 meam
2379 4359 2495 4397 non
2539 4342 2714 4397 averti
2758 4359 2791 4396 a
2836 4342 3167 4397 confusione
3214 4347 3511 4411 sputorum

1885 4437 2036 4499 (Isu.,
2070 4453 2118 4503 L,
2152 4435 2225 4500 6).
2256 4458 2282 4484 »
2319 4437 2486 4491 Recte
2516 4452 2652 4506 ergo
2688 4435 2858 4490 David
2886 4434 3189 4488 humiliare
3223 4449 3280 4487 se
3308 4433 3509 4498 voluit;

190 4522 428 4581 vibicibus
457 4526 846 4594 defluentem;
880 4534 936 4582 et
961 4528 1067 4583 hoc
1097 4530 1375 4599 permissu
1408 4531 1629 4586 Domini
1659 4532 1780 4587 dia-
1803 4527 1862 4599 D
1887 4534 1948 4584 ut
1990 4529 2424 4584 tribulationum
2453 4529 2664 4583 Christi
2708 4528 2765 4583 in
2798 4544 2859 4582 se
2896 4528 3040 4599 ipso,
3080 4526 3229 4599 quod
3273 4526 3511 4591 deesset,

188 4613 326 4673 holus
368 4620 641 4676 intulerat
686 4621 840 4691 justo
894 4621 1029 4676 viro.
1092 4606 1394 4678 Videretur
1439 4625 1637 4693 vicisse
1680 4626 1786 4681 sibi

192 4708 431 4780 diabolus,
462 4714 572 4768 nisi
611 4719 860 4785 accepta,
899 4731 1074 4786 quam
1116 4720 1473 4787 peposcerat,
1502 4723 1785 4789 potestate

190 4808 311 4858 esset
336 4807 508 4863 etiam
536 4808 658 4879 ipse
694 4812 1015 4879 superatus.
1045 4809 1187 4874 Quid
1212 4810 1391 4882 igitur
1418 4812 1529 4865 fuit
1552 4812 1644 4866 illa
1670 4817 1787 4869 ten-

192 4896 322 4964 tatio,
357 4901 498 4972 quid
532 4901 725 4972 inopia
770 4902 1125 4967 facultatum,
1168 4903 1463 4960 destitutio
1508 4905 1783 4972 ﬁliorum,

192 4988 459 5048 tolerantia
487 4995 806 5065 vulnerum,
843 4995 953 5050 nisi
994 4996 1330 5051 exercitium
1369 4997 1522 5064 fidei,
1559 4999 1784 5069 insigne

193 5084 472 5157 patientiae,
502 5088 745 5143 eruditio
775 5089 1014 5161 gloriosa
1042 5089 1281 5159 virtutis,
1314 5092 1587 5146 confessio
1620 5095 1787 5163 plena

194 5174 439 5247 Victoriae;
465 5184 527 5235 ut
543 5183 643 5253 qui
663 5185 798 5236 ante
824 5183 1303 5239 contradicentem
1327 5184 1575 5240 habebat
1594 5186 1787 5241 diabo-

195 5266 306 5337 lum,
323 5278 515 5342 postea
534 5291 650 5330 non
668 5275 947 5330 haberet?
967 5277 1143 5331 Nemo
1165 5294 1303 5349 ergo
1325 5278 1465 5332 dura
1483 5282 1645 5350 putet
1664 5296 1785 5335 esse

194 5376 298 5432 quae
319 5365 471 5436 justa
497 5372 646 5425 sunt.
685 5369 803 5425 Non
845 5369 1182 5426 videbantur
1209 5371 1350 5426 dura
1386 5372 1460 5442 ei,
1493 5373 1590 5445 qui
1617 5380 1781 5445 pote-

200 5548 327 5666 mfit!)
353 5552 593 5605 Eruditio
616 5554 709 5606 hic
736 5554 883 5606 idem
906 5560 1086 5619 sonat,
1114 5570 1181 5608 ac
1204 5557 1501 5609 verborum
1540 5561 1783 5625 castiga-

245 5693 475 5766 (lt)_Mss.
501 5710 606 5747 non
651 5699 834 5763 pauci,
873 5713 939 5750 ac
972 5704 1185 5751 veteres
1227 5700 1383 5763 edit.,
1425 5701 1651 5766 probata
1693 5718 1783 5753 sa-

201 5758 384 5839 pientia.
410 5766 597 5819 Melius
626 5758 830 5821 tamen
853 5771 944 5821 alii
985 5785 1117 5822 mss.
1156 5785 1222 5822 ac
1262 5758 1437 5823 Rom:
1462 5772 1617 5837 edit.,
1650 5787 1786 5839 pro-

203 5825 305 5881 bata
328 5838 588 5898 patientia.

1886 4624 2169 4694 impleret.

1956 4720 2046 4771 20.
2077 4717 2262 4770 Potest
2294 4721 2350 4771 et
2389 4716 2509 4787 ipse
2548 4717 2653 4771 hoc
2689 4734 2753 4771 ex
2786 4733 2885 4771 sua
2912 4732 3157 4788 persona
3187 4732 3291 4787 per
3316 4732 3375 4769 os
3406 4716 3508 4768 Da-

1886 4810 1978 4864 vid
2029 4811 2254 4865 Iocutus
2306 4809 2514 4864 dixisse
2566 4828 2579 4864 :
2635 4813 2964 4866 Humiliatus
3018 4827 3135 4866 sum
3186 4811 3366 4870 nimis,
3414 4808 3511 4878 qui

1886 4904 2032 4959 dixit
2062 4904 2119 4957 in
2150 4904 2454 4973 Evangelio
2487 4920 2499 4957 :
2539 4924 2568 4953 ‹‹
2595 4905 2793 4959 Venite
2833 4905 2905 4959 ad
2943 4920 3055 4972 me,
3088 4919 3287 4959 omnes
3318 4901 3415 4973 qui
3441 4902 3513 4954 la-

1884 4995 2094 5051 boratis
2143 4995 2397 5068 1147
2441 5001 2498 5051 et
2541 4998 2761 5052 onerati
2796 4999 2946 5064 estis,
2994 5002 3049 5051 et
3096 5012 3202 5066 ego
3248 5012 3344 5048 vos
3385 4995 3510 5048 reti-

1886 5089 2057 5144 ciam.
2098 5090 2296 5146 Tollite
2324 5090 2533 5162 jugum
2572 5107 2762 5146 meum
2802 5107 2975 5161 super
3011 5106 3125 5155 vos,
3158 5092 3216 5144 et
3253 5087 3451 5142 discite
3481 5105 3514 5141 a

1886 5200 2000 5251 me,
2028 5183 2161 5255 quia
2191 5184 2345 5238 mitis
2370 5201 2497 5240 sum
2541 5190 2599 5239 et
2631 5184 2863 5239 humilis
2901 5183 3092 5249 corde,
3125 5186 3183 5236 et
3212 5182 3514 5236 invenietis

1886 5277 2147 5347 requiem
2208 5278 2507 5332 animabus
2559 5278 2756 5333 vestris
2798 5278 3039 5348 (Mallia,
3087 5293 3158 5342 x1,
3202 5278 3290 5342 28,
3331 5275 3444 5346 29).
3485 5298 3511 5324 ››

1885 5370 2182 5427 Discamus
2223 5387 2362 5443 ergo
2393 5372 2461 5426 ab
2503 5388 2589 5439 eo,
2634 5371 2733 5443 qui
2777 5371 2981 5426 docere
3022 5386 3123 5424 nos
3150 5369 3326 5425 voluit
3358 5370 3512 5441 quod

1949 5560 2047 5622 (η)
2069 5560 2227 5611 Rom.
2271 5561 2425 5621 edit.,
2458 5558 2570 5610 oleo
2609 5558 2897 5623 patientiae.
2938 5556 3050 5609 Sed
3087 5558 3231 5621 alite,
3270 5572 3336 5610 ac
3380 5573 3508 5609 mss.

1885 5645 2079 5683 omnes
2101 5634 2458 5696 refragantur.

1945 5704 2042 5766 (t3)
2079 5703 2213 5755 Cod.
2255 5703 2387 5753 Nav.
2435 5703 2587 5765 alter,
2631 5702 2875 5753 luxuriat
2913 5701 3040 5762 (hoc
3084 5706 3183 5765 est,
3226 5701 3509 5762 abundat).

1883 5777 2068 5826 Nonne
2090 5789 2214 5839 ergo
2240 5788 2308 5825 ea:
2332 5773 2638 5839 inﬁrmitate
2660 5780 2845 5825 nostra
2874 5775 2989 5826 visa
3012 5779 3135 5826 sunt
3175 5774 3319 5825 dura
3358 5785 3515 5822 man-

1882 5846 2014 5896 data
2026 5847 2267 5911 justiﬁes.
