3862 6166
426 289 550 342 1471

1908 287 1960 340 S.
2007 287 2094 341 AM
2103 287 2309 341 BROSII

3599 299 3708 353 4m

424 413 720 482 proﬁceret
745 413 814 467 ad
845 414 1104 480 salutem,
1147 416 1204 468 et
1241 414 1402 468 nobis
1433 414 1574 468 dicit
1605 430 1618 468 :
1658 416 1857 469 Discite
1881 429 1916 468 a
1949 429 2048 468 me.
2077 427 2132 496 Α
2153 413 2347 481 invito,
2375 413 2524 484 quod
2558 430 2672 467 non
2693 417 3012 468 mereretur
3043 415 3213 469 occidi
3235 416 3410 470 David.
3436 418 3582 473 Recte
3598 437 3711 490 ergo

422 506 542 560 Non
578 510 663 560 est
706 505 990 560 mediocre
1018 507 1172 577 quod
1216 507 1371 574 dicit,
1409 509 1645 570 Discite;
1688 510 1745 560 et
1783 505 2047 560 addidit:

423 599 472 654 Α
500 615 580 653 me
609 599 818 653 discite.
851 600 970 652 Non
997 598 1160 654 facile
1200 603 1386 670 potest
1414 599 1718 670 quisquam
1759 598 2050 653 humilita-

423 696 540 746 tem
573 691 776 746 docere
818 691 1068 758 inflatus,
1100 693 1362 763 quamvis
1401 693 1473 747 sit
1499 694 1751 747 humana
1781 692 2052 762 praeditus

424 784 734 854 sapientia;
799 800 962 840 mens
1017 788 1210 841 tamen
1267 785 1515 853 inﬂatur,
1565 803 1738 856 quam
1790 784 2053 856 superbia

425 877 609 932 carnis
665 878 878 933 extollit
927 880 1060 948 (14).
1119 881 1184 933 Et
1231 880 1329 952 qui
1374 883 1705 951 paupertate
1756 883 2054 934 contentus

428 976 532 1039 est,
564 987 678 1025 non
717 976 799 1024 est
837 975 1136 1026 contentus
1182 972 1422 1043 injuria;
1457 977 1512 1028 et
1552 973 1650 1044 qui
1687 975 1874 1044 potest
1907 973 2053 1027 ferre

427 1064 729 1118 verberum
784 1081 992 1136 poenas,
1045 1066 1367 1136 exagitatur
1410 1066 1708 1120 verborum
1754 1071 2049 1120 contume-

422 1157 544 1226 liis;
599 1161 657 1212 et
705 1159 799 1229 qui
852 1163 1034 1229 potest
1084 1158 1613 1214 administrationes
1662 1165 2049 1226 contemnere,

426 1251 584 1304 dolet
634 1249 736 1304 sibi
784 1251 1032 1322 aliquem
1077 1251 1516 1307 honoriﬁcentia
1557 1268 1679 1306 esse
1723 1252 2050 1322 praelatum.

426 1344 649 1399 Grande
689 1352 772 1399 est
801 1345 860 1398 in
908 1344 1174 1399 omnibus
1215 1345 1559 1400 humilitatis
1601 1351 1792 1400 tenere
1822 1361 2052 1400 mensu-

424 1453 536 1491 ras.
582 1437 861 1508 Superbia
910 1438 1202 1493 hominem
1244 1439 1432 1509 prima
1477 1439 1702 1510 dejecit.
1748 1441 1889 1493 Dum
1929 1440 2054 1510 plus

425 1531 702 1599 volumus,
733 1530 904 1585 etiam
948 1532 1101 1602 quod
1132 1533 1321 1586 minus
1360 1536 1445 1588 est
1489 1533 1733 1587 solemus
1765 1532 2049 1588 amittere.

425 1623 575 1676 Bona
613 1623 926 1690 humilitas,
969 1640 1097 1696 quae
1137 1625 1280 1680 nihil
1310 1626 1650 1696 appetendo,
1680 1629 1861 1680 totum
1898 1625 2052 1696 quod

421 1716 765 1783 contemnit,
795 1717 1144 1788 adipiscitur.
1195 1720 1313 1789 Ipse
1349 1719 1618 1773 Dominus
1652 1721 1812 1773 Jesus
1845 1735 1904 1772 se
1944 1719 2050 1773 hu-

2153 506 2232 559 ait
2268 523 2280 559 :
2329 527 2355 553 «
2387 507 2721 562 Humiliatus
2759 523 2907 573 sum,
2947 512 3002 561 et
3050 509 3260 562 salvum
3299 526 3382 562 me
3427 512 3543 565 fecit
3579 516 3713 578 (Psal.

2153 616 2294 666 cxnv,
2328 600 2400 670 6).
2442 621 2468 650 »
2498 601 2565 654 Et
2590 600 2798 655 iterum
2838 617 2968 655 cum
3009 602 3079 655 ad
3123 618 3252 656 eum
3281 604 3535 674 propheta
3560 607 3712 660 venis-

2152 697 2257 760 set,
2300 696 2356 746 et
2393 692 2846 764 indignationem
2887 695 3116 748 Domini
3163 694 3221 748 in
3264 711 3414 749 causa
3456 697 3718 754 Bethsabec

2154 784 2409 839 mulieris
2438 786 2848 854 denuntiasset,
2878 786 3198 841 humiliavit
3224 804 3301 854 se,
3332 793 3386 842 et
3409 789 3484 843 ait
3511 805 3523 843 :
3556 811 3580 838 ‹‹
3608 792 3715 844 Pec-

2153 877 2274 932 cavi
2297 879 2535 933 Domino
2564 880 2633 947 (Il
2661 883 2812 949 Περ..
2847 896 2940 946 xu,
2989 880 3095 950 13).
3132 901 3158 929 ν
3191 881 3257 935 Et
3291 879 3426 935 dixit
3449 881 3641 937 Nathan
3662 884 3718 936 ad

2153 987 2282 1025 eum
2331 989 2343 1024 :
2393 994 2420 1021 «
2460 971 2738 1035 Quoniam
2787 972 3049 1043 poenituit
3100 978 3177 1038 te,
3227 973 3449 1028 abstulit
3489 975 3722 1029 Dominus

2153 1070 2442 1135 peccatum
2493 1070 2683 1135 tuum;
2734 1064 2991 1138 1148
3039 1082 3154 1120 non
3202 1069 3379 1121 morte
3420 1067 3720 1122 morieris.»

2156 1158 2308 1212 Bona
2344 1158 2519 1229 igitur
2558 1158 2866 1214 humilitas.
2919 1159 3171 1230 Denique
3211 1159 3525 1215 humiliatus
3556 1168 3644 1228 est,
3681 1167 3725 1215 et

2155 1252 2336 1305 salvus
2373 1252 2549 1306 factus
2583 1255 2686 1306 est.
2717 1253 2782 1306 Et
2816 1252 2927 1307 alio
2960 1253 3104 1319 loco,
3142 1269 3273 1306 cum
3307 1259 3528 1324 propter
3556 1269 3722 1308 nume-

2154 1349 2342 1399 ratum
2375 1346 2648 1417 p0pulum
2683 1346 2950 1400 Dominus
2977 1349 3122 1401 esset
3152 1345 3415 1412 offensus,
3443 1348 3496 1400 et
3523 1347 3728 1402 misisset

2152 1438 2494 1510 prophetam
2532 1438 2672 1507 Gad,
2720 1439 2820 1510 qui
2862 1439 2986 1509 regi
3029 1439 3204 1494 David
3250 1439 3456 1494 diceret
3496 1456 3508 1491 :
3551 1440 3728 1510 «Elige

2154 1531 2258 1585 tibi
2286 1531 2424 1603 quid
2450 1531 2587 1586 velis
2622 1532 2766 1598 ﬁeri,
2797 1532 3042 1586 triennio
3083 1533 3292 1588 famem
3338 1548 3505 1604 super
3531 1534 3728 1598 terram,

2155 1629 2253 1679 aut
2281 1625 2462 1680 tribus
2502 1625 2792 1681 mensibus
2832 1627 3031 1697 fugere
3067 1628 3121 1680 te
3166 1643 3196 1679 a
3237 1626 3374 1680 facie
3412 1624 3730 1679 inimicorum

2154 1723 2382 1772 tuorum
2414 1718 2884 1789 persequentium
2917 1724 2993 1786 te,
3021 1725 3118 1774 aut
3155 1719 3280 1773 fieri
3315 1718 3497 1774 triduo
3525 1722 3732 1773 mortem

423 1808 684 1874 miliavit,
732 1813 797 1864 ut
842 1826 944 1864 nos
992 1811 1265 1878 elevaret;
1311 1815 1368 1866 et
1415 1810 1732 1866 humiliavit
1776 1827 1833 1866 se
1879 1789 2210 1882 usqueBin
2262 1816 2410 1866 terra
2461 1813 2528 1881 (ll
2569 1814 2721 1881 Reg.,
2762 1828 2905 1878 xxiv,
2957 1814 3073 1883 t3);
3122 1831 3149 1862 »ν
3200 1811 3486 1883 respondit
3536 1810 3683 1865 David
3721 1830 3729 1864 :

423 1901 493 1953 ad
523 1918 752 1956 crucem
779 1919 792 1955 :
828 1924 854 1951 «
890 1904 1122 1973 Propter
1149 1904 1302 1974 quod
1340 1904 1624 1973 exaltavit,
1656 1904 1860 1974 inquit,
1891 1905 2051 1958 illum

425 1996 682 2050 l)eus.....
723 1998 787 2048 ut
837 1995 894 2049 in
932 1996 1164 2052 nomine
1216 1997 1340 2068 ejus
1381 2013 1549 2051 omne
1596 2013 1748 2068 genu
1796 1997 2054 2053 ﬂectatur

424 2088 705 2158 (Philipp,
739 2106 796 2155 ιι,
825 2093 877 2156 9,
916 2090 1020 2160 10).
1057 2111 1084 2140 ››
1125 2092 1342 2154 Quanta
1379 2091 1516 2146 fecit
1547 2091 1823 2146 Dominus
1867 2091 2050 2146 audeo

420 2181 630 2248 dicere,
664 2185 721 2236 et
745 2199 860 2237 non
886 2184 1019 2238 tlexi
1055 2184 1104 2238 ei
1131 2185 1327 2256 genu?
1359 2185 1469 2241 Sed
1497 2184 1629 2240 ﬂexi
1663 2184 1716 2239 ei
1749 2189 2050 2256 postquam

421 2291 478 2327 se
513 2274 851 2331 humiliavit.
895 2278 984 2332 Sic
1015 2277 1189 2345 enim,
1223 2277 1330 2332 hoc
1369 2284 1476 2345 est,
1507 2295 1608 2349 per
1645 2278 2048 2346 humilitatem,

420 2384 524 2438 per
554 2384 780 2422 crucem
811 2369 918 2424 sibi
948 2371 1251 2426 Ecclesiam
1278 2373 1666 2442 congregavit.

491 2464 580 2516 2t.
612 2461 781 2516 David
826 2479 923 2518 rex
968 2470 1109 2533 erat,
1143 2464 1360 2519 incerta
1403 2471 1461 2520 et
1503 2466 1719 2520 occulta
1761 2465 2052 2537 sapientia:

423 2553 529 2608 sibi
563 2556 841 2624 patefacta
884 2561 1122 2611 testatur
1151 2560 1318 2626 (Psal.
1350 2576 1398 2626 L,
1435 2560 1520 2627 8);
1551 2559 1645 2613 sed
1676 2558 1805 2612 ideo
1842 2575 1899 2613 se
1929 2575 2049 2613 ma-

421 2647 508 2718 gis
534 2647 894 2704 humiliabat.
930 2651 1003 2703 At
1043 2666 1174 2705 vero
1212 2651 1476 2705 Ezechias
1514 2651 1722 2706 cecidit
1757 2651 1826 2705 ab
1857 2651 2051 2706 altitu-

421 2740 553 2794 dine
583 2741 770 2796 cordis
799 2743 904 2797 sui.
942 2743 1043 2798 Ille
1085 2744 1384 2799 laudabilis
1413 2761 1528 2812 rex,
1560 2745 1653 2798 ille
1681 2744 1779 2816 qui
1805 2744 1872 2799 de
1902 2744 2050 2798 obsi-

423 2833 617 2903 dione,
644 2835 712 2890 de
749 2836 1089 2907 mgritudine
1119 2837 1406 2892 beneficiis
1446 2837 1670 2893 Domini
1700 2840 1757 2893 et
1787 2837 2054 2892 mirabili-

420 2926 525 2980 bus
569 2927 866 2996 liberatur,
915 2930 1120 2984 cecidit
1166 2948 1269 3001 per
1312 2931 1658 3002 superbiam,
1708 2934 1766 2984 et
1811 2932 2052 3002 gratiam

423 3020 611 3075 meriti
640 3023 950 3092 superioris
987 3024 1290 3078 imminuit.
1332 3024 1476 3088 Quid
1517 3025 1716 3079 fuisset
1742 3025 1971 3096 Joseph,
2003 3025 2049 3078 si

422 3114 658 3168 humilis
687 3131 801 3169 non
830 3115 1069 3170 fuisset?
1089 3117 1257 3172 Scivit
1288 3117 1393 3171 sibi
1422 3117 1690 3184 obfuisse,
1723 3119 1873 3189 quod
1905 3135 2047 3189 pra:-

421 3207 567 3261 latus
611 3209 736 3260 erat
787 3208 1091 3278 fratribus;
1145 3209 1318 3263 etiam
1371 3210 1499 3281 pius
1551 3227 1718 3265 amor
1764 3210 2053 3266 miseriam

424 3299 770 3370 praelationis
829 3300 1141 3356 invenerat.
1198 3303 1459 3357 Praelatio
1521 3304 1761 3358 armavit
1811 3304 2050 3371 fratres,

418 3392 708 3448 humilitas
749 3394 1066 3450 conciliavit
1093 3400 1431 3466 extraneos;
1473 3397 1726 3467 praelatio
1757 3397 2055 3453 concitavit

423 3503 748 3557 germanos,
781 3487 1072 3542 humilitas
1103 3506 1298 3561 regem
1329 3490 1615 3544 subditum
1641 3491 1802 3560 fecit;
1838 3494 1898 3545 ut
1925 3507 2054 3547 vere

421 3580 584 3652 quasi
613 3598 682 3636 ex
715 3598 953 3653 persona
991 3583 1194 3653 Joseph
1227 3583 1440 3638 dictum
1469 3587 1752 3656 putemus,
1785 3585 1933 3655 quod
1964 3585 2054 3640 hic

419 3673 540 3745 ipse
582 3691 752 3745 supra
792 3674 935 3730 dixit
967 3693 981 3730 :
1017 3697 1042 3724 ‹‹
1072 3676 1410 3731 Humiliatus
1441 3693 1586 3744 sum,
1621 3682 1678 3732 et
1717 3679 1929 3732 salvum
1963 3695 2053 3732 me

417 3767 551 3822 fecit
591 3769 930 3838 (Psal.cx1v,
969 3773 1058 3838 6);
1093 3791 1119 3820 »
1158 3787 1487 3841 quanquam
1536 3770 1580 3824 si
1629 3771 2053 3825 consideremus

418 3878 547 3932 quae
576 3861 684 3916 iste
713 3862 986 3932 toleravit,
1010 3879 1074 3918 ex
1107 3880 1349 3934 persona
1378 3881 1476 3917 sua
1501 3881 1632 3919 eum
1663 3865 1868 3919 dixisse
1896 3881 2052 3935 repe-

421 3955 655 4009 riemus.

489 4052 579 4102 2'2.
617 4049 774 4103 Golia
814 4056 1098 4120 superato,
1148 4057 1516 4106 occurrerant
1545 4052 1865 4122 juvenculae
1905 4054 2047 4123 psal-

419 4141 601 4194 lentes
631 4157 643 4194 :
678 4163 705 4190 ‹‹
735 4142 866 4196 Saul
899 4142 955 4196 in
985 4143 1248 4210 millibus,
1283 4145 1455 4197 David
1486 4145 1544 4199 in
1574 4145 1770 4200 decem
1804 4146 2052 4200 millibus

419 4235 458 4300 (1
491 4236 640 4303 Reg.,
672 4251 820 4304 xvm,
852 4237 941 4304 7);
977 4257 1002 4282 η
1035 4243 1383 4291 commotum
1413 4242 1498 4292 est
1526 4239 1598 4292 fel
1621 4238 1786 4309 regis,
1809 4245 1863 4293 et
1891 4256 2048 4310 quaa-

419 4326 579 4381 rebat
627 4342 758 4381 eum
807 4329 1093 4398 occidere;
1139 4333 1196 4383 et
1238 4330 1554 4384 humiliavit
1597 4348 1654 4386 se
1703 4332 1875 4385 David
1921 4338 2051 4387 ante

415 4420 717 4475 Jonatham
747 4421 928 4476 lilium
962 4423 1129 4492 regis,
1155 4424 1502 4478 etconvertit
1527 4424 1649 4494 ejus
1671 4424 1966 4491 affectum;
1993 4430 2052 4479 ut

2155 1925 2182 1953 ‹‹
2225 1903 2515 1975 Angustias
2546 1910 2678 1959 sunt
2710 1904 2852 1958 mihi
2877 1905 2997 1960 haec
3023 1906 3160 1973 tria;
3195 1905 3296 1960 sed
3323 1904 3498 1975 magis
3522 1903 3733 1958 incidam

2155 1998 2211 2052 in
2239 2013 2476 2052 manum
2505 1998 2748 2065 Domini,
2780 1999 3050 2069 quoniam
3092 2015 3302 2070 magna
3337 2003 3420 2053 est
3458 1997 3732 2052 misericor-

2151 2089 2242 2145 dia
2272 2091 2419 2144 illius
2446 2091 2626 2159 valde,
2656 2108 2828 2162 quam
2856 2092 2913 2146 in
2956 2107 3160 2146 manus
3187 2092 3485 2147 hominum
3527 2089 3735 2144 incidam

2151 2183 2340 2255 (Ibid.,
2375 2184 2479 2254 14).
2512 2206 2539 2234 ››
2570 2186 2636 2239 Et
2673 2201 2805 2239 cum
2843 2185 3097 2241 dedisset
3127 2185 3398 2240 Dominus
3435 2189 3660 2238 mortem
3691 2182 3734 2234 in

2154 2278 2316 2331 Israel
2347 2294 2380 2332 a
2410 2293 2575 2332 mane
2601 2294 2781 2348 usque
2807 2278 2879 2332 ad
2907 2279 3109 2334 horam
3140 2278 3391 2350 prandii,
3421 2275 3738 2348 septuaginta

2153 2370 2403 2424 millibus
2431 2369 2732 2426 hominum
2776 2372 3033 2441 mortuis,
3071 2372 3328 2443 respexit
3365 2371 3531 2425 David
3559 2369 3624 2423 ad
3662 2369 3740 2422 Do-

2154 2463 2402 2533 minum,
2437 2467 2651 2519 etcum
2692 2463 2922 2519 vidisset
2963 2466 3233 2537 angelum
3275 2464 3570 2520 ferientem
3595 2477 3742 2532 p0pu-

2154 2557 2295 2625 lum,
2330 2556 2474 2612 dixit
2502 2574 2515 2610 :
2543 2578 2571 2606 ‹‹
2603 2559 2740 2612 Ecce
2779 2573 2886 2629 ego
2918 2559 3160 2629 peccavi,
3192 2562 3252 2612 et
3281 2575 3388 2630 ego
3416 2562 3595 2629 pastor
3622 2554 3742 2609 male

2153 2650 2280 2716 feci,
2313 2655 2370 2705 et
2397 2651 2489 2705 isti
2523 2651 2578 2704 in
2609 2651 2718 2706 hoc
2746 2667 2923 2722 grege
2949 2651 3083 2722 quid
3108 2652 3406 2706 fecerunt?
3434 2650 3548 2704 Fiat
3575 2663 3744 2702 manus

2152 2749 2248 2798 tua
2274 2745 2330 2798 in
2361 2760 2472 2812 me,
2502 2750 2558 2799 et
2594 2745 2652 2798 in
2679 2745 2916 2798 domum
2950 2745 3124 2815 patris
3155 2745 3271 2799 mei
3305 2745 3490 2812 (Ibid.,
3521 2743 3618 2810 t7).
3646 2762 3668 2789 ››
3693 2741 3743 2792 Et

2154 2836 2432 2908 propitius
2472 2837 2654 2891 factus
2693 2843 2779 2892 est
2821 2839 3118 2906 Dominus,
3151 2855 3282 2892 cum
3318 2836 3639 2892 sacrificium
3679 2849 3747 2886 re-

2152 2930 2556 2985 conciliationis
2581 2930 2818 2985 Domino
2847 2936 2994 2985 esset
3022 2931 3298 2985 oblatum.
3325 2933 3477 2984 Dona
3505 2945 3630 3000 ergo
3656 2929 3741 2980 hu-

2154 3022 2382 3090 militas,
2413 3041 2539 3094 qua:
2571 3041 2764 3096 regem
2794 3025 3136 3095 plebemque
3167 3026 3428 3078 servavit.
3458 3026 3654 3093 Itaque,
3679 3035 3745 3072 rc-

2153 3117 2451 3172 conciliato
2480 3117 2735 3187 Domino,
2766 3118 2846 3172 ait
2876 3118 3047 3172 David
3079 3135 3093 3172 :
3123 3122 3332 3174 Bonum
3357 3119 3490 3173 mihi
3513 3122 3604 3176 est,
3628 3113 3750 3184 quod

2153 3211 2467 3266 humiliatus
2491 3226 2611 3265 sum
2636 3211 2850 3281 (Supr.,
2887 3228 3034 3266 vers.
3063 3214 3176 3279 71).

2225 3306 2314 3358 23.
2348 3306 2498 3358 Bona
2535 3321 2672 3374 ergo
2717 3305 3028 3370 humilitas,
3062 3305 3391 3374 praesertim
3424 3305 3468 3358 si
3503 3302 3744 3372 adjunga-

2154 3404 2248 3451 tur
2277 3397 2326 3451 ei
2371 3398 2593 3452 devotio
2636 3398 2974 3452 voluntaria.
3012 3397 3259 3469 Ideoque
3301 3415 3362 3452 se
3402 3394 3652 3450 viviticari
3680 3409 3746 3445 se-

2155 3492 2402 3545 cundum
2445 3491 2685 3546 verbum
2714 3492 2873 3561 petit,
2905 3495 2966 3545 ut
3000 3492 3319 3546 secundum
3348 3492 3579 3546 verbum
3607 3489 3746 3552 vivat,

2156 3591 2212 3640 et
2239 3585 2430 3640 omnia
2464 3601 2592 3639 cum
2627 3585 2845 3639 ratione
2889 3585 3077 3653 faciat,
3107 3602 3222 3640 non
3255 3586 3570 3640 secundum
3601 3580 3752 3637 carnis

2153 3679 2527 3733 voluntatem.
2558 3678 2715 3732 Unde
2741 3678 3040 3750 mysticum
3073 3678 3187 3749 (15)
3217 3679 3360 3734 illud
3390 3678 3560 3733 etiam
3591 3690 3750 3729 mora-

2154 3772 2286 3826 liter
2311 3772 2484 3842 accipi
2527 3774 2712 3842 potest
2743 3794 2752 3825 :
2792 3795 2816 3819 ‹‹
2853 3774 2913 3826 In
2956 3771 3235 3843 principio
3284 3776 3408 3827 erat
3435 3771 3683 3834 Verbum,
3711 3769 3753 3818 et

2155 3865 2401 3919 Verbum
2437 3868 2557 3918 erat
2600 3864 2755 3936 apud
2795 3867 2991 3934 Deum,
3027 3869 3084 3919 et
3123 3867 3274 3920 Deus
3320 3872 3441 3920 erat
3489 3863 3750 3917 Verbum:

2155 3959 2261 4012 hoc
2288 3963 2410 4013 erat
2437 3958 2492 4012 in
2521 3956 2800 4029 principio
2827 3957 2978 4028 apud
3008 3959 3213 4012 Deum.
3243 3959 3450 4014 Omnia
3476 3972 3573 4027 per
3593 3955 3751 4025 ipsum

2153 4053 2298 4107 facta
2339 4059 2490 4121 sunt,
2529 4055 2586 4106 et
2625 4051 2746 4105 sine
2790 4051 2909 4121 ipso
2953 4052 3163 4106 factum
3201 4057 3288 4106 est
3333 4051 3474 4105 nihil
3516 4051 3698 4120 (Joan.,
3723 4061 3751 4106 ι,

2157 4150 2205 4213 1,
2238 4146 2312 4216 3).
2346 4167 2372 4195 »
2403 4148 2469 4201 Et
2498 4149 2557 4198 tu
2584 4144 2842 4200 imitator
2869 4149 2988 4199 esto
3017 4145 3133 4200 Dei.
3169 4145 3464 4209 Quomodo
3495 4136 3753 4198 imitator?

2153 4239 2440 4310 Numquid
2463 4239 2670 4293 coelum
2691 4245 2850 4310 potes
2866 4240 3072 4305 facere,
3095 4243 3192 4292 aut
3215 4246 3450 4305 terram,
3469 4242 3566 4291 aut
3585 4231 3752 4289 mare?

2152 4333 2270 4386 Non
2308 4333 2526 4403 utique,
2558 4333 2655 4386 sed
2689 4337 2748 4386 ut
2774 4333 2971 4387 omnia
3009 4348 3111 4403 per
3146 4332 3388 4387 verbum
3417 4331 3603 4396 facias,
3631 4324 3748 4382 nihil

2153 4425 2271 4479 sine
2301 4426 2505 4491 verbo;
2537 4426 2729 4480 omnia
2757 4443 2884 4480 cum
2925 4425 3167 4492 ratione,
3197 4426 3340 4479 nihil
3377 4425 3496 4479 sine
3530 4422 3749 4483 ratione;

418 4529 590 4583 quem
617 4531 992 4570 successorem
1026 4517 1190 4586 patrii
1215 4517 1375 4588 regni
1405 4517 1898 4588 potuerathabere
1927 4534 2044 4573 sus-
2070 4520 2287 4594 unia
2335 4503 2448 4573 non
2490 4535 2549 4572 es
2591 4519 3012 4584 irrationabilis,
3067 4535 3100 4572 o
3146 4519 3344 4583 homo,
3390 4517 3488 4572 sed
3529 4516 3748 4571 rationa-

420 4609 667 4673 pectum,
699 4605 968 4658 eumdem
1013 4605 1314 4660 adversum
1354 4607 1540 4661 studia
1586 4612 1822 4677 paterna
1865 4625 2048 4661 serva-

417 4697 522 4758 ret,
552 4691 742 4747 diceus
776 4696 925 4762 patri
956 4711 968 4747 :
1015 4717 1039 4742 ‹‹
1073 4695 1219 4758 Quid
1259 4712 1454 4766 peccas
1493 4696 1551 4749 in
1588 4696 1923 4766 sanguinem
1973 4697 2052 4750 in-

416 4781 672 4836 nocentis
705 4783 744 4849 (Ι
776 4784 928 4849 Reg.,
961 4798 1071 4850 xix,
1102 4783 1191 4851 5)?
1224 4807 1249 4831 ››
1281 4788 1338 4838 et
1364 4785 1417 4839 id
1463 4801 1655 4840 vocem
1693 4790 2054 4856 extorqueret

479 4903 576 4963 (tt)
601 4903 682 4951 Ita
715 4901 848 4952 edit.
896 4915 1024 4951 cum
1067 4904 1262 4964 paucis
1301 4917 1430 4954 mss.
1461 4905 1570 4955 Alii
1611 4910 1793 4956 autem
1832 4907 2050 4970 partim,

415 4972 769 5022 humilitatem
801 4973 986 5023 docere
1013 4988 1028 5022 :
1052 4974 1201 5036 inflat
1227 4977 1459 5037 quemvis
1493 4976 1728 5026 humana
1767 4977 2049 5040 sapientia,

414 5057 556 5094 mens
612 5045 792 5093 carnis
844 5043 1070 5100 extollit,
1115 5049 1242 5102 etc.;
1289 5047 1507 5107 partim,
1556 5046 1905 5097 humilitatem
1956 5048 2050 5097 do-

415 5127 529 5164 rere
553 5116 776 5178 inﬂatus
798 5130 814 5176 ;
845 5116 1089 5180 quamvis
1124 5115 1362 5165 humana
1399 5130 1542 5166 mens
1579 5119 1842 5180 sapientia
1874 5119 2054 5168 carnis

416 5186 720 5236 extollatur.
751 5188 854 5238 Vel
890 5189 1076 5248 etiam,
1107 5187 1345 5237 humana
1383 5189 1646 5252 sapientia
1689 5203 1833 5240 mens
1873 5190 2054 5240 carnis

418 5256 704 5306 extollitur.

483 5328 578 5386 (15)
606 5331 902 5391 Mysticum,
944 5330 1052 5380 hoc
1096 5331 1218 5379 loco
1257 5330 1583 5394 neutiquam
1627 5331 1924 5394 opponitur
1962 5331 2052 5379 lit-

419 5399 608 5456 terati;
669 5402 1120 5464 quandoquidem
1180 5401 1390 5466 ubique
1463 5402 1752 5452 litteralem
1821 5402 2052 5466 hujusce

423 5472 606 5518 textus
656 5470 975 5536 Evangelici
1025 5487 1252 5524 sensum
1301 5474 1750 5524 constantissime
1804 5487 2052 5536 propug-

417 5545 509 5587 nat
569 5540 931 5602 Ambrosius;
995 5549 1162 5609 atque
1223 5545 1360 5596 adeo
1419 5546 1924 5608 interpunctionem
1983 5544 2053 5594 ab

418 5610 812 5680 Alexandrinis
854 5619 908 5663 et
960 5616 1226 5680 Egyptiis
1273 5631 1487 5668 necnon
1530 5622 1585 5667 et
1631 5631 1662 5667 a
1710 5616 1944 5666 Photino
1987 5631 2054 5666 eo

419 5677 720 5737 inductam,
743 5694 813 5729 ne
844 5684 928 5731 vel
957 5677 1180 5734 minima
1210 5687 1409 5737 haeresi
1453 5689 1658 5738 arianaa
1696 5686 1915 5737 daretur
1952 5700 2054 5737 oc—

421 5750 591 5808 casio,
624 5750 979 5809 rejiciendam
1009 5757 1313 5816 contendit,
1346 5763 1406 5806 ut
1437 5759 1624 5809 videre
1659 5763 1741 5808 est
1785 5759 1950 5807 Enar.
1994 5759 2050 5808 in

421 5819 566 5869 Psal.
615 5832 828 5877 xxxvn,
867 5834 1019 5869 num.
1065 5825 1145 5886 36,
1188 5829 1243 5876 et
1288 5826 1500 5879 Comm.
1553 5831 1607 5880 in
1649 5843 1770 5895 cap.
1810 5842 1826 5879 ι
1869 5829 2048 5880 Lucae.

2154 4608 2301 4662 bilis.

2224 4699 2311 4752 24.
2341 4698 2519 4767 (Vers.
2557 4699 2695 4762 108.)
2734 4697 2998 4769 Sequitur
3037 4715 3226 4751 versus
3267 4704 3500 4768 quartus
3533 4720 3542 4749 :
3588 4694 3755 4750 Volun-

2156 4789 2301 4841 taria
2328 4790 2434 4841 oris
2459 4789 2563 4841 mei
2601 4788 2902 4857 comproba,
2933 4789 3168 4849 Domine,
3203 4791 3253 4841 et
3276 4788 3496 4855 judicia
3536 4792 3623 4838 tua
3651 4781 3755 4835 doce

2155 4908 2261 4957 llic
2309 4920 2437 4971 ergo
2477 4907 2856 4957 testimonium
2898 4907 3036 4956 illud
3079 4907 3200 4956 ideo
3241 4909 3518 4970 mysticum
3560 4903 3754 4952 dicitur.

2154 4979 2284 5042 quia
2333 4992 2447 5027 rem
2492 4979 2722 5028 minime
2757 4991 3098 5040 corpoream,
3144 4979 3242 5028 sed
3285 4993 3315 5027 a
3359 4977 3629 5033 sensibus,
3664 4972 3756 5020 imo

2154 5049 2224 5098 ab
2270 5050 2388 5112 ipso
2431 5049 2676 5099 humano
2724 5050 3011 5100 intellectu
3053 5051 3479 5100 remotissimam
3525 5044 3754 5108 exponat.

2153 5124 2412 5169 aeternam
2451 5121 2666 5170 scilicet
2705 5119 2874 5169 Verbi
2920 5120 3092 5168 divini
3133 5120 3561 5184 generationem.
3608 5113 3756 5184 Mora-

2153 5191 2280 5240 litas
2313 5194 2497 5241 autem
2537 5192 2590 5239 in
2629 5203 2694 5240 eo
2729 5195 2830 5247 est,
2863 5191 3012 5254 quod
3059 5182 3196 5251 λόγὸς
3232 5191 3412 5242 Graeci
3453 5186 3653 5239 codicis
3683 5182 3756 5230 la-

2154 5264 2267 5312 tine
2315 5263 2548 5312 verbum
2594 5267 2647 5310 et
2695 5263 2963 5312 rationem
3003 5262 3292 5326 signiﬁcet.
3343 5263 3507 5311 Porro
3543 5270 3661 5307 cum
3699 5263 3756 5300 ei

2152 5335 2467 5382 memoratis
2517 5333 2696 5382 verbis
2746 5334 2941 5382 morali
2995 5347 3163 5383 sensu
3209 5332 3624 5394 haudquaquam
3671 5335 3754 5399 ex:

2153 5405 2303 5454 cludi
2357 5405 2654 5454 litteralem
2705 5404 2997 5454 nobiscum
3047 5401 3293 5454 conﬁteri
3343 5405 3604 5465 cogantur
3642 5405 3757 5470 novt

2153 5475 2421 5534 haeretici,
2461 5474 2824 5537 quamobrem
2855 5477 3018 5524 etiam
3055 5489 3164 5523 non
3211 5472 3629 5526 conﬁtebuntur,
3657 5476 3757 5512 sic—

2158 5545 2252 5596 ubi
2295 5559 2514 5594 sacrum
2549 5545 2683 5595 illud
2726 5545 2952 5595 eﬂ‘atum
2991 5561 3001 5592 :
3038 5547 3140 5594 Hoc
3183 5550 3255 5594 est
3291 5555 3483 5605 corpus
3515 5549 3691 5591 meum,
3729 5543 3754 5578 ει

2157 5616 2412 5666 Patribus
2454 5619 2689 5679 mystice
2729 5631 2794 5667 ac
2823 5617 3146 5680 spiritaliter
3179 5615 3488 5680 expositum
3527 5607 3752 5657 videant:

2156 5686 2282 5736 inde
2313 5691 2493 5736 tamen
2520 5686 2828 5738 naturalem
2859 5691 2912 5737 et
2945 5687 3234 5738 litteralem
3275 5680 3754 5746 interpretationem

2154 5771 2270 5808 non
2303 5756 2732 5807 excludendam.
