3930 6168
221 239 322 289 1473

209 470 302 506 sum
330 452 561 517 Domini;
591 451 686 520 qui
711 449 1026 505 viviﬁcatur
1055 452 1252 521 spiritu
1282 453 1399 518 Dei,
1433 453 1778 507 voluntarius

205 551 269 600 est
294 545 558 612 minister;
590 544 901 613 plurimum
947 544 1100 598 enim
1138 546 1314 599 refert
1357 551 1543 599 utrum
1585 563 1656 600 ex
1683 563 1774 600 vo-

203 640 380 691 luntate
405 637 536 707 quid
561 637 754 703 facias,
784 654 857 693 an
882 655 952 692 ex
991 639 1339 705 necessitate,
1373 639 1524 708 quod
1566 639 1780 709 placeat

203 732 306 785 Deo.
333 730 573 801 Denique
600 731 948 785 voluntarius
969 731 1228 786 minister
1246 731 1421 786 habet
1449 734 1775 802 pramium,

199 829 384 877 coactus
439 823 718 894 dispensat
762 825 1118 896 obsequium,
1171 825 1313 878 sicut
1362 827 1627 896 Apostolo
1675 826 1775 880 do—

197 918 328 971 cente
351 916 728 986 cognovimus.
760 917 994 987 Scripsit
1028 917 1178 972 enim
1212 935 1223 970 :
1261 937 1288 968 ‹‹
1318 918 1411 971 Va
1451 918 1602 972 enim
1637 918 1777 972 mihi

196 1017 260 1063 est
285 1010 322 1062 si
348 1025 454 1063 non
483 1010 978 1080 evangelizaverol
1009 1012 1066 1066 Si
1095 1011 1248 1065 enim
1281 1012 1477 1065 volens
1508 1013 1616 1065 hoc
1645 1027 1776 1082 ago,

197 1102 478 1156 mercedem
536 1103 752 1170 habeo,
807 1105 854 1157 si
903 1108 1096 1158 autem
1152 1104 1381 1169 invitus,
1438 1105 1781 1176 dispensatio

194 1196 306 1248 mihi
333 1195 539 1250 credita
566 1200 650 1250 est
682 1198 725 1266 (Ι
756 1199 896 1259 Cor.,
936 1215 1010 1267 ix,
1043 1202 1128 1265 16,
1162 1198 1270 1266 17).
1301 1219 1328 1247 ››
1363 1198 1496 1253 Vide
1527 1198 1782 1252 volunta-

192 1288 311 1342 rium
339 1297 709 1344 exsecutorem
735 1291 973 1346 caelestis
993 1291 1232 1345 arbitrii.
1255 1291 1420 1346 Liber
1439 1296 1556 1346 erat
1577 1309 1642 1345 ex
1664 1308 1782 1346 omo

189 1381 325 1435 nibus
342 1387 404 1436 et
441 1383 698 1437 omnium
741 1400 932 1438 servus
973 1391 1058 1438 est
1098 1385 1276 1438 factus
1313 1385 1495 1454 (Ibid.,
1536 1387 1619 1450 l9)
1651 1385 1779 1455 (16),

189 1475 438 1530 voluntate
478 1476 694 1547 utique,
737 1492 850 1530 non
895 1477 1262 1542 necessitate;
1305 1481 1366 1531 ut
1404 1477 1676 1547 plurimos
1701 1477 1783 1530 lu-

189 1571 410 1621 craretur
448 1569 635 1638 (Ibid.,
681 1569 793 1639 2t).
845 1571 914 1623 lis
957 1586 1182 1641 quoque
1217 1571 1317 1640 qui
1361 1570 1504 1641 legis
1554 1571 1779 1624 vinculo

188 1664 477 1716 tenerentur
511 1663 674 1732 quasi
709 1663 812 1717 sub
856 1663 985 1734 lege
1027 1666 1195 1729 esset,
1241 1679 1301 1716 se
1337 1663 1609 1729 exhibuit,
1648 1680 1778 1718 cum

1287 232 1633 287 EXPOSITIO
1675 233 1741 287 IN
1783 233 2092 288 PSALMUM
2134 235 2354 294 CXVIII.

210 379 286 415 me.
310 359 396 423 Qui
433 373 485 411 se
525 357 802 424 bumiliat,
834 355 1150 410 viviticatur
1184 359 1498 412 secundum
1534 359 1772 430 promis-
1801 372 1856 442 Α
1879 360 2092 429 (Ibid);
2149 382 2172 406 η

3377 237 3508 291 me

2221 364 2278 414 et
2324 361 2402 414 sic
2456 364 2648 431 postea
2701 361 2900 414 missus
2951 365 3033 414 est
3084 361 3156 414 ad
3212 363 3505 432 populum.

1878 453 2006 507 Ideo
2058 453 2128 506 de
2180 470 2249 507 eo
2297 455 2508 508 dictum
2549 461 2634 508 est
2682 471 2693 508 :
2750 475 2777 500 ‹‹
2821 452 2964 517 Quia
3013 453 3180 506 Isaias
3222 455 3409 520 audet,
3455 460 3511 508 et

1878 547 2016 600 dicit
2067 550 2262 610 (Rom,
2310 564 2361 614 x,
2415 550 2525 618 20).
2569 569 2595 595 η
2644 547 2866 602 Etenim
2910 546 3070 617 quasi
3129 548 3505 602 voluntarium

1877 656 2154 710 organum
2191 624 2451 696 uberiore
2498 641 2731 711 spiritus
2762 639 2847 695 sui
2893 639 3074 710 gratia
3113 639 3366 695 Christus
3409 642 3509 695 im-

1877 732 2074 804 plevit.

1952 829 2036 882 26.
2081 827 2187 880 Nec
2234 827 2411 880 otiose
2463 827 2567 881 hoc
2618 828 2866 898 positum
2920 832 3089 897 puto;
3138 825 3272 897 quia
3315 827 3505 881 volun-

1880 919 2026 972 taria
2061 919 2174 973 oris
2211 919 2296 972 sui
2334 920 2557 989 placere
2596 920 2876 974 desiderat
2906 920 3167 974 Domino.
3197 919 3349 974 Multi
3384 936 3510 990 pro-

1879 1011 2090 1082 pheta,
2148 1013 2246 1066 sed
2301 1013 2358 1065 in
2407 1013 2675 1066 omnibus
2723 1013 2837 1067 oris
2885 1012 3205 1066 voluntaria
3260 1014 3504 1082 placent.

1881 1105 2193 1159 Excusabat
2229 1105 2518 1172 Jeremias,
2549 1106 2742 1160 dicens
2773 1123 2785 1160 :
2833 1106 3020 1170 «Quis
3057 1122 3118 1159 es
3159 1105 3507 1170 dominator,

1881 1199 2157 1252 Domine?
2213 1201 2350 1253 Ecce
2404 1199 2592 1254 nescio
2649 1201 2825 1272 loqui,
2880 1200 3015 1270 quia
3058 1200 3328 1270 juvenior
3382 1215 3530 1253 sum“

1882 1308 2020 1362 ego;
2054 1296 2111 1346 et
2153 1293 2296 1346 dixit
2335 1292 2386 1346 ei
2428 1293 2704 1347 Dominus
2738 1312 2749 1346 :
2785 1294 2910 1348 Noli
2953 1293 3160 1360 dicere,
3197 1293 3506 1364 quiajuve-

1884 1385 2010 1439 nior
2063 1401 2188 1439 sum
2242 1402 2382 1456 ego;
2437 1385 2568 1456 quia
2619 1386 2686 1439 ad
2751 1402 2950 1441 omnes
3004 1387 3074 1440 ad
3139 1402 3510 1458 quoscunque

1883 1480 2090 1532 misero
2124 1481 2202 1542 te,
2245 1479 2452 1546 abibis;
2491 1484 2547 1534 et
2583 1479 2893 1534 secundum
2936 1479 3130 1534 omnia
3153 1495 3510 1550 quacunque

1884 1572 2220 1626 mandavero
2265 1571 2389 1638 tibi,
2435 1573 2682 1642 loqueris
2720 1573 2955 1642 (Jerem.,
3001 1589 3038 1638 ι,
3081 1576 3132 1638 6,
3167 1574 3246 1642 7).
3277 1594 3304 1621 η
3350 1574 3512 1627 Vere-

1883 1665 2067 1720 cunde
2099 1665 2375 1736 propheta
2411 1669 2635 1720 atatem
2680 1666 2934 1736 corporis
2976 1665 3391 1737 pratendebat,
3435 1683 3506 1720 ne

188 1752 267 1806 sub
287 1754 400 1823 lege
426 1771 542 1809 non
573 1760 752 1823 esset;
786 1760 850 1810 ut
878 1772 976 1811 eos
1003 1760 1252 1811 servaret
1279 1756 1378 1827 qui
1417 1756 1520 1810 sub
1547 1757 1674 1826 lege
1705 1757 1779 1810 vi-
1799 1741 1854 1813 Β
1880 1758 2253 1830 exsequendis
2293 1758 2611 1814 calestibus
2660 1760 2950 1830 imperatis
2995 1759 3182 1830 impar
3218 1775 3336 1815 esse
3380 1760 3512 1814 ado-

188 1845 371 1901 vebant.
423 1847 672 1903 Inﬁrmis
719 1848 981 1904 inﬁrmus
1028 1850 1207 1903 factus
1254 1853 1366 1914 est;
1417 1852 1482 1903 ut
1522 1849 1778 1903 inﬁrmos

187 1941 534 2010 assumptione
563 1942 913 1997 inﬁrmitatis
939 1943 1190 2014 propria
1221 1943 1547 1997 sustineret.
1576 1942 1771 1998 Omni-

187 2032 267 2086 bus
291 2035 470 2088 omnia
495 2034 684 2089 factus
717 2042 820 2103 est,
849 2053 963 2090 non
991 2036 1249 2107 legitima
1277 2037 1609 2091 necessitate
1640 2038 1776 2107 (t7),

187 2126 262 2179 sed
277 2128 571 2182 voluntatis
592 2129 880 2200 obsequio.
900 2130 1135 2200 Aperuit
1156 2128 1204 2201 1
1222 2128 1270 2201 1
1287 2127 1412 2201 49
1438 2129 1583 2183 mihi
1608 2129 1779 2200 hujus

189 2219 504 2276 altitudinem
567 2222 788 2276 consilii
850 2223 909 2276 in
963 2223 1198 2294 epistola
1260 2223 1332 2277 ad
1382 2223 1777 2278 Philemonem

188 2313 382 2382 scripta;
415 2316 554 2386 quia
583 2316 735 2386 quod
765 2316 885 2387 ipse
923 2322 1089 2382 esset,
1120 2315 1297 2370 alium
1333 2333 1454 2370 esse
1484 2317 1680 2383 vellet;
1714 2323 1779 2371 ut

187 2406 425 2462 voluntate
448 2410 643 2479 potius
675 2425 850 2480 quam
877 2409 1213 2464 necessitate
1243 2409 1512 2464 detulisse
1537 2411 1778 2465 Domino

189 2499 444 2556 videretur.
475 2504 678 2573 Itaque
707 2519 811 2573 pro
835 2503 1104 2558 Onesimo
1127 2503 1532 2572 interveniens,
1558 2505 1638 2557 sic
1657 2505 1770 2558 ait:

195 2615 210 2636 σε
238 2594 296 2647 Tu
323 2601 508 2650 autem
549 2595 712 2650 illum
736 2601 795 2650 ut
815 2612 944 2650 mea
975 2597 1188 2651 viscera
1208 2597 1449 2666 suscipe,
1474 2613 1646 2668 quem
1667 2614 1776 2668 ego

113 2725 119 2732 .
201 2687 422 2742 volueram
449 2704 687 2743 mecum
717 2689 994 2755 detinere,
1019 2695 1082 2743 ut
1106 2706 1208 2760 pro
1238 2692 1294 2744 te
1328 2690 1471 2743 mihi
1499 2690 1777 2744 ministra-

206 2787 255 2831 ret
272 2781 314 2834 in
353 2782 602 2836 vinculis
643 2783 962 2854 Evangelii;
1002 2783 1099 2837 sed
1145 2784 1265 2838 sine
1297 2783 1531 2838 consilio
1560 2787 1657 2838 tuo
1697 2783 1777 2837 ni-

197 2871 246 2924 hil
264 2873 422 2930 facere
443 2876 625 2943 volui,
648 2892 720 2930 ne
743 2876 895 2930 velut
927 2893 995 2930 ex
1019 2877 1351 2931 necessitate
1373 2877 1590 2932 bonum
1612 2882 1775 2931 tuum

193 2973 314 3032 esset,
361 2969 454 3024 sed
500 2968 894 3023 voluntarium
941 2969 1209 3039 (Philem,
1259 2971 1457 3038 42-14).
1503 2991 1533 3021 ››
1593 2970 1774 3033 Quam

189 3058 362 3115 sedulus
386 3079 618 3129 suasor,
648 3061 745 3133 qui
769 3079 899 3117 cum
930 3069 1078 3117 esset
1101 3079 1198 3117 vas
1225 3062 1520 3118 electionis
1547 3063 1774 3130 divina,

187 3156 485 3210 consortium
514 3155 742 3210 consilii
775 3173 890 3210 non
923 3155 1344 3227 dedignabatur
1383 3156 1576 3223 alieni,
1605 3173 1677 3210 ne
1703 3158 1778 3210 at-

188 3249 333 3301 terum
359 3250 553 3304 fructu
583 3249 886 3304 voluntatis
914 3250 1164 3320 propria
1193 3249 1580 3305 defraudaret.
1605 3251 1776 3305 Recte

185 3352 290 3408 ergo
317 3341 481 3396 David
511 3343 602 3396 ait
629 3343 788 3414 quasi
815 3343 1100 3414 propheta
1128 3359 1140 3396 :
1183 3344 1512 3400 Voluntaria
1539 3346 1646 3398 oris
1674 3345 1779 3398 mei

183 3437 440 3502 cmproba,
485 3439 730 3501 Domine,
777 3437 890 3490 oris
928 3437 1013 3490 sui
1053 3436 1296 3492 offerens
1335 3437 1574 3491 Domino
1612 3436 1779 3491 sacri-

182 3523 330 3582 ﬁcium
371 3529 789 3597 voluntarium;
821 3547 888 3586 eo
929 3530 1080 3602 quod
1123 3535 1185 3586 ut
1223 3530 1346 3601 apis
1388 3530 1488 3585 illa
1528 3531 1776 3602 prophe-

181 3617 264 3674 tica
301 3622 470 3678 bonos
533 3625 705 3679 ﬂores
751 3624 1018 3694 colligere
1065 3641 1160 3680 ore
1207 3624 1579 3694 consueverit,
1626 3625 1778 3680 favos

181 3727 256 3765 ore
279 3714 507 3787 fingere,
549 3717 716 3771 mella
743 3733 841 3772 ore
866 3732 1233 3788 componere,
1262 3723 1320 3772 et
1347 3734 1410 3771 ex
1435 3717 1625 3772 herbis
1656 3733 1778 3772 sua-

179 3805 304 3860 vibus
329 3826 421 3864 ore
451 3810 606 3864 ﬁlios
644 3811 835 3881 legere
862 3811 1006 3881 (t8);
1039 3827 1167 3881 qua
1204 3832 1231 3860 «
1260 3827 1391 3865 cum
1438 3811 1529 3878 sit,
1571 3811 1776 3882 inquit,

179 3899 342 3956 robore
369 3904 621 3970 inﬁrma,
663 3905 958 3976 sapientia
1002 3904 1406 3976 pradicatione
1451 3904 1778 3959 substantia

180 4007 265 4047 sua
304 3998 564 4066 producit
605 4001 834 4053 atatem
873 3998 1078 4068 (Prom,
1126 4015 1198 4065 v1,
1244 4003 1295 4065 7,
1329 3999 1403 4069 8).
1447 4019 1474 4047 ››
1503 3998 1665 4062 Quod
1708 3999 1779 4053 sit

177 4083 295 4142 istud
342 4091 735 4146 voluntarium
786 4092 900 4146 oris
955 4091 1312 4158 sacriﬁcium,
1366 4108 1711 4162 recognosce
1760 4109 1772 4146 :

180 4198 200 4225 ι(
232 4182 478 4254 lmmola,
545 4184 765 4255 inquit,
819 4185 934 4240 Deo
987 4184 1323 4240 sacriﬁcium
1373 4185 1553 4240 laudis
1605 4185 1774 4256 (Psal.

178 4286 290 4341 ιω,
319 4279 418 4348 14).
452 4302 480 4328 ››

232 4370 308 4422 25.
371 4372 675 4443 Exspectat
727 4372 994 4426 Dominus
1056 4373 1401 4426 voluntarios
1466 4371 1774 4426 ministros.

182 4456 398 4533 Denique
445 4466 506 4519 in
556 4464 700 4520 libro
743 4465 899 4519 Isaia
952 4465 1092 4520 dicit
1143 4465 1416 4520 Dominus
1463 4488 1472 4516 :

181 4553 366 4610 mittam
412 4560 572 4627 (_Isa.,
622 4575 695 4624 Vl,
741 4558 838 4627 8)?
876 4581 903 4608 »
951 4560 1152 4630 Utique
1198 4559 1420 4612 servulo
1471 4575 1572 4613 suo
1622 4562 1778 4629 pote-

182 4649 253 4699 rat
280 4648 571 4721 imperare,
617 4667 790 4722 quem
822 4651 1062 4723 dignum
1101 4653 1197 4722 qui
1238 4651 1586 4719 mitteretur,
1620 4651 1773 4706 inve-

183 4747 326 4808 nerat,
373 4745 467 4799 sed
519 4745 727 4798 maluit
770 4760 902 4799 eum
955 4749 1280 4816 spontanea
1321 4744 1615 4799 oblationis
1663 4762 1776 4799 non

183 4828 411 4891 fraudare
449 4837 736 4904 mercede,
774 4837 873 4908 qui
909 4843 972 4892 ut
1009 4838 1126 4908 ipse
1166 4855 1225 4892 se
1269 4837 1516 4904 oﬁ‘erret,
1551 4841 1779 4908 prasto-

182 4921 300 4980 latus
325 4933 422 4983 est.
464 4932 531 4985 Et
560 4931 820 5002 quamvis
865 4931 990 5001 ejus
1031 4930 1202 4984 sciret
1237 4931 1520 4998 affectum,
1551 4947 1778 5002 exspec-

183 5017 290 5071 tavit
330 5027 524 5078 tamen
565 5039 783 5090 vocem,
829 5028 892 5078 ut
936 5024 1258 5079 cumularet
1299 5024 1568 5095 gratiam.
1618 5024 1777 5078 Unde

187 5125 229 5163 se
272 5113 506 5172 oﬂ‘erens
569 5117 737 5173 Isaias
795 5117 876 5172 ait
928 5135 941 5172 :
1002 5137 1029 5170 ί(
1079 5119 1217 5172 Ecce
1279 5134 1422 5189 ego,
1476 5119 1638 5172 mitte
1689 5135 1778 5173 me

190 5333 311 5450 l(t6)
358 5335 480 5387 Mss.
529 5335 799 5402 quinque,
839 5335 902 5388 Et
947 5340 1006 5387 in
1047 5335 1290 5389 omnibus
1334 5352 1517 5389 servus
1555 5343 1629 5389 est
1669 5337 1780 5402 [ac-

205 5417 264 5450 Il.

193 5481 316 5601 ni(‘17)
357 5487 604 5548 Legitima
656 5487 955 5546 necessitas,
1005 5492 1089 5538 est
1135 5501 1200 5539 ea
1249 5501 1416 5552 quam
1465 5488 1556 5539 lex
1602 5489 1779 5552 impo-

239 5628 319 5692 (18)
361 5633 434 5682 Ita
469 5647 597 5686 mss.
635 5650 748 5687 sex.
799 5636 1018 5700 Reliqui
1058 5648 1188 5687 vero
1233 5641 1290 5687 et
1337 5641 1447 5687 ant.
1493 5636 1645 5699 edit.,
1690 5649 1782 5686 ore

195 5694 313 5776 βῆναι
355 5706 527 5769 legere.
581 5710 758 5771 Rom.,
809 5724 900 5760 ore
940 5694 1094 5763 natos
1144 5712 1327 5776 legere.
1379 5711 1606 5763 Scilicet
1634 5694 1779 5774 quia

196 5768 498 5831 adverterant
521 5768 756 5836 editores
790 5783 981 5836 Ambr.
1018 5768 1268 5836 alludere
1306 5783 1373 5836 ad
1409 5768 1778 5850 Virgiliaiium

1799 3107 1852 3181 C

1879 1852 2146 1906 lescentia
2172 1852 2716 1924 deprehenderetur.
2741 1852 2852 1908 Sed
2882 1854 3046 1921 Deus,
3070 1859 3131 1908 ut
3155 1853 3251 1924 qui
3278 1869 3505 1907 morum

1879 1947 2064 2016 magis
2109 1963 2280 2017 quam
2321 1962 2603 2002 annorum
2647 1947 2938 2018 judicaret
2979 1950 3206 2001 atatem
3257 1947 3509 2001 conside-

1877 2039 2139 2106 randam,
2185 2046 2242 2094 et
2293 2040 2349 2094 in
2397 2040 2637 2110 juvenili
2700 2055 2936 2110 corpore
2989 2039 3375 2095 maturitatem
3425 2057 3509 2094 ros

1877 2132 2056 2186 busta
2107 2133 2402 2203 sapientia
2449 2134 2508 2187 in
2559 2149 2660 2188 suo
2705 2134 2929 2188 servulo
2982 2133 3337 2204 praevideret,
3376 2134 3453 2188 ait
3493 2152 3506 2188 :

1881 2245 1911 2276 «
1949 2226 2067 2281 Noli
2101 2225 2308 2295 dicere,
2341 2227 2611 2296 juvenior
2645 2243 2771 2281 sum
2809 2243 2940 2298 ego,
2973 2249 3001 2277 »
3040 2227 3147 2282 hoc
3177 2231 3282 2293 est,
3320 2228 3508 2298 prohi-

1875 2317 2001 2372 buit
2064 2335 2195 2372 eum
2247 2320 2514 2389 juvenilis
2576 2304 2760 2374 atatis
2822 2320 3302 2391 contemplatione
3364 2321 3509 2375 vires

1877 2428 2002 2466 suas
2042 2412 2416 2482 perpendere,
2456 2413 2542 2467 cui
2583 2413 2724 2468 fides
2763 2413 3030 2467 canitiem
3077 2414 3368 2484 sapientia
3407 2415 3506 2468 mi-

1877 2505 2163 2561 nistraret.
2203 2507 2270 2560 Et
2315 2506 2519 2561 iterum
2563 2507 2620 2560 in
2661 2506 3068 2578 posterioribus
3103 2523 3233 2561 cum
3278 2507 3506 2562 dixisset

1879 2598 2027 2654 idem
2071 2600 2350 2670 propheta
2379 2617 2392 2653 :
2439 2623 2465 2649 «
2493 2600 2775 2654 Seduxisti
2803 2616 2919 2669 me,
2949 2600 3204 2665 Domine,
3235 2605 3292 2655 et
3315 2602 3509 2655 seduc-

1878 2698 1968 2745 tus
2011 2708 2205 2747 sum...
2259 2694 2324 2747 Et
2372 2693 2486 2746 dixi
2534 2709 2546 2746 :
2593 2694 2710 2747 Non
2751 2692 3056 2747 nominabo
3106 2709 3313 2747 nomen
3361 2695 3504 2764 ejus,

1877 2789 1932 2839 et
1957 2801 2070 2840 non
2112 2785 2318 2857 loquar
2357 2787 2417 2840 in
2457 2787 2690 2840 nomine
2738 2788 2860 2856 ejus
2896 2787 3041 2841 ultra
3068 2786 3301 2855 (Jerem.,
3332 2803 3420 2854 xx,
3449 2793 3505 2854 7,

1877 2878 1964 2948 9);
2011 2900 2038 2927 »
2092 2879 2246 2934 addit
2297 2898 2307 2933 :
2372 2900 2398 2929 ‹‹
2448 2881 2512 2934 Et
2561 2879 2743 2934 factus
2793 2885 2876 2934 est
2917 2879 2974 2933 in
3030 2881 3200 2934 corde
3246 2897 3393 2947 meo,
3448 2886 3508 2936 ut

1877 2972 2025 3043 ignis
2064 2973 2288 3042 ardens,
2337 2974 2632 3028 ﬂammans
2675 2974 2734 3028 in
2779 2973 2996 3028 ossibus
3021 2975 3196 3042 meis;
3235 2980 3293 3030 et
3335 2975 3508 3029 disso-

1878 3065 2028 3120 lutus
2075 3083 2202 3120 sum
2253 3067 2527 3138 undique,
2573 3073 2628 3122 et
2675 3068 2824 3123 ferre
2877 3084 2990 3123 non
3045 3084 3272 3139 possum
3313 3069 3501 3139 (lbid.,

1878 3159 1951 3228 9).
2009 3182 2035 3207 ››
2084 3161 2438 3216 Advertimus
2488 3161 2664 3233 igitur
2707 3161 2858 3232 quod
2915 3161 2982 3215 iis
3036 3161 3205 3216 etiam
3264 3161 3364 3232 qui
3411 3166 3508 3216 aut

1878 3254 2263 3308 excusandum
2301 3253 2550 3310 ofﬁcium
2588 3271 2775 3322 suum,
2803 3260 2900 3310 aut
2934 3260 3086 3311 certa
3122 3254 3311 3326 aliqua
3339 3271 3507 3309 causa

1877 3347 2209 3418 negandum
2246 3348 2595 3419 putaverint,
2640 3348 2912 3403 Dominus
2950 3351 3148 3403 tamen
3188 3353 3380 3403 noster
3410 3355 3508 3403 aut

1877 3441 2099 3495 ratione
2127 3442 2484 3511 persuadeat,
2518 3446 2614 3496 aut
2639 3442 2946 3512 cupiditate
2979 3441 3026 3513 1
3045 3441 3093 3513 1
3111 3441 3236 3514 5O
3268 3443 3510 3513 prophe-

1878 3534 2005 3588 tica
2047 3535 2404 3589 revelationis
2446 3535 2716 3605 inspiret,
2764 3539 2827 3589 ut
2868 3534 2940 3589 ad
2985 3535 3346 3590 subeundum
3389 3536 3509 3590 ofti-

1877 3627 2027 3681 cium
2079 3629 2366 3682 voluntate
2422 3634 2780 3697 concurrant,
2836 3645 2949 3682 non
3005 3628 3336 3682 necessitate
3383 3645 3510 3683 con-

1879 3721 2178 3787 scendant;
2221 3737 2335 3792 quo
2386 3738 2603 3776 merces
2653 3721 2724 3776 ad
2769 3737 2866 3776 eos
2910 3722 3151 3792 integrae
3197 3722 3510 3776 devotionis

1878 3813 2061 3884 possit
2103 3813 2323 3884 plenior
2370 3815 2691 3885 pervenire.
2740 3814 3104 3884 Prophetavit
3142 3819 3198 3868 et
3240 3815 3503 3884 Caiphae,

1882 3929 1908 3956 ‹‹
1950 3907 2092 3971 Quia
2135 3907 2363 3978 expedit
2401 3924 2582 3961 unum
2623 3908 2915 3962 hominem
2964 3908 3108 3961 mori
3148 3924 3252 3978 pro
3295 3908 3505 3977 populo

1877 4000 2078 4071 (Joan.,
2111 4017 2183 4068 x1,
2215 4000 2341 4070 50);
2372 4021 2399 4049 η
2428 3999 2524 4055 sed
2555 4000 2659 4055 hoc
2688 3999 3071 4056 voluntarium
3102 4001 3216 4054 oris
3255 4000 3507 4054 ministe-

1879 4095 2029 4148 rium
2077 4111 2192 4149 non
2237 4101 2380 4162 erat,
2427 4095 2561 4165 quia
2605 4094 2948 4166 loquebatur
2984 4094 3210 4150 invitus.
3258 4093 3508 4166 Denique

1879 4187 2017 4258 quid
2044 4188 2275 4255 diceret,
2303 4187 2607 4242 nesciebat.

1949 4284 2037 4334 27.
2071 4283 2209 4346 Qua
2240 4298 2377 4352 ergo
2415 4280 2740 4335 voluntaria
2782 4281 2897 4335 oris
2930 4282 3016 4336 sui
3052 4283 3296 4337 Domino
3335 4283 3505 4337 David

1877 4375 2097 4444 placere
2139 4374 2458 4430 desiderat?
2504 4396 2530 4424 ‹‹
2572 4375 2732 4445 Elegi
2771 4375 3023 4445 abjectus
3063 4392 3183 4430 esse
3226 4377 3283 4428 in
3336 4376 3508 4430 domo

1526 4486 1551 4512 κ
1596 4466 1855 4544 QuemD
1881 4469 2126 4536 Domini,
2160 4469 2340 4539 magis
2368 4485 2538 4539 quam
2576 4468 2832 4523 habitare
2873 4469 2929 4522 in
2971 4468 3348 4523 tabernaculis
3385 4484 3507 4539 pec-

1877 4567 2132 4617 catorum
2165 4563 2329 4631 (Psal.
2364 4577 2587 4628 Lxxxm,
2617 4562 2725 4632 Η).
2765 4583 2791 4611 ››
2823 4591 2890 4600 -
2919 4580 2946 4611 (ι
2978 4561 3221 4616 Audiam
3249 4563 3386 4632 quid
3420 4561 3503 4615 lo-

1878 4661 2086 4727 quatur
2110 4655 2168 4708 in
2211 4671 2302 4708 me
2345 4655 2615 4708 Dominus
2657 4655 2803 4709 Deus
2839 4654 3004 4723 (Psal.
3033 4669 3249 4724 LXXXIV,
3279 4657 3353 4726 9).
3385 4679 3412 4705 ››
3439 4685 3507 4694 -

1880 4769 1908 4799 ‹‹
1938 4749 2206 4820 Aperiam
2236 4748 2292 4801 in
2318 4747 2604 4817 parabolis
2631 4765 2691 4801 os
2712 4763 2932 4815 meum,
2958 4749 3162 4820 loquar
3179 4750 3507 4819 propositio-

1877 4858 1977 4897 nes
2004 4841 2076 4896 ab
2103 4841 2262 4896 initio
2289 4841 2476 4895 saculi
2504 4841 2672 4910 (Psul.
2703 4857 2958 4909 Lxxxvm,
2994 4842 3067 4912 2).
3097 4865 3124 4890 ››
3151 4872 3218 4882 -
3249 4863 3276 4889 ‹‹
3307 4842 3502 4894 Paravi

1878 4937 2164 4990 lucernam
2211 4933 2436 4990 Christo
2474 4951 2606 4989 meo
2643 4935 2814 5003 (Psal.
2857 4951 3036 5001 cxxxn,
3079 4936 3187 5004 t7).
3221 4957 3247 4983 »
3289 4935 3505 5004 Corpus

1878 5045 2045 5083 suum
2077 5027 2229 5098 quod
2267 5032 2390 5084 erat
2423 5035 2554 5083 ante
2590 5023 2885 5096 limosum,
2918 5032 2971 5084 et
3011 5044 3172 5082 cano
3210 5027 3506 5081 haredita-

1878 5123 1977 5176 ria
2033 5121 2366 5177 colluvionis
2428 5123 2814 5190 obstructum;
2883 5127 2942 5176 ut
3004 5121 3194 5177 oleum
3259 5121 3506 5190 spiritale

1879 5341 2020 5393 illud
2045 5357 2076 5393 e
2098 5341 2197 5394 lib.
2224 5356 2282 5394 1v
2315 5343 2498 5407 Georg.
2530 5357 2547 5389 .·

2003 5501 2210 5565 Verum
2237 5501 2370 5565 ipsa
2395 5514 2424 5550 e
2456 5499 2601 5550 foliis
2625 5499 2801 5558 natos,
2827 5500 2880 5546 et
2909 5495 3177 5547 suavibus
3203 5495 3391 5548 herbis

2004 5563 2110 5614 Ore
2138 5563 2347 5626 legu’nt.

1882 5730 2020 5781 Vide
2046 5731 2150 5781 hac
2182 5730 2296 5793 ipsa
2323 5729 2390 5778 de
2421 5743 2478 5778 re
2507 5727 2600 5778 lib.
2633 5740 2670 5779 v
2698 5728 2965 5787 Hexaem,
2995 5740 3114 5792 cap.
3143 5727 3224 5791 21,
3253 5741 3404 5779 num.
3427 5731 3507 5780 67.
