3862 6166
425 196 556 248 14Τῦ

1980 184 2288 241 AMBROSII

3604 195 3714 248 1476

415 317 668 385 recipere
726 329 838 367 non
882 315 1071 383 posset
1116 311 1246 381 (19),
1291 309 1510 364 Christo
1560 311 1798 380 paravit,
1852 314 1918 365 ut
1967 311 2048 364 lu-
2070 325 2124 398 Α
2222 307 2467 380 1151
2521 310 2611 361 29.
2664 308 2840 376 (Vers.
2896 306 3039 377 109.)
3088 305 3196 362 Sed
3225 269 3362 378 quis
3401 310 3596 380 judicia
3632 317 3719 372 Dei

419 413 564 463 ceat.
608 408 829 463 Christo
875 405 1045 470 lucet,
1089 405 1250 473 cujus
1291 420 1461 474 opera
1505 403 1562 457 in
1601 403 1809 460 Christi
1853 403 2051 457 lucent

421 501 660 572 lumine.
695 499 916 554 Christo
955 497 1180 551 lucebat
1215 498 1435 562 Petrus,
1466 512 1594 550 cum
1636 496 1892 550 diceret:
1930 516 1957 545 ‹‹
1988 498 2048 549 ln

423 595 653 650 nomine
700 595 831 646 Jesu
889 590 1096 646 Christi
1144 590 1418 644 Nazareni
1475 605 1664 660 surge,
1715 593 1772 644 et
1823 589 2050 644 ambula

422 690 594 760 (Act.,
645 703 719 753 In,
775 686 849 755 6).
889 708 914 733 η
960 683 1179 738 Christo
1224 683 1445 738 lucebat
1489 683 1581 736 ille
1630 685 1728 753 qui
1772 683 1992 736 dicebat
2032 699 2045 736 :

426 802 452 833 ‹‹
494 783 664 835 Sanat
704 784 760 832 te
794 778 1070 832 Dominus
1111 778 1272 830 Jesus
1303 779 1466 846 (Ach,
1505 793 1578 841 1x,
1617 777 1728 846 34).
1763 799 1789 825 »
1829 776 2050 832 Christo

421 875 644 929 lucebat
670 875 983 942 martyrum
1023 873 1274 936 lucerna,
1309 870 1405 941 qui
1437 887 1538 940 pro
1575 870 1795 926 Christo
1825 869 2052 923 subiere

424 968 781 1037 martyrium.
839 965 1060 1020 Christo
1124 963 1348 1018 lucebat
1413 963 1616 1029 David,
1678 963 1774 1032 qui
1826 965 2054 1033 poterat

428 1062 614 1116 dicere
660 1077 672 1113 :
724 1080 750 1107 «
792 1059 904 1113 Cor
947 1074 1142 1112 meum
1189 1063 1245 1111 et
1282 1073 1409 1110 caro
1460 1072 1589 1110 mea
1632 1056 2055 1110 exsultaverunt

425 1157 486 1210 in
532 1157 708 1210 Deum
749 1153 938 1206 vivum
976 1151 1141 1222 (Psal.
1189 1166 1405 1213 Lxxxui,
1449 1152 1522 1218 3).
1567 1172 1593 1197 ››
1636 1149 1854 1204 Christo
1891 1166 2054 1220 para-

426 1251 586 1303 verat
624 1252 871 1301 mentem
916 1261 1045 1298 cum
1101 1245 1168 1297 de
1223 1260 1321 1309 eo,
1370 1261 1403 1297 a
1450 1259 1563 1314 quo
1615 1245 1938 1314 frequenter
1984 1243 2051 1297 ad

427 1347 671 1396 mortem
721 1341 903 1393 fuerat
953 1336 1265 1407 appetitus,
1323 1337 1536 1390 diceret
1589 1355 1602 1390 :
1658 1358 1684 1384 ‹‹
1738 1337 1858 1390 Non
1913 1335 2053 1390 mihi

426 1435 718 1503 contingat
743 1449 775 1486 a
799 1431 1061 1496 Domino,
1090 1430 1136 1482 si
1165 1429 1353 1483 fecero
1383 1430 1488 1484 hoc
1513 1430 1776 1497 verbum,
1810 1429 2054 1483 Domino

425 1543 573 1595 meo,
603 1525 823 1581 Christo
853 1523 1076 1578 Domini
1102 1523 1335 1592 injicere
1366 1539 1600 1577 manum
1621 1539 1810 1578 meam
1835 1523 1874 1591 (Ι
1901 1524 2051 1591 Reg.,

424 1605 675 1686 xxxv,"7).
707 1641 734 1668 ››
775 1618 916 1670 Cum
959 1616 1236 1686 majorem
1280 1616 1518 1670 haberet
1561 1631 1790 1670 causam
1833 1616 2055 1670 tuendae

2151 403 2340 457 doceri
2374 408 2558 472 potest
2599 403 2730 469 (2t),
2769 400 2875 455 nisi
2913 400 3012 472 qui
3050 401 3303 455 animam
3345 419 3492 459 suam
3527 422 3720 479 semper

2150 495 2463 550 intenderit
2487 495 2558 549 ad
2588 495 2938 550 Dominum?
2966 494 3075 558 Qui
3103 499 3287 565 potest
3310 496 3484 552 dicere
3511 515 3524 552 :
3550 502 3720 556 Anima

2150 605 2268 643 mea.
2316 591 2373 642 in
2423 591 2680 643 manibus
2725 591 2832 644 tuis
2878 604 3102 658 semper,
3155 594 3204 643 et
3249 590 3404 658 legem
3457 597 3590 646 tuam
3635 611 3724 650 non

2151 699 2267 737 sum
2309 683 2526 737 oblitus.
2575 682 2761 752 Aliqui
2806 681 3058 736 habent:
3104 684 3301 736 Anima
3339 698 3448 736 mea
3487 687 3540 737 in
3572 690 3723 741 mani-

2157 776 2254 830 bus
2298 779 2430 830 meis
2477 777 2588 845 (22)
2638 790 2863 844 semper,
2911 775 3019 828 hoc
3071 778 3175 842 est,
3229 775 3286 827 in
3341 776 3540 830 actibus
3589 779 3724 845 meis,

2153 869 2263 923 hoc
2312 873 2417 936 est,
2465 870 2523 922 in
2571 869 2834 939 operibus
2883 869 3044 922 meis.
3086 868 3354 932 Quamvis
3403 869 3457 922 in
3505 872 3730 940 periculis

2154 962 2391 1033 positus,
2421 962 2554 1017 dicit
2584 963 2773 1031 justus
2809 962 2878 1016 ad
2921 962 3221 1016 Dominum
3253 978 3267 1016 :
3306 963 3529 1032 Propter
3549 968 3598 1018 te
3619 981 3732 1034 quo-

2151 1056 2289 1111 tidie
2346 1057 2591 1122 morior,
2657 1056 2911 1126 quotidie
2975 1056 3293 1126 periclitor,
3357 1056 3622 1125 periclitor
3673 1059 3729 1111 ab

2153 1150 2500 1217 insidiatore,
2531 1149 2824 1219 periclitor
2853 1149 2923 1202 ab
2963 1148 3362 1215 obtrectatore,
3388 1149 3654 1219 periclitor
3676 1151 3732 1204 ab

2153 1243 2222 1297 iis
2261 1259 2399 1313 quos
2448 1259 2646 1312 arguo,
2688 1259 2828 1313 quos
2866 1242 3112 1309 revinco,
3155 1241 3446 1313 periclitor
3480 1259 3577 1312 pro
3620 1244 3733 1296 veri-

2155 1340 2269 1390 tate
2299 1342 2470 1406 atque
2503 1337 2744 1406 justitia,
2788 1352 2895 1406 ego
2935 1342 3132 1390 tamen
3173 1352 3281 1389 nec
3327 1335 3578 1406 periculis
3606 1337 3736 1390 terri-

2154 1433 2263 1495 tus,
2304 1435 2415 1483 tuac
2452 1430 2591 1500 legis
2628 1430 2835 1484 oblitus
2863 1445 3018 1498 sum;
3061 1432 3380 1500 propterea,
3420 1431 3478 1482 in
3520 1430 3738 1483 manibus

2153 1525 2281 1578 meis
2307 1525 2494 1577 anima
2520 1539 2660 1578 mea.
2693 1523 2805 1577 Sed
2835 1523 2971 1594 quia
3000 1522 3256 1593 plerique
3291 1522 3502 1576 habent
3532 1523 3742 1576 :Anima

2153 1631 2271 1670 mea
2294 1619 2351 1670 in
2374 1617 2621 1671 manibus
2651 1618 2758 1671 tuis
2779 1631 3011 1686 semper;
3038 1615 3148 1670 hoc
3172 1615 3340 1670 latius
3361 1615 3738 1686 explanandum

425 1713 620 1766 salutis
683 1727 830 1776 suae,
888 1713 954 1764 ut
1015 1710 1297 1764 occideret
1348 1716 1822 1779 persequentem;
1883 1687 2423 1765 etiamBarbitror.

426 1806 568 1860 alios
611 1805 705 1874 qui
748 1803 1064 1858 suadebant
1095 1801 1322 1856 inimico
1362 1819 1475 1856 non
1513 1818 1636 1856 esse
1679 1802 2052 1872 parcendum,

425 1914 598 1969 quem
639 1897 907 1952 Dominus
943 1896 1105 1966 juxta
1148 1896 1486 1966 promissum
1527 1911 1717 1961 suum,
1764 1894 1822 1949 in
1853 1911 2054 1949 manus

429 1992 603 2062 ipsius
632 1990 976 2057 tradidisset,
1006 1989 1075 2042 ab
1113 1989 1236 2059 ejus
1277 1989 1515 2043 necandi
1553 1988 1860 2058 cupiditate
1887 2003 2050 2043 revo-

428 2085 614 2139 cabat.
665 2084 883 2138 Christo
932 2082 1156 2137 lucebat
1202 2083 1504 2152 Propheta,
1553 2098 1684 2136 cum
1729 2082 1800 2136 de
1845 2097 1912 2136 eo
1957 2082 2052 2152 qui

430 2179 605 2248 patris
668 2177 900 2231 domum
968 2175 1121 2246 turpi
1188 2175 1575 2230 maculaverat
1638 2175 1892 2241 incestu,
1957 2173 2054 2244 qui

427 2272 603 2342 patris
651 2271 889 2325 salutem
946 2269 1380 2340 parricidalibus
1449 2269 1660 2339 prteliis
1725 2267 2052 2338 appetebat,

430 2366 555 2435 pius
591 2368 755 2435 pater
792 2369 988 2418 tamen
1029 2363 1244 2418 diceret
1279 2362 1349 2416 ad
1380 2363 1642 2433 prmliuin
1670 2361 2008 2432 profecturis
2038 2378 2050 2414 :

433 2478 462 2506 ‹‹
505 2458 714 2512 Parcite
758 2456 871 2511 ﬁlio
917 2473 1046 2511 meo
1085 2456 1388 2510 Abessalon
1432 2457 1498 2524 (ll
1538 2458 1688 2523 Πειρη
1735 2471 1890 2522 xvm,
1919 2459 1990 2525 5).
2026 2476 2053 2502 n

428 2551 662 2605 Tacebat
716 2549 1095 2621 improbitatis
1151 2550 1348 2615 scelus,
1402 2549 1627 2619 pietatis
1670 2551 1864 2603 autem
1918 2564 2053 2618 gra-

429 2645 600 2711 dum,
666 2649 724 2698 et
784 2660 993 2698 nomen
1055 2642 1488 2697 necessitudinis
1561 2642 1927 2714 praeferebat,
1993 2644 2056 2694 ut

428 2737 738 2809 pugnaturi
785 2754 896 2790 non
945 2736 1336 2791 adversarium
1381 2736 1553 2806 regis,
1601 2735 1700 2790 sed
1747 2735 1924 2789 lilium
1971 2751 2054 2788 co-

428 2831 706 2900 gitantes,
771 2830 1026 2885 dolorem
1083 2831 1230 2884 laesa:
1295 2830 1520 2900 pietatis
1575 2829 1922 2883 inhiberent.
1989 2829 2056 2882 Et

427 2929 554 2996 post
597 2927 847 2979 mortem
897 2925 1020 2993 ejus
1063 2923 1290 2994 operuit
1332 2923 1533 2977 faciem
1585 2939 1770 2989 suam,
1815 2926 1871 2976 et
1925 2937 2056 2976 voce

2225 1807 2313 1858 30.
2345 1804 2459 1858 Scit
2484 1804 2783 1876 propheta,
2813 1803 2916 1858 scit
2942 1803 3037 1858 ubi
3068 1802 3276 1857 anima:
3305 1818 3420 1856 sum
3449 1801 3740 1872 praesidium

2153 1898 2317 1964 locet,
2359 1898 2508 1952 unde
2549 1914 2718 1969 opem
2765 1902 2984 1970 speret;
3031 1897 3088 1951 in
3136 1895 3398 1950 manibus
3443 1895 3540 1950 Dei
3575 1896 3746 1949 consti-

2152 1996 2312 2046 tuere
2341 1992 2461 2046 vult
2488 1991 2742 2046 animam
2791 2007 2972 2059 suam,
3013 1991 3146 2062 quia
3187 2006 3287 2044 cor
3315 1989 3464 2060 regis
3502 1989 3557 2042 in
3594 2005 3742 2043 manu

2153 2086 2248 2140 Dei
2277 2091 2361 2140 est
2387 2087 2588 2155 (Prom,
2619 2102 2729 2154 xxi,
2766 2086 2839 2155 1).
2874 2084 3209 2155 Quicunque
3251 2083 3548 2154 proprium
3577 2098 3747 2152 corpus

2155 2179 2465 2250 subegerit,
2525 2195 2627 2232 nec
2678 2179 2800 2248 ejus
2854 2178 3208 2248 passionibus
3262 2177 3478 2232 turbari
3530 2175 3744 2230 animam

2155 2289 2311 2327 suam
2377 2278 2565 2326 rector
2619 2272 2702 2327 sui
2770 2288 3021 2342 congrua
3070 2270 3363 2326 vivacitate
3427 2269 3746 2340 permiserit,

2156 2368 2202 2420 is
2242 2367 2388 2421 bene
2439 2366 2600 2438 regia
2642 2367 2882 2437 quadam
2934 2368 3210 2435 potestate
3264 2381 3323 2419 se
3369 2363 3628 2418 cohibens
3665 2378 3746 2414 rex

2155 2461 2387 2528 dicitur;
2442 2459 2595 2531 quod
2645 2476 2843 2531 regere
2905 2475 2963 2514 se
3013 2458 3274 2526 noverit,
3331 2463 3389 2512 et
3438 2457 3638 2512 arbiter
3681 2454 3748 2508 sui

2149 2553 2295 2623 juris
2339 2554 2432 2622 sit,
2491 2570 2607 2607 non
2664 2552 2917 2623 captivus
2967 2552 3228 2606 trahatur
3282 2552 3342 2604 in
3385 2552 3624 2621 culpam,
3665 2564 3750 2602 nec

2159 2663 2406 2718 praeceps
2447 2647 2664 2702 feratur
2701 2647 2759 2700 in
2795 2646 3013 2700 vitium.
3048 2646 3224 2716 Hujus
3255 2643 3449 2699 anima
3477 2658 3588 2698 non
3628 2641 3750 2712 perit

2158 2743 2215 2795 in
2262 2746 2561 2807 aeternum,
2613 2756 2719 2794 nec
2759 2740 3062 2810 quisquam
3115 2738 3268 2809 rapit
3318 2755 3445 2793 eam
3499 2737 3565 2791 de
3608 2751 3752 2788 manu

2156 2835 2336 2889 Patris
2402 2834 2809 2906 omnipotentis
2873 2836 2973 2887 aut
3020 2832 3166 2887 Filii.
3231 2833 3431 2886 Manus
3481 2831 3627 2885 enim
3675 2826 3754 2881 Dei

2158 2944 2284 2999 quae
2329 2928 2589 2983 solidavit
2645 2927 2868 2994 coelum,
2923 2942 3064 2997 quos
3113 2927 3386 2992 tenuerit,
3455 2941 3562 2978 non
3621 2921 3756 2976 amit-

429 3035 639 3089 magna
681 3017 986 3083 clamabat,
1033 3017 1228 3070 dicens
1275 3034 1288 3070 :
1334 3038 1362 3065 ‹‹
1403 3017 1571 3071 Filius
1618 3033 1781 3070 meus
1828 3015 2244 3128 Abesse-Cm,

430 3112 546 3179 lon,
575 3112 724 3165 filius
771 3127 929 3163 meus
962 3110 1145 3180 (lbid.,
1179 3110 1288 3179 33).
1324 3133 1351 3160 »
1382 3111 1532 3164 Hanc
1559 3125 1754 3163 vocem
1781 3109 2059 3179 parricida

431 3221 545 3259 non
608 3204 852 3270 meruit,
923 3204 1020 3258 sed
1083 3202 1292 3257 Christi
1357 3202 1736 3273 prophetahat
1797 3203 2056 3272 gratiam.

431 3298 710 3354 Didicerat
761 3297 1039 3367 Propheta
1096 3297 1167 3352 de
1219 3295 1440 3351 Christo
1488 3295 1674 3350 bonus
1716 3312 1834 3350 esse
1880 3300 2056 3366 pater,

430 3393 530 3464 qui
553 3393 707 3447 bono
737 3391 852 3445 tilio
880 3391 1178 3445 serviebat.

501 3488 590 3542 28.
644 3485 895 3555 Denique
940 3484 1072 3538 ideo
1121 3483 1344 3538 dicebat
1381 3499 1394 3538 :
1440 3487 1511 3540 Et
1536 3484 1753 3553 judicia
1804 3491 1900 3538 tua
1936 3485 2060 3539 doce

431 3596 542 3647 me;
583 3579 714 3650 quia
754 3578 969 3648 judicia
1010 3578 1110 3632 Dei
1160 3578 1304 3632 sicut
1341 3577 1575 3648 abyssus
1611 3579 1809 3645 multa,
1847 3582 1904 3631 et
1942 3577 2055 3630 ins-

431 3673 748 3738 crutabilia,
789 3675 854 3726 ut
892 3672 1186 3743 Apostolus
1228 3671 1366 3726 dicit
1407 3672 1604 3741 (Rom,
1646 3687 1722 3738 x1,
1765 3673 1876 3740 33).
1927 3672 2059 3726 Ideo

430 3785 543 3822 non
592 3770 817 3838 poterat
863 3783 951 3834 ea,
991 3764 1097 3820 nisi
1141 3765 1361 3819 Christo
1403 3764 1658 3832 docente,
1695 3781 2056 3836 cognoscere,

429 3862 565 3933 quia
607 3878 752 3915 unus
795 3859 1067 3931 magister
1109 3859 1365 3913 omnium
1407 3858 1660 3914 Christus
1701 3862 1786 3912 est
1813 3858 2057 3929 (Matth.,

430 3971 578 4023 xxui,
627 3955 730 4024 10).
781 3956 904 4007 Haec
952 3958 1142 4007 autem
1187 3953 1389 4008 Christi
1429 3951 1637 4022 judicia
1680 3957 1849 4020 sunt;
1890 3955 1951 4006 ut
1991 3951 2058 4004 iis

432 4049 530 4117 qui
559 4047 725 4101 nobis
770 4046 1022 4100 insidiati
1067 4046 1303 4111 fuerint,
1352 4045 1677 4099 noverimus
1720 4062 1836 4099 non
1881 4045 2057 4100 vicem

429 4140 655 4210 injuriae
685 4139 1136 4209 rependendam,
1169 4139 1269 4192 sed
1311 4154 1415 4208 pro
1451 4137 1658 4208 injuria
1696 4138 1879 4208 magis
1907 4138 2060 4192 defe-

430 4233 669 4288 rendam
703 4233 963 4304 gratiam.
1002 4230 1254 4300 Denique
1299 4230 1772 4284 maledicentibus
1820 4248 1932 4285 non
1978 4249 2058 4286 re-

429 4326 742 4392 maledixit,
792 4325 1175 4395 percutientes
1222 4340 1336 4378 non
1391 4324 1752 4394 repercussit,
1800 4325 1893 4379 sed
1939 4341 2058 4378 ma-

2231 3119 2320 3170 31.
2368 3116 2503 3179 Quae
2544 3113 2657 3168 sint
2696 3113 2871 3184 igitur
2909 3113 3029 3167 istm
3079 3128 3308 3182 manus,
3343 3111 3754 3166 consideremus.

2159 3211 2221 3264 In
2250 3208 2493 3264 Canticis
2523 3207 2700 3262 habes
2729 3223 2742 3261 :
2773 3227 2800 3257 «
2831 3207 2990 3261 Laeva
3024 3207 3145 3277 ejus
3184 3206 3293 3261 sub
3335 3205 3516 3276 capite
3546 3217 3684 3268 meo,
3710 3203 3757 3252 et

2161 3303 2399 3357 dextera
2433 3302 2555 3372 ejus
2593 3301 3003 3371 complectetur
3040 3315 3131 3354 me
3159 3301 3367 3369 (Cant,
3410 3315 3466 3367 u,
3497 3299 3568 3367 6).
3599 3317 3625 3345 »
3655 3296 3756 3348 Haec

2161 3397 2410 3467 loquitur
2449 3399 2664 3465 Sponsa
2706 3395 2774 3448 de
2811 3393 3058 3460 Christo,
3107 3394 3308 3448 anima
3349 3393 3420 3447 de
3464 3389 3634 3446 Verbo
3657 3386 3753 3442 Dei.

2157 3489 2411 3544 Christus
2451 3492 2641 3542 autem
2694 3488 2849 3542 idem
2898 3493 2984 3542 est
3027 3487 3280 3542 Verbum
3326 3487 3445 3554 Dei,
3491 3490 3651 3554 atque
3691 3495 3758 3533 sa-

2159 3583 2409 3654 pientia;
2463 3582 2626 3637 beata
2688 3597 2827 3651 ergo
2881 3580 3104 3647 anima,
3158 3597 3335 3652 quam
3399 3574 3756 3648 complectitur

2158 3677 2458 3747 sapientia.
2527 3676 2724 3746 Magna
2785 3678 2872 3729 est
2932 3675 3222 3745 sapientiae
3290 3689 3516 3738 manus,
3578 3682 3757 3737 magna

2159 3771 2389 3825 dextera
2452 3773 2626 3823 totam
2686 3768 3081 3839 complectitur
3139 3767 3417 3834 animam,
3472 3769 3581 3820 tota
3627 3761 3756 3816 enim

2159 3864 2379 3918 munita
2439 3868 2556 3932 est,
2623 3879 2751 3935 quas
2816 3863 3158 3934 desponsata
3226 3862 3331 3916 Dei
3399 3859 3576 3914 Verbo
3628 3858 3755 3909 est:

2160 3957 2454 4028 plenitudo
2519 3956 2672 4011 enim
2741 3957 3066 4028 sapientiae,
3121 3956 3330 4010 timere
3394 3957 3590 4009 Deum.
3643 3949 3756 4011 Οιιδε

2159 4067 2297 4120 ergo
2329 4051 2502 4104 Deum
2536 4050 2700 4104 timet
2740 4051 2949 4119 anima,
2984 4051 3156 4121 pleno
3186 4065 3247 4103 se
3290 4049 3478 4103 munit
3505 4048 3620 4117 ipsa
3643 4057 3758 4113 prae-

2159 4144 2334 4213 sidio,
2387 4143 2560 4197 mittit
2614 4143 2891 4214 sapientia
2942 4144 3138 4197 laevam
3196 4159 3364 4197 suam
3429 4141 3542 4194 sub
3583 4136 3756 4191 collum

2159 4237 2301 4307 ejus,
2338 4237 2631 4291 dexteram
2667 4241 2858 4291 autem
2889 4237 2948 4290 in
2989 4235 3356 4307 complexum
3395 4235 3534 4305 ejus.
3569 4233 3757 4286 Utrum-

2158 4347 2269 4401 que
2317 4329 2548 4402 quidem
2595 4330 2891 4385 brachium
2935 4331 3056 4401 ejus
3106 4330 3173 4384 ad
3219 4329 3381 4385 utilia
3424 4324 3751 4382 extenditur;

431 4420 519 4492 gis
583 4419 756 4474 etiam
822 4419 1118 4473 crucifixus
1165 4434 1267 4488 pro
1321 4417 1784 4488 persequentibus
1836 4435 1893 4472 se
1947 4419 2372 4492 pithabent
2412 4429 2601 4477 tamen
2647 4423 3032 4495 proprietates
3077 4439 3205 4477 suas
3251 4421 3624 4493 singu]m(23)
3663 4429 3757 4469 ma-

430 4513 844 4569 intercessionis
904 4513 1054 4583 apud
1117 4513 1340 4566 Patrem
1398 4511 1669 4564 auxilium
1732 4512 2054 4578 deferebat,

431 4608 624 4662 dicens
668 4624 681 4660 :
737 4628 764 4655 ι(
805 4608 988 4672 Pater,
1037 4605 1262 4660 dimitte
1307 4605 1447 4672 illis;
1505 4621 1620 4660 non
1670 4606 1824 4660 enim
1878 4606 2060 4660 sciunt

432 4701 571 4772 quid
601 4699 816 4754 faciunt
845 4699 1018 4768 (Luc.,
1051 4715 1202 4766 xxni,
1237 4699 1346 4768 34).
1378 4720 1405 4748 ››
1439 4700 1563 4752 Haec
1604 4699 1778 4768 igitur
1803 4697 2058 4770 quisquis

431 4794 628 4849 fecerit
658 4793 766 4864 (20)
806 4792 947 4863 legis
977 4791 1215 4863 judicia,
1253 4792 1714 4848 remuneratione
1751 4793 2000 4847 donatur
2026 4811 2058 4846 a

429 4888 670 4946 Christo.

495 5021 589 5083 (19)
625 5018 791 5077 Edit.,
817 5023 874 5067 ut
911 5016 1082 5067 oleum
1121 5015 1365 5080 spiritale
1403 5018 1634 5080 recipere
1655 5023 1840 5081 posset.
1888 5018 2055 5068 Mss...

429 5104 538 5142 non
561 5095 739 5154 potest.
772 5089 1006 5148 Melius;
1037 5088 1314 5152 siquidem
1345 5087 1451 5138 hoc
1489 5088 1599 5138 loci
1639 5093 1767 5138 ante
1805 5094 1881 5149 ut,
1920 5090 2060 5139 sub-

431 5161 857 5225 intelligendum
893 5163 978 5208 est
1006 5160 1081 5208 ita
1105 5173 1120 5217 ,·
1144 5171 1272 5222 quae
1291 5158 1511 5208 dicendi
1538 5160 1712 5208 forma
1739 5159 1898 5208 bonis
1928 5173 2058 5211 auc-

433 5232 645 5282 toribus
666 5236 749 5282 est
780 5231 1084 5282 familiaris.

494 5303 592 5367 (20)
643 5304 847 5354 Omnes
899 5302 1055 5361 edit.,
1105 5301 1349 5364 quisquis
1401 5299 1737 5363 spiritaliter,
1783 5301 2062 5352 intellexe-

434 5373 526 5435 rit,
556 5378 602 5422 et
638 5373 831 5434 fecerit.
876 5372 1083 5422 Omnes
1110 5385 1245 5420 mss.
1279 5375 1340 5419 ut
1381 5371 1438 5419 in
1480 5373 1653 5420 textu.
1696 5371 1806 5421 Sed
1846 5386 1876 5421 a
1915 5373 2060 5422 mul-

433 5445 502 5494 tis
550 5444 716 5493 etiam
758 5443 958 5494 absunt
1007 5447 1306 5506 sequentes
1349 5441 1476 5493 duas
1524 5454 1707 5502 voces,
1751 5441 1878 5504 legis
1913 5444 2063 5505 judi-

434 5529 539 5565 cra.

499 5586 594 5647 (21)
643 5584 848 5632 Omnes
893 5585 1026 5644 edit,
1069 5599 1198 5634 cum
1253 5598 1381 5635 mss.
1439 5585 1669 5648 aliquot,
1721 5585 1907 5635 docere
1958 5599 2060 5649 po-

437 5661 567 5715 test;
598 5652 690 5700 alii
719 5666 848 5700 mss.
893 5655 1136 5704 melioris
1177 5662 1343 5717 notaa,
1389 5656 1563 5706 doceri
1598 5661 1779 5719 potest.
1825 5656 2060 5720 Optime,

438 5728 546 5777 hoc
599 5723 746 5772 enim
794 5723 975 5782 aptius
1028 5725 1271 5774 cohaeret
1320 5741 1448 5775 cum
1502 5727 1895 5790 superioribus,
1948 5728 2062 5778 ideo

2161 4534 2284 4574 nus.
2333 4516 2616 4587 Sapientia
2655 4515 2713 4570 in
2759 4517 3014 4584 dextera,
3060 4520 3118 4569 et
3158 4515 3462 4586 longitudo
3500 4514 3626 4565 vita:
3663 4513 3752 4569 est;

2157 4612 2216 4664 in
2257 4610 2479 4665 sinistra
2523 4616 2715 4664 autem
2763 4609 2973 4664 divitiae
3017 4614 3074 4664 et
3113 4609 3315 4680 gloria.
3375 4607 3543 4662 Bonis
3586 4604 3756 4672 utique

2160 4720 2362 4757 manus
2429 4707 2666 4775 utraque
2730 4703 2919 4757 dotata
2983 4708 3068 4757 est
3132 4702 3392 4768 dotibus;
3450 4702 3505 4754 in
3568 4714 3629 4752 eo
3687 4701 3755 4748 ta-

2159 4813 2293 4852 men
2355 4797 2567 4850 habent
2627 4797 2959 4851 varietatem
3021 4796 3107 4850 sui
3173 4794 3467 4859 muneris,
3519 4789 3660 4862 quod
3713 4787 3759 4838 et

2159 4890 2459 4960 praesentia
2503 4896 2559 4944 et
2603 4891 2793 4944 futura
2849 4893 3108 4960 tempora
3150 4886 3671 4959 comprehendunt;
3707 4883 3755 4929 ut

2158 5034 2267 5071 non
2324 5026 2528 5084 poterat
2591 5034 2688 5082 ea,
2737 5021 2844 5071 nisi
2907 5020 3112 5070 Christo
3169 5019 3416 5076 docente,
3465 5022 3755 5080 cognoscere,

2161 5096 2318 5225 Ema?)
2360 5162 2583 5211 Hieron.
2627 5161 2787 5224 epist.
2839 5159 2910 5210 ad
2955 5160 3186 5211 Suniam
3238 5158 3390 5223 apud
3431 5155 3577 5207 LXX
3615 5151 3754 5225 ³1195-

2160 5221 2270 5298 que
2305 5221 2521 5282 'omnes
2577 5221 2904 5295 interpretes
2960 5233 3068 5295 legi
3126 5221 3377 5290 testatur,
3434 5231 3491 5277 in
3542 5221 3755 5298 manibus

2160 5293 2304 5354 meis.
2351 5305 2563 5354 Nostrae
2607 5293 2792 5353 tamen
2840 5303 2972 5354 edit.
3021 5293 3345 5353 eorumdem
3385 5299 3531 5350 LXX
3579 5297 3679 5345 imo
3711 5293 3755 5337 et

2161 5375 2282 5426 cod.
2341 5376 2558 5438 scripti,
2621 5374 2828 5438 quibus
2884 5374 3027 5425 adde
3083 5375 3252 5424 Hilar.
3317 5376 3484 5435 atque
3547 5364 3753 5428 August-

2160 5461 2267 5497 nec
2307 5460 2420 5496 non
2465 5446 2852 5510 antiquissima
2894 5446 3152 5509 psalteria
3195 5457 3380 5517 manu;
3409 5441 3636 5517 exarata,
3670 5445 3754 5482 ου·

2157 5518 2401 5598 jusmodi
2417 5523 2558 5598 sunt
2586 5519 2794 5580 Germ,
2822 5517 2986 5569 Carn.
3015 5521 3068 5567 et
3088 5517 3213 5576 alia,
3241 5514 3537 5579 praeferunt
3572 5514 3619 5557 in
3648 5515 3756 5552 ma-

2160 5588 2315 5638 nibus
2346 5589 2469 5638 tuis.

2227 5658 2322 5722 (23)
2347 5658 2511 5721 Edit.,
2536 5660 2761 5722 proprio
2789 5672 2887 5710 sua
2914 5656 3136 5722 singulae
3155 5668 3361 5708 manus.
