3930 6168
204 182 313 234 m:
878 133 883 137 ’
1060 134 1073 139 ’
1194 180 1201 187 '
1286 174 1636 233 exposmo
1680 176 1748 231 IN
1788 176 2098 232 PSAIMUM
2138 170 2431 232 cxvm.‘
3022 148 3027 153 ’
3144 226 3161 233 ,
3371 182 3503 245 ms

198 308 309 361 laeva
340 304 687 375 prasentium
718 290 1158 373 remuneratrix,
1190 304 1417 359 dextera
1446 305 1765 360 futurorum
1793 310 2018 388 Asunt.
2071 304 2207 357 Nam
2260 303 2359 374 qui
2413 307 2620 375 praeter
2676 305 2864 373 legem
2913 304 3050 375 agit,
3104 304 3246 376 legis
3294 306 3502 361 oblitus

195 400 265 453 sit.
1869 403 1972 452 est.
2010 399 2076 453 Et
2117 397 2244 452 ideo
2285 398 2405 451 hac
2444 397 2636 451 animo.
2675 396 2914 451 candida
2949 399 3199 452 ascendit
3237 416 3268 453 e
3308 400 3499 465 terris,

241 495 314 547 32.
339 493 623 547 Possumus
655 490 765 546 hoc
803 492 975 547 etiam
1006 493 1075 547 de
1103 492 1408 563 prephetia
1445 492 1622 546 sancti
1664 508 1765 563 pa-
1866 490 1999 561 quia
2038 490 2220 561 fulget
2268 490 2472 544 amicta
2520 493 2674 545 veste
2717 489 3040 560 sapientia;
3087 495 3143 544 et
3186 492 3380 546 dicunt
3427 493 3500 548 de

192 585 409 639 triarcha
458 585 619 639 Israel
677 600 1042 656 cognoscere.
1096 587 1235 640 Nam
1287 601 1419 640 cum
1472 585 1766 640 dexteram
1868 600 1936 638 ea
1962 584 2194 639 virtutes
2220 583 2334 638 illa
2364 599 2491 654 qua
2527 589 2723 655 portas
2750 583 2875 638 cali
2901 582 3268 639 custodiunt:
3308 606 3333 634 α
3363 586 3500 649 Qua

188 694 314 733 suam
359 677 623 748 posuisset
669 694 839 749 super
890 679 1176 750 Ephram,
1224 678 1513 734 sinistram
1568 682 1766 733 autem
1867 682 1952 733 est
1990 694 2114 748 qua
2159 677 2412 732 ascendit
2456 677 2715 744 candida,
2758 677 3013 732 innitens
3050 693 3222 748 super
3262 678 3501 733 fratrem

186 786 327 841 super
367 772 684 840 Manassen;
740 777 797 825 et
846 776 1177 827 convertere
1226 788 1321 826 eas
1368 771 1576 842 Joseph
1627 776 1764 826 ata-
1867 787 2036 827 suum
2066 772 2276 843 (Cant.,
2318 787 2435 837 vm,
2476 770 2571 841 5)?
2598 791 2625 820 ››
2659 773 2803 827 Cum
2841 787 2911 825 ea
2947 787 3074 841 qua
3104 770 3293 841 posuit
3330 775 3504 843 caput

186 868 281 918 tum
320 863 760 920 consideratione
801 864 1092 933 voluisset,
1138 868 1201 920 ut
1249 865 1542 920 dexteram
1588 865 1768 935 patris
1867 881 2034 920 suum
2080 880 2251 935 super
2292 865 2495 918 lavem
2541 864 2858 935 sapientia,
2903 869 2966 918 ut
3009 864 3258 935 aperiret
3294 880 3503 919 manus

183 973 322 1026 super
344 962 510 1028 caput
540 958 787 1013 Manasse
823 958 1060 1014 senioris
1099 958 1200 1013 lilii
1238 958 1556 1024 collocaret,
1587 958 1769 1014 noluit
1867 957 2102 1029 pauperi
2138 957 2211 1012 ad
2250 956 2699 1012 subveniendum
2733 957 2895 1027 inopi
2924 973 2937 1010 :
2966 957 3173 1027 paratis
3203 959 3301 1011 aut
3330 958 3498 1012 dere-

183 1054 227 1104 et
244 1050 367 1105 dixit
394 1067 407 1104 :
438 1072 466 1099 ‹‹
494 1051 635 1117 Scio,
662 1050 773 1118 ﬁli;
801 1056 857 1107 et
892 1052 984 1106 hic
1023 1051 1131 1106 erit
1159 1051 1218 1106 in
1248 1052 1547 1122 populum,
1582 1055 1641 1106 et
1674 1051 1767 1106 hic
1866 1051 2012 1106 lictis
2036 1050 2165 1113 sibi,
2193 1067 2308 1105 non
2346 1050 2555 1105 invasis
2584 1054 2756 1121 atque
2795 1049 3031 1120 direptis
3065 1050 3272 1104 divitiis
3306 1054 3497 1105 utere-

180 1138 498 1210 exallabitui‘;
531 1144 630 1198 sed
671 1144 846 1199 frater
867 1144 1067 1215 junior
1102 1144 1285 1214 major
1322 1145 1418 1199 illo
1458 1144 1565 1200 erit
1590 1146 1763 1213 (Gem,
1866 1147 1978 1212 tur,
2015 1160 2142 1215 qua
2179 1144 2374 1216 gloria
2414 1143 2617 1214 cupida
2653 1143 2815 1199 bonis
2849 1159 2975 1199 eam
3005 1144 3275 1214 operibus
3305 1146 3497 1215 acqui-

176 1252 328 1303 nvm,
355 1238 458 1307 l9).
487 1260 516 1286 »
543 1239 603 1292 In
631 1253 745 1309 quo
770 1238 989 1309 major?
1014 1239 1075 1293 In
1111 1254 1180 1293 eo
1208 1238 1406 1309 utique
1433 1237 1565 1308 quia
1590 1238 1764 1294 bene-
1865 1238 2024 1307 sivit,
2073 1254 2187 1293 non
2250 1237 2449 1292 inanes
2500 1237 2791 1292 saecularis
2835 1237 3125 1307 jactantia
3188 1237 3499 1309 dignitates

175 1330 384 1385 dictione
413 1331 680 1401 pralatus
713 1336 816 1398 est,
849 1331 1169 1387 dicentibus
1201 1332 1483 1402 posteris:
1516 1350 1547 1381 «
1579 1332 1767 1386 Faciat
1865 1332 2103 1387 ambivit
2138 1332 2268 1402 (24).
2306 1332 2420 1386 Hoc
2458 1334 2543 1386 est
2581 1331 2733 1386 enim
2773 1337 2944 1401 caput
2982 1312 3171 1399 suum,
3211 1334 3270 1384 et
3311 1332 3496 1402 quod-

173 1422 299 1477 vobis
325 1425 458 1478 Deus
482 1424 629 1479 sicut
657 1425 917 1495 Ephram
950 1428 1008 1479 et
1040 1425 1333 1480 Manassen
1363 1425 1545 1493 (lbid.,
1581 1426 1700 1494 20);
1735 1446 1763 1474 »
1864 1426 1998 1480 dam
2034 1440 2306 1479 sensuum
2334 1423 2647 1495 principale
2678 1439 2850 1494 supra
2879 1439 3116 1478 manum
3147 1423 3497 1479 constituere

173 1518 237 1571 vel
271 1518 394 1588 quia
436 1533 629 1573 semen
676 1519 799 1588 ejus
844 1518 1151 1573 multitudo
1196 1518 1459 1589 gentium
1502 1519 1596 1584 sit,
1637 1534 1766 1588 qua
1863 1518 2174 1591 sapientia.
2229 1519 2338 1587 Ea,
2397 1517 2661 1588 inquam,
2712 1517 2909 1572 anima
2973 1517 3188 1572 meritis
3248 1518 3499 1572 ascendit

172 1611 218 1664 ia
262 1610 357 1665 hoc
404 1612 610 1666 saculo
663 1612 920 1667 laborem
969 1611 1164 1682 elegit,
1213 1612 1451 1666 credens
1505 1609 1817 1683 11527
1862 1613 2184 1668 albentibus
2222 1628 2289 1666 ex
2310 1611 2436 1682 .isto
2473 1611 2604 1665 vita
2645 1610 2836 1681 hujus,
2870 1616 2935 1667 ut
2963 1610 3179 1666 habent
3210 1610 3492 1682 plerique,

172 1706 217 1758 in
236 1704 521 1759 Dominum
546 1706 736 1760 Jesum
757 1747 773 1773 ,
799 1708 866 1760 ut
897 1704 1341 1761 consolationem
1378 1704 1587 1758 habeat
1616 1682 1839 1759 fatu-7B
1863 1707 2086 1762 deserto
2138 1706 2274 1777 (25),
2329 1706 2401 1760 ad
2455 1704 2623 1759 illum
2670 1704 2973 1760 ﬂorentem
3027 1720 3251 1775 semper
3301 1704 3494 1759 locum

170 1813 348 1853 rerum.
388 1798 673 1853 Manasses
716 1804 911 1853 autem
958 1813 1153 1853 semen
1199 1801 1284 1852 est
1326 1798 1570 1869 populus
1617 1797 1758 1852 obli-
1855 1800 2229 1872 jucunditatis
2265 1802 2513 1855 aeterna.
2550 1800 2676 1854 Ista
2720 1804 2852 1853 sunt
2890 1798 3128 1853 virtutes
3168 1813 3297 1869 qua
3339 1801 3399 1853 et
3434 1798 3495 1853 in

170 1891 329 1957 tionis,
368 1891 467 1962 qui
516 1891 817 1963 proprium
862 1891 1073 1947 oblitus
1119 1897 1433 1955 auctorem,
1482 1891 1761 1946 exaltatus
1865 1894 2018 1948 Isaia
2058 1892 2202 1947 libro
2240 1892 2481 1947 dicunt:
2523 1912 2551 1941 «
2581 1891 2713 1959 Quis
2752 1897 2836 1948 est
2877 1892 2980 1946 iste
3023 1892 3120 1962 qui
3160 1892 3390 1946 advenit
3425 1908 3494 1946 ex

171 1984 225 2038 ad
255 1989 461 2055 tempus
494 1984 554 2039 in
594 1986 705 2040 hoc
741 1985 949 2040 saculo
977 1988 1081 2051 est,
1110 1985 1348 2039 daturus
1381 1984 1442 2038 in
1473 1984 1760 2056 reliquum
1861 1987 2062 2054 Edom,
2091 1986 2268 2041 rubor
2292 1985 2764 2041 vestimentorum
2791 2001 2859 2040 ex
2888 1986 3077 2053 Bosor,
3108 1984 3186 2039 sic
3213 1986 3494 2056 pretiosus

170 2093 327 2147 parias
350 2093 582 2147 graves;
608 2078 742 2149 quia
770 2079 947 2132 Deum
975 2094 1139 2132 suum
1170 2083 1228 2132 et
1252 2077 1558 2132 Dominum
1592 2077 1761 2133 dene-
1859 2082 1919 2135 in
1960 2081 2101 2135 stola
2134 2080 2285 2151 (lsa.,
2316 2096 2465 2147 Lxln,
2506 2080 2597 2148 l)?
2635 2102 2662 2129 ››
2708 2081 2851 2147 Ista,
2893 2079 3151 2150 inquam,
3194 2082 3328 2134 sunt
3364 2094 3495 2149 qua

172 2171 306 2240 gavit.
1859 2173 2146 2228 mirantur
2174 2189 2244 2227 ex
2283 2174 2390 2227 isto
2434 2173 2776 2244 confragoso
2812 2173 3219 2243 scopulosaque
3266 2172 3495 2229 deserto

220 2267 292 2317 33.
337 2266 442 2319 Hoc
490 2264 629 2319 ideo
675 2264 946 2331 diximus,
994 2268 1058 2319 ut
1103 2263 1473 2335 probaremus
1525 2281 1594 2320 ea
1638 2280 1759 2319 esse
1860 2266 2110 2338 aliquam
2150 2266 2455 2322 ascendere
2496 2265 2745 2322 animam
2785 2282 2946 2336 posse
2986 2266 3108 2320 sine
3152 2281 3493 2337 magnorum

173 2357 363 2426 potiora,
398 2374 529 2429 qua
574 2359 766 2412 futura
804 2364 956 2412 sunt.
990 2358 1249 2428 Denique
1288 2358 1426 2413 lava
1465 2357 1759 2429 sapientia
1858 2360 1985 2415 labe
2024 2360 2317 2427 vitiorum;
2360 2362 2419 2414 et
2458 2358 2584 2415 ideo
2624 2360 2986 2431 gratulantur
3026 2362 3331 2430 repertam,
3363 2375 3492 2429 qua

176 2450 247 2503 sub
283 2451 451 2521 capite
501 2451 740 2522 Sponsa
790 2454 905 2519 est;
957 2450 1187 2506 dextera
1232 2456 1423 2506 autem
1472 2451 1755 2522 superior,
1858 2454 2199 2509 vestimenta
2230 2451 2491 2525 1153
2529 2452 2873 2508 innocentia
2909 2452 3186 2507 naturalis
3224 2468 3342 2507 non
3378 2454 3494 2523 polo

177 2547 433 2613 quatotam
471 2544 877 2615 complectitur
911 2545 1212 2615 Sponsam.
1244 2546 1443 2615 Itaque
1472 2544 1568 2599 illa
1592 2545 1757 2615 quasi
1858 2548 2031 2603 luerit
2068 2550 2387 2602 atramento
2431 2545 2773 2618 insipientia
2819 2544 3129 2613 saecularis;
3173 2545 3271 2599 sed
3311 2544 3496 2615 magis

182 2635 351 2691 fulcrum
404 2640 492 2692 est
536 2638 752 2709 quietis
797 2638 1114 2709 prasentis,
1158 2655 1270 2710 quo
1320 2638 1513 2693 anima
1557 2638 1758 2692 innixa
1858 2640 2153 2711 sapientia
2212 2639 2511 2710 spiritalis,
2568 2642 2627 2693 et
2681 2638 2881 2709 gratia
2938 2637 3186 2693 candore
3245 2638 3490 2692 munda-

191 2731 442 2800 reqniescit.
491 2731 676 2786 Habet
721 2731 822 2785 ubi
867 2732 1106 2787 reclinet
1157 2735 1325 2803 caput
1371 2748 1573 2799 suum;
1620 2732 1757 2802 quia
1855 2734 1948 2789 rit.

181 2821 272 2879 leva
301 2826 599 2897 sapientia
638 2829 774 2880 sunt
810 2825 1021 2881 divitia
1065 2831 1122 2880 et
1166 2825 1367 2897 gloria.
1410 2827 1493 2881 Ad
1532 2830 1756 2897 tempus
1926 2830 2012 2884 35.
2048 2827 2226 2899 (Vers.
2267 2827 2414 2896 HO.)
2454 2825 2596 2881 Dicit
2621 2841 2758 2896 ergo
2794 2841 2863 2881 ea
2898 2824 3092 2880 anima
3115 2825 3239 2896 jam
3268 2840 3488 2891 secura,

175 2913 258 2970 hac
287 2919 634 2986 demulcent,
675 2924 734 2975 et
775 2936 837 2974 ex
882 2924 1041 2990 parte
1079 2920 1279 2974 solatio
1322 2925 1475 2974 sunt.
1512 2920 1582 2973 Et
1620 2918 1753 2973 ideo
1847 2922 1967 2993 jam
2005 2922 2133 2975 lata
2161 2937 2174 2974 :
2202 2923 2503 2975 Posuerunt
2538 2924 2841 2990 peccatores
2873 2920 3127 2989 laqueum
3156 2918 3310 2982 mihi,
3342 2924 3393 2974 et
3424 2920 3493 2974 de

173 3027 191 3054 α
227 3009 367 3065 Filius
415 3012 678 3066 hominis
725 3028 839 3067 non
901 3012 1145 3068 habebat
1198 3012 1295 3067 ubi
1357 3017 1526 3083 caput
1585 3015 2126 3084 suumnmandatis
2174 3016 2279 3068 tuis
2325 3029 2433 3067 non
2478 3015 2678 3068 erravi.
2730 3012 2911 3083 Digna
2956 3029 3063 3067 vox
3114 3012 3489 3084 relinquentis

168 3101 439 3173 reclinaret;
494 3104 655 3175 quia,
708 3120 841 3159 cum
893 3105 1049 3159 dives
1096 3110 1262 3173 esset,
1310 3120 1527 3176 pauper
1572 3101 1829 3159 factus“
1854 3109 1963 3163 hoc
2008 3107 2306 3175 saculum,
2358 3122 2425 3161 eo
2479 3105 2630 3177 quod
2684 3105 2827 3160 retia
2876 3105 3377 3176 persequentium,
3432 3108 3492 3159 et

167 3195 470 3262 multum,
502 3214 625 3264 vm,
652 3200 751 3267 20;
786 3199 831 3252 Il
863 3198 1008 3261 Cor.,
1040 3214 1155 3264 vni,
1195 3198 1271 3270 9),
1304 3220 1333 3247 »
1376 3214 1480 3254 nec
1511 3198 1750 3269 gloriam
1852 3201 2253 3257 insidiatorum
2291 3200 2520 3271 laqueos
2549 3198 2803 3255 evaserit.
2844 3199 2963 3253 Vox
3001 3198 3181 3269 digna
3220 3199 3486 3270 martyri-

166 3284 359 3359 aliquam
387 3291 556 3346 istius
594 3291 787 3346 saculi
822 3291 1174 3362 requirebat,
1206 3292 1340 3363 quia
1366 3295 1602 3347 venerat
1635 3308 1752 3346 non
1852 3295 1975 3362 bus,
2003 3295 2210 3366 quibus
2248 3295 2427 3349 multa
2466 3293 2741 3363 supplicia
2780 3291 3272 3364 proponebantur,
3313 3292 3490 3346 multa

165 3382 211 3431 at
250 3382 297 3436 in
338 3385 622 3454 portione,
674 3384 772 3439 sed
823 3390 887 3440 ut
930 3384 1197 3439 universo
1251 3385 1502 3440 humano
1552 3386 1750 3456 generi
1854 3388 2027 3443 etiam
2057 3387 2446 3442 offerebantur
2474 3387 2730 3457 pramia,
2761 3391 2823 3439 ut
2847 3402 2882 3440 a
2908 3385 3162 3456 martyrii
3190 3385 3375 3440 studio
3405 3386 3490 3438 vel

164 3471 433 3533 subveniret
473 3478 676 3533 dicens
717 3495 731 3532 :
776 3498 805 3527 ‹‹
835 3478 969 3533 Mihi
1011 3478 1349 3547 irascimini,
1391 3479 1527 3551 quia
1567 3482 1752 3534 totum
1851 3487 2066 3537 terrore
2090 3496 2412 3552 panarum,
2442 3483 2500 3534 et
2529 3496 2694 3534 sava
2724 3479 2923 3534 mortis
2951 3479 3206 3543 horrore,
3236 3479 3323 3532 vel
3350 3494 3492 3549 pra-

164 3565 406 3625 hominem
445 3587 657 3625 sanum
694 3572 800 3626 feci
844 3572 902 3625 in
941 3571 1174 3627 sabbato
1208 3572 1409 3644 (Joan.,
1440 3588 1529 3639 vn,
1560 3573 1682 3643 23);
1720 3595 1750 3625 »
1851 3576 2099 3630 miorum
2126 3576 2530 3629 revocarentur
2556 3572 2844 3627 illecebra.
2877 3572 3068 3629 Gravis
3091 3571 3327 3642 laqueus
3352 3588 3490 3642 pro-

162 3657 239 3714 hoc
269 3669 364 3731 est,
399 3668 613 3731 totum,
643 3680 759 3719 non
802 3668 865 3719 ut
892 3665 1233 3721 facultatum
1261 3666 1564 3721 collatione
1604 3665 1749 3721 dita-
1852 3668 2196 3740 scriptionis,
2228 3668 2329 3738 qui
2369 3682 2519 3737 sape
2549 3666 2760 3737 frangit
2796 3667 3016 3719 sanctos
3056 3665 3262 3735 inopia
3292 3664 3488 3719 defor-

161 3756 241 3819 νει,
284 3772 386 3811 non
431 3763 497 3812 ut
549 3757 834 3813 honorum
883 3758 1224 3829 insignibus,
1273 3775 1390 3813 non
1442 3766 1504 3813 ut
1555 3759 1751 3830 gloria
1851 3762 2070 3829 mitate,
2108 3777 2248 3832 quos
2280 3759 2478 3815 mortis
2508 3758 2756 3814 formido
2793 3774 2907 3813 non
2937 3757 3177 3829 fregerit
3207 3774 3221 3812 :
3251 3758 3489 3828 laqueus

161 3848 395 3905 saecularis
446 3851 773 3906 cumularet
832 3856 1177 3922 augmento;
1235 3852 1356 3907 hac
1414 3852 1571 3907 enim
1635 3869 1752 3908 non
1849 3856 1991 3909 alius
2036 3853 2308 3922 incendii,
2353 3854 2589 3924 laqueus
2632 3852 2896 3919 carceris,
2941 3850 3308 3922 diuturnique
3353 3867 3485 3920 sup-

159 3936 327 3997 habent
374 3944 750 4000 beatitudinis
799 3948 858 4000 et
910 3946 1104 4016 gratia
1151 3946 1601 4017 plenitudinem,
1651 3947 1751 4002 sed
1851 3948 2031 4019 plicii;
2062 3948 2290 4019 grandis
2327 3948 2586 4018 laqueus,
2623 3961 2756 4000 cum
2798 3944 3007 4000 divitia
3049 3944 3487 4015 promittuntur,

159 4034 301 4089 totum
330 4037 430 4092 hoc
468 4043 558 4094 est
589 4055 603 4092 :
635 4042 695 4093 ut
724 4039 1139 4110 longitudinem
1178 4040 1305 4095 vita
1342 4040 1747 4111 complectere-
1850 4058 1981 4097 cum
2013 4042 2283 4111 honores,
2312 4056 2444 4095 cum
2474 4038 2744 4095 amicitia
2777 4042 3178 4110 tyrannorum.
3207 4037 3314 4101 Qui
3346 4053 3486 4108 ergo

160 4128 231 4178 ίῐιι·
269 4134 507 4187 aeterna.
559 4133 753 4205 Neque
802 4131 958 4187 enim
1007 4134 1328 4189 communis
1376 4134 1504 4188 vita
1552 4134 1751 4188 similis
1850 4135 1971 4190 hac
2010 4134 2264 4201 evaserit,
2301 4139 2358 4189 et
2398 4134 2469 4189 ad
2512 4132 2849 4204 martyrium
2889 4132 3187 4203 pervenire
3218 4131 3485 4202 potuerit,

160 4217 246 4274 vita
278 4222 331 4278 in
369 4225 606 4281 dextera
647 4229 733 4280 est
776 4226 1089 4297 sapientia,
1130 4227 1231 4281 sed
1277 4226 1575 4297 longitudo
1618 4227 1748 4282 vita
1849 4232 2002 4284 recte
2053 4228 2187 4283 dicit
2234 4246 2248 4282 :
2306 4231 2609 4283 Posuerunt
2666 4232 2966 4297 peccatores
3016 4226 3269 4295 laqueum
3322 4224 3488 4288 mihi,

160 4316 251 4381 εδίὶ
275 4322 331 4370 ιιι
360 4319 455 4389 qui
487 4318 693 4390 accipit
726 4319 897 4373 vitam
924 4336 957 4373 a
982 4320 1285 4391 sapientia,
1316 4335 1433 4375 non
1462 4320 1747 4390 exiguita-
1850 4324 1944 4379 sed
1991 4340 2027 4377 a
2079 4328 2294 4377 tuorum
2342 4322 2727 4377 mandatorum
2775 4335 2885 4375 non
2932 4319 3201 4374 declinari
3248 4320 3488 4383 semitis;

160 4403 247 4460 lem
266 4409 402 4479 vita,
431 4413 527 4467 sed
557 4412 1022 4484 perpetuitatem,
1052 4417 1111 4467 et
1134 4413 1470 4470 aternitatis
1498 4413 1745 4485 longitu-
1765 4416 1824 4487 D
1846 4416 1934 4472 cui
1993 4416 2328 4487 despicienti
2378 4415 2703 4487 prasentia,
2754 4414 2946 4467 futura
2998 4412 3298 4482 quareuti,
3354 4426 3487 4480 reg-

159 4494 312 4556 dinem
337 4504 701 4575 adipiscatur.
1848 4527 1988 4565 num
2017 4509 2240 4565 caeleste
2266 4508 2577 4564 divinitatis
2614 4511 2728 4561 tua
2763 4504 3139 4577 promissione
3166 4506 3485 4559 reseratum

209 4594 281 4650 34.
321 4596 504 4653 Bonus
542 4600 783 4655 amictus
824 4600 1115 4655 aternitas
1155 4600 1305 4656 vita.
1356 4603 1468 4657 Hoc
1513 4601 1747 4673 pallium
1848 4609 1935 4659 est
1960 4603 2096 4675 (26).

160 4681 354 4753 Sponsa
386 4691 650 4747 mistodes
685 4708 987 4748 murorum
1026 4694 1327 4749 voluerunt
1354 4694 1597 4764 auferre,
1633 4712 1746 4766 quo
1919 4700 2007 4752 36.
2028 4696 2133 4760 Qui
2156 4698 2289 4750 sunt
2308 4694 2399 4749 isti
2426 4698 2741 4765 peccatores
2764 4693 2862 4764 qui
2888 4697 3202 4764 posuerunt
3220 4692 3487 4763 laqueos?

160 4778 336 4844 primus
358 4784 534 4840 homo
560 4786 748 4841 fuerat
773 4792 1003 4855 exutus;
1033 4788 1129 4842 sed
1155 4788 1353 4842 anima
1395 4790 1506 4844 Deo
1541 4790 1749 4845 devota
1846 4789 2081 4861 Aperuit
2116 4788 2221 4844 tibi
2254 4788 2555 4859 Apostolus
2591 4793 2885 4843 auctorem
2922 4786 3184 4841 omnium
3227 4789 3481 4855 peccato-

161 4875 417 4937 qllesitum
463 4879 563 4934 diu
610 4880 873 4949 tenendo,
919 4886 975 4936 et
1016 4897 1131 4936 non
1180 4881 1524 4939 dimittendo
1570 4882 1744 4937 dilec-
1847 4899 2000 4950 rum,
2033 4888 2089 4937 et
2117 4881 2531 4937 demonstravit
2569 4881 2809 4936 dicens:
2843 4901 2870 4929 ‹‹
2905 4880 3012 4944 Qui
3053 4880 3246 4933 volunt
3281 4877 3485 4932 divites

163 4964 254 5019 tum
280 4971 515 5039 pretioso
544 4972 834 5028 charitatis
859 4973 1064 5029 divina
1091 4991 1150 5030 se
1178 4975 1403 5029 vestivit
1429 4976 1741 5031 involucro.
1846 4976 1990 5043 ﬁeri,
2034 4975 2292 5031 incidunt
2330 4974 2386 5028 in
2431 4975 2808 5029 tentationem
2856 4978 2916 5027 et
2957 4972 3223 5043 laqueum
3270 4970 3483 5024 diaboli

166 5053 284 5114 Beati
317 5062 490 5133 igitur
523 5067 622 5137 qui
664 5067 760 5122 tali
796 5068 971 5139 pallio
1008 5068 1346 5136 vestiuntur,
1377 5074 1433 5124 et
1472 5070 1747 5124 amictum
1849 5072 1889 5141 (Ι
1931 5073 2090 5131 Tim,
2132 5086 2209 5136 γι,
2255 5069 2332 5139 9).
2382 5090 2409 5116 ››
2453 5067 2711 5122 Advertis
2752 5066 2928 5137 igitur
2965 5066 3237 5136 laqueum
3272 5063 3485 5117 diaboli

165 5144 442 5219 hujusmodi
462 5200 476 5226 ,
530 5160 674 5231 legis
738 5160 1132 5217 observatione
1197 5166 1561 5228 meruerunt;
1615 5163 1749 5233 quia
1848 5180 1966 5219 esse
1994 5163 2237 5229 divitias,
2267 5178 2439 5232 quem
2470 5160 2713 5216 tetendit
2740 5160 2911 5214 etiam
2938 5157 3237 5225 Salvatori,
3264 5156 3362 5209 sed
3394 5155 3486 5210 ille

166 5254 249 5297 non
282 5253 405 5304 sunt
431 5252 574 5323 legis
607 5253 787 5321 obliti,
820 5255 921 5309 sed
961 5272 1089 5328 qua
1128 5259 1294 5311 erant
1325 5256 1489 5328 legis,
1524 5255 1747 5328 operati
1848 5257 1948 5328 qui
1980 5256 2123 5310 nihil
2154 5254 2352 5309 habuit
2386 5254 2540 5326 quod
2572 5257 2763 5325 posset
2793 5252 3056 5322 princeps
3081 5249 3239 5304 istius
3280 5248 3479 5303 mundi

177 5364 292 5439 ,(34)
330 5370 473 5423 Edit.
531 5388 756 5437 omnes,
815 5378 1063 5441 partitis,
1111 5380 1209 5427 aut
1259 5378 1580 5429 derelictis...
1642 5391 1749 5428 non
1848 5391 2031 5429 mana
2070 5391 2136 5428 ac
2175 5377 2406 5427 Veneta
2438 5374 2851 5433 desiderantur;
2886 5372 2984 5422 sed
3031 5371 3386 5435 reperiuntur
3429 5371 3486 5421 in

171 5441 288 5513 τιαξῃὶ
306 5443 567 5497 ecculm-is
585 5449 853 5510 iactantia
879 5449 1101 5499 ambivit
1124 5449 1425 5512 dignitatis.
1450 5450 1579 5500 Mss.
1607 5462 1748 5499 non-
1848 5449 2255 5513 Complutensi.

171 5504 294 5583 nulli:
332 5514 529 5575 partis,
577 5504 641 5567 ac
683 5517 1006 5568 derelictis...
1054 5532 1164 5569 non
1182 5504 1395 5569 'inanis
1430 5520 1749 5583 jactantiam
1908 5504 2012 5583 (96)
2038 5518 2173 5570 Cod.
2202 5519 2333 5568 Lat.
2368 5521 2424 5567 et
2448 5517 2584 5565 Nav.
2620 5526 2785 5575 unus,
2812 5514 2997 5564 divina
3029 5514 3226 5563 satiato
3256 5515 3489 5577 promis-

170 5578 391 5654 ξαᾏιατὼ
423 5585 693 5649 dignitatis
732 5590 971 5641 ambivit.
1008 5591 1120 5641 Alii
1163 5591 1358 5654 majori
1399 5578 1652 5653 numero,
1693 5595 1749 5640 et
1844 5578 1999 5642 sione,
2030 5595 2321 5640 reseratum
2357 5592 2447 5637 est.
2495 5586 2604 5636 Alii
2631 5586 2860 5649 aliquot,
2888 5584 3197 5635 divinitatis
3226 5589 3327 5634 tuae
3360 5598 3487 5648 pro-

175 5650 469 5711 auctoritate.
497 5661 557 5707 ut
578 5659 634 5709 in
668 5663 844 5709 textu.
1253 5650 1266 5654 ⁷
1468 5662 1473 5667 ’
1641 5650 1647 5653 ⁷
1846 5662 2097 5714 missione
2121 5663 2449 5710 reservatum
2475 5662 2564 5708 est.

221 5714 296 5781 (Ἃ)
340 5722 530 5792 Voces,
572 5744 637 5779 ea:
677 5731 900 5792 deserto,
948 5733 1099 5796 apud
1139 5730 1291 5784 LXX
1338 5732 1599 5784 editionis
1642 5732 1746 5784 Ro-
