3930 6168
385 196 400 247 1
417 194 517 247 479

1859 192 1914 244 S.
1957 189 2269 246 AMBROSII

3603 189 3746 245 1480

377 315 610 368 veniens
673 329 838 368 suum
903 312 1092 367 dicere
1115 355 1128 381 ,
1193 313 1530 383 laqueorum
1595 313 1714 382 ejus
1785 313 2008 367 vincula
2032 326 2088 396 Α
2109 318 2298 384 posset
2329 313 2605 384 accipere,
2631 313 2761 369 licet
2799 313 2880 368 sic
2907 313 3091 369 soleat
3117 313 3306 368 divina
3336 313 3524 384 gratia
3551 311 3746 368 decla-

377 405 647 461 dissolvit.
695 412 768 460 Ac
809 422 880 460 ne
921 406 1268 460 mediocrem
1313 406 1463 460 hunc
1511 407 1777 476 laqueum
1821 411 2006 476 putes,

379 501 469 554 bic
522 501 755 570 laqueus
805 500 1008 554 ludam
1070 500 1394 571 apostolum
1455 499 1848 569 strangulavit.
1904 500 2009 563 Qui

378 595 571 660 miser,
599 608 729 646 cum
759 596 908 647 esset
937 593 1276 663 illaqueatus
1302 597 1368 646 ut
1392 593 1657 663 proderet
1683 594 2008 659 Dominum,

383 686 498 741 ubi-
529 686 775 741 advertit
827 692 1107 757 quantum
1165 687 1392 740 sceleris
1455 690 1603 740 esset
1657 686 2007 752 admissum,

378 781 588 850 laqueo
617 798 674 835 se
714 780 832 851 ipse
859 779 1175 850 suspendit.
1216 779 1324 834 Sed
1365 785 1420 833 et
1459 780 1576 849 ipse
1616 779 1855 850 laqueus
1885 779 2007 833 dia-

379 874 496 928 boli
526 874 652 937 fuit,
685 877 745 927 ut
770 890 884 928 non
913 877 1112 944 ageret
1139 873 1551 943 paenitentiam,
1584 873 1681 926 sed
1715 873 1920 942 laqueo
1951 889 2010 926 se

380 967 698 1022 suifocaret.
731 967 876 1020 Deus
903 966 1060 1019 enim
1091 966 1264 1020 etiam
1289 965 1348 1019 in
1377 965 1524 1045 ipsos
1549 965 1676 1035 pius
1701 971 1784 1019 est
1815 965 2008 1035 prodi-

381 1066 565 1129 tores;
593 1067 654 1114 ut
675 1061 741 1114 ad
771 1059 1164 1130 pcenitentiam
1186 1065 1588 1129 provocentur,
1611 1061 1783 1130 atque
1803 1075 1832 1112 a
1855 1057 2014 1129 flagi-

383 1154 526 1209 tioso
556 1155 847 1225 pr0posito
883 1153 1271 1218 reﬂectantur,
1301 1157 1359 1206 et
1382 1151 1714 1222 resipiscant
1736 1169 1770 1206 a
1800 1151 2014 1207 diaboli

383 1247 625 1318 laqueis,
655 1264 688 1302 a
719 1263 833 1317 quo
864 1246 1010 1316 capti
1037 1252 1311 1301 tenentur
1337 1246 1407 1299 ad
1432 1245 1610 1315 ipsius
1639 1245 2010 1300 voluntatem.

383 1342 507 1394 Jam
554 1357 669 1394 non
713 1356 970 1394 mrumna
1013 1343 1096 1393 est
1135 1338 1415 1405 incidisse,
1456 1339 1554 1393 sed
1598 1337 1814 1394 crimen
1860 1355 1873 1392 :
1917 1337 2015 1409 qui

389 1451 499 1488 non
553 1434 734 1487 solum
782 1450 842 1486 se
898 1433 1106 1487 dedere
1161 1431 1495 1502 capiendos,
1551 1433 1649 1486 sed
1707 1433 1879 1486 etiam
1943 1431 2013 1486 ad

384 1529 730 1581 voluntatem
771 1525 978 1580 diaboli
1020 1531 1290 1580 tenentur
1319 1525 1594 1593 adstricti,
1626 1541 1757 1578 cum
1799 1525 2016 1595 possint

384 1620 570 1675 dicere
611 1636 625 1673 :
671 1640 696 1670 (ι
740 1619 1144 1690 Dirumpamus
1181 1618 1406 1672 vincula
1450 1618 1701 1688 ipsorum
1749 1619 1914 1684 (Psal.
1958 1635 2014 1686 ιι,

382 1718 458 1783 3).
495 1737 520 1760 ››
559 1714 718 1768 Dedit
740 1713 894 1767 enim
924 1689 1024 1766 tibi
1051 1712 1341 1783 Scriptura
1368 1711 1558 1766 divina
1588 1718 1646 1765 ut
1681 1728 1791 1765 non
1828 1711 2015 1766 solum
2037 1689 2093 1760 Β

384 1823 579 1860 caveas
605 1805 815 1860 diaboli
849 1806 1133 1876 laqueum,
1163 1804 1260 1859 sed
1290 1805 1464 1858 etiam
1495 1821 1598 1875 per
1626 1805 2014 1875 paenitentiam

387 1901 510 1970 ejus
542 1899 764 1953 vincula
790 1899 1105 1968 dirumpas.

455 1998 543 2048 37.
571 1992 714 2056 Quid
745 1991 866 2059 tibi,
896 1992 1092 2059 homo,
1114 2007 1244 2045 cum
1270 1990 1486 2046 delictis
1508 2007 1572 2045 ac
1602 1990 2016 2062 voluptatibus?

389 2090 510 2143 Non
551 2087 698 2158 capit
739 2087 995 2156 laqueus,
1033 2084 1139 2139 nisi
1181 2090 1315 2139 ante
1344 2101 1470 2139 esca
1509 2091 1565 2139 te
1608 2084 1842 2156 ceperit.
1872 2085 2017 2139 Dum

386 2181 645 2254 praedam
689 2180 854 2250 petis,
903 2180 1104 2250 laqueo
1149 2177 1268 2248 ipse
1313 2181 1367 2231 te
1412 2177 1605 2232 nectis.
1653 2178 1788 2231 Esca
1828 2177 2017 2248 laquei

389 2275 620 2330 avaritia
661 2277 775 2342 est;
813 2289 937 2326 esca
979 2271 1192 2326 diaboli
1237 2271 1486 2326 luxuries
1525 2277 1628 2339 est,
1668 2270 1876 2341 quibus
1914 2286 2018 2324 nos

386 2370 505 2423 vult
546 2368 815 2435 inescare,
853 2383 968 2421 non
1010 2381 1261 2436 pascere.
1292 2366 1357 2418 Et
1387 2364 1517 2418 ideo
1554 2364 1836 2418 clamabat
1868 2369 2013 2434 Apo-

387 2463 565 2519 stolus
597 2479 610 2515 :
654 2484 680 2511 ‹‹
719 2462 797 2514 Ne
839 2458 1331 2524 attaminaveritis,
1364 2474 1436 2512 ne
1481 2457 1858 2528 gustaveritis,
1891 2474 2017 2528 quae

387 2562 521 2611 sunt
547 2554 738 2609 omnia
766 2554 835 2608 ad
868 2551 1255 2623 corruptelam
1288 2550 1409 2622 ipso
1441 2568 1543 2605 usu
1570 2550 1811 2620 (001083.,
1841 2566 1897 2617 ιι,
1925 2554 2014 2617 2i,

384 2653 497 2720 22).
529 2670 553 2697 ››
583 2648 705 2704 Noli
730 2663 867 2718 ergo
897 2644 1236 2700 attaminare
1264 2643 1568 2713 luxuriam,
1596 2647 1653 2699 et
1679 2644 1773 2698 illa
1800 2648 1854 2698 te
1881 2660 2014 2698 cou-

385 2743 670 2798 taminare
718 2757 832 2796 non
880 2739 1106 2811 poterit.
1159 2738 1282 2793 Noli
1328 2741 1556 2809 gustare
1601 2737 1850 2792 avaritize
1895 2754 2014 2791 cor-

385 2837 697 2908 ruptelam,
757 2839 813 2888 et
869 2833 979 2888 eris
1037 2831 1307 2886 immunis
1358 2848 1391 2885 a
1449 2831 1672 2902 laqueo.
1723 2830 1866 2894 Quid
1918 2830 2018 2884 tibi

385 2933 676 3003 postremo
703 2944 832 2982 cum
863 2926 1046 2994 terris,
1077 2925 1176 2997 qui
1215 2941 1343 2979 cum
1374 2924 1596 2978 Christo
1627 2922 2020 2978 resurrexisti?

2110 408 2245 475 rari,
2273 423 2400 478 quae
2428 407 2484 460 in
2514 407 2681 462 terris
2709 424 2825 462 non
2852 410 3039 478 potest
3064 406 3338 473 inveniri;
3367 405 3521 462 idem
3547 413 3751 461 tamen

2110 500 2167 553 in
2198 499 2623 570 posterioribus,
2658 516 2786 570 quae
2826 500 2938 555 sint
2978 501 3097 555 ista:
3138 515 3363 572 pennas,
3398 499 3587 554 docuit
3625 499 3747 553 evi-

2111 594 2313 648 denter
2355 594 2544 649 dicens
2583 611 2597 648 :
2634 616 2660 642 ‹‹
2700 594 2755 649 Si
2791 594 3082 648 dormiatis
3126 594 3280 648 inter
3322 595 3500 648 cleros
3541 592 3750 658 medii,

2112 702 2316 756 pennae
2357 687 2632 742 columbae
2677 687 3086 758 deargentatae,
3131 689 3188 740 et
3230 685 3542 756 posteriora
3586 685 3751 740 dorsi

2113 780 2236 849 ejus
2271 780 2328 834 in
2359 781 2546 851 specie
2576 780 2700 835 auri
2729 782 2893 850 (Psal.
2933 796 3097 846 uvu,
3131 780 3237 850 14).
3266 801 3294 828 ››
3329 779 3442 835 Etsi
3469 779 3750 842 dormias,

2113 879 2430 945 exsurgunt
2457 879 2650 928 tamen
2687 890 2890 945 pennae
2930 879 3062 929 tute.
3097 873 3240 928 Sunt
3275 873 3429 927 enim
3463 872 3561 944 qui
3599 871 3750 942 vigi-

2112 967 2234 1021 lant
2263 968 2630 1036 dormientes,
2670 974 2729 1021 ut
2773 967 3044 1038 vigilabat
3084 967 3175 1020 illa
3223 982 3350 1036 quae
3395 965 3533 1020 dicit
3569 966 3683 1034 (27)
3733 981 3747 1017 :

2115 1081 2142 1110 ‹‹
2176 1063 2294 1132 Ego
2337 1061 2584 1126 dormio,
2624 1065 2682 1115 et
2710 1078 2808 1116 cor
2845 1077 3041 1115 meum
3072 1059 3268 1129 vigilat
3292 1060 3494 1129 (Cant.,
3522 1075 3574 1124 v,
3607 1060 3683 1126 2).
3720 1081 3748 1107 ››

2113 1154 2230 1208 Etsi
2280 1170 2394 1208 nox
2452 1159 2566 1219 est,
2622 1154 2816 1225 vigilat
2868 1153 3126 1224 spiritus,
3179 1152 3247 1206 de
3306 1167 3418 1223 quo
3473 1151 3750 1222 scriptum

2114 1254 2198 1302 est
2235 1264 2248 1301 :
2291 1268 2317 1296 ‹‹
2355 1249 2430 1302 De
2470 1251 2634 1302 nocte
2678 1246 2874 1317 vigilat
2907 1247 2977 1301 ad
3022 1250 3076 1300 te
3113 1245 3340 1316 spiritus
3387 1260 3548 1299 meus
3587 1245 3748 1314 (Isa.,

2115 1357 2260 1408 xxvr,
2307 1342 2379 1410 9).
2427 1363 2454 1390 »
2500 1342 2654 1394 Tunc
2703 1340 2804 1394 tibi
2856 1340 3184 1411 pandentur
3229 1339 3333 1393 alas
3383 1355 3451 1392 ex
3501 1337 3748 1408 eloquiis

2116 1434 2497 1505 spiritalibus,
2555 1433 2915 1505 pretiosaque
2977 1432 3099 1486 auri
3163 1431 3464 1504 prudentia
3530 1432 3753 1484 volatus

2119 1531 2394 1598 assurget.
2442 1527 2543 1582 Ubi
2591 1543 2728 1598 ergo
2774 1527 3008 1597 laqueos
3054 1525 3266 1596 poteris
3314 1525 3749 1595 pertimescere,

2117 1622 2206 1676 cui
2253 1621 2561 1692 remigium
2612 1626 2820 1690 praesto
2874 1619 3125 1690 spiritale
3174 1618 3301 1673 est?
3349 1618 3405 1673 Si
3457 1617 3753 1672 sinceritas

2117 1714 2316 1781 animi,
2341 1715 2386 1768 si
2414 1714 2629 1785 puritas
2655 1713 2860 1768 mentis
2886 1711 3172 1784 aifulgeat,
3199 1711 3462 1766 columba
3487 1716 3592 1766 est.
3619 1711 3753 1765 Ideo

2117 1807 2218 1862 tibi
2248 1807 2462 1862 dictum
2491 1811 2576 1862 est
2605 1821 2619 1861 :
2650 1827 2677 1854 «
2704 1807 2959 1861 Estote...
2988 1804 3276 1875 simplices
3301 1805 3440 1859 sicut
3466 1803 3751 1859 columbae

2119 1901 2360 1971 (Matth.,
2393 1916 2445 1968 x,
2481 1901 2588 1969 16).
2621 1921 2649 1949 ››
2679 1899 2731 1954 Si
2763 1899 2982 1970 majora
3008 1899 3216 1953 desunt
3240 1896 3499 1968 remigia,
3529 1897 3616 1950 vel
3646 1896 3753 1950 mi-

2117 2010 2256 2048 nora
2293 2009 2366 2048 ne
2395 2009 2648 2064 spernas.
2681 1994 2808 2047 Esto
2838 1992 2927 2046 vel
2954 2007 3172 2062 passer;
3201 1995 3268 2045 ut
3295 1992 3530 2062 laqueos
3561 1989 3752 2060 sagaci

2121 2087 2388 2158 indagine
2416 2085 2747 2158 prasvideas,
2774 2091 2831 2140 et
2853 2100 2998 2155 pene
3023 2089 3219 2155 captus
3245 2083 3521 2138 illecebris
3547 2098 3749 2154 pecca-

2119 2184 2334 2250 torum,
2373 2186 2562 2234 tamen
2605 2178 2910 2249 aliquando
2952 2182 3242 2232 revocatus
3283 2176 3458 2248 possit
3498 2175 3692 2230 dicere
3733 2193 3747 2230 :

2125 2297 2151 2322 ι(
2189 2273 2393 2329 Anima
2430 2278 2621 2327 nostra
2659 2271 2802 2326 sicut
2837 2286 3028 2342 passer
3067 2273 3259 2340 erepta
3299 2275 3386 2324 est
3425 2269 3494 2323 de
3536 2269 3752 2339 laqueo

2119 2366 2482 2431 venantium;
2531 2366 2765 2435 laqueus
2811 2364 3084 2418 contritus
3127 2367 3232 2429 est,
3277 2367 3334 2416 et
3384 2379 3484 2416 nos
3527 2362 3751 2416 liberati

2119 2475 2317 2514 sumus
2360 2459 2530 2529 (Psal.
2579 2473 2766 2526 cxxiu,
2813 2460 2890 2528 7).
2935 2479 2963 2508 »
3012 2459 3088 2512 De
3138 2473 3252 2528 quo
3299 2455 3568 2527 quoniam
3613 2455 3753 2509 alibi

2121 2552 2241 2622 (lib.
2282 2568 2340 2607 ιιι
2375 2555 2435 2606 in
2473 2555 2623 2615 Luc.,
2665 2567 2789 2621 cap.
2833 2550 2930 2621 xu)
2970 2549 3292 2621 putavimus
3334 2565 3455 2604 esse
3501 2552 3749 2603 tractan-

2120 2646 2276 2712 dum,
2307 2661 2460 2700 nunc
2487 2645 2598 2699 alio
2624 2643 3037 2699 transeundum
3065 2643 3307 2698 videtur.

2189 2743 2278 2794 39.
2309 2738 2458 2794 Satis
2483 2742 2570 2792 est
2595 2737 2695 2792 tibi
2723 2740 2786 2791 ut
2809 2752 2968 2791 avem
2999 2743 3053 2791 te
3083 2752 3204 2791 esse
3231 2735 3476 2804 noveris,
3500 2751 3756 2807 assump-

2121 2836 2243 2886 tum
2283 2832 2341 2886 in
2373 2836 2640 2886 naturam
2670 2831 2913 2897 volandi,
2945 2829 3169 2884 dicente
3206 2829 3442 2884 Domino
3479 2843 3583 2900 per
3609 2830 3753 2882 Pro-

2123 2927 2353 2996 plietam
2388 2942 2401 2979 :
2440 2947 2468 2975 «
2494 2924 2754 2978 Liberata
2793 2941 2890 2988 vos
2921 2940 2992 2978 ex
3022 2924 3221 2995 laqueo
3253 2925 3587 2976 venatorum
3617 2922 3756 2991 (28),

388 3045 417 3075 ‹‹
469 3026 606 3087 Quae
659 3037 883 3076 sursum
934 3022 1066 3074 sunt
1116 3017 1374 3088 qumrite,
1422 3017 1514 3070 ubi
1564 3016 1817 3072 Christus
1868 3021 2015 3070 est...
2041 3047 2094 3120 Ο
2120 3024 2176 3074 et
2203 3035 2235 3072 a
2260 3017 2434 3072 verbo
2465 3017 2919 3072 conturbationis
2949 3018 3118 3087 (Psal.
3160 3031 3248 3083 xc,
3274 3017 3358 3086 3);
3392 3038 3420 3066 ))
3451 3032 3566 3070 non
3596 3015 3758 3070 enim

386 3133 517 3190 qua:
565 3131 791 3169 sursum
835 3117 967 3166 sunt
1007 3111 1211 3181 sapite,
1257 3126 1372 3164 non
1419 3125 1547 3180 quae
1591 3125 1763 3179 super
1807 3113 2018 3163 terram
2050 3109 2328 3182 “injuste
2367 3111 2688 3166 tenduntur
2727 3112 2870 3164 retia
2913 3111 3128 3166 avibus.
3170 3109 3300 3165 Avis
3345 3126 3425 3177 es,
3472 3126 3505 3164 o
3554 3110 3757 3176 homo,

388 3211 630 3283 (Coloss.,
670 3224 749 3273 ιιι,
792 3211 840 3275 1,
879 3207 954 3274 2).
991 3226 1018 3253 ››
1051 3203 1255 3258 Mortui
1294 3218 1492 3256 sumus
1532 3200 1789 3274 1154
1832 3201 2017 3269 terris,

387 3305 565 3357 vitam
613 3306 861 3356 nostram
910 3313 1039 3352 cum
1084 3296 1309 3352 Christo
1355 3296 1754 3350 abscondimus
1797 3295 1856 3348 in
1907 3295 2019 3349 Deo

389 3403 616 3463 nostro;
653 3410 766 3448 uou
798 3393 916 3464 jam
953 3407 1051 3445 nos
1091 3390 1352 3458 vivimus,
1379 3389 1476 3443 sed
1508 3389 1760 3444 Christus
1801 3389 1934 3442 vivit
1961 3388 2020 3442 in

390 3489 578 3546 nobis.
610 3487 756 3552 Quid
795 3487 1003 3541 iterum
1043 3483 1115 3538 ad
1156 3489 1382 3538 terrena
1422 3482 1790 3537 remeamus?
1826 3503 1852 3529 ‹‹
1884 3485 2020 3536 Ecce

391 3582 652 3654 elongavi
688 3580 935 3651 fugiens,
977 3577 1114 3632 dicit
1152 3579 1379 3631 sanctus
1417 3576 1586 3646 (Psal.
1632 3592 1737 3641 LIV,
1774 3578 1849 3646 8).
1891 3599 1918 3625 »
1954 3605 2022 3616 -—-

392 3699 421 3729 «
453 3676 588 3732 Vide
618 3676 850 3745 laqueos
876 3670 1188 3742 iniquitatis
1221 3674 1277 3724 et
1305 3668 1764 3724 contradictiouis
1793 3670 1852 3723 in
1885 3669 2018 3723 civi-

391 3775 507 3826 tate
536 3769 719 3842 (lbid.,
751 3768 858 3836 10).
891 3785 917 3815 ››
951 3764 1161 3835 Laquei
1192 3768 1324 3817 sunt
1349 3762 1504 3816 enim
1532 3762 1626 3816 ubi
1653 3767 1736 3816 est
1765 3779 1938 3816 usura
1968 3767 2024 3815 et

325 3837 334 3850 ⁸
392 3837 578 3920 dolus.
610 3859 909 3932 Elongavit
937 3859 1030 3912 ille
1056 3857 1284 3928 fugiens
1311 3863 1540 3911 terrena
1565 3855 1867 3924 dedecora;
1896 3855 2022 3910 ideo

391 3961 461 4014 ad
491 3956 738 4012 ccelestia
768 3953 1022 4025 pervenit
1050 3951 1307 4022 pramia.

463 4055 553 4106 38.
594 4049 758 4114 Quid,
803 4046 1061 4117 inquam,
1102 4051 1156 4098 te
1202 4043 1445 4098 reilectis
1493 4042 1550 4097 in
1596 4046 1836 4110 terram,
1875 4043 1919 4096 si
1964 4043 2023 4096 in

393 4144 588 4199 Enoch
638 4144 833 4211 raptus
885 4138 958 4192 ad
1008 4139 1209 4192 caelum
1267 4153 1347 4203 es,
1401 4137 1459 4190 in
1520 4136 1639 4189 Elia
1691 4136 1904 4190 levatus
1965 4153 2024 4191 es

393 4251 586 4303 curru,
625 4233 683 4288 in
728 4231 901 4286 Paulo
948 4232 1146 4300 raptus
1194 4245 1252 4282 es
1294 4229 1364 4283 ad
1410 4228 1758 4298 paradisum,
1796 4245 2025 4283 conver-

395 4335 550 4387 satus
607 4328 664 4382 in
719 4325 902 4392 caelis,
956 4324 1013 4378 in
1068 4321 1247 4378 David
1303 4321 1640 4388 exauditus;
1696 4327 1759 4375 ut
1808 4337 2026 4392 pennas

2122 3207 2220 3277 qui
2283 3205 2427 3260 sicut
2484 3204 2600 3258 avis
2656 3204 2713 3258 in
2765 3204 3006 3276 quadam
3065 3203 3269 3275 aquila:
3331 3206 3627 3258 renovatus
3695 3220 3760 3257 es

2113 3301 2494 3372 juventutem.
2545 3299 2611 3352 Et
2655 3298 2782 3352 ideo
2829 3314 2945 3352 non
2990 3297 3198 3368 injuste
3242 3297 3561 3352 tenduntur
3608 3297 3760 3351 retia

2123 3392 2321 3447 avibus
2365 3392 2495 3463 (29).
2542 3391 2684 3455 Quid
2730 3391 2883 3445 enim
2927 3395 2984 3446 te
3028 3391 3087 3445 in
3136 3394 3346 3446 terram
3393 3390 3606 3461 dejicis,
3654 3390 3758 3460 qui

2114 3487 2238 3558 jam
2289 3485 2489 3540 coelum
2537 3483 2810 3555 petebas?
2856 3485 2978 3539 Non
3028 3484 3179 3539 enim
3231 3483 3439 3554 injuste
3483 3487 3761 3538 renovato

2123 3579 2440 3634 tenduntur
2486 3578 2664 3645 retia;
2718 3577 2854 3648 quia
2901 3577 3024 3647 jam
3076 3577 3281 3633 Christi
3328 3593 3450 3632 esse
3505 3576 3760 3646 coepisti,

2121 3671 2449 3729 venantium
2499 3687 2620 3725 esse
2665 3670 2901 3726 desiisti.
2949 3670 3190 3724 Attende
3237 3669 3474 3741 laqueos
3521 3674 3760 3723 venato-

2123 3781 2273 3820 rum.
2308 3767 2450 3820 Ante
2490 3763 2651 3836 quasi
2692 3763 2945 3833 praedam
2988 3764 3147 3817 suam
3185 3763 3444 3817 diabolus
3481 3779 3585 3817 suo
3622 3763 3764 3831 jure

2124 3857 2410 3929 capiebat;
2443 3873 2594 3912 nunc
2631 3855 2940 3911 Dominicaa
2979 3856 3160 3911 crucis
3193 3872 3444 3911 mercem
3483 3872 3586 3910 cur
3615 3857 3766 3909 alie-

2123 3967 2231 4006 nus
2269 3951 2553 4005 incursat?
2589 3951 2751 4004 Potes
2781 3953 2971 4004 tamen
3011 3949 3184 4004 etiam
3224 3949 3326 4004 hos
3365 3950 3599 4020 laqueos
3636 3949 3764 4004 evi-

2125 4048 2264 4110 tare,
2303 4060 2377 4098 ne
2417 4043 2570 4098 dicas
2603 4060 2616 4097 :
2646 4048 2916 4098 venantes
2950 4048 3224 4114 ceperunt
3251 4059 3342 4096 me
3385 4043 3526 4098 sicut
3563 4058 3764 4113 passe-

2126 4153 2280 4206 rem;
2303 4137 2348 4190 si
2373 4136 2636 4207 laquenm
2666 4135 2849 4191 cordis
2873 4135 3098 4203 evadas,
3123 4152 3294 4206 quem
3322 4135 3476 4190 misit
3500 4134 3766 4190 diabolus

2127 4231 2184 4285 in
2214 4246 2309 4285 cor
2331 4230 2508 4297 Judte,
2532 4233 2592 4284 et
2615 4229 2694 4283 ita
2718 4245 2852 4284 eum
2880 4229 2938 4284 in
2965 4228 3180 4284 facinus
3207 4228 3549 4300 proditionis
3572 4243 3766 4282 arma-

2127 4324 2223 4379 vit.
2245 4327 2475 4378 Avertat
2503 4321 2552 4394 1
2569 4321 2617 4394 1
2635 4321 2758 4394 55
2790 4339 2824 4376 a
2849 4323 3009 4377 nobis
3035 4323 3181 4378 Deus
3207 4322 3310 4376 hos
3336 4323 3587 4393 laqueos,
3613 4337 3766 4392 quos

395 4423 676 4481 columbas
727 4433 1060 4484 assumeres,
1107 4419 1164 4472 et
1209 4415 1450 4482 volares;
1501 4415 1558 4468 in
1607 4415 1830 4470 Christo
1877 4416 2025 4469 exal-
2048 4414 2108 4486 Ι)
2131 4433 2300 4488 super
2326 4421 2650 4488 peccatores
2676 4415 2839 4486 pluit.
2867 4417 2936 4469 Et
2959 4415 3089 4470 ideo
3116 4414 3254 4471 dicit
3280 4415 3560 4485 Propheta
3587 4417 3767 4484 (Psal.

395 4523 576 4582 tatus,
632 4514 876 4570 volucris
938 4513 1118 4566 factus
1181 4511 1238 4563 in
1307 4508 1546 4580 Spiritu;
1597 4507 1825 4580 quando
1889 4508 2031 4562 sicut

395 4611 660 4668 columba.
721 4605 1046 4672 descendit,
1100 4604 1220 4658 illas
1274 4602 1372 4656 tibi
1437 4602 1552 4656 alas
1613 4601 1798 4670 dedit;
1855 4605 1917 4655 ut
1968 4605 2029 4655 tu

397 4707 648 4762 disceres
675 4701 900 4756 evolare
929 4699 1000 4753 de
1036 4697 1239 4752 terris?
1268 4697 1458 4767 Neque
1488 4711 1620 4749 vero
1645 4694 2028 4749 cunctandum

395 4804 564 4872 putes
605 4793 890 4868 quomodo
938 4791 1039 4846 tibi
1083 4789 1389 4844 volandum
1437 4788 1528 4855 sit,
1570 4787 1774 4859 quibus
1814 4788 2026 4841 alarum

395 4891 675 4962 remigiis.
720 4887 873 4943 Dixit
913 4885 1146 4957 quidem
1188 4882 1359 4937 David
1401 4901 1412 4936 :
1452 4903 1481 4930 ‹‹
1519 4881 1655 4946 Quis
1693 4880 1852 4935 dabit
1889 4881 2028 4934 mihi

396 5002 619 5060 pennas
661 4983 805 5038 sicut
847 4978 1141 5045 columbae,
1189 4981 1247 5032 et
1300 4976 1520 5042 volabo,
1569 4978 1629 5029 et
1677 4975 2027 5045 requiescam

397 5082 583 5153 (lbid.,
605 5084 656 5148 7)
672 5078 699 5133 ‘l
725 5100 752 5127 »
774 5077 840 5131 Et
869 5074 1026 5147 quasi
1050 5071 1333 5128 dubitasse
1355 5071 1502 5123 visus
1523 5073 1608 5124 est
1625 5084 1658 5124 a
1680 5084 1792 5140 quo
1815 5083 2031 5139 pennas

457 5249 556 5313 (27)
585 5245 916 5310 Complures
940 5254 1093 5303 mss.,
1123 5237 1395 5313 vigilabat,
1427 5238 1521 5302 qui
1545 5237 1696 5287 dixit.

458 5306 556 5382 (28)
586 5321 666 5369 Ita
696 5306 891 5368 omnes
929 5327 1060 5364 mss.
1093 5316 1262 5376 atque
1295 5310 1424 5362 edit.
1453 5313 1561 5360 vet.
1591 5323 1719 5360 cum
1755 5312 1870 5382 ant.
1899 5306 2027 5358 edit.

396 5379 700 5444 B.'Hilarii.
733 5389 881 5439 Edit.
918 5391 1107 5438 autem
1141 5384 1299 5435 Rom.
1334 5396 1402 5433 ex
1435 5394 1717 5432 sacrorum
1751 5379 2028 5442 codicum,

396 5463 745 5524 aliorumque
772 5460 995 5509 Patrum
1023 5455 1374 5514 auctoritate,
1404 5451 1649 5502 liberabit
1682 5455 1728 5501 te
1751 5463 1814 5500 ea:
1843 5449 2032 5514 laqueo

417 5546 653 5579 aenatoru
661 5546 706 5579 m
716 5568 726 5578 .

417 5549 428 5574 θ
661 5546 726 5579 m.

395 5538 680 5665 uigil)”;
732 5599 848 5649 ideo
900 5611 1009 5649 non
1060 5599 1252 5660 injuste
1293 5592 1584 5665 tenduntur
1631 5591 1770 5640 retia
1822 5589 2031 5665 avibus,

403 5662 605 5724 desunt
631 5674 683 5721 in
723 5668 1102 5733 superioribus
1131 5666 1260 5716 edit.
1299 5667 1370 5714 At
1404 5664 1459 5713 in
1499 5676 1626 5712 mss.
1664 5662 2028 5726 reperiuntur.

406 5745 609 5795 lterum
653 5754 848 5792 omnes
891 5739 1019 5789 edit.
1061 5751 1188 5787 cum
1231 5735 1406 5785 multo
1463 5734 1654 5798 majori
1702 5738 1855 5796 parte
1900 5745 2028 5780 mss.

2131 4525 2312 4579 xxxxv,
2360 4512 2413 4576 8)
2461 4526 2474 4564 :
2523 4531 2552 4556 ‹‹
2595 4508 2763 4564 Dabis
2807 4509 2934 4574 illis,
2967 4509 3224 4578 Domine,
3267 4510 3535 4579 laqueum
3576 4507 3773 4562 cordis

2131 4620 2354 4669 eorum,
2391 4618 2564 4674 quem
2613 4603 2824 4673 parasti
2865 4603 2946 4656 eis
2977 4603 3109 4673 (30).
3148 4621 3176 4654 io
3213 4602 3384 4657 Nobis
3428 4607 3619 4656 autem
3665 4603 3768 4670 da,

2130 4697 2388 4764 Domine,
2424 4697 2729 4762 auxilium;
2759 4699 2823 4751 ut
2858 4702 2986 4766 post
3023 4703 3079 4751 te
3119 4711 3446 4767 sequamur,
3483 4695 3592 4749 tuis
3631 4695 3770 4749 alli-

2133 4790 2248 4863 gati
2278 4790 2536 4845 vinculis.
2575 4789 2738 4844 Nulla
2778 4790 2930 4844 enim
2963 4789 3409 4858 vehementiora,
3439 4788 3589 4842 nulla
3628 4793 3776 4843 sunt

2132 4884 2400 4955 gratiora,
2444 4899 2617 4954 quam
2658 4883 2882 4938 vincula
2920 4882 3228 4938 charitatis.
3269 4883 3374 4947 Qui
3415 4881 3516 4937 tibi
3553 4881 3774 4951 ligatus

2131 4981 2237 5045 est,
2265 4977 2481 5032 solutus
2509 4983 2594 5031 est
2620 4976 2857 5032 mundo.

2202 5071 2292 5127 50.
2348 5071 2526 5142 (Vers.
2587 5072 2734 5140 111.)
2789 5070 3126 5126 Haeredz'taui
3183 5071 3485 5125 testimonia
3548 5071 3641 5123 tua
3706 5070 3771 5122 in

2130 5239 2435 5288 venantium
2457 5251 2564 5289 esse
2583 5237 2812 5299 desiisti;
2833 5236 2931 5287 ubi
2951 5236 3074 5287 cod.
3099 5235 3282 5296 Gem.,
3303 5234 3466 5296 Fisc.,
3489 5232 3769 5297 Ebrulph.

2129 5307 2357 5369 habent,
2388 5307 2692 5358 venantium
2720 5320 2828 5358 esse
2849 5307 3050 5358 desiste.
3083 5307 3384 5368 Postremo,
3411 5304 3508 5355 ubi
3542 5310 3769 5354 cuncta

2131 5379 2260 5431 edit.
2305 5393 2371 5430 ac
2409 5393 2542 5429 mss.
2572 5382 2830 5443 quatuor,
2874 5380 3003 5428 Ante
3047 5382 3094 5426 te
3132 5376 3322 5440 laqueo
3357 5379 3599 5432 venator,
3639 5379 3774 5424 ante

2131 5449 2289 5514 quasi
2310 5449 2566 5513 praedam,
2597 5450 2675 5500 ibi
2700 5453 2940 5513 quatuor
2962 5449 3177 5512 legunt,
3217 5445 3384 5497 Habes
3425 5445 3520 5510 qui
3557 5449 3603 5493 te
3634 5443 3769 5493 libe-

2131 5525 2210 5570 ret
2250 5520 2314 5570 de
2352 5519 2560 5584 laqueo.
2611 5521 2838 5570 Venator
2884 5525 3006 5570 ante
3054 5520 3212 5583 quasi
3245 5518 3498 5582 predum.
3539 5515 3768 5580 Reliqui

2132 5603 2326 5640 omnes
2348 5591 2649 5642 lectionem
2675 5595 2920 5642 nostram
2949 5591 3314 5642 constituunt.

2197 5662 2291 5725 (30)
2323 5661 2478 5713 Rom.
2507 5661 2639 5712 edit.
2667 5662 2803 5724 sola,
2831 5675 2980 5725 quem
3008 5665 3335 5725 paraverunt
3359 5659 3525 5710 nobis.
