3930 6168
169 316 248 370 H81
287 336 296 342 ·

1196 305 1546 362 EXPOSITIO
1584 306 1652 362 IN
1690 295 2008 363 PSALHUM
2048 306 2269 362 CXVIII.

3248 291 3414 364 '1482

162 448 366 501 mum;
392 433 619 506 quoniam
654 431 942 487 exsultatio
981 430 1156 487 cordis
1190 435 1295 486 mei
1321 439 1469 487 sunt.
1499 432 1679 488 Etiam
1703 433 2040 516 Apluribus
2078 431 2413 488 derelictum
2457 430 2818 486 distribuitur
2853 447 2917 485 ac
2957 437 3204 501 secatur;
3235 435 3412 490 solida

162 536 226 587 ista
255 545 334 584 vox
370 531 657 597 martyrum
710 529 812 594 est,
858 525 1173 580 dicentium
1227 526 1379 596 quod
1431 526 1674 581 haeredi-

160 632 271 678 tatem
308 621 591 691 acceperint
640 618 953 674 caelestium
1005 619 1480 674 testimoniorum.
1536 620 1676 674 Dicit

156 733 243 789 ergo
269 714 505 786 propheta
540 730 552 766 :
591 713 779 766 Haeres
812 728 936 767 sum
978 712 1380 769 mandatorum
1421 716 1674 780 tuorum,

155 809 465 863 accessionem
504 811 658 860 tuam
699 805 831 860 ﬁdei
874 806 1214 878 pietatisque
1247 807 1376 876 jure
1422 807 1674 879 quaesivi.

153 905 226 957 Non
257 905 408 973 potest
447 900 626 954 dicere
669 900 836 966 istud,
883 899 992 954 nisi
1038 900 1135 970 qui
1180 901 1447 956 mandata
1491 904 1675 955 custo-

150 997 212 1060 dit,
248 995 358 1048 coelo
397 1000 446 1047 et
489 999 635 1047 terra
687 993 941 1060 testibus,
990 993 1280 1064 acquisita.
1332 993 1478 1048 Dixit
1523 994 1676 1048 enim

148 1089 342 1143 Dominus
367 1105 378 1140 ε
408 1109 431 1134 ‹‹
458 1087 620 1154 Audi,
653 1088 876 1152 caelum,
908 1091 963 1140 et
989 1086 1223 1140 auribus
1251 1087 1494 1158 percipe,
1525 1093 1678 1142 terra

159 1187 242 1243 ιω..
269 1199 296 1247 1,
324 1183 386 1247 Ξ).
419 1207 441 1226 ι»
470 1182 721 1234 Testatur
750 1181 1034 1234 elementa
1075 1180 1346 1235 Dominus
1379 1181 1446 1234 ad
1479 1181 1675 1235 redar-

144 1275 328 1344 guendos
352 1290 453 1338 eos,
475 1275 568 1345 qui
598 1274 886 1327 noluerint
911 1279 1191 1344 praecepta
1215 1274 1405 1328 divina
1424 1290 1675 1340 servare;

144 1377 178 1421 ut
204 1367 378 1437 refugis
400 1367 580 1421 omnia
610 1366 992 1422 excusationis
1026 1366 1299 1437 obsepiat.
1331 1368 1588 1422 Testatur
1623 1373 1680 1421 et

141 1460 344 1527 homines,
390 1459 574 1514 dicens
629 1477 641 1512 :
699 1483 724 1509 ‹‹
779 1461 966 1515 Estote
1019 1460 1161 1514 mihi
1212 1465 1416 1526 testes,
1463 1466 1520 1514 et
1573 1477 1679 1531 ego

141 1553 259 1618 testis,
296 1553 414 1607 dicit
463 1553 730 1608 Dominus
780 1553 934 1623 (Isa.,
990 1569 1137 1620 xm",
1195 1555 1300 1622 10).
1346 1574 1374 1602 ››
1426 1553 1680 1607 Mandata

140 1661 230 1716 ergo
264 1645 458 1700 Domini
495 1646 663 1717 plena
705 1650 840 1700 sunt
878 1646 1234 1712 testimoniis,
1280 1651 1336 1701 et
1379 1646 1504 1716 ipsa
1547 1651 1680 1701 sunt

139 1739 400 1807 testimonia,
449 1755 692 1811 quorum
745 1740 875 1795 satis
928 1741 1168 1795 idoneus
1221 1740 1376 1794 testis
1427 1744 1530 1806 est,
1581 1741 1679 1810 qui

140 1846 214 1886 non
239 1833 475 1887 mentitur
504 1834 673 1900 Deus,
700 1834 852 1904 apud
895 1849 1067 1904 quem
1111 1838 1166 1888 et
1205 1833 1546 1888 conscientia
1581 1812 1755 1888 tuaB

139 1926 243 1978 testis
280 1930 367 1993 est,
413 1926 847 1997 cogitationibus
900 1927 1313 1995 accusantibus,
1365 1931 1464 1982 aut
1507 1928 1678 1982 etiam

140 2018 498 2086 defendentibus,
531 2020 672 2073 satis
701 2019 882 2075 fidelis
911 2021 1082 2075 etiam
1111 2020 1170 2074 in
1208 2019 1382 2074 infido
1421 2022 1675 2090 pectore;

140 2111 330 2179 quoniam
364 2113 637 2168 arbitrum
677 2113 936 2168 omnium
975 2129 1330 2184 quaecunque
1372 2114 1680 2168 commissa

140 2209 236 2268 sunt,
258 2206 406 2261 latere
433 2223 545 2261 non
579 2210 834 2278 possunt.
868 2208 1010 2261 Nam
1046 2208 1093 2261 si
1129 2207 1187 2262 in
1210 2207 1426 2277 judicio
1467 2213 1677 2261 terres-

140 2299 183 2348 tri
208 2298 337 2352 etiam
372 2300 415 2353 is
451 2300 550 2371 qui
593 2300 666 2354 ad
707 2300 1103 2356 mentiendum
1146 2300 1367 2355 venerit
1407 2301 1674 2354 suborna-

143 2397 208 2455 tus,
233 2397 387 2448 tamen
422 2394 464 2447 si
510 2393 839 2448 testimonio
885 2394 1053 2449 fuerit
1099 2395 1384 2449 convictus
1427 2395 1676 2460 alterius,

147 2484 231 2536 solet
260 2487 473 2555 prodere
519 2488 844 2556 veritatem,
891 2491 1108 2558 quanto
1154 2489 1332 2558 magis
1375 2487 1434 2541 in
1467 2487 1680 2558 judicio

149 2576 278 2631 orlesti
307 2581 446 2651 apud
486 2580 799 2635 Dominum
844 2581 1038 2634 Jesum
1074 2597 1303 2635 necesse
1343 2581 1515 2635 habet
1553 2597 1681 2652 quae

155 2683 232 2721 ven
251 2676 345 2726 sunt
380 2673 663 2740 conﬁteri,
697 2690 866 2744 quem
900 2673 1057 2728 novit
1090 2674 1232 2728 scire
1271 2674 1424 2745 quod
1467 2674 1678 2729 factum

163 2762 232 2814 est?

195 2856 244 2909 il.
275 2859 326 2912 Et
362 2860 502 2915 bene
552 2860 635 2914 ait
682 2877 694 2914 :
743 2860 1068 2916 Haredz‘tate
1112 2862 1334 2930 quaesivi
1377 2862 1682 2915 testimonia

149 2957 222 3011 πω,
246 2955 478 3021 quoniam
521 2954 674 3009 sicut
712 2957 842 3008 ante
883 2953 1142 3008 heredes
1170 2953 1384 3008 fuimus
1419 2957 1677 3024 peccato-

140 3040 199 3104 ris,
218 3042 273 3097 ita
293 3061 423 3101 nunc
444 3046 718 3102 heredes
745 3063 939 3101 sumus
967 3047 1194 3101 Christi.
1225 3047 1327 3102 Illa
1350 3047 1460 3101 fuit
1489 3047 1678 3102 crimi-

138 3147 241 3205 num,
268 3138 364 3194 hec
399 3145 481 3195 est
525 3140 760 3196 virtutis
799 3139 1134 3208 hereditas;
1176 3139 1274 3195 illa
1315 3157 1417 3196 nos
1459 3140 1677 3211 obliga-
1702 3179 1757 3252 Ο

137 3228 196 3291 rit,
230 3230 322 3286 haec
363 3235 550 3302 solvit,
605 3235 701 3289 illa
755 3233 1037 3289 obseratos
1089 3234 1286 3289 fenore
1344 3234 1680 3289 delictorum

137 3322 202 3386 (3|)
240 3324 557 3396 adjudicavit
619 3327 882 3395 inimico,
937 3328 1060 3382 haec
1125 3327 1455 3399 redemptos
1517 3328 1681 3383 titulo

133 3410 356 3475 Dominicze
402 3422 686 3494 passionis
735 3421 953 3479 Christo
1003 3422 1314 3494 acquisivit.
1366 3422 1509 3476 Mala
1555 3423 1682 3476 Evas

132 3512 327 3568 accessio
361 3520 538 3572 totum
580 3516 871 3571 hominem
903 3515 1210 3570 devorabat
1239 3517 1378 3586 (32);
1413 3516 1683 3586 praeclara

133 3597 269 3658 Christi
310 3607 612 3664 haereditas
663 3612 845 3664 totum
898 3608 1190 3663 hominem
1236 3609 1510 3664 liberavit.
1559 3610 1680 3663 Non

130 3693 174 3745 ad
203 3711 340 3755 unum
377 3704 635 3774 quidem,
679 3719 794 3756 non
838 3702 912 3756 ad
957 3719 1186 3774 paucos,
1229 3703 1328 3756 sed
1373 3703 1440 3756 ad
1485 3718 1682 3756 omnes

128 3785 472 3851 Testamentum
519 3813 691 3851 suum
742 3796 960 3867 scripsit
1008 3797 1185 3851 Jesus.
1233 3797 1441 3852 Omnes
1489 3795 1679 3867 scripti

129 3876 309 3941 heredes
332 3905 518 3944 sumus
548 3906 667 3945 non
694 3906 797 3961 pro
831 3890 1109 3960 portione,
1139 3890 1240 3944 sed
1271 3906 1372 3960 pro
1400 3890 1678 3944 universi-

128 3977 217 4028 tate.
247 3980 646 4039 Testamentum
689 4000 990 4038 commune
1032 3988 1135 4050 est,
1181 3988 1237 4037 et
1269 3983 1362 4053 jus
1403 3984 1680 4051 omnium,

129 4063 350 4129 hereditas
400 4077 834 4147 universorum,
893 4083 949 4131 et
999 4077 1247 4132 soliditas
1303 4077 1676 4147 singulorum.

127 4157 277 4219 Novum
323 4170 749 4226 Testamentum
806 4171 1014 4242 singuli
1077 4171 1319 4237 adeunt,
1371 4174 1427 4225 et
1485 4187 1681 4226 omnes

126 4255 344 4320 possident
372 4281 383 4317 :
417 4282 522 4319 nec
553 4265 834 4319 minuitur
863 4263 1103 4335 haeredi,
1133 4264 1404 4336 quidquid
1433 4282 1464 4319 a
1490 4267 1678 4319 cohae-

128 4347 292 4406 redibus
318 4356 646 4413 vindicatur.
674 4340 862 4413 Manet
887 4359 1336 4413 emolumentum
1366 4358 1677 4430 integrum,

129 4445 160 4491 ’ὲῖ
190 4459 239 4498 eo
275 4451 438 4521 magis
484 4452 728 4524 singulis
773 4453 992 4520 crescit,
1041 4468 1152 4523 quo
1205 4452 1461 4522 pluribus
1510 4453 1681 4506 fuerit

1781 527 1853 581 ad
1904 527 2156 598 singulos
2208 525 2416 580 Christi
2477 524 2627 580 dona
2684 523 2940 597 1156
2996 527 3340 596 perveniunt
3395 546 3408 582 :

1777 637 1973 676 omnes
2001 621 2231 687 habent,
2269 624 2326 674 et
2352 635 2522 674 nemo
2548 619 2862 673 fraudator.

1847 716 1934 769 42.
1969 714 2278 769 Audiamus
2323 712 2500 784 igitur
2539 712 2840 766 commoda
2878 712 3258 767 haereditaria.
3300 715 3409 768 Re-

1777 808 1972 862 missio
2033 814 2388 879 peccatorum
2458 805 2761 861 haereditas
2821 807 3026 861 Christi
3093 813 3195 860 est.
3250 809 3413 863 Certe

1779 902 1963 956 solida
1991 918 2095 973 per
2139 901 2415 971 singulos,
2447 905 2504 954 et
2533 901 2592 954 in
2633 916 2942 954 commune
2983 904 3066 954 est
3105 901 3407 966 lucrativa;

1777 996 2212 1067 quibuscumque
2266 995 2420 1049 enim
2474 995 2677 1048 collata
2726 994 2918 1062 fuerit,
2976 994 3113 1047 nulli
3165 995 3408 1054 decedit,

1778 1090 1994 1144 accedit
2019 1088 2302 1143 omnibus.
2332 1087 2566 1158 Corpori
2605 1078 2935 1158 acquiritur,
2965 1087 3241 1158 quidquid
3279 1088 3408 1140 nni-

1779 1184 1981 1253 cuique
2020 1183 2329 1236 relaxatur.
2366 1182 2504 1235 Nam
2549 1182 2590 1233 si
2634 1181 2822 1251 angeli
2861 1197 3030 1250 super
3065 1197 3178 1234 uno
3215 1197 3408 1250 pecca-

1781 1280 1901 1330 tore
1951 1276 2334 1346 paanitentiam
2406 1278 2610 1344 agente
2667 1263 2950 1339 ltetantur,
3006 1275 3136 1344 quia
3190 1275 3408 1326 lucrum

1780 1385 1944 1423 suum
1971 1372 2172 1439 putant
2201 1369 2448 1422 hominis
2481 1367 2954 1437 redemptionem,
2985 1374 3193 1437 quanto
3234 1368 3412 1436 magis

1778 1462 1996 1516 lucrum
2051 1467 2132 1516 est
2195 1463 2453 1532 generis,
2510 1460 2661 1532 quod
2725 1467 2806 1515 est
2871 1461 3090 1514 lucrum
3156 1463 3410 1514 naturae?

1781 1555 2091 1610 Haereditas
2129 1554 2335 1610 Christi
2381 1560 2464 1608 est
2509 1554 2867 1608 resurrectio.
2911 1555 3062 1607 Hanc
3108 1553 3406 1624 quisquam

1780 1649 2052 1703 damnum
2108 1664 2272 1702 suum
2331 1648 2566 1714 dixerit,
2623 1663 2748 1718 qua:
2812 1647 2867 1700 in
2926 1663 3040 1700 uno
3092 1647 3408 1699 communis

1781 1742 1976 1813 gratiae
2032 1757 2240 1796 nomen
2308 1741 2560 1794 invenit?
2613 1740 2862 1796 Christus
2923 1739 3073 1794 enim
3131 1755 3404 1808 surgens,

1781 1836 2046 1890 omnibus
2080 1836 2404 1900 resurrexit,
2436 1833 2708 1904 quoniam
2750 1850 2851 1904 per
2889 1833 3179 1886 hominem
3219 1847 3408 1886 resur-

1780 1930 1956 1984 rectio
1991 1936 2374 1983 mortuorum.
2404 1927 2703 1992 Quomodo
2736 1926 2908 1998 igitur
2933 1931 3118 1997 potest
3153 1926 3408 1996 singulo-

1780 2040 1908 2077 rum
1957 2038 2079 2076 esse
2121 2021 2503 2093 dispendium,
2548 2037 2676 2091 quae
2724 2025 2810 2074 est
2847 2020 3019 2074 totius
3062 2020 3313 2090 corporis
3357 2025 3410 2072 et

1780 2115 2018 2170 humani
2061 2115 2289 2186 generis
2329 2114 2696 2168 reformatio?
2727 2113 3014 2168 Recitetur
3050 2115 3241 2184 itaque
3279 2113 3405 2167 Tes-

1780 2213 2133 2276 tamentum,
2204 2211 2261 2262 et
2327 2208 2711 2262 institutiones
2775 2208 2894 2277 ejus
2961 2207 3406 2261 consideremus.

1783 2325 1808 2350 ‹‹
1859 2303 2036 2356 Testis
2088 2305 2280 2356 autem
2339 2301 2498 2354 nobis
2561 2307 2617 2355 et
2677 2300 2920 2371 Spiritus
2969 2305 3210 2354 sanctus.
3270 2302 3411 2354 Cum

1781 2397 1934 2454 enim
1974 2396 2183 2449 dixerit
2222 2412 2235 2449 :
2276 2397 2390 2450 Hoc
2433 2400 2626 2448 autem
2663 2394 2772 2466 (33)
2811 2399 3216 2449 testamentum
3261 2394 3413 2464 quod

1780 2490 2029 2545 testabor
2068 2490 2138 2543 ad
2179 2489 2322 2557 illos,
2365 2488 2500 2542 dicit
2546 2488 2835 2542 Dominus.
2875 2487 3028 2542 Dabo
3067 2489 3217 2558 leges
3253 2504 3413 2543 meas

1781 2585 1840 2638 in
1881 2583 2141 2638 cordibus
2182 2599 2404 2647 eorum,
2445 2585 2502 2637 et
2537 2582 2592 2635 in
2635 2581 2892 2636 sensibus
2931 2597 3127 2635 eorum
3172 2581 3411 2635 scribam

1782 2693 1896 2744 eas,
1940 2681 1996 2730 et
2035 2675 2251 2746 peccati
2296 2682 2352 2729 et
2395 2675 2683 2745 injustitias
2723 2691 2919 2729 eorum
2965 2691 3082 2728 non
3127 2690 3410 2730 memora-

1779 2771 1888 2824 bor
1924 2769 2131 2839 (Hebr.,
2175 2786 2227 2836 x,
2281 2771 2475 2838 15-17).
2519 2790 2545 2816 ››
2593 2767 2636 2822 Ο
2688 2784 2818 2821 vere
2866 2771 3104 2822 testator
3146 2771 3413 2831 internus,
3477 2791 3491 2806 -

1781 2863 1877 2934 qui
1905 2862 2112 2916 nostris
2143 2861 2405 2916 cordibus
2444 2863 2595 2932 leges
2629 2861 2813 2932 afﬁgit
2848 2877 2997 2929 suas,
3028 2865 3086 2915 et
3125 2860 3319 2916 scribit
3354 2863 3412 2915 in

1781 2955 2058 3021 sensibus,
2102 2959 2163 3009 ut
2207 2955 2348 3010 nihil
2395 2955 2551 3009 aliud
2587 2955 2858 3025 cogitare,
2888 2954 2994 3008 nisi
3037 2955 3226 3009 divina
3265 2971 3410 3026 prae-

1782 3055 1943 3121 cepta
1974 3049 2271 3120 possimus,
2302 3048 2444 3102 nihil
2469 3048 2621 3102 aliud
2654 3048 2887 3116 sentire,
2919 3047 3024 3102 nisi
3057 3048 3156 3103 Dei
3187 3050 3416 3103 oracula

1782 3142 2120 3198 debeamus!
2182 3141 2346 3197 Dedit
2399 3142 2672 3213 gratiam,
2731 3141 3058 3197 reformavit
3118 3145 3413 3207 naturam,

1783 3236 2001 3308 sibique
2050 3236 2150 3306 qui
2197 3235 2444 3291 oblivisci
2493 3235 2631 3289 nihil
2677 3236 2842 3305 solet,
2889 3235 3223 3290 memoriam
3271 3251 3419 3290 meo-

1784 3347 1911 3385 rum
1950 3329 2182 3384 abstulit
2219 3335 2610 3401 peccatorum,
2642 3329 2782 3384 mihi
2824 3329 2976 3384 dedit
3004 3334 3418 3401 praeceptorum

1784 3440 2019 3479 suorum
2053 3424 2185 3494 (34).

1855 3520 1942 3572 43.
1972 3517 2096 3572 Noli
2126 3533 2266 3588 ergo
2303 3517 2505 3572 tollere
2543 3518 2610 3572 de
2648 3517 2816 3571 corde
2855 3520 2953 3572 tuo
2991 3518 3176 3588 legem
3213 3519 3333 3583 Dei,
3365 3524 3421 3572 et

1783 3611 2017 3681 affigere
2069 3611 2258 3680 legem
2307 3610 2543 3681 peccati.
2593 3611 2715 3664 Noli
2761 3610 3008 3664 scribere
3055 3610 3113 3663 in
3159 3610 3417 3664 sensibus

1784 3705 1893 3760 tuis
1943 3704 2152 3759 diaboli
2208 3704 2525 3770 illecebras,
2578 3708 2635 3757 et
2684 3704 2785 3757 Dei
2839 3703 3028 3758 delere
3078 3704 3349 3758 mandata
3403 3723 3416 3758 :

1785 3821 1812 3848 ‹‹
1858 3800 1993 3854 Ecce
2031 3814 2161 3869 ego,
2204 3797 2408 3868 inquit,
2440 3797 2594 3868 pinxi
2635 3813 2834 3851 muros
2874 3803 3016 3863 tuos,
3051 3796 3188 3850 dicit
3227 3797 3415 3850 Domi-

1782 3909 1887 3947 nus
1916 3893 1984 3946 ad
2013 3891 2323 3946 Jerusalem
2359 3893 2508 3961 (lsa.,
2542 3907 2681 3958 xux,
2719 3890 2826 3961 l6),
2858 3909 2884 3940 η
2917 3890 3020 3943 hoc
3052 3896 3154 3958 est,
3183 3889 3248 3943 ad
3291 3891 3416 3943 ani-

1783 4003 1934 4041 mam
1975 3985 2282 4040 studiosam
2320 3983 2742 4055 tranquillitatis
2777 3986 2832 4036 et
2869 3983 3041 4054 pacis,
3077 3998 3250 4053 quam
3287 3983 3418 4037 fecit

1781 4080 1851 4134 ad
1879 4079 2185 4149 imaginem
2213 4093 2391 4131 suam.
2415 4077 2556 4145 Noli,
2581 4077 2836 4148 inquam,
2859 4076 3082 4131 auferre
3105 4075 3417 4147 imaginem

1781 4173 2082 4240 cmlestem,
2113 4177 2166 4226 et
2195 4171 2508 4242 imaginem
2544 4171 2742 4224 mortis
2782 4170 3099 4241 imponere.
3131 4171 3419 4224 Recusasti

1782 4266 2171 4322 hereditatem
2205 4264 2393 4320 saeculi
2425 4282 2436 4318 :
2467 4281 2625 4320 serva
2655 4264 2860 4320 Christi
2889 4265 3250 4330 testimonia;
3281 4281 3420 4335 quo-

1785 4362 1938 4415 niam
1967 4361 2024 4413 in
2057 4360 2145 4414 his
2173 4358 2472 4413 exsultatio
2501 4362 2674 4429 atque
2702 4357 2898 4412 laetitia
2927 4361 3033 4426 est,
3063 4357 3419 4428 quandoqui-

1783 4456 1913 4509 dem
1950 4453 2134 4507 omnis
2173 4456 2336 4507 tletus
2376 4451 2678 4518 delebitur,
2723 4454 2778 4505 et
2820 4467 2969 4504 mors
2999 4466 3111 4503 non
3152 4450 3259 4504 erit
3293 4467 3417 4504 am-

128 4539 408 4606 aC'qttisitum.
447 4545 568 4599 Alia
607 4545 862 4600 conditio
900 4551 983 4600 est
1020 4545 1364 4600 hmreditatis
1394 4546 1681 4600 humanae.
1706 4546 1954 4620 Dplius,
2002 4563 2184 4618 neque
2230 4548 2432 4614 luctus,
2478 4561 2662 4615 neque
2712 4545 2899 4610 ﬂetus,
2949 4559 3134 4614 neque
3183 4545 3417 4599 clamor.

131 4625 162 4678 Si
181 4631 319 4690 divisa
347 4638 555 4693 fuerint
582 4640 986 4707 emolumenta,
1022 4640 1380 4706 minuuntur,
1413 4643 1470 4693 et
1498 4639 1680 4693 haere-

132 4721 182 4773 tis
214 4734 278 4782 est
323 4731 593 4787 damnum
640 4733 940 4804 descriptio
991 4733 1322 4788 coheeredis.
1373 4732 1684 4788 lndivisum

133 4826 304 4886 regnum
345 4825 548 4881 Christi
595 4830 698 4893 est,
740 4825 972 4881 indivisa
1023 4826 1345 4882 haereditas.
1389 4827 1686 4890 Quomodo

133 4907 207 4964 fieri
229 4923 443 4988 poterat,
481 4924 548 4974 ut
578 4918 755 4974 divisa
796 4926 935 4975 esset
976 4920 1304 4989 haereditas;
1335 4937 1463 4974 cum
1501 4921 1684 4974 haere-

137 5000 264 5061 ditatis
318 5012 528 5068 fructus
587 5014 660 5068 sit
723 5014 1025 5081 indivisus,
1080 5015 1227 5085 quod
1291 5018 1373 5069 est
1441 5031 1686 5085 regnum

136 5096 371 5158 ttelorum?
399 5109 639 5174 Aurum,
677 5115 1000 5178 argentum,
1039 5107 1317 5178 praedium
1356 5109 1426 5162 ab
1458 5109 1686 5162 homine

178 5210 240 5275 31)
270 5217 383 5269 Mss.
430 5224 621 5273 Navar.
670 5237 818 5273 unus
858 5223 1036 5285 Colb.,
1075 5223 1230 5275 Gem.
1279 5229 1334 5274 et
1367 5223 1533 5285 Aud.,
1594 5224 1690 5274 illa

138 5278 369 5362 θδξζτὴρυίι
395 5293 582 5354 fenore
605 5294 934 5354 delictorum,
969 5278 1074 5344 etc.

176 5351 241 5425 (ἓξ)
260 5351 402 5410 Rom.
427 5363 560 5413 edit.
586 5365 723 5425 sola,
752 5351 927 5414 totum
950 5365 1208 5414 hominem
1235 5365 1518 5415 denotavit.

174 5423 241 5502 βξ)
264 5429 377 5482 Post
412 5434 641 5485 verbum
673 5423 892 5496 dixerit,
923 5437 1271 5500 subjungunt
1307 5449 1502 5487 omnes
1538 5435 1688 5496 edit,

147 5487 249 5577 {93"}
288 5514 390 5577 sum
449 5487 1171 5565 testamentorum'meorum',
1218 5521 1334 5571 qum
1387 5487 1692 5570 testiﬁcatus

147 5573 211 5646 ΨΜ
231 5573 449 5646 iurabis,
478 5583 597 5628 tunc
633 5579 988 5629 testimonium
1033 5578 1317 5642 perhibebit
1358 5578 1499 5642 quod
1533 5584 1690 5628 testa-

455 5663 472 5695 :
502 5648 604 5698 Hoc
626 5653 821 5722 autem,
851 5653 956 5700 etc.
991 5649 1101 5722 Sed
1139 5649 1232 5698 illa
1257 5663 1443 5714 neque
1471 5650 1526 5699 in
1556 5661 1690 5700 mss.

271 5715 438 5790 Anthr.
490 5725 584 5769 aut
626 5720 930 5786 Scriptum
971 5721 1104 5773 θάίῑ-
1146 5705 1470 5785 ι’θΡθΓίῙίιυδν
1508 5734 1694 5786 neque

153 5787 304 5858 ζέειῡὶβο
327 5787 426 5838 alia
463 5803 582 5840 esse
615 5792 953 5856 judicamus,
983 5806 1151 5858 quam
1185 5794 1358 5857 inepti
1396 5793 1693 5856 cujusdam

151 5853 355 5908 “Moris
382 5853 716 5923 glossemata.

393 5939 657 6007 PATROL.
709 5942 813 6006 XV
860 5942 1035 6022 (XIV,
1089 5962 1240 6008 mas
1290 5942 1391 6025 ll.)

1786 4642 1969 4695 Passio
2029 4640 2234 4695 Christi
2300 4639 2490 4709 imago
2543 4638 2648 4692 fuit
2709 4638 2869 4708 regni
2932 4638 3189 4693 ccelestis.
3242 4639 3420 4692 Nemo

1785 4735 1995 4790 audivit
2049 4735 2106 4788 in
2158 4732 2361 4804 plateis
2411 4747 2599 4786 vocem
2657 4731 2808 4800 ejus;
2857 4732 2992 4802 quia
3042 4732 3137 4785 illo
3195 4732 3418 4785 silentio

1788 4828 2056 4901 passionis
2085 4844 2198 4881 sum
2225 4827 2533 4880 clamorem
2561 4841 2789 4879 omnem
2820 4825 2876 4879 in
2902 4830 3191 4896 posterum
3225 4825 3418 4895 impiae

1788 4924 1933 4976 vocis
1975 4920 2251 4975 abolebat.
2295 4918 2526 4973 Nolebat
2567 4920 2714 4986 ﬂeri,
2757 4919 2856 4990 qui
2898 4919 3116 4974 dicebat
3162 4919 3233 4972 ad
3277 4918 3421 4971 ﬁlias

1787 5015 2097 5072 Jerusalem
2131 5031 2143 5067 :
2179 5035 2206 5062 ‹‹
2245 5013 2392 5068 Filiae
2422 5013 2758 5079 Jerusalem,
2790 5013 2969 5066 nolite
3000 5028 3090 5066 me
3131 5011 3291 5079 flere,
3324 5011 3421 5064 sed

1790 5126 1887 5164 vos
1931 5109 2081 5179 ipsas
2121 5106 2251 5162 ﬂete
2295 5106 2469 5174 (Luc.,
2517 5121 2648 5171 XXII,
2693 5107 2803 5175 28).
2850 5126 2876 5155 »
2924 5105 3226 5159 Ablaturus
3266 5103 3418 5156 enim

1857 5224 1953 5286 (34)
2011 5223 2161 5272 Edit.
2223 5221 2572 5291 Rom.‘sola,
2624 5221 2858 5291 mihique
2905 5219 3046 5268 dedit
3090 5217 3250 5291 legem
3292 5231 3425 5281 prae-

1790 5300 2055 5358 ceptorum
2083 5307 2320 5343 suorum.
2356 5290 2467 5342 Sed
2504 5305 2719 5353 vocem,
2764 5290 2939 5352 legem,
2969 5301 3151 5352 neque
3196 5290 3250 5337 in
3290 5302 3421 5338 mss.

1791 5366 1938 5426 ullis,
1971 5377 2154 5429 neque
2195 5365 2251 5413 in
2295 5366 2397 5414 vet.
2443 5362 2572 5413 edit.
2616 5362 2882 5411 invenias.
2918 5361 3023 5409 Hic
3065 5372 3195 5423 ergo
3232 5360 3426 5410 subin—

1792 5437 1976 5499 tellige
2001 5435 2330 5488 memoriam,
2363 5446 2489 5498 quas
2531 5433 2587 5481 in
2631 5431 2915 5495 superiore
2950 5429 3199 5480 membro
3237 5432 3427 5494 expri-

1791 5508 1975 5556 mitur.
2005 5507 2211 5557 Iterum
2238 5517 2366 5554 mss.
2397 5517 2610 5562 omnes,
2641 5506 2695 5553 et
2718 5501 2845 5552 edit.
2876 5504 3011 5561 ant.,
3037 5500 3231 5563 future
3257 5503 3433 5552 instar

1793 5578 2138 5629 beatitudinis
2201 5575 2492 5626 exhibebat.
2547 5575 2704 5624 Rom.
2762 5572 2893 5622 edit.
2953 5572 3129 5622 sola...
3191 5573 3429 5622 laetitiam

1792 5649 2088 5700 exhibebat.
2149 5647 2212 5698 In
2269 5659 2516 5706 cassum,
2578 5643 3032 5709 quandoquidem
3100 5656 3299 5695 sensus
3370 5646 3424 5693 in

1795 5722 1962 5786 priori
1996 5720 2237 5771 lectione
2275 5718 2408 5768 satis
2441 5719 2672 5786 constat,
2701 5728 2828 5767 cum
2873 5729 2982 5766 vox
3021 5717 3195 5765 instar
3236 5727 3420 5766 exem~

1794 5785 1948 5856 plum
1979 5792 2097 5841 sive
2128 5790 2428 5853 imaginem
2457 5785 2747 5850 signiﬁcet.

3028 5946 3098 6004 47
