3930 6168
431 289 565 342 1483

1913 289 1967 342 S'.
2011 285 2328 344 AMBROSII

3645 281 3782 335 1484

426 426 623 464 omnes
661 411 941 481 lacrymas
984 416 1102 464 suae
1147 410 1420 466 beneﬁcio
1458 410 1660 480 crucis,
1693 411 1752 466 in
1794 411 2057 482 passione
2081 409 2683 495 Ainterpretationem
2737 408 2937 476 habet,
2997 407 3169 463 Audi.
3220 407 3311 461 Est
3380 409 3439 459 et
3505 405 3618 458 alia
3670 405 3792 474 ejus

424 504 653 574 propria
700 503 909 558 futurae
962 503 1139 557 instar
1188 504 1556 559 beatitudinis
1609 504 1942 574 exhibebat,
1993 507 2061 558 ut

426 612 595 650 nemo
637 596 818 664 fleret,
860 597 969 650 nisi
1013 597 1113 667 qui
1161 597 1365 652 Christi
1413 598 1691 652 beneficia
1734 614 1852 652 non
1896 603 2056 653 tene-

428 693 535 742 ret.

493 783 584 837 44.
624 783 819 838 Merito
863 799 1000 854 ergo
1044 783 1128 838 vir
1168 785 1540 855 Evangelicus
1583 785 1718 840 dicit
1761 801 1774 839 :
1812 785 2055 840 Heredi-

425 882 536 930 tate
586 880 811 945 quasiet“
861 879 1166 932 testimonia
1212 884 1310 932 tua
1354 881 1412 932 in
1465 884 1756 944 wternum;
1802 881 2058 948 quoniam

423 971 714 1025 exsultatio
755 971 931 1026 cordis
978 974 1082 1025 mei
1120 978 1268 1027 sunt.
1311 972 1448 1036 Quis
1487 988 1600 1026 non
1646 972 1912 1040 exsultet,
1959 970 2058 1042 qui

425 1064 630 1118 ccelum
681 1069 739 1118 et
792 1069 1000 1119 terram
1053 1065 1384 1119 haereditate
1433 1064 1708 1135 quaesivit-
1747 1067 1893 1136 (quae
1945 1064 2059 1119 duo

428 1157 708 1210 elementa
747 1161 1090 1211 contestatus
1138 1164 1222 1212 est
1268 1157 1439 1212 etiam
1487 1159 1652 1225 Deus,
1694 1174 1825 1213 cum
1867 1159 2058 1229 legem

427 1251 624 1319 daret),
655 1250 790 1320 quia
825 1251 1082 1321 quaesivit
1115 1253 1316 1317 Deum,
1347 1251 1416 1305 de
1451 1267 1564 1321 quo
1600 1251 1734 1305 dicit
1767 1251 2008 1306 Sanctus
2042 1269 2055 1306 :

427 1362 455 1392 ‹‹
489 1343 675 1397 Portio
717 1359 847 1398 mea
882 1343 1156 1398 Dominus
1188 1345 1352 1413 (Psal.
1392 1360 1555 1412 Lxxn,
1593 1344 1713 1415 26);
1745 1363 1773 1396 ι)
1804 1344 2061 1416 ᾳυεξιεὶνίῖ.

427 1436 733 1490 Dominum
787 1438 996 1503 Jesum,
1051 1437 1308 1508 quaesivit
1349 1437 1622 1506 Spiritum
1672 1442 1950 1506 sanctum,
2005 1441 2061 1492 et

426 1532 551 1598 post
590 1529 689 1583 illa
727 1529 989 1600 quassivit
1027 1530 1277 1599 angelos,
1321 1533 1380 1583 et
1421 1546 1553 1584 cum
1598 1530 1711 1584 illis
1754 1530 1910 1598 vivit,
1941 1546 2058 1585 non

425 1622 596 1675 hodie
636 1627 858 1676 tantum
905 1621 1158 1693 1157
1205 1629 1262 1678 et
1305 1639 1444 1686 cras,
1489 1623 1586 1677 sed
1630 1624 1687 1677 in
1723 1627 2002 1679 aeternum
2041 1641 2054 1678 :

421 1730 530 1768 nec
565 1714 695 1768 ullis
730 1732 830 1784 pro
872 1716 1101 1768 nomine
1133 1715 1360 1769 Domini
1397 1715 1763 1771 contristatur
1801 1716 2060 1787 injuriis?

424 1808 673 1876 Denique
721 1808 1048 1876 gaudebant
1103 1808 1344 1877 apostoli
1406 1825 1531 1862 cum
1587 1797 2136 1877 verberarentur,B

423 1916 552 1953 cum
581 1900 640 1952 II]
670 1916 952 1954 carcerem
980 1901 1368 1956 truderentur.

491 1995 580 2046 45.
631 1995 804 2059 (Vers.
855 1995 997 2063 H2.)
1043 1995 1342 2049 Exsultans
1389 1995 1562 2067 igitur
1608 1997 1665 2050 in
1716 1996 2057 2052 testimoniis

421 2087 648 2140 Domini
669 2087 798 2157 jure
827 2087 1053 2142 dicebat
1080 2105 1092 2141 :
1130 2089 1399 2144 [noli-navi
1427 2105 1518 2144 cor
1543 2105 1720 2144 meum
1750 2091 1825 2144 ad
1849 2092 2053 2158 fac-ien-

420 2181 518 2234 das
540 2181 791 2248 justitias
827 2185 949 2234 tuus
981 2183 1040 2235 in
1074 2187 1354 2245 aeternum,
1375 2188 1602 2253 propter
1628 2184 2052 2239 retributionem.

418 2273 525 2336 Qui
566 2273 1003 2329 retributionem
1033 2275 1316 2330 bonorum
1352 2292 1592 2346 operum
1631 2281 1822 2347 sperat
1851 2293 1885 2330 a
1919 2277 2054 2345 Deo,

419 2372 476 2420 et
519 2366 590 2420 ad
637 2383 768 2422 eum
818 2367 1073 2437 festinat,
1120 2369 1353 2423 inclinat
1403 2386 1498 2424 cor
1545 2387 1730 2439 suum,
1778 2373 1842 2425 ut
1883 2369 2058 2425 faciat

420 2459 625 2515 Christi
651 2460 924 2530 justitias.
957 2462 1094 2524 Quae
1129 2465 1214 2516 est
1245 2462 1453 2517 Christi
1475 2463 1734 2534 justitia?
1763 2463 1893 2519 Sine
1928 2479 2054 2530 nos,

420 2552 628 2623 inquit,
660 2553 896 2624 implere
939 2570 1172 2609 omnem
1209 2555 1493 2625 justitiam
1537 2557 1783 2624 (Matth.,
1821 2573 1902 2624 ιιι,
1945 2557 2052 2626 l5),

419 2662 534 2717 qua
564 2650 860 2717 peccatum
890 2647 1187 2717 minuitur,
1216 2649 1381 2718 culpa
1410 2651 1649 2704 laxatur.
1680 2651 1748 2704 Et
1779 2650 1923 2704 bene
1951 2650 2053 2719 ait,

348 2779 362 2793 .
419 2740 720 2806 Inclinavi;
769 2745 828 2794 ut
876 2756 991 2794 non
1035 2741 1108 2796 sit
1151 2742 1256 2796 tibi
1299 2742 1546 2797 arduum
1589 2748 1758 2814 atque
1804 2743 2052 2812 difﬁcile,

419 2849 550 2887 cum
581 2836 840 2888 mentem
873 2840 1032 2889 tuam
1065 2835 1224 2906 quasi
1261 2836 1334 2890 ad
1369 2836 1605 2891 humilia
1634 2840 1691 2890 et
1716 2838 1886 2907 plana
1914 2853 2051 2892 con-

419 2930 624 2981 vertas.
653 2930 764 2982 Aut
791 2931 942 2982 certe
971 2929 1244 2998 quoniam
1284 2929 1562 3000 sapientia
1595 2930 1782 2984 carnis
1807 2930 1920 3002 legi
1951 2930 2053 2985 Dei

421 3038 539 3075 non
589 3025 673 3074 est
716 3020 964 3088 subdita,
1005 3021 1227 3076 videtur
1271 3021 1545 3076 inclinare
1590 3039 1688 3077 cor
1727 3040 1915 3090 suum,
1958 3023 2056 3094 qui

424 3114 535 3183 legi
572 3113 705 3167 facit
748 3129 867 3166 esse
910 3113 1251 3183 subjectum,
1291 3116 1666 3170 extollentem
1707 3133 1765 3170 se
1805 3116 2058 3187 corporis

421 3164 671 3273 sensum,
710 3164 1079 3277 contllituqhe
1119 3164 1410 3278 religionis
1451 3208 1704 3265 inﬂectit.
1741 3164 1926 3281 Atque
1963 3211 2056 3266 ille
2078 3164 2132 3238 Ο

421 3299 642 3353 dudum
667 3299 942 3354 extollens
968 3316 1026 3354 se
1050 3301 1283 3370 frustra,
1309 3307 1366 3356 et
1391 3301 1619 3358 inﬂatus
1646 3307 1841 3358 mente
1866 3303 2057 3358 carnis

421 3409 558 3459 suae,
586 3409 718 3447 cum
747 3409 806 3447 se
833 3393 1117 3462 humiliat,
1153 3395 1414 3450 inclinat.

491 3488 580 3541 46.
612 3487 935 3541 Humiliavit
958 3488 1113 3542 enim
1141 3493 1197 3544 et
1221 3490 1341 3560 ipse
1367 3505 1426 3545 se
1453 3490 1729 3560 Christus,
1759 3496 1819 3545 ut
1846 3506 2054 3546 novum

421 3580 696 3635 conderet
755 3582 1204 3637 Testamentum.
1263 3583 1404 3638 Cum
1463 3585 1590 3655 lego
1649 3584 2054 3656 Evangelium,

420 3673 590 3728 audio
659 3673 860 3728 Filium
924 3675 1026 3730 Dei
1091 3691 1323 3732 carnem
1387 3678 1692 3749 sumpsisse
1753 3678 1822 3734 de
1886 3678 2058 3733 Maria

422 3769 666 3836 (Matth.,
728 3785 763 3835 ι,
826 3771 932 3840 l6),
989 3769 1186 3825 videor
1250 3771 1393 3825 mihi
1457 3788 1588 3826 cum
1650 3773 1871 3829 Christo
1936 3773 2057 3844 ipse

421 3862 790 3917 descendere.
842 3863 990 3934 Lego
1039 3865 1194 3919 enim
1241 3881 1395 3934 eum,
1445 3866 1544 3937 qui
1585 3883 1714 3921 cum
1765 3867 1825 3921 in
1869 3867 2058 3922 forma

424 3956 520 4010 Dei
547 3959 709 4022 esset,
739 3957 1110 4028 semetipsum
1139 3959 1476 4028 exinanivit;
1510 3959 1814 4015 exinanivit
1839 3964 2054 4026 autem,

429 4054 489 4102 ut
531 4049 774 4104 formam
817 4050 965 4104 servi
1009 4051 1314 4122 acciperet;
1358 4058 1414 4107 et
1463 4054 1644 4124 specie
1692 4055 1952 4109 inventus
1998 4061 2060 4110 ut

425 4141 616 4207 homo,
666 4141 984 4196 humiliavit
1028 4160 1088 4197 se
1136 4160 1314 4215 usque
1362 4146 1431 4200 ad
1482 4150 1725 4201 mortem
1774 4148 2057 4218 (Philipp,

422 4249 484 4298 ιι,
522 4238 574 4301 6,
622 4237 692 4303 7).
737 4235 886 4303 Lego
927 4236 1080 4290 enim
1127 4237 1412 4292 dicentem
1457 4258 1468 4293 :
1517 4259 1543 4289 «
1589 4240 1780 4294 Venite
1827 4240 1896 4294 ad
1940 4257 2056 4310 me,

424 4343 622 4380 omnes
665 4328 758 4398 qui
808 4327 1074 4383 laboratis
1118 4337 1173 4384 et
1215 4331 1432 4385 onerati
1478 4332 1631 4401 estis,
1675 4338 1731 4387 et
1773 4349 1879 4404 ego
1924 4335 2056 4388 reﬁ-

423 4421 568 4474 ciam
597 4437 712 4476 vos.
747 4421 940 4477 Tollite
963 4422 1173 4493 jugum
1201 4440 1396 4478 meum
1429 4441 1602 4495 super
1628 4442 1741 4492 vos,
1773 4432 1828 4480 et
1866 4427 2058 4483 discite

426 4531 459 4568 a
487 4531 576 4569 me
606 4515 740 4586 quia
773 4515 927 4570 mitis
965 4533 1111 4586 sum,
1147 4521 1203 4571 et
1237 4518 1470 4572 humilis
1505 4519 1678 4574 corde
1706 4519 1948 4590 (Matth,
1981 4539 2055 4590 xi,
2078 4532 2137 4603 D

426 4610 514 4674 28,
543 4607 654 4677 29).
684 4629 710 4656 ››
742 4609 866 4663 Νοιι
891 4610 1030 4665 dixit
1059 4629 1071 4664 :
1108 4611 1314 4666 Discite
1339 4629 1371 4666 a
1399 4629 1489 4667 me
1514 4613 1646 4683 quia
1675 4618 1878 4684 potens
1902 4631 2058 4685 sum;

425 4717 537 4754 non
579 4700 722 4755 dixit
762 4719 775 4756 :
825 4703 1025 4757 Discite
1067 4720 1099 4758 a
1141 4720 1231 4759 me
1274 4705 1408 4775 quia
1452 4707 1734 4776 gloriosus
1776 4725 1926 4778 sum,
1963 4710 2062 4765 sed

425 4794 623 4848 discite
665 4811 699 4848 a
739 4811 833 4849 me
873 4796 1007 4866 quia
1051 4797 1284 4852 humilis
1311 4815 1458 4865 sum,
1493 4800 1644 4871 quod
1673 4803 1911 4872 potestis
1935 4803 2060 4858 imi-

425 4887 558 4942 tari.
588 4888 768 4942 Nolite
795 4889 1063 4943 extollere
1090 4907 1205 4956 vos,
1232 4892 1402 4946 nolite
1429 4894 1674 4949 exaltare
1699 4911 1795 4950 cor
1816 4900 2063 4952 vestrum

427 4982 555 5052 (33$).
609 4982 805 5037 Docuit
850 4999 987 5054 ergo
1037 5001 1129 5038 me
1181 4985 1490 5053 humiliari,
1540 4993 1597 5042 et
1643 4988 1918 5046 inclinare
1965 5008 2065 5046 cor

428 5091 619 5130 meum
665 5075 737 5130 ad
779 5075 1067 5136 faciendas
1100 5077 1374 5148 justitias,
1413 5096 1525 5135 non
1563 5081 1636 5136 ad
1679 5081 2060 5154 iniquitatem,

428 5171 524 5226 sed
565 5171 638 5223 ad
677 5170 1008 5240 aequitatem
1045 5170 1339 5240 inclinare,
1371 5181 1599 5246 prepter
1633 5178 2061 5232 retributionem.

427 5263 747 5319 Retributio
787 5281 1028 5335 regnum
1071 5266 1366 5334 caelorum,
1405 5264 1464 5323 Et
1499 5269 1747 5339 paradisi
1789 5275 1872 5326 est
1901 5271 2061 5327 inco-

433 5359 599 5413 latus.

787 5453 1016 5509 SERMO
1064 5455 1356 5512 DECIMUS
1394 5455 1703 5521 QUINTUS.

1085 5554 1124 5601 D
1168 5537 1422 5602 Samech.

507 5641 556 5692 l.
610 5638 808 5710 Incipit
861 5640 1084 5696 Sumech
1135 5641 1326 5698 littera
1375 5643 1593 5698 decima
1649 5643 1876 5716 quinta,
1937 5659 2065 5716 quia

495 5761 593 5822 (35)
633 5761 713 5808 lta
750 5774 876 5809 mss.
919 5776 1130 5814 omnes.
1176 5764 1317 5815 Edit.
1370 5769 1574 5829 autem,
1617 5765 1786 5818 Nolite
1824 5767 2067 5818 emanare

433 5842 596 5882 σοι-ιιι(
619 5833 865 5880 vestrum.

2160 503 2570 573 interpretatio,
2610 518 2738 573 quas
2780 502 3007 568 dicitur,
3045 503 3483 556 Firmamentum.
3521 498 3666 562 Quid
3711 502 3796 552 est

2159 597 2352 652 Audi?
2379 597 2501 651 Non
2533 596 2710 651 otiose
2739 596 2948 650 dicitur
2975 594 3125 666 quod
3154 608 3454 648 commune
3483 595 3569 646 est
3604 591 3792 646 omni-

2159 690 2284 757 bus,
2315 695 2372 744 et
2396 689 2642 760 suppetit
2680 689 2958 744 universis
2980 688 3104 758 ipso
3125 687 3256 757 jure
3293 689 3539 742 naturae.
3571 687 3638 740 Et
3664 685 3794 738 ideo

2160 799 2274 837 non
2321 788 2405 837 est
2449 783 2698 838 otiosum
2744 783 2894 854 quod
2931 779 3256 836 admoneris
3295 783 3357 834 ut
3401 779 3620 846 audias,
3665 794 3796 832 cum

2160 878 2330 932 etiam
2373 877 2555 944 inviti,
2596 883 2652 931 et
2697 876 2850 931 aliud
2898 878 3156 946 agentes,
3198 889 3400 928 sonum
3448 879 3666 940 tamen,
3699 875 3798 925 aut

2159 986 2354 1024 vocem
2395 970 2595 1024 audire
2637 971 2935 1024 soleamus.
2980 969 3095 1024 Sed
3139 968 3271 1039 quia
3316 983 3433 1022 non
3476 970 3564 1020 est
3607 965 3795 1019 solum

2159 1063 2354 1118 audire
2383 1062 2490 1118 hoc
2521 1063 2674 1133 quod
2703 1062 2955 1132 suppetit
2983 1061 3165 1115 ofﬁcio
3205 1063 3445 1127 naturai,
3483 1059 3580 1114 sed
3618 1058 3796 1113 etiam

2160 1156 2300 1211 illud
2348 1157 2498 1227 quod
2543 1157 2727 1226 majus
2769 1161 2872 1223 est,
2916 1158 2981 1210 ut
3021 1155 3217 1210 audias
3260 1170 3376 1208 non
3423 1169 3527 1208 usu
3572 1155 3795 1206 tantum

2160 1250 2430 1320 corporis,
2462 1253 2738 1320 quantum
2779 1249 3071 1304 intellectu
3107 1248 3336 1313 mentis,
3379 1247 3504 1302 ideo
3546 1245 3797 1316 diligen-

2159 1344 2270 1398 tius
2313 1342 2608 1398 considera
2645 1343 2807 1397 istius
2851 1341 3054 1397 litterae
3104 1339 3660 1412 interpretationem,
3705 1355 3794 1391 se-

2161 1437 2418 1507 riemque
2445 1452 2713 1490 versuum
2743 1435 2840 1506 qui
2867 1438 3200 1506 sequuntur.

2231 1556 2282 1605 2.
2331 1553 2399 1606 Ut
2444 1552 2665 1606 noveris
2708 1556 2900 1606 autem
2950 1550 3250 1620 mysticum
3298 1565 3418 1602 esse
3468 1548 3690 1615 audire,
3737 1555 3800 1602 ut

2161 1645 2356 1699 audias
2396 1650 2453 1699 et
2495 1644 2782 1715 intelligas
2826 1644 3115 1715 mysteria,
3161 1643 3230 1696 de
3271 1641 3477 1696 Iudaeis
3519 1640 3797 1711 scriptum

2160 1744 2246 1793 est
2283 1755 2295 1792 :
2338 1757 2367 1790 (ι
2405 1740 2553 1792 Aure
2599 1736 2838 1792 audietis
2876 1738 3026 1806 (lsa.,
3055 1751 3131 1803 vr,
3175 1736 3248 1806 9),
3289 1756 3316 1785 »
3351 1735 3486 1805 quia
3521 1734 3796 1805 mysteria

2162 1831 2302 1901 legis
2357 1830 2681 1898 audierunt,
2741 1828 2998 1902 1158
3051 1829 3149 1884 sed
3200 1845 3315 1883 non
3371 1828 3785 1882 intellexerunt.

2158 1925 2318 1979 Unde
2377 1925 2456 1978 ait
2507 1923 2782 1978 Dominus
2840 1942 2850 1976 :
2909 1943 2936 1975 α
2990 1922 3159 1991 Audi,
3206 1922 3448 1992 populus
3502 1937 3687 1987 meus,
3739 1925 3796 1973 et

2157 2020 2358 2088 loquar
2397 2018 2560 2085 (Psal.
2607 2033 2754 2083 xux,
2797 2021 2871 2085 7).
2917 2038 2944 2066 »
2989 2017 3097 2070 Lex
3136 2015 3336 2086 utique
3375 2013 3646 2084 spiritalis
3687 2015 3794 2080 est,

2159 2111 2289 2166 audi
2339 2127 2477 2181 ergo
2524 2110 2872 2181 spiritaliter.
2926 2109 3176 2180 Denique
3225 2107 3322 2179 qui
3372 2107 3529 2160 scivit
3574 2107 3795 2172 audire,

2159 2205 2280 2259 ait:
2315 2226 2340 2253 (ι
2369 2205 2607 2258 Audiam
2645 2204 2778 2274 quid
2813 2203 3080 2273 loquatur
3107 2203 3168 2256 in
3205 2217 3300 2256 me
3339 2201 3612 2255 Dominus
3651 2201 3801 2254 Deus

2158 2299 2326 2370 (Psal.
2356 2313 2569 2365 Lxxxw,
2607 2297 2682 2366 9),
2719 2318 2746 2347 »
2783 2297 2838 2352 id
2869 2300 2974 2366 est,
3009 2311 3345 2367 cognoscam
3388 2295 3522 2366 quid
3569 2296 3800 2349 locutus

2156 2393 2216 2446 in
2260 2407 2351 2446 me
2393 2391 2563 2446 fuerit
2610 2393 2770 2445 Deus.
2819 2389 3070 2461 Ideoque
3121 2389 3255 2444 alibi
3303 2391 3383 2443 ait
3429 2406 3442 2442 :
3493 2409 3520 2437 ‹‹
3568 2389 3800 2452 Quanta

2157 2484 2492 2553 audivimus,
2533 2488 2591 2538 et
2630 2483 3000 2554 cognovimus
3044 2499 3109 2536 ea
3140 2482 3306 2552 (Psat.
3349 2498 3512 2547 Lxxn,
3554 2483 3632 2551 3),
3661 2503 3689 2528 »
3727 2486 3798 2534 ut

2157 2577 2670 2648 comprehenderet
2713 2592 2829 2630 non
2869 2575 3053 2630 solum
3098 2575 3317 2629 audisse
3355 2590 3433 2642 se,
3472 2574 3572 2628 sed
3615 2573 3798 2627 etiam

2156 2670 2521 2726 intellexisse.
2554 2672 2727 2725 Nemo
2764 2669 2920 2723 enim
2955 2669 3260 2740 cognoscit,
3291 2668 3397 2722 nisi
3429 2667 3588 2738 prius
3618 2668 3796 2722 intel-

2157 2765 2374 2820 lexerit.
2422 2764 2566 2818 Audi
2617 2780 2774 2833 ergo,
2823 2779 2894 2818 ne
2941 2763 2987 2816 si
3035 2768 3092 2816 te
3143 2763 3328 2816 videat
3379 2761 3798 2832 negligentem,

2156 2858 2345 2913 veniat
2387 2860 2601 2924 Petrus,
2639 2855 2872 2926 arripiat
2911 2855 3185 2925 gladium,
3226 2854 3519 2909 abscindat
3561 2855 3796 2909 auricu-

2156 2952 2271 3005 lam
2304 2956 2499 3020 tuam;
2528 2949 2684 3022 quod
2719 2948 3005 3020 superﬂuo
3044 2949 3249 3004 habeas
3276 2964 3474 3004 aurem
3514 2948 3801 3018 corporis,

2157 3045 2253 3115 qui
2296 3044 2494 3099 audire
2534 3049 2589 3098 et
2635 3043 2958 3097 examinare
3001 3029 3119 3098 non
3163 3041 3404 3096 noveris.
3447 3043 3510 3095 Et
3553 3041 3800 3095 fortasse

2158 3139 2424 3192 virtutem
2463 3137 2668 3191 animae
2709 3152 2819 3207 qua
2859 3137 3258 3191 examinantur
3293 3151 3653 3207 quaecunque
3696 3151 3798 3188 au-

2159 3230 2414 3299 diuntur,
2455 3230 2702 3284 habeant
2743 3235 3110 3301 amputatam,
3153 3229 3250 3300 qui
3290 3229 3345 3283 in
3388 3244 3453 3283 ea
3492 3227 3800 3283 altitudine

2158 3341 2272 3396 qua
2303 3323 2576 3395 scriptum
2610 3325 2716 3389 est,
2744 3323 2940 3378 audire
2967 3339 3085 3378 non
3111 3328 3370 3394 possunt.

2228 3444 2279 3495 3.
2337 3439 2644 3511 Meritoque
2711 3439 2857 3493 hanc
2918 3439 3172 3494 litteram
3233 3442 3632 3508 ﬁrmamentum
3699 3439 3801 3493 alii

2157 3533 2515 3606 interpretati
2546 3538 2678 3587 sunt
2713 3550 2725 3586 :
2758 3532 2909 3604 quod
2950 3549 3082 3587 cum
3119 3531 3410 3603 superiore
3445 3532 3798 3603 interpreta-

2159 3628 2311 3683 tione
2363 3627 2682 3696 concurrit;
2735 3625 2844 3680 nisi
2899 3626 3056 3680 enim
3111 3625 3499 3696 unusquisque
3550 3626 3812 3680 audierit

2158 3721 2290 3793 quid
2321 3720 2481 3791 sequi
2518 3720 2740 3787 debeat,
2777 3735 2949 3774 nemo
2985 3719 3264 3774 ﬁrmatur.
3296 3719 3360 3774 In
3395 3718 3577 3773 officio
3619 3719 3824 3789 igitur

2157 3814 2426 3870 audiendi
2451 3813 2715 3868 omnium
2743 3813 3169 3868 ﬁrmamentum
3201 3817 3305 3867 est.

2228 3934 2282 3987 4.
2312 3931 2455 3987 Dicit
2486 3931 2661 4002 igitur
2697 3929 2798 3985 tibi
2828 3930 2889 3983 in
2931 3929 3172 3984 Threnis
3206 3929 3478 3985 Jeremias
3512 3929 3826 4000 propheta

2159 4042 2260 4096 per
2296 4025 2567 4091 litteram,
2597 4025 2751 4078 audi.
2783 4024 2848 4078 Et
2880 4029 2946 4078 ut
2973 4023 3114 4077 scias
3150 4024 3450 4094 mysticum
3481 4039 3606 4077 esse
3645 4027 3825 4095 quod

2159 4118 2355 4173 audire
2395 4117 2655 4186 .debeas,
2714 4115 2949 4187 subjecit
3013 4116 3342 4188 hujusmodi
3405 4116 3612 4171 seriem
3669 4118 3826 4173 huic

2158 4212 2360 4268 littera:
2409 4229 2422 4265 :
2472 4232 2499 4260 ‹‹
2548 4210 2794 4264 Abstulit
2841 4226 3038 4264 omnes
3092 4210 3266 4264 fortes
3312 4227 3470 4266 meos
3519 4211 3828 4267 Dominus

2160 4305 2228 4360 de
2255 4304 2441 4360 medio
2469 4305 2605 4359 mei.
2638 4303 2862 4358 Vocavit
2890 4303 2948 4356 in
2981 4319 3069 4358 me
3101 4306 3346 4376 tempus,
3381 4310 3439 4358 ut
3473 4309 3828 4362 contereret

2161 4399 2218 4453 in
2256 4415 2349 4453 me
2388 4399 2598 4453 electos
2639 4414 2814 4453 meos.
2853 4398 3060 4452 Locum
3101 4397 3332 4452 calcavit
3370 4399 3644 4453 Dominus
3683 4402 3822 4455 vir-

2161 4493 2281 4564 gini
2305 4492 2464 4547 ludas
2489 4491 2732 4562 (Thren.,
2765 4508 2798 4558 ι,
2836 4493 2939 4562 13).
2971 4513 2997 4540 ››
3029 4493 3148 4546 Νοιι
3169 4496 3306 4546 tunc
3335 4491 3566 4546 abstulit
3591 4509 3832 4550 omnes

2162 4585 2370 4640 Iudaeae
2425 4585 2600 4640 fortes
2663 4585 2973 4652 Dominus,
3025 4585 3252 4656 quando
3307 4585 3364 4639 in
3428 4585 3836 4657 Dabylonian‘i

2164 4680 2460 4750 regionem
2501 4678 2756 4750 captivus
2798 4677 2998 4733 ductus
3039 4684 3124 4733 est
3167 4680 3407 4751 p0pulus
3442 4678 3836 4751 Iudaeorum,

2165 4773 2259 4828 sed
2302 4772 2528 4845 quando
2569 4772 2824 4827 Christus
2858 4772 3106 4842 advenit,
3147 4776 3204 4826 et
3240 4773 3555 4828 libertatem
3587 4774 3842 4832 animae

2164 4884 2280 4921 suae
2320 4867 2537 4938 captiva
2585 4882 2699 4921 non
2739 4865 2900 4934 vidit,
2941 4866 3196 4921 nesciens
3239 4866 3500 4937 gravibus
3538 4866 3841 4925 incurva-

2165 4967 2284 5015 tam
2318 4961 2560 5032 peccatis
2591 4960 2798 5014 mentis
2827 4976 2943 5014 suae
2975 4960 3196 5030 erigere
3226 4961 3522 5028 cervicem,
3554 4966 3614 5016 et
3637 4978 3846 5033 que.—

2165 5054 2301 5109 dam
2329 5053 2463 5108 tidei
2494 5053 2636 5109 colla
2662 5052 2732 5107 ad
2759 5053 2946 5108 lucem
2983 5053 3323 5124 cognitionis
3351 5053 3626 5109 attollere.
3667 5055 3847 5113 Ideo

2165 5148 2318 5202 lacus
2379 5149 2556 5202 factus
2619 5152 2703 5202 est
2763 5146 2967 5202 Iudaeis
3027 5147 3211 5217 passio
3276 5147 3609 5216 Salvatoris,
3671 5166 3848 5221 quas

2165 5241 2428 5312 gentibus
2475 5244 2704 5311 portum
2751 5240 2946 5295 salutis
2997 5241 3242 5296 ostendit
3293 5241 3431 5312 (36);
3479 5240 3614 5313 quia
3664 5260 3850 5302 crux

2166 5336 2389 5390 Domini
2427 5351 2543 5389 non
2575 5334 2940 5390 credentibus
2977 5334 3352 5406 praecipitium
3379 5338 3483 5402 est,
3517 5335 3635 5388 vita
3672 5353 3849 5395 cre-

2167 5429 2449 5485 dentibus.
2506 5431 2617 5484 Hac
2668 5427 2888 5483 ratione
2939 5428 3234 5498 praemisit,
3279 5429 3449 5492 Audi,
3501 5433 3560 5482 ut
3605 5429 3852 5489 futura

2166 5528 2553 5594 cognosceret.

2235 5649 2288 5699 5.
2336 5643 2460 5698 Alio
2503 5659 2730 5716 quoque
2771 5645 2891 5699 loco
2927 5643 3132 5699 litterae.
3177 5644 3309 5698 huic
3347 5644 3448 5699 ista
3495 5643 3754 5716 subjecit
3835 5673 3856 5711 ε

2229 5767 2322 5826 (36)
2352 5767 2605 5830 Plerique
2635 5780 2787 5829 mss,
2819 5773 3028 5831 portum
3057 5767 3245 5818 salutis
3269 5768 3505 5819 ostendit.
