3930 6168
171 288 262 342 1185

1209 277 1562 334 EXPOSITIO
1602 279 1670 335 IN
1709 278 2029 336 PSALMUM
2068 280 2294 335 CXVIII.

3292 284 3426 338 1486

167 405 473 460 «ιτωιιεωιιῐ
500 416 665 472 super
692 403 751 456 te
790 415 993 456 manus
1019 401 1125 471 (37)
1156 416 1359 456 omnes
1392 405 1693 458 transeun-
1717 403 2050 488 Aabsolute
2113 403 2323 458 lectum
2373 405 2458 459 est
2509 419 2522 456 :
2584 418 2700 458 non
2761 403 2935 472 dixit,
2985 405 3091 460 hoc
3140 410 3239 461 aut
3285 405 3427 462 illud

165 509 218 555 tes
265 514 350 570 per
399 497 566 562 viam;
623 495 996 550 sibilaverunt
1057 497 1115 549 et
1177 500 1481 552 moverunt
1531 502 1698 568 caput

163 587 277 648 suum
319 607 469 662 super
522 589 692 644 ﬁliam
748 590 1082 644 Jerusalem.
1140 590 1267 643 Haec
1316 594 1402 645 est
1461 590 1695 657 civitas,

162 688 358 749 dicentes,
406 700 596 738 corona
652 682 880 754 gloriae,
933 688 992 737 et
1036 683 1363 753 jucunditas
1419 683 1696 739 universae

160 786 270 833 terra:
292 779 507 847 (Thren.,
539 793 598 845 ιι,
646 775 753 849 15).
781 798 809 826 ››
849 777 1182 832 Passianem
1218 777 1522 832 Salvataris
1558 793 1695 848 pra-

156 871 318 944 phetari
346 871 530 941 liquet,
570 872 628 924 et
668 869 862 926 deﬂeri
905 870 976 924 ab
1006 871 1255 925 Jeremia
1288 870 1571 925 excidium
1598 872 1696 925 Ju-

155 967 345 1019 deorum
386 966 504 1034 (38),
531 963 682 1035 quod
717 980 849 1019 cum
885 981 949 1019 ex
977 963 1120 1031 aliis,
1150 967 1272 1019 tum
1312 981 1377 1020 ex
1407 964 1502 1019 illo
1528 964 1695 1020 intel-

1798 497 2098 563 transiens,
2133 496 2230 552 sed
2258 497 2660 552 tantummodo
2681 496 2981 552 transiens.
3011 497 3115 552 Ubi
3142 499 3198 552 in
3227 501 3377 555 mala
3404 517 3418 554 :

1799 611 1827 638 ι(
1866 592 2265 659 Transeuntes,
2294 590 2500 662 inquit,
2529 591 2680 646 viam
2711 591 2878 661 (Psal.
2912 607 3096 660 anx,
3132 593 3235 661 13).
3268 613 3295 641 ››
3328 593 3426 646 Via

1799 684 1955 738 enim
1983 684 2136 739 bona
2163 691 2267 754 est,
2297 701 2425 756 quae
2456 702 2489 738 a
2528 683 2976 739 commeantibus
3015 684 3428 757 frequentatur,

1798 795 1912 832 non
1951 778 2116 833 facile
2151 778 2474 833 incursatur
2515 796 2547 832 a
2588 779 2918 846 latronibus,
2949 780 3048 850 qui
3085 795 3282 832 aversa
3307 778 3428 833 via-

1796 888 1925 927 rum
1976 871 2238 927 obsidere
2293 878 2673 938 consuerunt;
2732 872 2922 942 regale
2975 871 3082 926 iter
3139 873 3430 927 munitum

1797 970 1899 1021 est.
1946 965 2157 1036 Moyses
2202 970 2396 1021 autem
2439 982 2553 1020 non
2605 964 2859 1019 transivit
2889 965 3060 1031 viam,
3104 966 3200 1020 sed
3244 966 3303 1020 in
3342 966 3432 1019 via

153 1059 218 1128 ligi
233 1061 404 1128 potest,
431 1058 554 1128 quia
589 1058 648 1111 in
690 1057 1098 1128 posterioribus
1136 1059 1310 1114 habet
1339 1075 1352 1113 :
1385 1079 1414 1107 ‹‹
1453 1058 1699 1129 Spiritus
1797 1059 1975 1125 stetit,
2014 1059 2105 1112 cui
2135 1058 2352 1114 dictum
2382 1062 2468 1112 est
2497 1076 2511 1114 :
2548 1081 2574 1110 ι(
2611 1060 2693 1114 Tu
2717 1064 2911 1112 autem
2950 1059 3043 1112 hic
3079 1065 3166 1112 sta
3202 1075 3430 1113 mecum

151 1156 239 1205 ante
275 1151 452 1204 faciem
498 1153 746 1204 nostram
791 1151 1043 1207 Christus
1095 1152 1386 1219 Dominus,
1432 1167 1696 1223 campre-
1799 1152 2001 1222 (Deut,
2033 1168 2088 1218 γ,
2116 1152 2225 1223 31).
2256 1174 2285 1202 ››
2315 1152 2481 1208 Stetit
2516 1169 2646 1206 cum
2681 1152 2780 1206 illo
2807 1153 2906 1223 qui
2938 1153 3016 1206 ait
3051 1169 3062 1205 :
3103 1175 3128 1200 ‹‹
3159 1153 3275 1223 Ego
3305 1169 3432 1206 sum

151 1248 304 1298 hensus
344 1248 420 1299 est
457 1244 512 1298 in
563 1245 800 1299 interitu
846 1251 1062 1310 nostra,
1116 1246 1219 1300 sub
1267 1247 1427 1317 cujus
1475 1246 1696 1312 umbra,
1797 1245 1906 1312 via,
1950 1251 2007 1300 et
2059 1245 2280 1314 veritas,
2322 1249 2378 1299 et
2421 1247 2534 1300 vita
2579 1245 2780 1315 (Joan.,
2817 1262 2925 1313 Xiv,
2964 1249 3034 1315 6).
3069 1269 3096 1295 ››
3145 1247 3300 1300 Hanc
3334 1247 3433 1316 qui

149 1338 349 1407 diximus,
389 1337 629 1391 vivemus
671 1337 823 1391 inter
866 1342 1066 1408 gentes
1111 1338 1356 1411 (Thren.,
1409 1355 1483 1406 IV,
1525 1339 1636 1410 20).
1669 1360 1696 1387 η
1799 1339 1947 1392 viam
1975 1339 2193 1404 transit,
2225 1338 2447 1392 labitur.
2484 1339 2693 1409 Moyses
2727 1341 2918 1392 autem
2949 1355 3060 1392 non
3104 1340 3297 1408 lapsus
3324 1342 3431 1406 est,

146 1432 244 1494 Quid
267 1432 356 1485 hac
385 1431 751 1500 manifestius,
783 1431 1014 1502 quando
1041 1438 1095 1487 et
1129 1448 1342 1488 nomen
1369 1448 1700 1503 expressum
1800 1433 1899 1486 sed
1938 1432 2300 1503 pertransivit
2326 1449 2358 1486 a
2384 1431 2750 1486 saecularibus
2777 1432 2849 1485 ad
2883 1431 3181 1503 spiritalia,
3224 1449 3256 1485 a
3285 1437 3429 1486 tem-

147 1532 216 1593 est,
241 1531 287 1579 et
324 1525 745 1596 comprehensio
788 1525 936 1579 inter
979 1541 1183 1581 manus
1225 1526 1699 1597 persequentium
1799 1526 2084 1597 poralibus
2145 1526 2215 1581 ad
2263 1529 2498 1581 aatema.
2555 1527 2620 1580 Et
2674 1525 2771 1596 qui
2820 1525 2959 1580 vidit
3013 1525 3274 1595 impium,
3328 1543 3431 1580 nec

148 1617 420 1687 perﬁdorum
459 1622 541 1672 est
584 1618 888 1686 declarata,
941 1624 1000 1674 et
1041 1620 1245 1674 umbra
1293 1619 1596 1685 viviﬁcans,
1644 1625 1701 1674 et
1799 1619 2091 1687 remansit,
2121 1620 2220 1674 sed
2269 1619 2652 1690 pertransivit,
2691 1619 2864 1673 evasit
2903 1619 3067 1688 (Psal.
3106 1634 3288 1685 xxxvx,
3319 1621 3428 1688 36),

145 1712 277 1780 gratia
299 1712 541 1782 gentibus
565 1711 909 1767 conferenda
945 1712 1225 1783 descripta
1257 1713 1380 1768 est?

1801 1713 1934 1784 quia
1973 1728 2087 1767 non
2131 1712 2372 1767 adhaesit
2414 1712 2613 1782 impia,
2655 1728 2729 1766 ne
2769 1712 2928 1766 ﬁeret
2972 1728 3150 1766 unum
3199 1729 3429 1782 corpus,

194 1807 232 1858 6.
260 1805 353 1859 Sed
377 1807 540 1860 etiam
567 1806 689 1877 ipsa
721 1805 896 1860 verba
921 1805 1246 1878 significant
1272 1823 1400 1878 quae
1428 1807 1489 1861 in
1515 1807 1697 1861 Evan~
1722 1786 1778 1857 Β
1803 1806 1903 1861 sed
1933 1823 1991 1862 se
2024 1806 2095 1860 ab
2124 1805 2328 1860 eodem
2351 1805 2650 1877 separavit.
2681 1807 2749 1860 Et
2776 1805 2868 1860 cui
2896 1804 3136 1860 dicitur:
3164 1826 3192 1854 «
3213 1806 3430 1873 Transi,
3461 1846 3465 1850 .

147 1898 251 1966 gelia
301 1898 360 1952 de
423 1900 683 1970 passione
753 1898 978 1953 Domini
1050 1899 1323 1971 legimus,
1394 1899 1525 1970 quia
1595 1901 1702 1954 hoc

146 1990 231 2044 loco
252 2007 379 2045 mors
407 1993 525 2062 ejus
565 1992 904 2047 annuntiata
943 1997 1030 2048 est
1069 2009 1175 2063 per
1211 1993 1571 2064 prophetam.
1613 1993 1704 2048 Sic

145 2085 252 2137 enim
291 2085 566 2140 Matthaaus
616 2087 840 2157 scripsit
893 2105 907 2140 :
978 2107 1005 2135 ‹‹
1057 2088 1442 2142 Transeuntes
1509 2092 1701 2141 autem

147 2176 535 2248 hlasphemabant
563 2196 716 2248 eum,
741 2184 1036 2236 moventes
1062 2181 1250 2252 capita
1281 2197 1404 2248 sua,
1434 2187 1490 2235 et
1517 2181 1704 2236 dicen-

149 2275 199 2323 tes
222 2289 232 2324 :
258 2273 353 2326 Vah
379 2273 471 2343 qui
503 2273 834 2328 destruebat
877 2274 1154 2345 templum
1195 2275 1316 2340 Dei,
1347 2280 1404 2330 et
1429 2275 1488 2328 in
1517 2275 1703 2330 triduo

149 2363 255 2417 illum
295 2366 694 2422 resediﬁcabat!
748 2368 945 2422 Libera
994 2372 1082 2434 te,
1140 2367 1186 2422 si
1248 2368 1421 2423 Filius
1483 2369 1579 2422 Dei
1643 2385 1703 2422 es

153 2459 318 2521 illatth.,
339 2475 492 2530 xxvn,
517 2463 612 2530 39,
642 2461 753 2528 40).
786 2482 814 2511 ››
837 2461 1052 2532 Vulgus
1071 2461 1268 2532 populi
1292 2460 1340 2532 1
1359 2461 1406 2533 1
1425 2459 1550 2533 59
1572 2477 1699 2516 cum

155 2549 308 2606 insiliat
343 2553 526 2620 alieni,
578 2553 804 2609 sibilare
842 2555 1150 2610 consuevit.
1196 2555 1373 2610 Simul
1417 2556 1551 2626 quia
1595 2571 1698 2610 vo-

160 2659 233 2697 mm
262 2663 352 2700 non
404 2647 716 2716 habebant,
763 2648 860 2720 qui
908 2649 1157 2704 Verbum
1204 2648 1508 2720 negabant,
1558 2649 1702 2703 sicut

165 2734 473 2795 imlionabilia
523 2741 803 2796 animalia
851 2741 1174 2796 sibilabant.
1217 2743 1285 2795 Et
1331 2741 1458 2796 ideo
1507 2747 1693 2796 trans-

165 2827 254 2883 ibant
284 2834 436 2901 viam,
482 2834 591 2905 qui
626 2834 683 2888 in
717 2834 804 2888 via
848 2839 998 2889 stare
1039 2834 1378 2890 debuerant.
1419 2835 1535 2889 Non
1583 2839 1696 2890 sta-

155 2920 238 2976 bant
275 2941 394 2997 ergo
437 2928 608 2999 quasi
652 2931 999 2995 constantes,
1045 2927 1143 2982 sed
1187 2928 1502 2983 transibant
1540 2929 1698 2999 quasi

150 3015 329 3074 mobiles.
353 3021 491 3077 iusti
537 3024 738 3076 autem
781 3021 952 3092 pedes
985 3021 1215 3076 stabant
1252 3022 1313 3076 in
1349 3022 1504 3077 atriis
1534 3024 1698 3077 Jeru-

149 3109 280 3178 salem,
320 3114 369 3168 in
409 3115 623 3186 quibus
673 3115 875 3186 perﬁdi
922 3119 1071 3169 stare
1119 3132 1235 3170 non
1290 3121 1582 3186 poterant,
1644 3119 1702 3171 et

147 3200 234 3257 ideo
259 3208 632 3276 praeteribant,
670 3209 816 3264 sicut
852 3209 1070 3262 Marcus
1107 3208 1445 3280 signiﬁcavit
1482 3211 1695 3279 (Mora,

146 3309 202 3361 ιν,
243 3299 330 3368 29).
369 3301 633 3357 Praeterit
671 3301 901 3368 umbra,
950 3319 1063 3356 non
1120 3303 1343 3357 veritas.
1399 3303 1527 3357 Dies
1576 3304 1699 3374 ejus

145 3388 242 3443 sicut
273 3394 455 3450 umbra
502 3396 782 3468 praeterit,
829 3395 929 3467 qui
970 3395 1337 3465 obliviscitur,
1382 3397 1479 3468 qui
1527 3397 1696 3452 dere-

144 3479 288 3554 linquit
307 3489 422 3560 (39).
450 3490 567 3545 Sed
594 3495 650 3544 et
684 3492 922 3545 transire
962 3489 1217 3546 inﬁdeles
1258 3489 1523 3562 legimus,
1557 3491 1699 3546 sicut

141 3582 194 3628 est
214 3578 357 3635 illud:
392 3602 416 3633 α
445 3585 512 3638 Et
545 3583 891 3639 vindemiant
933 3600 1062 3638 eam
1103 3600 1306 3639 omnes
1339 3587 1698 3641 transeuntes

140 3668 240 3724 Viam
276 3675 419 3744 (Psal.
461 3693 650 3745 Lxmx,
695 3680 798 3747 13).
844 3699 872 3728 ››
915 3679 1050 3742 Quis
1095 3677 1252 3732 enim
1292 3678 1402 3733 nisi
1445 3679 1698 3750 perﬁdus

137 3759 344 3834 despoliat
386 3771 617 3826 vineam
670 3771 912 3826 Christi?
972 3771 1082 3826 Sed
1135 3777 1191 3825 et
1240 3771 1375 3826 alibi
1425 3773 1697 3843 scriptum

136 3861 220 3910 est:
256 3880 278 3908 ιι
303 3862 360 3915 Et
403 3880 519 3919 non
569 3863 831 3920 dixerunt
874 3869 1230 3921 transeuntes
1272 3865 1463 3920 viam:
1518 3868 1694 3921 Bene-

135 3947 254 4005 dictio
294 3956 502 4012 Domini
553 3974 728 4029 super
763 3973 864 4013 vas
908 3958 1072 4027 (Psal.
1119 3975 1300 4027 cxxui,
1344 3960 1419 4026 8).
1458 3982 1486 4009 »
1532 3961 1695 4017 Stan-

135 4041 236 4099 ﬁbus
255 4050 388 4104 enim
415 4051 627 4106 dicitur
660 4069 673 4105 :
706 4074 732 4100 «
759 4053 895 4108 Ecce
922 4069 1077 4106 nunc
1103 4052 1418 4109 benedicite
1449 4054 1696 4109 Domino

136 4136 502 4214 lPsnl.cxxx1u,
563 4147 633 4216 l).
679 4169 706 4194 ››
761 4147 974 4200 Tamen
1029 4149 1088 4200 et
1142 4147 1202 4201 in
1254 4147 1404 4203 bona
1451 4149 1696 4219 legimus

136 4231 333 4302 U‘ansire,
370 4241 429 4292 ut
466 4243 558 4293 est
597 4238 737 4293 illud
777 4239 976 4310 Moysis
1017 4257 1030 4294 :
1080 4259 1107 4291 «
1138 4241 1441 4296 Transiens
1488 4242 1695 4297 videbo

136 4320 210 4377 hoc
238 4328 396 4384 visum
436 4348 720 4403 magnum
762 4334 979 4402 (Emod.,
1017 4349 1097 4401 ιιι,
1133 4335 1206 4406 3).
1238 4357 1266 4384 ››
1313 4337 1380 4390 Et
1421 4335 1518 4407 qui
1562 4336 1701 4391 vidit

138 4413 320 4487 impium
342 4426 646 4480 exaltatum
682 4426 828 4481 ultra
863 4427 1064 4482 cedras
1093 4427 1286 4483 Libani
1317 4445 1330 4484 :
1365 4450 1394 4478 ‹‹
1423 4431 1696 4500 Transivi,

1804 1900 2076 1954 recumbe
2107 1902 2277 1969 (Lua,
2307 1916 2431 1966 xvn,
2464 1900 2536 1969 7),
2574 1921 2601 1948 ››
2633 1898 2822 1953 evadit
2852 1899 3048 1970 utique
3082 1897 3432 1953 laboriosam

1804 1993 2172 2065 praesentium
2201 1993 2567 2060 servitutem;
2596 1999 2661 2047 ut
2699 1992 2910 2047 habeat
2942 1993 3245 2062 gloriosam
3278 1993 3431 2047 futu-

1804 2104 2001 2142 rorum
2038 2088 2310 2158 quietem.
2344 2089 2410 2142 Et
2448 2087 2685 2157 Sponsae
2719 2086 2968 2140 dicitur:
3006 2107 3033 2133 ‹‹
3065 2087 3212 2141 Ades
3252 2087 3364 2142 huc
3403 2105 3436 2140 a

1805 2181 2039 2251 Libano,
2088 2182 2327 2252 Sponsa,
2367 2181 2502 2235 ades
2545 2181 2656 2234 huc
2705 2197 2738 2235 a
2783 2180 3020 2249 Libano,
3073 2180 3337 2234 transibis
3381 2186 3438 2235 et

1803 2275 2174 2345 pertransibis
2201 2292 2234 2328 a
2259 2273 2538 2345 principio
2565 2274 2700 2327 ﬁdei
2722 2276 2927 2344 (Ca-na,
2959 2289 3029 2341 iv,
3058 2274 3133 2344 8).
3162 2293 3188 2325 »
3212 2275 3438 2335 Transit

1803 2371 1861 2423 et
1890 2368 2216 2438 pertransit,
2254 2384 2383 2439 qua:
2414 2367 2642 2422 festinat
2681 2367 2751 2421 ad
2790 2367 3098 2438 Sponsum.
3128 2369 3436 2423 Pertransit

1803 2461 2092 2527 saeculum,
2123 2465 2182 2516 et
2207 2461 2443 2516 festinat
2465 2461 2535 2515 ad
2564 2460 2872 2515 Christum.

1873 2557 1927 2610 8.
1956 2556 2114 2609 Nunc
2143 2555 2510 2610 discutiamus
2547 2554 2686 2624 quid
2713 2555 2785 2610 sit
2811 2570 3041 2608 movere
3071 2557 3261 2624 caput.
3299 2554 3435 2618 Quis

1802 2651 1886 2702 est
1909 2649 2110 2719 populi
2150 2655 2339 2719 caput,
2366 2648 2475 2702 nisi
2513 2647 2810 2702 Christus?
2845 2668 2874 2697 «
2905 2651 3084 2718 Caput
3111 2647 3264 2702 enim
3299 2663 3432 2702 mu-

1803 2742 1955 2796 lieris
1983 2743 2088 2808 vir,
2119 2745 2291 2812 caput
2316 2747 2508 2795 autem
2540 2740 2642 2794 viri
2671 2740 2922 2795 Christus
2951 2741 2993 2811 (I
3028 2744 3170 2803 Cor.,
3199 2757 3276 2808 χι,
3303 2743 3376 2810 3).
3406 2762 3432 2789 ι)

1803 2835 1910 2890 Sed
1944 2835 2119 2889 etiam
2146 2836 2235 2890 lex
2263 2838 2432 2904 caput
2457 2832 2830 2904 intelligibilis
2858 2834 3136 2890 mulieris.
3169 2834 3433 2904 Denique

1802 2928 2008 2984 mulier
2031 2929 2134 2982 sub
2174 2928 2301 2999 lege
2343 2934 2618 2997 tanquam
2659 2927 2761 2981 sub
2792 2927 2912 2982 viro
2943 2927 3068 2981 fuit.
3107 2927 3436 2982 Mortificato

1801 3027 1996 3081 autem
2048 3024 2157 3078 ritu
2209 3023 2444 3077 .ludaico
2495 3022 2592 3091 qui
2647 3027 2770 3076 erat
2819 3021 3137 3076 secundum
3186 3021 3434 3077 litteram

1721 3157 1776 3232 Ο
1800 3119 1968 3190 legis,
2001 3115 2260 3188 iunupsit
2295 3116 2350 3170 ei
2375 3117 2586 3170 mulier
2621 3115 2720 3186 qui
2759 3131 2792 3168 a
2835 3115 3072 3170 mortuis
3100 3115 3430 3169 resurrexit.

1801 3212 1955 3232 114.1-
2003 3209 2229 3232 _-_:.I-._A
2275 3209 2508 3232 _--_L£_-
2550 3208 2902 3232 2_L-..__-L-L2
2957 3208 3290 3232 ._.....:a--.-
3320 3209 3430 3232 ..ει--

1801 3212 1960 3267 Unde
1997 3209 2234 3282 quidam
2274 3209 2511 3281 mystice
2550 3208 2927 3281 interpretati,
2957 3208 3294 3263 mortiﬁcata
3320 3209 3434 3263 ritu

1798 3305 2062 3371 .Iudaico,
2125 3309 2400 3375 tanquam
2471 3304 2635 3360 fratri
2697 3302 2950 3357 defuncti
3029 3304 3172 3357 ritus
3231 3303 3438 3358 veteris

1802 3399 2106 3470 Evangelia
2126 3398 2235 3469 (40)
2258 3398 2557 3453 mulierem
2587 3398 2740 3451 illam
2770 3396 3186 3468 intelligibilem
3219 3397 3435 3452 nubere

1800 3509 1868 3547 ex
1908 3492 2039 3563 lege
2086 3491 2422 3560 voluerunt;
2465 3490 2599 3562 quia
2640 3491 2731 3546 lex
2765 3491 3132 3562 Evangelium
3179 3491 3435 3544 fraterna

1797 3586 2048 3658 quadam
2103 3584 2510 3656 praedicatione
2558 3584 2866 3656 praecessit.
2919 3585 3066 3654 Ergo
3116 3584 3433 3655 Synagogae

1797 3684 1968 3751 caput
2008 3684 2302 3735 mortuum
2348 3683 2451 3746 est,
2490 3679 2597 3732 hoc
2639 3683 2745 3745 est,
2783 3683 2952 3749 caput
2990 3678 3112 3747 ejus
3157 3678 3242 3731 lex
3284 3694 3436 3731 mor-

1799 3778 1894 3830 tua
1941 3777 2044 3843 est,
2091 3771 2411 3828 observatio
2465 3771 2724 3826 videlicet
2769 3771 2910 3841 legis
2957 3787 2970 3825 :
3025 3775 3291 3824 evacuata
3349 3776 3433 3824 est

1798 3868 1939 3940 legis
2002 3867 2211 3934 littera,
2258 3864 2533 3936 spiritalis
2579 3865 2701 3935 ejus
2761 3863 3080 3918 intellectus
3135 3864 3426 3917 astruitur.

1800 3961 1974 4032 Hujus
2000 3959 2403 4016 commotionis
2426 3958 2690 4014 meminit
2709 3957 2878 4013 David
2905 3957 2965 4012 in
2990 3957 3432 4028 quadragesimo

1797 4055 2036 4126 psalmo,
2067 4054 2261 4108 dicens
2293 4069 2306 4106 :
2339 4072 2367 4104 (ι
2395 4052 2636 4107 Posuisti
2676 4067 2776 4105 nos
2819 4051 2877 4104 in
2917 4050 3245 4122 parabolam
3291 4066 3430 4120 gen-

1801 4150 1967 4216 tibus,
2001 4147 2442 4203 commotionem
2485 4145 2685 4216 capitis
2723 4145 2780 4199 in
2817 4145 3044 4216 populis
3081 4145 3248 4215 (Psal.
3283 4159 3431 4210 mu,

1804 4244 1970 4312 15);»
2006 4259 2073 4296 eo
2111 4242 2262 4312 quod
2303 4257 2338 4296 a
2377 4241 2505 4310 lege
2537 4240 2596 4294 in
2639 4238 3010 4310 Evangelium
3054 4235 3311 4309 1160
3359 4240 3436 4292 sit

1801 4337 1947 4392 facta
1975 4335 2298 4402 commotio,
2327 4334 2490 4406 quasi
2512 4333 2782 4388 transitus
2801 4333 3054 4404 quidam.
3079 4333 3141 4385 In
3165 4331 3431 4385 vicesimo

1798 4435 1990 4485 autem
2019 4432 2074 4483 et
2103 4428 2288 4499 primo
2321 4428 2563 4499 psalmo,
2592 4427 2652 4480 in
2694 4441 2808 4497 quo
2845 4425 3020 4480 totius
3050 4424 3434 4494 prophetatur

137 4507 286 4580 inquit.
328 4523 379 4572 et
429 4536 560 4574 ecce
610 4535 729 4575 non
775 4526 900 4576 erat
941 4521 1112 4593 (Psal.
1169 4539 1355 4590 xxxvx,
1406 4526 1514 4595 36).
1561 4547 1587 4573 ››
1637 4525 1778 4600 EtD
1801 4523 1976 4579 series
2016 4522 2316 4594 passionis,
2365 4521 2443 4575 sic
2487 4520 2660 4574 habet
2702 4536 2714 4572 :
2762 4522 3026 4574 «Omnes
3064 4518 3162 4588 qui
3206 4517 3428 4588 conspi-

139 4615 259 4660 nemo
302 4610 431 4666 dicit
480 4629 646 4668 servo

139 4709 230 4766 ml,
254 4705 314 4772 7).
354 4728 378 4754 n

182 4794 220 4843 7.
264 4794 386 4859 Quae
437 4817 579 4872 ergo
635 4801 921 4857 distinctio
964 4802 1036 4858 sit
1088 4803 1534 4874 consideremus,
1588 4805 1698 4860 nisi

139 4879 239 4939 forte
282 4889 400 4958 illa,
451 4895 588 4966 quia
640 4895 736 4950 ubi
790 4895 847 4950 in
899 4895 1048 4951 bona
1107 4898 1384 4969 accipitur
1436 4898 1700 4969 transire,

704 4631 718 4669 :
777 4634 805 4663 ι(
856 4615 1140 4686 Transivi,
1195 4617 1466 4672 recumbe
1519 4619 1696 4688 (Luc.,

181 5051 253 5114 (ετ)
285 5057 370 5109 Sic
415 5073 608 5112 omnes
654 5075 785 5113 mss.
836 5067 891 5114 et
947 5068 1056 5114 vet.
1102 5063 1233 5114 edit.
1284 5064 1442 5115 Rom.
1497 5068 1702 5126 autem,

145 5117 376 5200 ASOI‘uerunt
409 5145 568 5195 super
610 5141 656 5183 te
705 5147 931 5198 manus;
967 5135 1064 5184 ubi
1108 5137 1356 5185 omnium
1404 5117 1703 5200 Scripturas

146 5189 336 5270 ferinum
374 5215 436 5252 ac
472 5189 793 5254 versionum
826 5189 1089 5269 suﬁ'ragio
1129 5205 1352 5256 defendi
1392 5189 1591 5270 potest.
1632 5207 1706 5256 At

145 5259 243 5342 3°32
271 5283 357 5332 Ρτο
394 5273 650 5337 ἐκράτησαν
692 5275 770 5322 ἐπὶ
821 5277 876 5323 σέ
924 5259 1106 5340 χεῖξας,
1154 5282 1217 5327 ιιι
1269 5259 1507 5329 habetur
1556 5278 1704 5342 apud

148 5328 612 5412 μξΧξΑωὺιίοεὶἰιε
663 5346 860 5409 legerit
899 5328 1182 5411 ἐῖρίξτηᾶαν,
1219 5351 1346 5410 etc.,
1391 5328 1497 5398 nisi
1546 5328 1706 5398 malis

147 5409 364 5517 $193188?
416 5415 707 5467 Doctorem
766 5409 1035 5479 nostrum,
1091 5419 1396 5468 Tenuerunt
1448 5430 1608 5481 super
1659 5423 1706 5467 te

235 5491 282 5517 ιιι
317 5494 343 5517 ρ
368 5496 395 5517 ρ

203 5487 298 5534 nus,
317 5485 414 5532 etc.

300 5549 494 5627 omnes
549 5557 700 5618 edit.,
755 5570 860 5607 non
910 5559 1171 5609 excidium
1221 5560 1544 5612 Iudaeorum.
1595 5559 1704 5612 Sed

153 5619 307 5696 iegatio
333 5623 481 5675 abest
523 5627 589 5676 ab
629 5629 891 5679 omnibus
933 5643 1065 5680 mss.
1102 5645 1288 5696 neque
1329 5632 1470 5683 adeo
1511 5645 1706 5683 neces-

153 5691 363 5766 ῗῖἯθεί,
386 5709 526 5766 ﬁcum
567 5700 819 5750 videatur
857 5691 1284 5752 Ambrosius—id
1327 5703 1706 5766 signiﬁcatum

155 5751 357 5838 fplulisse,
374 5765 660 5838 .ieremiam
695 5774 752 5821 et
781 5769 986 5821 Christi
1015 5751 1704 5838 passioniemipgrmdinisse,

155 5825 189 5866 ει
225 5825 477 5890 deﬂevisse
525 5840 659 5892 illud
713 5825 1036 5894 Iudaeorum
1089 5825 1402 5910 excidium,
1447 5847 1595 5910 quod
1638 5825 1707 5897 ei

1800 4618 2021 4673 ciebant
2047 4633 2161 4684 me,
2201 4613 2650 4686 aspernabantur
2676 4629 2767 4667 me
2797 4615 2853 4667 et
2879 4612 3051 4666 locuti
3084 4615 3216 4666 sunt
3242 4611 3432 4680 labiis,

1802 4717 1858 4767 et
1910 4714 2213 4766 moverunt
2263 4712 2452 4779 caput.
2496 4706 2752 4778 Speravit
2795 4707 2854 4760 in
2899 4706 3168 4773 Domino,
3228 4707 3439 4776 eripiat

1802 4822 1952 4874 eum,
1985 4804 2201 4858 salvum
2240 4801 2408 4856 faciat
2444 4817 2605 4871 eum;
2641 4801 2914 4873 quoniam
2959 4802 3078 4855 vult
3110 4816 3242 4856 eum
3274 4801 3436 4859 (Psal.

1803 4916 1914 4965 xxi,
1946 4902 1999 4966 8,
2033 4898 2107 4966 9).
2143 4919 2170 4946 »
2204 4898 2496 4952 Moverunt
2537 4911 2676 4967 ergo
2721 4895 2929 4966 legem,
2969 4910 3096 4966 qua:
3133 4891 3438 4947 immobilis

1803 5067 2001 5118 eadem
2039 5065 2297 5129 passione
2346 5066 2714 5114 consecutum
2757 5066 2858 5113 est.
2903 5061 3008 5112 Cui
3057 5059 3281 5124 quidem
3322 5060 3444 5110 lec-

1804 5139 1942 5188 tioni
1993 5137 2252 5186 videntur
2299 5147 2363 5184 ea
2417 5133 2725 5199 suffragari,
2774 5146 2899 5197 quae
2952 5133 3092 5181 infra
3150 5143 3334 5193 usque
3374 5129 3444 5180 ad

1805 5223 1959 5258 num.
1999 5209 2050 5256 11
2087 5207 2452 5256 disseruntur.

1868 5280 1962 5342 (39)
2010 5278 2220 5329 Omnes
2272 5277 2402 5327 edit.
2461 5279 2517 5326 et
2559 5275 2723 5339 pauci
2767 5287 2921 5334 mss.,
2971 5271 3064 5335 qui
3115 5271 3447 5323 obliviscitur

1805 5351 1949 5416 quod
1998 5349 2278 5413 delinquit,
2320 5348 2408 5399 vel
2447 5349 2543 5411 qui
2587 5346 2869 5410 delinquit.
2913 5344 3042 5393 Mss.
3089 5357 3312 5416 novem,
3351 5347 3446 5409 qui

1805 5414 2154 5479 obliviscitur,
2198 5420 2291 5483 qui
2338 5417 2676 5481 derelinquit.
2728 5416 2884 5466 Unus
2935 5417 3031 5463 aut
3082 5414 3281 5464 alter...
3332 5429 3449 5479 quae

1805 5493 2097 5557 relinquit;
2147 5491 2245 5542 ubi
2308 5489 2662 5551 subintellige
2721 5485 3022 5544 Christum,
3075 5485 3163 5534 vel
3223 5485 3446 5535 Jerusa—

1808 5564 1923 5614 lem.

1869 5634 1966 5696 (40)
2029 5633 2198 5693 Edit.,
2253 5638 2508 5695 tanquam
2565 5625 3042 5690 fratris-defuncti,
3099 5627 3210 5676 ritu
3264 5628 3452 5685 veteri,

1807 5704 2109 5769 evangelica
2174 5705 2340 5767 (Am.,
2409 5698 2715 5763 Evangelia)
2775 5695 3051 5748 mulierem
3114 5697 3293 5758 illam,
3345 5702 3449 5748 etc.

1809 5776 2010 5828 Melius
2037 5775 2160 5826 cod.
2189 5774 2400 5837 scripti,
2427 5783 2570 5836 quos
2593 5771 2775 5821 secuti
2799 5781 3016 5820 sumus.
