3930 6168
426 263 557 315 1487

1880 261 1938 314 S.
1977 259 2294 318 AMBROSII

3651 263 3669 312 1
3684 260 3786 314 488

418 383 740 448 videbatur;
796 385 853 437 et
913 382 1045 437 ideo
1114 383 1241 438 ﬁnis
1304 383 1446 454 legis
1495 383 1750 438 Christus
1794 383 2052 439 intravit.
2077 398 2135 468 Α
2161 388 2364 452 (Cant,
2397 401 2475 454 ιιι,
2515 387 2620 455 Η).
2657 407 2684 434 ››
2710 385 2794 439 Ad
2825 385 3042 440 animas
3083 382 3288 438 dicitur
3314 385 3377 438 ut
3417 398 3447 437 e
3475 381 3787 454 gurgustiis

493 480 544 529 9.
585 477 689 540 Qui
725 481 1027 531 moverunt
1064 478 1249 548 capita
1283 477 1550 532 Pharisaei
1576 477 1831 544 fuerunt,
1863 477 1919 531 id
1945 481 2048 544 est,

421 588 452 624 a
487 570 724 624 veritate
765 570 946 638 divisi,
979 571 1135 625 unde
1181 577 1236 626 et
1276 573 1333 626 in
1374 572 1673 626 veritatem
1717 587 1830 624 non
1868 570 2046 624 credi-

422 665 652 720 derunt.
693 664 799 719 Sed
842 667 899 718 et
943 665 1022 718 sic
1068 667 1252 736 potest
1292 666 1513 736 accipi:
1564 666 1854 720 Moverunt
1881 669 2053 735 caput

421 775 590 812 suum
613 758 922 827 Christum,
953 759 1048 829 qui
1081 758 1138 813 in
1181 776 1280 813 sua
1321 763 1582 827 venerat;
1624 759 1722 814 sed
1749 761 2052 813 moverunt

425 852 742 923 eum,.quia
782 853 868 906 sui
905 869 1037 906 eum
1076 869 1194 907 non
1233 856 1596 925 receperunt.
1633 853 1923 908 Moverunt
1945 868 2047 907 au-

420 948 562 1013 tem,
591 946 837 1001 dicentes
871 963 884 999 :
921 965 949 999 ‹‹
981 947 1152 1016 Tolle,
1195 946 1348 1014 tolle,
1377 946 1644 1017 cruciﬁge
1683 962 1812 1001 eum
1846 947 2048 1015 (Joan.,

422 1056 530 1105 xxx,
581 1042 684 1109 l5).
732 1061 759 1088 »
804 1041 873 1093 Et
916 1046 1223 1095 moverunt
1274 1045 1444 1110 caput
1489 1057 1674 1108 suum,
1727 1041 1824 1110 qui
1878 1055 2051 1094 onera

424 1149 527 1187 sua
559 1149 789 1188 movere
833 1134 1121 1202 nolebant,
1162 1151 1292 1188 cum
1340 1135 1584 1204 ligarent
1619 1149 1793 1190 onera
1834 1133 2047 1204 gravia,

423 1231 480 1280 et
506 1227 630 1281 aliis
657 1228 1014 1297 imponerent
1047 1244 1058 1281 :
1096 1249 1120 1273 «ι
1161 1228 1266 1298 lpsi
1299 1233 1487 1283 autem
1525 1227 1721 1298 digito,
1753 1227 1957 1297 inquit,
1987 1243 2051 1280 ea

424 1337 649 1376 movere
694 1322 897 1375 nolunt
932 1320 1172 1390 (Matth.,
1220 1338 1366 1391 xxm,
1404 1321 1478 1391 4).
1510 1344 1537 1371 ››
1565 1321 1722 1385 Quod
1769 1323 1854 1374 est
1895 1337 2048 1391 mys-

423 1415 617 1482 ticum,
668 1415 797 1485 quia
840 1415 1147 1484 corporalis
1208 1415 1346 1469 ritus
1391 1415 1845 1470 observationem
1900 1430 2048 1468 nun-

419 1524 592 1579 quam
623 1512 844 1562 mutare
874 1509 1198 1575 voluerunt,
1228 1513 1286 1563 et
1311 1509 1668 1564 introducere
1701 1507 2049 1563 intellectum

421 1601 758 1671 spiritalem.
798 1601 1052 1672 Digitum
1096 1602 1251 1657 enim
1293 1619 1396 1674 pro
1441 1602 1644 1674 spiritu
1689 1601 1960 1672 legimus,
1988 1604 2054 1656 ut

421 1695 507 1749 lex
550 1694 726 1764 digito
771 1694 868 1748 Dei
915 1695 1122 1766 scripta
1168 1700 1254 1749 est
1305 1696 1501 1765 (Deut,
1548 1711 1620 1762 ix,
1672 1698 1776 1766 lO),
1822 1702 1877 1750 et
1925 1694 2052 1749 ideo

2153 479 2204 552 1
2221 478 2270 551 1
2287 477 2400 550 61
2443 483 2499 534 et
2527 478 2779 534 claustris
2807 483 3009 534 exeant
3035 476 3438 548 corporalibus,
3469 481 3624 531 extra
3663 491 3786 530 cor-

2151 574 2308 645 poris
2351 573 2730 644 cogitationes
2771 578 2997 642 exeant,
3033 571 3401 643 egrediantur
3429 587 3462 624 a
3505 568 3785 640 cupidita-

2153 667 2325 735 tibus,
2356 673 2409 722 et
2437 684 2469 720 a
2511 667 2678 734 curis,
2711 673 2766 722 et
2808 684 2841 720 a
2885 666 3106 722 cateris
3147 665 3333 720 carnis
3369 663 3532 718 istius
3567 662 3786 718 affecti-

2149 761 2256 816 bus
2287 764 2345 815 et
2388 761 2618 815 lubricis
2659 760 3035 832 passionibus,
3066 776 3236 831 supra
3275 757 3559 814 mundum
3587 773 3788 812 ascen-

2151 855 2307 922 dant,
2369 855 2438 909 de
2484 855 2593 910 hoc
2638 855 2852 910 mundo
2901 858 3136 920 exeant,
3191 852 3412 908 Christo
3465 852 3787 918 occurrant,

2151 953 2365 1020 paratae
2401 948 2590 1002 adsint
2613 948 2828 1003 facibus
2863 947 3195 1002 ardentibus
3231 948 3571 1001 relucentes.
3614 945 3786 1009 Quasi

2153 1042 2344 1114 angeli
2387 1043 2591 1098 Christi
2629 1043 2750 1097 haec
2797 1043 3126 1114 loquuntur.
3168 1041 3288 1095 Non
3333 1039 3566 1110 potestis
3595 1038 3786 1093 videre

2153 1136 2469 1190 claritatem
2507 1137 2651 1207 ejus,
2686 1135 2928 1207 gloriam
2958 1136 3102 1206 ejus,
3137 1134 3248 1188 nisi
3275 1131 3647 1204 egrediamini
3675 1131 3781 1186 hu-

2152 1245 2342 1284 mana
2379 1229 2697 1299 fragilitatis
2726 1245 2906 1297 curas,
2941 1228 3074 1282 ﬁlia
3111 1226 3452 1282 Jerusalem.
3491 1224 3665 1289 Quasi
3697 1224 3780 1279 di-

2151 1327 2324 1378 cant:
2360 1323 2506 1387 Quid
2539 1323 2821 1378 viventem
2861 1322 3014 1377 inter
3054 1326 3311 1376 mortuos
3340 1319 3635 1391 quaritis?
3661 1319 3782 1373 Non

2153 1417 2304 1471 intra
2349 1417 2499 1472 hunc
2534 1416 2815 1472 mundum
2857 1415 3132 1488 quaeritur
3168 1413 3449 1480 Christus,
3481 1411 3579 1484 qui
3614 1427 3786 1482 supra

2152 1511 2434 1566 mundum
2479 1527 2607 1564 suos
2648 1511 2826 1566 voluit
2867 1526 2991 1564 esse
3030 1499 3350 1579 discipulos.
3392 1506 3529 1570 Qua
3565 1511 3650 1561 est
3692 1522 3782 1559 co-

2152 1621 2290 1659 rona
2333 1620 2447 1676 qua
2489 1607 2800 1658 coronatur
2831 1601 3104 1669 Christus,
3143 1601 3253 1656 nisi
3287 1616 3496 1655 corona
3540 1598 3786 1670 gloria?

2150 1699 2363 1769 Joseph
2401 1713 2665 1754 coronam
2709 1696 2913 1751 habuit
2959 1695 3252 1762 castitatis,
3286 1694 3488 1748 Paulus
3522 1692 3782 1762 justitia,

422 1789 512 1842 lex
544 1787 806 1858 spiritalis
839 1794 940 1842 est.
971 1789 1287 1843 Noluerunt
1313 1805 1448 1859 ergo
1479 1805 1652 1844 onera
1670 1805 1771 1843 sua
1796 1805 2048 1857 movere,
2072 1766 2128 1837 B
2152 1793 2349 1847 Petrus
2398 1792 2550 1846 ﬁdei.
2603 1790 2966 1862 Singularum
3021 1789 3291 1844 virtutum
3344 1803 3565 1842 corona
3631 1793 3776 1840 sunt.

422 1898 550 1952 quae
578 1884 709 1934 sunt
748 1882 960 1952 gravia,
989 1887 1046 1936 et
1088 1883 1205 1936 leve
1248 1883 1450 1939 Christi
1475 1883 1682 1953 jugum
1713 1887 1881 1953 atque
1910 1898 2052 1938 onus

423 1975 546 2042 ejus
574 1991 742 2029 suave
771 1974 1074 2045 suscipere.

495 2071 579 2122 10.
609 2069 818 2122 Verum
846 2067 982 2138 quia
1015 2067 1202 2139 passio
1235 2069 1530 2124 Salvatoris
1559 2086 1758 2124 omnes
1788 2070 2047 2136 redemit,

421 2178 535 2216 non
576 2161 884 2216 absurdum
920 2168 1005 2216 est
1043 2162 1359 2234 intelligere
1405 2164 1478 2218 ita
1521 2164 1624 2218 hos
1667 2163 1906 2218 movisse
1952 2179 2046 2218 ca-

422 2255 538 2326 pita,
564 2272 682 2322 sua,
712 2254 854 2309 sicut
879 2255 1257 2326 prophetabat
1282 2257 1546 2328 princeps
1571 2257 1663 2312 ille
1686 2257 2008 2328 Synagoga
2033 2273 2046 2310 :

426 2373 449 2394 ι‹
494 2348 730 2419 Expedit
761 2365 933 2402 unum
968 2349 1261 2404 hominem
1299 2350 1446 2405 mori
1477 2367 1578 2422 pro
1607 2351 1816 2422 populo
1844 2351 2045 2422 (Ιοαηη

420 2457 492 2509 χι,
525 2444 635 2512 50).
667 2465 692 2490 ››
735 2442 898 2495 Aliud
953 2442 1141 2496 dicere
1191 2443 1434 2510 volebat,
1478 2444 1632 2498 aliud
1670 2443 2045 2515 signiﬁcabat.

418 2536 485 2588 Et
531 2535 616 2588 isti
643 2535 807 2589 aliter
849 2534 1153 2591 movebant
1195 2543 1362 2607 caput
1408 2537 1566 2608 quasi
1609 2538 1965 2604 insultantes,
1994 2542 2051 2592 et

418 2629 572 2682 aliud
616 2628 1051 2698 annuntiabant,
1097 2629 1234 2700 quia
1282 2630 1401 2700 ipse
1447 2633 1572 2685 erat
1627 2633 1724 2702 qui
1767 2632 1940 2697 venit,
1991 2637 2051 2686 ut

421 2724 647 2793 pigrum
679 2723 818 2777 illud
849 2726 1020 2793 atque
1061 2727 1355 2778 terrenum
1402 2724 1708 2795 principale
1750 2725 2047 2779 hominum

421 2819 835 2881 commoveret,
890 2832 1002 2886 quo
1053 2822 1317 2871 evacuata
1368 2817 1762 2872 observatione
1822 2818 2046 2886 littera,

421 2909 758 2980 mysterium
789 2925 1180 2980 quaereremus
1210 2911 1266 2964 in
1296 2911 1501 2964 verbis.
1531 2911 1692 2965 Unde
1725 2911 1804 2964 ait
1835 2928 1847 2965 :
1885 2933 1910 2961 ‹‹
1941 2914 2044 2966 Ρο-

419 3003 578 3058 suisti
633 3020 733 3056 nos
785 3003 841 3056 in
900 3003 1218 3073 parabolam
1269 3004 1553 3074 gentibus,
1606 3005 2046 3059 commotionem

2151 1887 2312 1941 Solus
2361 1886 2613 1940 Christus
2666 1884 2838 1939 habet
2895 1899 3166 1939 coronam
3225 1881 3438 1952 gloria,
3495 1896 3603 1951 qua
3651 1894 3781 1932 eum

2151 1980 2394 2036 Ecclesia
2435 1978 2738 2034 coronavit.
2789 1981 2849 2032 ln
2897 1978 3002 2032 hac
3045 1993 3258 2031 corona
3309 1990 3509 2028 omnes
3558 1988 3785 2027 corona

2150 2079 2302 2139 sunt,
2353 2073 2482 2144 quia
2532 2072 2707 2143 gloria
2759 2088 2871 2126 non
2923 2071 3108 2142 portio
3155 2069 3320 2124 unius
3379 2083 3623 2132 corona,
3683 2065 3784 2120 sed

2156 2167 2456 2239 praemium
2484 2166 2742 2220 omnium
2771 2180 3116 2219 coronarum
3145 2169 3246 2218 est.

2228 2265 2309 2315 t2.
2340 2259 2524 2314 Tertia.
2554 2259 2859 2314 traditione
2899 2262 3205 2312 moverunt
3249 2259 3419 2325 caput
3454 2269 3639 2320 suum,
3674 2253 3786 2307 hoc

2151 2359 2254 2423 est,
2290 2353 2595 2420 Christum,
2639 2352 2732 2424 qui
2778 2357 2864 2405 est
2907 2356 3078 2420 caput
3119 2366 3235 2404 sua
3281 2348 3462 2419 plebis
3500 2364 3512 2400 :
3547 2347 3787 2418 «Caput

2153 2449 2274 2518 ejus
2303 2463 2504 2502 aurum
2534 2446 2739 2516 cephas
2775 2448 2977 2512 (Cant,
3019 2461 3069 2511 ν,
3102 2447 3210 2510 Η).
3243 2462 3269 2493 ››
3304 2441 3458 2497 Unde
3499 2445 3552 2494 et
3583 2440 3786 2511 Aquila

2148 2548 2371 2614 petram
2393 2557 2594 2594 aurum
2625 2539 2768 2593 dixit
2802 2557 2813 2592 :
2841 2538 3218 2608 Symmachus
3244 2535 3494 2607 lapidem
3520 2549 3786 2598 aureum,

2150 2636 2300 2707 quod
2331 2634 2612 2704 signiﬁcat
2643 2633 2902 2686 stabilem
2929 2631 3391 2700 eminentemque
3417 2627 3784 2700 sapientiam.

2148 2730 2362 2800 Corpus
2411 2727 2616 2781 Christi
2668 2725 2917 2782 Ecclesia
2968 2728 3070 2779 est.
3124 2723 3296 2794 Hujus
3346 2727 3507 2793 caput
3555 2737 3784 2785 aurum,

2149 2822 2209 2876 id
2248 2828 2353 2888 est,
2399 2820 2673 2892 sapientia
2722 2818 2971 2889 pretiosa
3011 2820 3336 2872 sanctorum
3380 2820 3482 2881 est,
3524 2815 3633 2869 hoc
3679 2819 3785 2883 est,

2151 2915 2252 2968 viri
2303 2915 2440 2984 justi
2491 2920 2660 2984 atque
2705 2911 3037 2983 prudentes.
3090 2933 3116 2959 ‹‹
3159 2909 3352 2967 Crines
3394 2909 3518 2979 ejus
3565 2906 3789 2962 abietes

2149 3009 2365 3078 nigra,
2414 3007 2555 3061 sicut
2610 3021 2778 3060 corax
2826 3005 3034 3075 (Ibid.),
3086 3027 3112 3054 ››
3170 3004 3238 3058 de
3293 3018 3407 3074 quo
3457 3001 3586 3055 alibi
3641 3001 3725 3056 ait
3774 3018 3786 3055 :

421 3096 618 3167 capitis
650 3097 705 3149 in
749 3095 974 3165 populis
1011 3098 1174 3161 (Psal.
1209 3113 1352 3163 XLIII,
1387 3101 1491 3166 t5).
1525 3117 1550 3147 ι)
1595 3098 1754 3160 Quod
1798 3098 1855 3151 in
1901 3097 2125 3202 bonoc
2153 3123 2179 3152 ιι
2221 3101 2693 3172 Capillamentum
2735 3104 2919 3165 tuum,
2963 3101 3027 3151 ut
3063 3114 3201 3169 grex
3243 3100 3531 3150 tonsarum
3573 3094 3788 3164 (Cant,

423 3190 616 3260 utique
649 3188 938 3258 accipitur,
987 3188 1119 3259 quia
1159 3189 1434 3260 pramisit
1468 3208 1478 3243 :
1525 3212 1549 3238 α
1584 3192 1644 3244 Et
1690 3191 1748 3245 in
1795 3191 2050 3245 nationes
2077 3188 2125 3202 υ
2155 3212 2222 3258 γι,
2257 3194 2329 3264 li).
2363 3216 2389 3241 η
2423 3193 2551 3249 Ideo
2589 3192 3071 3263 capillamentum,
3123 3191 3257 3262 quia
3301 3189 3477 3244 virtus
3521 3188 3785 3243 omnium

420 3281 728 3354 dispersisti
756 3298 861 3336 nos
896 3283 1078 3350 (Ibid.,
1122 3286 1228 3352 12).
1263 3306 1290 3332 ››
1327 3283 1563 3353 Dispersi
1604 3289 1736 3339 sunt
1777 3285 1929 3339 enim
1953 3286 2047 3339 Ju-

422 3377 552 3444 dai,
597 3381 659 3430 ut
707 3375 960 3446 reliquiae
1012 3392 1210 3430 eorum
1260 3378 1426 3430 salva
1479 3378 1684 3432 ﬁerent
1735 3378 2050 3434 secundum

421 3469 756 3525 electionem
801 3470 1031 3540 gratiae;
1068 3471 1125 3524 in
1171 3471 1488 3541 parabolam
1529 3477 1720 3526 autem
1766 3473 1956 3544 positi,
1992 3478 2052 3528 ut

423 3580 486 3618 ea
537 3579 666 3635 quae
718 3579 824 3633 per
868 3563 1195 3634 parabolam
1249 3563 1396 3618 dicta
1445 3570 1596 3634 sunt,
1642 3567 1886 3621 revelata
1930 3582 2048 3622 esse

421 3658 655 3711 illorum
695 3657 845 3712 exitu
881 3657 1252 3724 disceremus,
1294 3659 1378 3713 vel
1422 3675 1620 3714 eorum
1651 3661 1917 3732 exemplo
1943 3661 2046 3715 ad-

422 3766 790 3806 moneremur
819 3767 1014 3805 cavere
1057 3751 1374 3822 perﬁdiam.
1410 3753 1563 3807 Tunc
1599 3754 1754 3808 enim
1790 3755 2051 3825 cognovit

421 3845 603 3916 magis
639 3845 909 3900 Jeremias
955 3843 1209 3900 Judaam
1254 3862 1373 3900 esse
1424 3846 1777 3915 deflendam;
1825 3854 1880 3903 et
1919 3847 2048 3903 ideo

418 3939 724 3994 Jerusalem
767 3942 986 4009 captam
1025 3955 1142 3994 esse
1186 3943 1317 3994 tunc
1361 3940 1634 4010 temporis
1672 3942 2046 4012 prophetavit,

419 4033 647 4103 quando
696 4031 1137 4102 Redemptorem
1195 4033 1486 4104 proprium
1535 4050 1646 4089 non
1691 4036 1922 4106 recepit.
1962 4036 2047 4091 Illi

422 4125 598 4193 igitur
639 4124 962 4191 insultatur,
997 4125 1065 4179 de
1103 4142 1218 4196 qua
1255 4127 1465 4194 dicent,
1498 4127 1682 4198 inquit
1714 4153 1721 4181 :
1755 4151 1782 4178 ι(
1816 4131 1939 4185 Haec
1967 4136 2047 4185 est

421 4217 682 4271 civitas...
714 4217 993 4270 universa
1036 4221 1204 4272 terra
1230 4218 1471 4286 (Thren.,
1504 4237 1560 4286 ιι,
1603 4222 1709 4291 15),
1742 4243 1768 4270 ››
1801 4239 1867 4277 eo
1895 4224 2047 4295 quod

425 4309 520 4364 ubi
542 4316 662 4364 erat
688 4318 818 4366 ante
840 4309 971 4365 ﬁdei
989 4311 1336 4382 jucunditas,
1362 4312 1436 4366 ibi
1461 4330 1610 4368 nunc
1641 4315 1711 4368 sit
1731 4316 2048 4372 amaritudo

421 4404 705 4475 perﬁdia;
740 4406 824 4459 vel
857 4409 1008 4459 certe
1040 4406 1319 4460 movendo
1349 4411 1520 4477 caput
1551 4423 1738 4475 suum,
1763 4413 1819 4464 et
1837 4409 1908 4464 de
1935 4427 2051 4465 cor-

2151 3303 2418 3342 sensuum
2470 3287 2526 3340 in
2573 3285 2755 3356 capite
2803 3289 2905 3339 est.
2951 3307 2977 3334 «
3022 3283 3186 3339 Oculi
3222 3283 3374 3338 enim
3415 3281 3690 3352 sapientis
3730 3281 3788 3335 in

2151 3381 2333 3452 capite
2361 3381 2481 3451 ejus
2517 3380 2737 3450 (Eccle.,
2772 3395 2830 3445 ιι,
2868 3379 2972 3448 lli).
3007 3401 3034 3427 »
3062 3377 3347 3432 Profunda
3379 3375 3556 3448 igitur
3586 3374 3784 3430 docto-

2153 3493 2279 3530 rum
2329 3474 2650 3546 prudentia,
2693 3489 2820 3544 qua
2867 3477 3054 3542 potest
3092 3488 3160 3526 ea
3199 3487 3324 3542 qua
3373 3469 3613 3524 obscura
3654 3473 3787 3523 sunt

2151 3569 2421 3636 revelare,
2467 3574 2522 3622 et
2567 3567 2678 3620 alta
2730 3567 2955 3637 aperire
2998 3580 3291 3619 sensuum.
3342 3565 3408 3617 Et
3457 3562 3787 3632 hujusmodi

2150 3663 2528 3733 disputatores
2569 3660 2753 3715 crines
2794 3658 3058 3715 Ecclesia
3103 3661 3256 3724 sunt,
3289 3656 3435 3711 sicut
3475 3655 3618 3726 pulli
3667 3672 3793 3711 cor-

2151 3772 2369 3818 vorum,
2431 3755 2638 3825 quibus
2690 3753 2962 3807 Dominus
3017 3768 3207 3807 escam
3261 3751 3379 3818 dat,
3436 3749 3579 3804 sicut
3633 3749 3792 3804 dedit

2149 3854 2340 3904 sancto
2380 3848 2548 3905 Jacob
2587 3864 2617 3900 ει
2652 3847 2952 3917 juventute
2998 3846 3140 3916 ejus,
3185 3853 3240 3900 et
3283 3860 3415 3899 eum
3457 3843 3626 3914 pavit.
3677 3844 3790 3898 Hos

2149 3944 2289 3998 alios
2321 3959 2385 3997 ac
2421 3940 2735 4013 profundos
2767 3939 3030 3995 ubertate
3067 3939 3340 3994 doctrina
3381 3937 3560 4008 pascit
3584 3937 3786 3990 Domi-

2153 4054 2259 4092 nus
2287 4035 2609 4091 coelestibus
2636 4033 3029 4089 sacramentis.

2226 4135 2310 4186 t3.
2341 4152 2366 4178 α
2397 4129 2550 4184 Oculi
2581 4144 2809 4200 quoque
2837 4127 2958 4196 ejus
3002 4127 3145 4180 sicut
3182 4123 3461 4179 columba
3489 4126 3698 4193 (Cant,
3735 4141 3788 4192 v,

2158 4227 2272 4293 12);
2303 4248 2328 4273 n
2377 4223 2523 4278 oculi
2567 4225 2699 4277 sunt
2738 4220 2861 4286 viri,
2909 4218 3165 4275 videlicet
3204 4217 3555 4288 spiritalibus
3598 4219 3790 4273 ornati

2150 4318 2425 4384 sensibus,
2474 4318 2572 4388 qui
2620 4315 2692 4370 ad
2737 4313 2974 4371 vivenda
3017 4312 3281 4383 mysteria
3327 4315 3459 4366 sunt
3501 4311 3678 4379 acuti,
3727 4316 3788 4365 et

2153 4413 2332 4482 parati
2361 4412 2429 4466 ad
2471 4409 2818 4482 penetranda
2849 4407 3155 4478 Scriptura
3183 4411 3397 4460 secreta
3430 4404 3658 4470 divina,
3691 4421 3785 4459 ra-

421 4498 708 4568 poralibus
735 4499 805 4553 ad
840 4500 1112 4570 spiritalia
1137 4499 1482 4554 transeundo
1508 4507 1799 4556 mereatur
1826 4504 2044 4571 audire,
2067 4501 2124 4572 D
2147 4505 2407 4560 tionabili
2445 4505 2588 4559 lacte
2627 4503 2929 4574 fulgentes,
2968 4501 3026 4554 in
3071 4498 3275 4570 quibus
3320 4514 3434 4552 non
3482 4498 3553 4551 sit
3589 4499 3792 4570 aliqua

422 4608 551 4644 cum
574 4593 882 4647 crediderit
911 4592 966 4646 in
991 4593 1300 4663 Christum,
1324 4596 1472 4666 quod
1500 4611 1710 4650 corona
1733 4596 1806 4651 sit
1829 4597 2046 4668 gloria.

497 4689 580 4738 Η.
608 4687 742 4748 Quae
782 4692 866 4739 est
903 4689 1093 4742 autem
1134 4704 1343 4742 corona
1385 4689 1603 4759 gloria,
1643 4691 1750 4744 nisi
1781 4691 2046 4759 Ecclesia,

419 4795 547 4850 qua
577 4783 748 4848 caput
787 4796 953 4833 suum
994 4781 1284 4836 Christum
1314 4784 1594 4838 coronat?
1622 4783 1757 4847 Quae
1775 4785 2045 4856 jucundi-

420 4877 505 4926 tas
545 4872 821 4926 universa
867 4879 1052 4939 terra,
1103 4874 1208 4929 nisi
1246 4876 1454 4931 domus
1499 4878 1688 4948 populi
1727 4879 2046 4947 Christiani,

419 4967 548 5020 aula
580 4970 930 5036 sanctorum,
961 4968 1030 5022 de
1067 4968 1272 5040 quibus
1304 4971 1574 5041 scriptum
1612 4974 1696 5026 est
1725 4988 1738 5025 :
1775 4993 1800 5021 α
1832 4975 1894 5027 In
1924 4989 2045 5028 om-

417 5077 546 5114 nem
583 5066 786 5115 terram
835 5059 1008 5116 exivit
1047 5079 1215 5117 sonus
1263 5081 1483 5133 eorum,
1526 5068 1584 5118 et
1623 5065 1679 5119 in
1718 5066 1858 5120 ﬁnes
1900 5067 2050 5121 orbis

417 5160 586 5208 terra
631 5155 802 5208 verba
851 5171 1047 5209 eorum
1091 5157 1256 5225 (Psul.
1308 5174 1458 5224 xvm,
1519 5159 1608 5228 5)?
1649 5181 1674 5207 ››
1727 5160 1873 5231 Ergo
1921 5161 2049 5231 quia

417 5263 625 5303 corona
659 5249 855 5319 gloria
887 5253 973 5303 est
1017 5250 1284 5317 Ecclesia,
1332 5251 1459 5305 ideo
1499 5252 1707 5306 dicitur
1751 5253 1809 5307 in
1854 5254 2046 5308 Canti-

418 5342 496 5395 cis
537 5359 547 5394 :
597 5362 624 5388 υ
652 5343 1069 5412 Egredimini...
1123 5349 1180 5398 et
1220 5344 1400 5399 videte
1450 5361 1643 5414 regem
1687 5346 2048 5401 Salomonem

417 5431 473 5486 in
526 5450 752 5503 corona,
800 5454 908 5508 qua
955 5438 1244 5493 coronavit
1292 5454 1421 5492 eum
1465 5444 1646 5493 mater
1697 5439 1818 5508 ejus
1859 5439 1915 5494 in
1960 5440 2049 5497 die

417 5528 763 5597 sponsalium
804 5531 943 5598 ejus,
976 5537 1031 5586 et
1069 5532 1126 5586 in
1165 5533 1256 5586 die
1288 5532 1656 5603 jucunditatis
1701 5535 1888 5590 cordis
1927 5536 2049 5604 ejus

479 5746 570 5806 (tt)
624 5745 780 5796 Rom.
829 5748 982 5804 edit.
1029 5753 1125 5800 etsi
1175 5768 1204 5797 (ι
1263 5756 1402 5802 luctu
1463 5753 1666 5817 pudore
1716 5760 2043 5804 revocentur.

415 5818 614 5869 Melius
660 5820 779 5866 alia
819 5833 880 5867 ac
930 5834 1082 5882 mss.,
1123 5823 1218 5870 etsi
1261 5837 1292 5871 α
1336 5829 1590 5886 tractatu,
1637 5831 1742 5876 etc.
1790 5826 2048 5879 Tractare

2153 4599 2268 4654 doli
2291 4598 2578 4652 maculosa
2597 4596 2870 4661 confusio,
2899 4594 2997 4649 sed
3018 4591 3289 4662 simplicis
3308 4591 3543 4647 atfectus
3564 4607 3714 4662 pura
3738 4598 3798 4646 et

2154 4692 2518 4747 immaculata
2559 4689 2870 4744 sinceritas.
2912 4687 3044 4743 ldeo
3077 4687 3134 4740 in
3173 4701 3454 4756 aquarum
3489 4683 3792 4740 abundan-

2154 4787 2227 4840 tia
2253 4787 2392 4840 lotas
2420 4786 2525 4840 has
2551 4783 2838 4838 columbas
2876 4782 2930 4836 in
2965 4782 3105 4835 tacte
3139 4778 3712 4848 memoravit(1bid.).

2228 4882 2312 4934 t-t.
2340 4881 2464 4934 Jam
2497 4883 2646 4932 certe
2676 4876 2895 4940 dentes,
2928 4878 2985 4928 et
3013 4890 3205 4943 genas,
3235 4878 3290 4926 et
3319 4873 3462 4926 sicut
3489 4870 3796 4926 coccinum

2153 4973 2480 5029 resticulum
2523 4969 2666 5024 labia
2701 4984 2927 5039 sponsa
2957 4966 3157 5037 (Cant,
3188 4981 3260 5032 vr,
3303 4967 3377 5035 5),
3420 4964 3800 5035 intelligimus

2151 5067 2360 5122 anima
2416 5082 2536 5119 esse
2602 5063 2866 5128 virtutes,
2932 5061 3346 5129 doctorumque
3398 5057 3794 5126 diversitates,

2151 5162 2247 5234 qui
2283 5161 2362 5214 vel
2407 5158 2718 5230 spiritalem
2759 5154 2942 5210 menti
2983 5152 3317 5208 alimoniam
3357 5151 3792 5223 dispensatione

2151 5254 2346 5309 sedula
2385 5251 2836 5315 subministrent,
2885 5248 2971 5301 vel
3017 5245 3424 5317 praedicatione
3473 5243 3791 5298 Dominica

2149 5346 2350 5413 crucis,
2381 5345 2522 5400 sicut
2564 5344 2718 5398 verbi
2763 5341 3013 5413 quadam
3060 5340 3209 5394 linea
3257 5338 3494 5409 alligent
3542 5335 3790 5391 audien-

2151 5445 2286 5507 tem,
2328 5440 2414 5494 vel
2453 5438 2692 5494 modesti
2733 5453 2797 5490 ac
2836 5433 3156 5503 verecundi,
3199 5438 3255 5485 et
3285 5429 3598 5503 juventutis
3640 5430 3788 5484 flore

2153 5533 2480 5605 gratissimi,
2521 5531 2624 5587 etsi
2658 5548 2690 5585 a
2732 5532 2974 5586 tractatu
3015 5526 3231 5599 pudore
3264 5526 3609 5581 revocentur
3637 5523 3787 5592 (4t);

2150 5753 2426 5819 siquidem
2455 5751 2524 5804 ab
2563 5753 2808 5817 antiquis
2845 5748 3098 5800 Patribus
3137 5745 3527 5812 usurpabatur,
3558 5756 3658 5808 pro
3697 5757 3781 5795 aa-

2151 5841 2297 5878 cram
2331 5826 2672 5891 Scripturam
2701 5823 2768 5874 ad
2799 5824 3064 5888 populum
3093 5831 3384 5886 exponere.
