3930 6168
173 306 267 359 1589

1227 297 1576 356 EXPOSITIO
1617 297 1683 352 IN
1721 294 2036 355 PSALMUM
2076 301 2300 356 CXVlll.

3308 307 3443 360 1490

167 426 352 480 redoleat
375 425 549 477 tamen
587 421 644 476 in
688 423 776 477 his
819 423 960 477 odor
995 422 1223 490 Christi,
1257 428 1314 477 et
1353 423 1496 477 sicut
1529 423 1583 476 in
1615 438 1707 493 ge—
1731 435 1786 506 Α
1811 439 1982 478 mune
2012 426 2276 481 naturae?
2311 425 2457 491 Quid
2500 427 2702 480 fratres
2745 427 2948 481 iisdem
2983 429 3228 482 concreti
3262 429 3436 484 visce-

163 536 232 574 nas
253 517 385 590 quasi
408 517 471 571 de
510 515 687 588 capite
729 517 1065 572 sacerdotali
1113 517 1410 571 descendit
1444 532 1706 586 unguen-

163 619 262 680 tum,
292 611 488 666 eluceat
527 609 886 682 pulchritudo
938 610 1232 665 doctrinae.
1280 611 1346 664 Et
1386 610 1491 664 hoc
1533 615 1707 680 caput

159 706 585 776 movitSynagoga,
609 709 667 759 et
687 703 815 758 ideo
832 703 1064 758 abstulit
1085 703 1358 758 Dominus
1382 703 1703 758 mirabilem

158 798 486 863 consiliarium,
527 803 580 852 et
613 797 956 868 prudentem
999 797 1390 864 architectum,
1445 794 1702 868 1162

158 899 193 947 et
215 892 487 963 sapientem
526 891 886 946 auditorem:
924 910 952 940 ι(
983 891 1182 962 Caput,
1227 889 1429 962 inquit,
1473 895 1529 945 et
1571 906 1702 944 cau-

152 988 244 1040 dam
265 984 393 1056 (150.,
423 1001 491 1053 ix,
527 984 629 1053 14),
660 1005 688 1034 ››
719 984 992 1056 quoniam
1028 984 1124 1055 qui
1153 987 1326 1050 caput
1351 999 1467 1038 non
1515 987 1707 1038 tenue-

151 1082 260 1148 runt,
295 1077 576 1132 novissima
610 1077 824 1132 habere
873 1093 988 1132 non
1030 1081 1286 1149 possunt.
1331 1077 1442 1134 Sed
1474 1078 1598 1148 jam
1639 1093 1707 1133 ea

150 1189 238 1246 qua:
257 1188 451 1227 annexa
477 1174 624 1240 sunt,
655 1170 1098 1226 consideremus.

201 1272 264 1322 15.
314 1267 468 1336 (Vera.
527 1265 666 1334 H3.)
721 1267 946 1335 Iniquos
992 1265 1114 1320 odio
1159 1265 1368 1328 habui,
1429 1273 1478 1320 et
1542 1266 1706 1335 legem

149 1369 256 1415 tuam
297 1361 467 1415 dilexi.
511 1360 729 1424 Quanto
777 1374 915 1428 erga
964 1359 1262 1413 Dominum
1309 1375 1366 1412 se
1407 1358 1708 1429 protendat

145 1456 298 1510 atlectu
334 1455 453 1525 (42),
493 1458 718 1508 sanctus
759 1452 1032 1523 propheta
1073 1452 1244 1506 David
1284 1452 1390 1507 hoc
1429 1452 1704 1507 versiculo

147 1548 401 1614 declaravit,
427 1546 556 1618 quia
595 1562 724 1601 cum
768 1562 896 1600 suos
934 1545 1188 1600 inimicos
1230 1561 1598 1617 nequaquam
1636 1547 1708 1600 sit

146 1647 411 1713 persecutus
453 1643 672 1711 (utpote
717 1640 813 1710 qui
855 1643 913 1693 et
949 1639 1102 1710 regis
1148 1639 1300 1708 Saul,
1343 1656 1377 1693 a
1415 1639 1576 1709 cujus
1619 1639 1704 1693 in-

146 1735 260 1788 sidiis
290 1735 590 1806 periculum
622 1734 814 1788 salutis
851 1749 1050 1788 cavere
1082 1733 1170 1787 vix
1214 1736 1457 1804 poterat,
1486 1749 1588 1787 nec
1621 1733 1702 1787 vi-

1807 518 1982 583 ribus,
2036 523 2205 589 atque
2264 519 2497 574 formati
2549 521 2750 574 eodem
2806 522 3022 574 natura:
3087 521 3332 592 hospitio
3381 524 3438 576 in

1807 611 1958 666 hunc
1986 628 2153 666 usum
2181 613 2321 667 lucis
2349 613 2588 667 emissi?
2615 613 2846 668 Oderim
2877 630 3014 684 ergo
3043 593 3280 684 pigito‘ra
3306 616 3437 670 cha-

1808 705 2036 760 ritatis‘?
2092 709 2172 760 lta
2236 707 2528 778 Evangelii
2580 707 2810 761 lenitate
2861 707 3111 778 rigorem
3163 709 3438 777 praedura:

1807 799 1948 870 legis
1987 799 2249 867 inﬂectis,
2290 805 2350 854 ut
2390 817 2632 872 quorum
2673 801 2764 854 lex
2805 801 3148 855 condemnat
3177 801 3436 871 injurias,

1809 909 2008 948 eorum
2044 900 2104 947 tu
2129 894 2436 965 Evangelio
2464 900 2562 948 tuo
2591 894 2940 948 condemnes
2968 894 3248 964 gratiam?

1881 991 1966 1040 17.
2015 986 2186 1042 Video
2233 987 2555 1042 istiusmodi
2604 987 2899 1042 assertioni
2945 1004 3037 1041 me
3085 987 3434 1058 respondere

1806 1096 1923 1135 non
1970 1096 2168 1152 posse;
2215 1081 2314 1135 sed
2355 1087 2436 1147 tu,
2488 1082 2746 1147 Domine,
2794 1083 3088 1152 responde,
3134 1097 3238 1137 nec
3283 1082 3438 1136 enim

1806 1173 2034 1243 indiges
2061 1181 2122 1228 ut
2147 1175 2450 1243 excusaris,
2474 1175 2572 1246 qui
2604 1191 2714 1229 non
2743 1175 2949 1246 eguisti
2977 1180 3036 1229 ut
3063 1175 3278 1231 diceres
3309 1175 3436 1244 (44).

1808 1267 2195 1338 Respondebit
2243 1267 2418 1339 igitur
2463 1286 2476 1322 :
2529 1269 2725 1339 Egone
2776 1269 3099 1324 condemno
3144 1269 3436 1339 pietatem,

1807 1362 1904 1433 qui
1952 1361 2042 1415 odi
2092 1361 2493 1432 iniquitatem?
2546 1363 2659 1430 Ego
2707 1366 2968 1432 parentes
3010 1363 3281 1434 praecipio
3325 1380 3437 1417 non

1807 1454 2104 1522 amandos,
2135 1455 2234 1526 qui
2272 1455 2530 1509 inimicos
2556 1456 2766 1510 suadeo
2795 1455 3154 1526 diligendos?
3181 1457 3289 1510 Sed
3323 1473 3437 1512 non

1806 1547 1992 1619 legisti
2026 1566 2037 1602 :
2071 1570 2096 1596 ‹‹
2125 1551 2369 1620 Tempus
2397 1549 2643 1617 amandi,
2674 1553 2731 1602 et
2758 1554 2982 1620 tempus
3007 1548 3138 1602 odio
3166 1549 3435 1614 habendi,

1806 1645 1860 1695 et
1898 1647 2121 1713 tempus
2152 1642 2302 1711 belli,
2341 1647 2397 1698 et
2437 1648 2660 1713 tempus
2701 1642 2856 1714 pacis
2899 1643 3116 1713 (Eccle.,
3155 1660 3235 1708 Ill,
3283 1644 3376 1711 8)?
3408 1666 3433 1690 η

1807 1735 1886 1790 De
1927 1752 2041 1807 quo
2089 1736 2192 1790 hoc
2233 1735 2370 1790 dicit
2412 1737 2812 1791 Ecclesiastes?
2850 1737 3042 1790 Nonne
3077 1735 3146 1790 de
3185 1752 3254 1790 eo
3285 1736 3435 1807 quod

147 1833 228 1882 tam
266 1799 526 1900 putaverit
567 1826 968 1899 appetendam,
1002 1831 1057 1881 et
1099 1799 1342 1881 mortem
1388 1799 1699 1881 aestimave-
1728 1799 1782 1869 B
1808 1799 2026 1884 ratio-ne
2072 1828 2344 1900 temporis
2391 1830 2508 1896 ﬁat,
2553 1834 2618 1884 ut
2663 1829 2877 1900 aliquos
2918 1829 3008 1900 pie
3050 1834 3106 1883 et
3148 1799 3343 1884 amare
3380 1834 3436 1884 et

146 1922 196 1975 rit
216 1921 604 1990 vindicandam,
638 1926 693 1976 et
725 1919 1022 1991 parricidas
1050 1920 1149 1974 filii
1187 1920 1699 1991 ingemuerit'inte-

147 2015 289 2081 ritum,
315 2018 366 2068 et
391 2016 700 2070 multorum
738 2013 1204 2085 persequentium
1245 2030 1302 2068 se
1339 2013 1569 2084 flagitiis
1601 2029 1701 2084 ap-

146 2109 296 2178 petitus
337 2107 648 2179 ignoverit,
694 2112 754 2162 ut
804 2107 921 2178 ipse
967 2107 1045 2161 ait
1088 2106 1259 2176 (Psul.
1303 2123 1404 2174 vn,
1452 2110 1523 2177 5),
1572 2107 1702 2178 quia

147 2202 272 2256 vicem
303 2201 513 2271 injuria
559 2201 899 2257 laedentibus
937 2218 1051 2256 non
1095 2201 1456 2272 rependerit),
1486 2217 1698 2272 praeva-

150 2295 347 2349 ricatores
382 2299 577 2350 tamen
612 2295 818 2350 divina:
861 2295 1002 2367 legis
1044 2311 1235 2350 exosos
1273 2295 1599 2361 horrescat;
1643 2294 1701 2348 in

150 2403 220 2458 quo
239 2389 400 2459 utique
427 2391 481 2444 et
517 2388 833 2442 clementia
858 2404 1086 2444 morum
1122 2388 1262 2458 ejus,
1294 2387 1698 2442 mansuetudo-

151 2498 219 2552 que
246 2481 463 2552 pietatis,
507 2488 574 2536 et.
610 2482 918 2536 vehemens
963 2480 1280 2536 devotionis
1319 2481 1571 2551 aperitur
1611 2481 1697 2534 in-

156 2573 283 2643 tentio,
321 2574 633 2647 evangelici
675 2577 945 2646 prmeepti
985 2575 1328 2629 conveniens
1367 2573 1698 2644 disciplinae,

162 2684 265 2736 quam
300 2669 628 2741 prophetico
674 2668 876 2740 spiritu
923 2667 1282 2739 praevidebat.
1328 2667 1548 2721 Etenim
1597 2668 1697 2721 Do-

171 2761 278 2814 minus
301 2765 449 2817 Iesus
487 2767 554 2817 et.
587 2766 914 2817 nostrorum
943 2761 1308 2816 inimicorum
1337 2760 1699 2815 dilectionem

163 2854 256 2907 nobis
281 2856 653 2928 expetendam
691 2871 808 2910 esse
847 2855 1117 2926 praecepit
1149 2855 1390 2926 (Matth.,
1426 2871 1476 2920 v,
1511 2856 1619 2924 44),
1648 2859 1703 2909 et

155 2945 212 2998 Dei
239 2947 414 3017 hostes,
447 2949 680 3005 etiamsi
718 2948 884 3003 nobis
929 2953 1026 3002 aut
1067 2950 1388 3018 parentum,
1427 2951 1527 3002 aut
1562 2947 1704 3001 ﬁlio-

153 3055 248 3108 rum,
288 3047 371 3096 aut
417 3041 682 3114 conjugii
730 3041 1240 3112 germanitatisque
1291 3040 1703 3096 necessitudine

1804 1923 1986 1978 odisse
2020 1923 2331 1994 possimus;
2373 1926 2428 1977 et
2469 1939 2607 1994 quos
2638 1923 2922 1990 dilexeris,
2961 1923 3162 1990 odisse,
3201 1928 3256 1978 et
3297 1939 3438 1994 quos

1805 2016 2012 2085 oderis,
2044 2016 2092 2088 1
2111 2017 2159 2089 1
2177 2015 2302 2089 63
2333 2033 2524 2072 amare
2552 2017 2891 2071 conveniat?
2918 2018 3038 2071 Non
3070 2032 3208 2088 ergo
3238 2033 3438 2088 paren-

1804 2117 1926 2164 tum
1949 2109 2133 2164 infudi
2162 2110 2290 2164 odia
2314 2109 2634 2180 pectoribus
2664 2110 2946 2174 filiorum;
2982 2125 3086 2164 nec
3119 2111 3428 2180 conjugum

1803 2204 1952 2258 suasi
1986 2203 2205 2259 fastidia
2243 2203 2532 2258 mentibus
2568 2203 2926 2258 maritorum.
2956 2204 3223 2258 Naturam
3255 2204 3428 2258 inter-

1803 2314 1940 2369 roga
1970 2297 2104 2368 quid
2135 2298 2443 2369 exegerim,
2472 2313 2597 2368 qua:
2635 2297 2829 2368 utique
2861 2297 3105 2351 auctoris
3135 2297 3431 2351 arbitrium

1805 2391 2038 2462 genitali
2060 2391 2414 2462 singularum
2442 2390 2927 2445 necessitudinum
2954 2395 3190 2445 testatur
3205 2389 3429 2445 affectu.

1803 2488 2006 2540 Amare
2048 2484 2302 2555 patribus
2337 2484 2481 2539 ﬁlios
2517 2484 2609 2538 lex
2642 2487 2858 2538 naturae
2902 2489 3017 2551 est;
3063 2483 3276 2537 maritis
3306 2500 3432 2538 con-

1795 2579 1985 2649 juges,
2028 2579 2119 2632 lex
2165 2578 2353 2631 divina
2403 2582 2506 2644 est,
2539 2594 2664 2648 (lum
2703 2577 2955 2647 conjugii
2997 2576 3326 2630 charitatem
3377 2577 3430 2630 in

1806 2675 2066 2725 naturam
2105 2671 2293 2736 vertit,
2340 2677 2404 2724 ut
2447 2671 2543 2724 fiat
2577 2687 2688 2723 una
2729 2686 2859 2722 caro
2901 2673 2957 2724 et
2999 2685 3144 2723 unus
3182 2670 3428 2738 spiritus.

1803 2765 2043 2835 Diligere
2089 2764 2355 2818 fratribus
2394 2765 2593 2818 fratres
2638 2769 2857 2817 naturae
2904 2763 3275 2833 praerogativa
3324 2768 3427 2824 est,

1802 2873 1930 2929 quae
1967 2857 2166 2912 eodem
2206 2857 2496 2912 domicilio
2542 2857 2638 2910 diu
2678 2857 2820 2911 fotos
2851 2856 3148 2910 assuefacit
3176 2855 3246 2909 ad
3295 2872 3427 2925 gra-

1804 2953 1941 3006 tiam
1975 2951 2288 3006 charitatis.

1877 3048 1960 3100 18.
2023 3046 2142 3099 Non
2199 3060 2336 3115 ergo
2394 3042 2882 3099 necessitudinum
2949 3044 3214 3098 intestina
3279 3043 3428 3098 bella

149 3134 421 3206 copulentur,
459 3136 600 3191 odio
637 3134 1084 3206 prosequendos.
1118 3135 1204 3189 Sic
1236 3134 1388 3188 enim
1429 3134 1701 3206 scriptum
1723 3167 1777 3240 Ο
1804 3138 2091 3205 mandavi,
2122 3139 2217 3193 sed
2253 3137 2579 3193 illecebram
2612 3141 2931 3208 suspectam
2962 3137 3158 3192 habui.
3188 3139 3273 3191 An
3312 3153 3426 3191 non

149 3231 230 3280 est:
254 3252 274 3274 υ
300 3231 345 3284 Si
372 3231 494 3302 quis
525 3229 749 3283 venerit
779 3228 850 3282 ad
879 3245 991 3294 me,
1023 3234 1080 3282 et
1105 3244 1216 3282 non
1243 3227 1426 3282 oderit
1452 3233 1699 3298 patrem,

149 3322 183 3370 et
205 3325 418 3391 matrem,
455 3329 512 3378 et
557 3338 814 3388 uxorem,
857 3326 912 3376 et
949 3321 1116 3387 ﬁlios,
1159 3328 1215 3376 et
1259 3321 1483 3388 fratres,
1518 3325 1574 3376 et
1613 3337 1700 3376 so-

147 3427 264 3480 rores,
297 3416 466 3471 adhuc
504 3417 688 3471 etiam
730 3421 784 3469 et
826 3415 1078 3470 animam
1116 3431 1299 3482 suam,
1341 3430 1456 3469 non
1487 3417 1571 3470 est
1610 3431 1702 3471 me

144 3502 291 3576 dignus
314 3511 473 3580 (Luc.,
508 3526 626 3577 xiv,
653 3509 760 3580 26).
794 3531 820 3557 η

190 3603 250 3655 16.
283 3604 422 3666 Quod
469 3605 520 3658 si
575 3603 702 3674 quis
751 3601 941 3656 otiosis
991 3601 1227 3673 accipiat
1280 3601 1544 3672 auribus,
1585 3603 1698 3656 for-

144 3695 242 3748 tasse
266 3695 393 3751 dicat
419 3714 432 3751 :
459 3699 551 3752 Tu
577 3696 814 3750 Domine
844 3696 994 3761 Iesu,
1024 3696 1212 3766 legem
1239 3695 1444 3752 dedisti
1467 3695 1658 3750 dicens
1683 3713 1695 3750 :

143 3787 317 3859 aDilige
357 3791 667 3845 Dominum
709 3791 884 3844 Deum
928 3793 1114 3855 tuum,
1156 3787 1330 3859 dilige
1374 3788 1701 3859 proximum

142 3883 255 3934 tuum
278 3885 460 3952 (Deut,
491 3900 574 3950 v1,
608 3887 670 3952 5;
697 3885 890 3944 Levit.,
919 3898 1028 3947 χιχ,
1063 3881 1169 3952 18),
1203 3903 1228 3930 ››
1258 3884 1316 3936 et
1343 3887 1403 3936 ut
1428 3882 1701 3954 impleres

141 3969 243 4026 hanc
273 3975 443 4047 legem
487 3975 730 4042 venisti;
775 3975 964 4030 dixisti
1001 3991 1103 4046 per
1143 3975 1330 4046 legem
1365 3992 1376 4029 :
1411 3998 1436 4024 «
1481 3976 1702 4030 Honora

140 4071 301 4132 patrem
328 4073 382 4124 et
403 4078 650 4125 matrem
680 4069 897 4138 (Emod.,
925 4085 1016 4136 xx,
1047 4069 1156 4139 12),
1177 4090 1205 4118 »
1230 4073 1286 4123 et
1311 4069 1370 4123 in
1396 4069 1698 4140 Evangelio

137 4155 254 4223 iubes
277 4167 328 4217 ut
348 4168 615 4235 parentes
649 4162 870 4217 oderim
902 4163 1139 4231 (Mutth.,
1179 4179 1266 4230 xv,
1297 4163 1368 4231 4).
1406 4161 1700 4226 Quomodo

140 4248 209 4304 sibi
237 4257 561 4311 conveniunt
589 4256 693 4310 ista
729 4255 1051 4327 praecepta?
1079 4253 1168 4309 Sic
1197 4254 1346 4310 mitis
1382 4259 1439 4310 et
1465 4255 1701 4311 humilis

141 4345 264 4399 corde
317 4350 555 4405 venisti?
606 4351 728 4404 Non
791 4365 1021 4420 possum
1076 4348 1226 4402 salvo
1287 4348 1517 4419 pietatis
1570 4349 1699 4419 jure

140 4435 274 4493 odisse
311 4447 545 4513 patrem,
587 4443 676 4497 cui
718 4442 899 4498 debeo
939 4443 1088 4514 quod
1129 4447 1354 4497 creatus
1391 4459 1537 4511 sum,
1571 4459 1696 4498 ma-

1795 3234 1925 3305 jure
1961 3238 2304 3303 suspectam,
2336 3247 2465 3285 cum
2503 3248 2738 3302 serpens
2773 3231 2866 3285 ille
2906 3230 3142 3285 callidus
3182 3234 3237 3285 et
3275 3235 3424 3285 astu-

1802 3331 1894 3381 tus
1924 3327 1995 3382 ad
2022 3325 2430 3381 construendae
2459 3325 2731 3396 nequitiae
2758 3341 2875 3379 suae
2899 3327 3070 3390 artes,
3099 3341 3210 3395 quo
3239 3324 3426 3378 incor-

1803 3426 1987 3491 rupta:
2023 3436 2088 3473 ac
2123 3417 2276 3472 rudis
2313 3421 2531 3472 naturae
2566 3419 2693 3472 dote
2729 3417 3030 3472 fundatum
3065 3417 3427 3488 primogeniti

1803 3514 1978 3568 Adam
2017 3512 2387 3567 labefactaret
2415 3511 2698 3578 affectum,
2728 3510 2986 3565 femineis
3018 3511 3198 3582 magis
3235 3511 3424 3565 illece-

1801 3606 1918 3660 bris
1965 3621 2143 3678 quam
2185 3605 2300 3660 suis
2341 3604 2624 3659 commisit
2663 3604 2934 3658 venenis?
2979 3606 3172 3674 Itaque
3214 3603 3428 3658 femina

1801 3700 2007 3767 virum,
2049 3715 2221 3771 quem
2261 3715 2494 3768 serpens
2538 3702 2754 3752 tentare
2794 3714 2910 3752 non
2946 3713 3115 3751 ausus
3155 3699 3256 3765 est,
3301 3697 3425 3751 cibo

1800 3794 1914 3848 oris
1941 3797 1996 3847 et
2028 3793 2078 3847 vi
2107 3793 2314 3846 amoris
2344 3791 2637 3857 inflexum,
2669 3791 2827 3845 molli
2864 3789 3113 3861 quadam
3147 3793 3204 3844 et
3234 3789 3424 3844 conci-

1800 3887 2080 3942 liatricula
2119 3885 2328 3940 uxoriae
2364 3884 2677 3939 sedulitatis
2716 3883 3012 3938 affectione
3052 3883 3325 3937 traduxit.
3362 3885 3427 3938 Et

1802 3981 1987 4036 adhuc
2022 3982 2133 4034 Eva
2165 3979 2370 4034 liberos
2405 3995 2518 4032 non
2548 3977 2820 4042 habebat,
2855 3993 3095 4048 quorum
3130 3976 3332 4047 gratia,
3365 3980 3426 4030 ut

1800 4073 1976 4129 dulcis
2005 4073 2079 4128 ad
2116 4088 2392 4139 amorem,
2433 4072 2512 4126 ita
2551 4071 2724 4126 facilis
2761 4071 2828 4125 ad
2869 4071 3114 4141 lapsum,
3149 4069 3420 4140 plurimos

1800 4184 1832 4220 a
1858 4165 2116 4238 martyrii
2134 4165 2631 4220 consummatione
2652 4180 2798 4235 saepe
2825 4163 3146 4219 revocavit?
3170 4163 3423 4234 Denique

1800 4277 1950 4331 saepe
1978 4259 2365 4331 cognovimus,
2398 4258 2664 4329 quoniam
2701 4273 2872 4328 quem
2901 4257 3269 4312 formidolosa
3304 4273 3421 4310 car-

1799 4354 2028 4410 nificum
2075 4370 2279 4424 pompa
2315 4368 2434 4407 non
2470 4352 2692 4418 terruit,
2739 4368 2842 4405 nec
2883 4351 3043 4405 divisi
3085 4350 3274 4404 lateris
3317 4351 3425 4403 sul-

1801 4464 1898 4502 cus
1939 4447 2192 4517 infregit,
2242 4462 2344 4500 nec
2391 4445 2656 4500 ardentes
2705 4444 2930 4498 laminae
2980 4459 3012 4496 a
3063 4442 3424 4512 triumphalis

141 4533 242 4585 trem
268 4535 422 4607 longo
458 4538 659 4592 decem
693 4536 973 4590 mensium
1013 4537 1122 4606 (43)
1162 4535 1390 4591 fastidio
1422 4536 1498 4607 pii
1535 4530 2145 4600 fmtustortitudinis
2187 4539 2375 4610 rigore
2419 4539 2697 4593 deducere
2738 4543 3061 4608 potuerunt,
3102 4552 3233 4591 eum
3278 4535 3426 4590 inter

143 4636 268 4680 onera
292 4633 630 4699 portantem,
657 4630 747 4684 cui
790 4630 846 4683 in
881 4629 1235 4684 absolutione
1274 4629 1402 4700 plus
1442 4631 1698 4700 periculi,

144 4713 179 4768 in
202 4718 427 4778 dilatione
467 4725 594 4796 plus
629 4723 785 4778 tmdii
823 4726 924 4779 est.
959 4722 1102 4787 Quid
1143 4722 1450 4777 dulcissimi
1482 4739 1702 4780 meren-

145 4810 205 4862 tur
230 4812 330 4881 filii,
363 4823 422 4872 ut
455 4834 488 4872 a
529 4822 769 4889 paterno
809 4816 1184 4871 excludantur
1218 4833 1435 4884 amore,
1465 4833 1593 4871 cum
1633 4818 1703 4872 sit

147 4899 322 4974 impium
359 4912 502 4965 mori
546 4911 700 4966 nolle
732 4925 834 4982 pro
875 4909 1108 4965 liberis?
1143 4910 1288 4975 Quid
1325 4926 1465 4965 uxor
1499 4911 1702 4966 charis-

148 4993 246 5051 sima
282 5004 528 5073 quaedam
573 5005 705 5058 vita:
747 5004 1018 5074 cohaeres,
1061 5011 1116 5058 et
1160 5005 1510 5059 consortium
1554 5021 1702 5059 com-

189 5130 261 5203 (82)
305 5133 439 5187 Edit.
498 5152 721 5198 omnes,
773 5141 979 5202 Quanto
1043 5138 1295 5188 Dominus
1353 5144 1525 5188 noster
1579 5153 1704 5203 per-

151 5201 288 5255 Mat
325 5209 574 5271 affectum,
619 5201 852 5266 sanctus,
904 5215 1008 5260 etc.
1055 5209 1185 5260 Mss.
1227 5209 1458 5274 aliquot,
1499 5201 1704 5272 Quanto

151 5278 235 5345 "go
273 5277 506 5331 Dominus
551 5286 728 5332 noster
779 5281 975 5345 pendat
1017 5282 1214 5341 (unus,
1257 5293 1354 5330 nos
1395 5281 1701 5345 perpendat)

154 5340 594 5463 meamsanctua,
647 5340 1027 5415 etchptime
1089 5349 1182 5399 alii
1243 5340 1497 5410 decem,'
1529 5355 1590 5402 ut
1645 5340 1705 5403 in

196 5482 265 5547 (Β)
299 5489 350 5537 In
391 5492 717 5554 quibusdam
766 5504 898 5542 mss.
941 5492 1162 5556 legitur,
1205 5505 1387 5542 novem
1428 5492 1703 5545 mensium.

160 5544 661 5673 aptata-Clarum
710 5565 859 5614 enim
911 5544 1212 5614 estvallu'di
1255 5563 1321 5613 ad
1371 5563 1508 5613 illud
1552 5544 1701 5627 Virg.

245 5729 376 5786 Matri
402 5739 557 5804 longa
584 5742 777 5794 decem
810 5742 1048 5794 tulerant
1077 5742 1296 5794 fastidia
1325 5755 1560 5793 menses.

164 5826 364 5893 Quamvis
400 5850 574 5898 autem
613 5848 767 5902 hunc
809 5852 986 5916 poetae
1029 5862 1250 5901 versum
1296 5849 1366 5902 de
1417 5849 1706 5903 lunaribus

1801 4651 1961 4689 sacra
1989 4634 2109 4704 jam
2150 4632 2386 4703 prtemia
2416 4631 2781 4686 constitutum
2827 4646 2966 4684 uxor
3009 4633 3218 4685 tenerae
3264 4630 3425 4685 sobo-

1804 4728 1869 4782 lis
1892 4727 2178 4781 oblatione
2209 4724 2548 4779 miserabilis
2575 4724 2744 4778 unius
2771 4725 3033 4795 lacrymaa
3061 4723 3424 4779 miseratione

1803 4819 2044 4892 decepit.
2085 4820 2317 4874 Samson
2355 4823 2549 4889 captus
2595 4821 2677 4872 est
2715 4835 2817 4889 per
2847 4834 3106 4886 uxorem,
3147 4817 3423 4887 numquid

1803 4919 1865 4968 tu
1890 4912 2130 4969 fortior?
2169 4913 2432 4968 Salomon
2472 4917 2668 4984 captus
2709 4918 2792 4967 est
2830 4912 2887 4966 in
2921 4928 3113 4977 uxore,
3145 4902 3431 4981 numquid

1803 5012 1866 5063 tu
1905 5006 2251 5078 sapientior?
2290 5007 2382 5060 Ille
2423 5005 2599 5077 igitur
2639 5005 2801 5076 cujus
2843 5005 3119 5076 sapientia
3158 5003 3290 5058 totis
3335 5019 3424 5057 ce-

1805 5141 2095 5191 mensibus
2144 5140 2568 5206 intelligendum
2623 5153 2743 5190 esse
2797 5138 3048 5188 nonnulli
3096 5137 3293 5197 velint,
3349 5140 3429 5186 ta-

1805 5224 1934 5262 men
1964 5216 2154 5275 partus
2176 5212 2410 5275 legitimi
2438 5216 2656 5274 tempus
2691 5223 2810 5260 esse
2847 5222 2960 5258 non
3003 5209 3183 5257 solum
3219 5221 3430 5257 nonum

1806 5295 2072 5343 mensem,
2113 5282 2211 5333 sed
2250 5285 2304 5332 et
2344 5281 2625 5331 decimum
2659 5285 2824 5343 atque
2861 5279 3223 5328 undecimum
3269 5277 3433 5328 docet

1806 5355 2190 5418 Hippocrates,
2223 5354 2316 5403 lib.
2345 5353 2414 5403 de
2455 5357 2611 5416 partu
2641 5349 2976 5414 septimestri
3007 5353 3061 5398 et
3092 5349 3412 5399 octomestri

1805 5437 1871 5474 ac
1925 5427 2050 5488 post
2100 5437 2227 5475 eum
2277 5423 2369 5472 alii
2435 5423 2731 5472 innumeri.
2788 5421 2906 5469 Imo
2972 5421 3132 5481 Plin.,
3183 5420 3279 5469 lib.
3335 5433 3430 5481 vn,

1807 5509 1925 5558 cap.
1954 5496 2003 5554 5,
2032 5497 2196 5558 atque
2238 5494 2440 5558 Agell.,
2469 5493 2564 5543 lib.
2599 5505 2675 5552 In,
2703 5505 2826 5555 cap.
2872 5492 2947 5550 16,
2988 5490 3210 5540 tradunt
3243 5504 3434 5541 mense

1806 5565 2024 5616 decimo
2075 5566 2235 5614 tertio
2287 5569 2503 5628 partum
2555 5563 2894 5627 quandoque
2956 5563 3012 5612 in
3080 5562 3264 5612 lucem
3323 5563 3434 5614 edi.

1807 5637 1949 5688 Vide
1990 5650 2216 5702 quoque
2269 5637 2519 5700 Ulyssem
2573 5633 3015 5694 Aldrovandum,
3065 5634 3126 5683 de
3165 5636 3431 5689 monstris,

1806 5721 1926 5771 pag.
1963 5707 2045 5764 30,

1871 5781 1965 5841 (44)
2002 5779 2209 5831 Omnes
2233 5778 2362 5829 edit.
2397 5791 2522 5827 cum
2551 5791 2680 5827 mss.
2704 5791 2818 5827 uno
2858 5777 2945 5828 vel
2989 5776 3180 5838 altero,
3205 5780 3300 5841 qui
3333 5789 3437 5827 non

1806 5851 1993 5916 eguisti
2016 5855 2072 5903 ut
2103 5851 2373 5915 vinceres;
2404 5848 2603 5920 reliqui
2632 5848 2811 5912 codd,
2844 5855 2900 5902 ut
2928 5848 3141 5901 diceres.
