3930 6168
500 235 624 286 1491

1973 233 2028 285 S.
2070 230 2384 286 AMBROSH

3683 241 3800 296 H92

491 356 746 410 lcbratur
777 355 1015 421 saeculis,
1049 354 1228 409 factus
1263 357 1350 410 est
1388 354 1682 427 insipiens,
1717 355 1851 427 quia
1883 354 2126 410 nimium
2150 352 2475 439 Apiamus,
2521 355 2657 425 quia
2703 354 2846 409 sicut
2887 353 2980 408 ille
3021 352 3120 424 qui
3162 369 3280 408 non
3323 354 3551 411 honorat
3589 363 3803 430 patrem,

495 449 712 504 amavit
737 465 996 503 uxorem.

570 545 654 596 19.
682 541 830 606 Quid
851 542 920 596 de
948 543 1220 597 fratribus
1241 543 1466 604 dicam?
1485 544 1724 614 Experta
1748 548 1834 598 est
1859 543 1918 597 in
1939 543 2130 597 liberis

496 640 554 690 et
579 635 876 706 Propheta:
909 635 1111 690 domus
1144 635 1569 691 detestabiliora
1596 637 1788 691 oscula
1820 637 1921 705 (45)
1955 653 2128 707 quam

495 729 621 784 odia
649 745 768 784 esse
796 729 1066 784 fraterna.
1093 731 1285 800 Itaque
1314 730 1684 800 parricidium
1711 733 1873 800 pater
1897 729 2129 801 quidem

495 822 670 891 tlevit,
693 823 792 876 sed
814 823 994 894 magis
1011 822 1440 893 estindignatus
1467 824 1768 879 incestum.
1789 823 2047 894 Denique
2069 823 2130 877 li-

496 920 585 972 cet
599 916 962 987 parricidam,
977 932 1369 988 percussorem
1383 920 1576 972 tamen
1591 917 1790 972 incesti
1804 916 2126 973 revocabat.

565 1012 655 1065 20.
699 1031 727 1058 ‹‹
779 1012 1025 1081 Tempus
1064 1009 1240 1082 igitur
1282 1011 1536 1079 amandi,
1583 1013 1808 1081 tempus
1853 1011 1983 1066 odio
2025 1011 2126 1066 ha-

495 1104 672 1158 bendi
713 1105 930 1173 (Eccle.,
976 1121 1052 1169 ιιι,
1097 1105 1172 1174 8),
1208 1125 1235 1152 »
1282 1105 1388 1158 hoc
1428 1109 1530 1171 est,
1581 1108 1806 1175 tempus
1847 1104 2127 1177 martyrii,

496 1197 724 1268 quando
753 1214 820 1251 ea
842 1213 972 1268 quae
1002 1197 1188 1252 divina
1216 1200 1369 1266 sunt,
1401 1198 1560 1252 omni
1587 1197 1853 1252 charitati
1879 1198 2126 1253 necessi-

496 1291 761 1346 tudinum
789 1292 1142 1360 praeferenda
1173 1293 1324 1344 sunt.
1358 1312 1385 1340 (ί
1423 1293 1671 1362 Tempus
1697 1291 1830 1346 belli
1861 1292 2064 1363 (Ibid.),
2099 1312 2126 1343 »

495 1402 609 1456 quo
645 1385 817 1440 etiam
854 1384 1066 1439 bellum
1095 1401 1197 1455 pro
1229 1383 1437 1439 Christi
1475 1384 1715 1439 nomine
1746 1385 1974 1456 perﬁdis
2002 1385 2127 1456 pig-

499 1478 728 1534 noribus
760 1477 1094 1534 inferamus.
1141 1479 1440 1548 «Tempus
1484 1478 1638 1549 pacis
1676 1478 1880 1549 (Ibid),
1923 1499 1952 1529 »
1999 1479 2130 1549 quia

496 1572 558 1626 in
596 1587 730 1642 pace
772 1571 930 1626 locus
964 1571 1086 1641 ejus
1118 1572 1287 1641 (Psal.
1330 1588 1484 1638 Lxxv,
1525 1571 1601 1642 3).
1649 1593 1678 1620 »
1724 1571 1979 1642 Denique
2009 1571 2130 1642 ipse

498 1664 559 1720 in
587 1665 896 1735 Evangelio
924 1664 1222 1718 evidenter
1247 1663 1506 1734 exposuit
1533 1680 1647 1734 qua
1669 1664 1883 1719 ratione
1905 1670 2129 1720 nostros

2230 447 2466 518 iniquus
2494 453 2597 514 est,
2632 447 2781 502 idem
2810 451 3004 502 tamen
3038 447 3350 502 secundum
3373 447 3504 504 illud
3528 466 3706 507 exosus
3727 471 3806 523 pa-

2233 544 2380 594 trem
2420 541 2571 613 quod
2619 541 2896 611 scriptum
2933 545 3018 594 est
3052 557 3066 594 :
3101 561 3128 589 ‹‹
3167 540 3277 604 Qui
3314 557 3424 596 non
3462 542 3574 597 odit
3599 549 3808 616 patrem,

2229 637 2325 689 aut
2353 637 2662 690 matrem...
2703 637 2803 688 aut
2837 634 3063 701 fratres,
3091 639 3188 688 aut
3215 649 3450 702 sorores,
3476 641 3569 691 aut
3591 638 3811 695 animam

2231 744 2413 795 suam,
2446 744 2563 784 non
2603 729 2789 799 potest
2824 743 2986 782 meus
3025 743 3148 782 esse
3181 726 3482 797 discipulus
3521 731 3680 795 (Lua,
3717 748 3809 801 xw,

2232 825 2346 892 26),
2391 843 2420 870 »
2452 822 2624 876 etiam
2659 820 2962 876 laudabilis
3000 821 3261 889 habetur;
3295 821 3373 876 sic
3405 827 3459 875 et
3490 821 3585 876 iste
3617 823 3814 895 iniquos

2232 915 2363 970 odio
2388 915 2605 970 habuit.
2629 915 2839 970 Eodem
2861 914 3036 970 modo
3065 919 3123 970 et
3147 930 3243 969 eos
3260 914 3472 983 oderat,
3495 930 3600 985 quo
3620 920 3813 987 patrem

2229 1010 2724 1081 prsevaricantem,
2757 1013 2856 1064 aut
2879 1009 3132 1063 animam
3159 1024 3338 1075 suam,
3369 1009 3662 1079 praeferens
3687 1010 3815 1068 vide-

2229 1104 2360 1159 licet
2384 1104 2514 1158 vitm
2542 1103 2712 1174 hujus
2742 1103 3008 1158 suavitati
3032 1103 3282 1173 gratiam
3307 1101 3528 1158 Christi.

2300 1200 2388 1253 23.
2438 1198 2614 1268 (Vers.
2658 1195 2804 1268 114.)
2839 1195 3111 1268 Sequitur
3154 1212 3168 1250 :
3209 1196 3448 1264 Adjutor
3487 1202 3536 1250 et
3581 1205 3816 1268 susceptor

2229 1307 2376 1347 meus
2415 1306 2466 1346 es
2508 1297 2588 1352 tu,
2633 1295 2683 1345 et
2719 1293 2780 1344 in
2816 1291 3035 1345 verbum
3076 1296 3231 1344 tuum
3270 1304 3444 1360 spero.
3483 1289 3707 1360 Adjutor
3734 1309 3819 1361 per

2229 1385 2442 1456 legem,
2476 1386 2770 1455 susceptor
2796 1399 2899 1455 per
2924 1382 3324 1454 Evangelium.
3353 1382 3506 1446 Quos
3537 1384 3658 1454 lege
3682 1385 3817 1454 adju-

2228 1477 2328 1544 vit,
2380 1478 2439 1532 in
2487 1493 2657 1532 carne
2696 1476 2960 1548 suscepit,
3007 1477 3142 1547 quia
3183 1475 3458 1547 scriptum
3506 1481 3633 1530 est:
3680 1498 3704 1524 «
3741 1479 3820 1531 Hic

2229 1574 2466 1643 peccata
2489 1576 2684 1625 nostra
2711 1573 2922 1641 portat,
2946 1572 3006 1622 et
3027 1569 3158 1624 ideo
3184 1569 3242 1624 in
3270 1569 3504 1624 verbum
3527 1569 3642 1640 ejus
3659 1585 3818 1641 spero,

2231 1664 2380 1734 (lsu.,
2436 1681 2548 1731 LIII,
2604 1664 2680 1734 4).
2734 1685 2761 1712 ››
2821 1664 3047 1718 Grmcus
3103 1668 3294 1718 tamen
3356 1669 3590 1728 ὶπήλπισα
3641 1662 3815 1731 habet,

497 1757 811 1812 debeamus
828 1756 1033 1825 odisse,
1053 1757 1246 1811 dicens
1264 1774 1314 1810 ;‹‹
1330 1756 1437 1820 Qui
1455 1755 1637 1827 diligit
1653 1760 1871 1827 patrem
1888 1760 1988 1812 aut
2013 1774 2131 1812 ma-
2150 1737 2206 1808 B
2230 1758 2383 1830 quod
2409 1762 2495 1812 est
2518 1759 2916 1828 supersperuvi,
2947 1756 3104 1828 quod
3130 1756 3202 1811 de
3233 1773 3302 1811 eo
3331 1755 3554 1823 dicitur,
3581 1757 3673 1827 qui
3699 1773 3814 1811 sem-

496 1858 645 1905 trem
671 1851 796 1920 plus
819 1866 993 1921 quam
1025 1866 1135 1917 me,
1176 1866 1292 1904 non
1323 1853 1408 1905 est
1445 1866 1537 1904 me
1564 1850 1773 1921 dignus
1799 1851 2035 1920 (Matth.,
2068 1868 2124 1920 x,

499 1944 608 2012 37).
629 1963 656 1991 ››
677 1944 797 1997 Νοιι
826 1942 967 1997 dixit
989 1942 1256 2014 indignos
1279 1959 1420 2011 esse,
1444 1943 1542 2014 qui
1573 1947 1834 2013 parentes
1857 1961 1986 1999 suos
2009 1945 2128 1999 dili-

497 2039 671 2108 gunt;
701 2036 800 2090 sed
830 2053 926 2091 eos
954 2036 1220 2108 indignos
1250 2037 1346 2105 ait,
1376 2037 1470 2109 qui
1505 2038 1632 2108 plus
1666 2041 1930 2110 parentes
1957 2054 2126 2109 quam

501 2129 792 2185 Christum
808 2129 1071 2200 diligunt.
1089 2130 1145 2184 Si
1162 2130 1318 2184 enim
1335 2131 1465 2186 ideo
1481 2133 1790 2188 deferimus
1803 2131 2128 2203 parentibus

497 2239 774 2291 amorem,
820 2222 955 2294 quia
999 2229 1206 2278 nostrae
1251 2226 1637 2294 generationis
1677 2230 1938 2281 auctores
1974 2228 2124 2293 sunt,

498 2319 711 2388 quanto
731 2317 916 2388 magis
935 2317 1222 2373 Christum
1244 2335 1439 2374 amare
1461 2319 1730 2374 debemus
1749 2319 1848 2390 qui
1869 2319 2127 2390 ipsorum

497 2414 582 2465 est
609 2412 807 2464 auctor
832 2413 1132 2481 parentum
1149 2412 1176 2465 ?
1208 2412 1301 2466 Isti
1332 2411 1618 2467 dederunt
1646 2411 1801 2484 quod
1827 2428 1946 2467 non
1974 2416 2128 2482 pote-

497 2503 658 2559 statis
704 2508 803 2568 est,
855 2504 953 2558 sed
991 2504 1291 2566 ministerii
1330 2505 1445 2574 sui;
1485 2505 1740 2562 Christus
1781 2505 1951 2560 donat
1987 2505 2127 2559 salu-

495 2600 635 2665 tem,
665 2598 762 2668 qui
787 2600 1093 2668 parentum
1123 2597 1402 2653 beneficia
1433 2602 1748 2653 conservat.

566 2695 654 2746 21.
699 2691 936 2746 Pulchre
969 2696 1162 2746 autem
1201 2692 1341 2748 dixit
1370 2710 1382 2746 :
1413 2695 1633 2762 Iniquos
1669 2693 1794 2747 odio
1824 2693 2006 2756 habui,
2049 2694 2124 2747 le-

496 2800 613 2854 gem
661 2791 844 2839 autem
893 2790 1046 2839 tuam
1089 2786 1290 2852 dilewi;
1348 2787 1486 2857 quia
1524 2786 1568 2840 si
1613 2786 1803 2857 legem
1843 2802 2122 2855 amamus,

2229 1869 2334 1923 per
2362 1851 2521 1906 addit
2546 1851 2620 1906 ad
2647 1851 3016 1922 sperandum;
3041 1855 3097 1905 et
3120 1866 3249 1905 cum
3278 1850 3591 1922 speraverit
3619 1850 3817 1921 aliquid,

2230 1945 2441 2000 iterum
2475 1950 2686 2016 sperat,
2718 1951 2773 2000 et
2805 1960 2903 2015 spe
2932 1943 3172 2015 proiicit,
3200 1944 3518 1999 extendens
3543 1959 3600 1998 se
3633 1959 3823 2013 semper

2229 2039 2301 2094 ad
2341 2039 2656 2110 superiora,
2689 2041 2748 2093 et
2781 2053 2846 2093 ea
2882 2054 3011 2109 quae
3049 2037 3332 2109 praeteriit
3359 2037 3683 2092 obliviscens
3712 2037 3820 2107 (46).

2301 2133 2386 2187 24.
2423 2132 2660 2186 Pulchre
2692 2136 2888 2186 autem
2925 2131 3004 2185 ait
3033 2147 3046 2185 :
3072 2134 3140 2186 In
3171 2132 3398 2186 verbum
3437 2138 3588 2185 tuum
3621 2133 3822 2200 speravi,

2225 2227 2337 2281 hoc
2372 2230 2476 2293 est,
2518 2241 2635 2280 non
2671 2224 2731 2279 in
2769 2225 3078 2296 prophetas
3119 2225 3365 2295 speravi,
3408 2241 3524 2279 non
3554 2223 3609 2278 in
3643 2223 3824 2293 legem,

2228 2320 2327 2374 sed
2356 2321 2417 2374 in
2455 2319 2676 2373 verbum
2714 2323 2867 2373 tuum
2904 2321 3140 2388 speravi,
3171 2318 3278 2373 hoc
3317 2321 3424 2387 est,
3455 2318 3513 2372 in
3555 2317 3826 2372 adventum

2227 2416 2412 2479 tuum,
2440 2417 2502 2466 ut
2530 2411 2722 2466 venias
2751 2415 2809 2466 et
2831 2411 3101 2482 suscipias
3129 2417 3475 2483 peccatores,
3508 2411 3700 2466 delicta
3722 2425 3829 2464 con-

2227 2506 2421 2572 dones,
2466 2521 2631 2560 ovem
2668 2505 2874 2559 lassam
2918 2505 3028 2559 tuis
3075 2505 3134 2559 in
3175 2522 3346 2560 cruce
3389 2504 3638 2561 humeris
3674 2503 3828 2558 bonus

2226 2604 2416 2670 pastor
2442 2599 2726 2669 imponas.
2768 2598 2826 2654 Si
2865 2598 2991 2669 quis
3027 2601 3217 2668 sperat
3255 2598 3319 2652 in
3357 2599 3661 2664 Christum,
3690 2613 3826 2666 sepa-

2225 2709 2350 2747 rare
2376 2709 2435 2747 se
2461 2692 2628 2747 debet
2654 2708 2687 2745 a
2712 2692 3000 2746 consortio
3029 2691 3411 2762 perfidorum.

2297 2789 2384 2840 25.
2429 2786 2606 2857 (Vers.
2651 2784 2796 2855 115.)
2841 2785 3088 2855 Ideoque
3126 2784 3263 2840 dicit
3312 2803 3325 2841 :
3373 2786 3631 2842 Discedite
3672 2801 3704 2838 a
3744 2799 3828 2844 me,

499 2878 686 2933 odisse
714 2878 983 2933 debemus
1006 2879 1358 2934 adversarios
1390 2879 1552 2950 legis,
1587 2879 1684 2950 qui
1717 2880 1982 2950 operibus
2013 2879 2126 2934 suis
2225 2881 2471 2948 maligni,
2502 2884 2552 2934 et
2577 2879 2862 2934 scrutabor
2887 2879 3158 2933 mandata
3194 2881 3292 2934 Dei
3324 2882 3448 2935 mei.
3483 2880 3650 2950 Cujus
3678 2876 3829 2932 versi-

493 2978 776 3043 praacepta
812 2971 860 3042 1
878 2970 1070 3044 164
1102 2972 1244 3043 legis
1271 2972 1634 3043 impugnant.
1668 2973 1894 3027 Graecus
1924 2973 2127 3027 melius
2225 2973 2335 3027 culi
2358 2971 2690 3028 testimonio
2717 2971 3087 3042 signiﬁcatur,
3109 2972 3246 3043 quia
3271 2973 3376 3028 ubi
3404 2972 3720 3044 malignitas
3742 2972 3830 3036 est,

494 3081 594 3119 eos
657 3067 716 3117 et
779 3064 1009 3134 proprie
1071 3064 1424 3134 nuncupavit
1486 3064 1707 3134 dicens,
1757 3072 2060 3136 παρανόμους
2108 3082 2121 3119 :
2147 3105 2202 3178 Ο
2226 3066 2304 3120 ibi
2335 3065 2589 3120 custodia
2624 3065 3029 3120 mandatorum
3067 3066 3387 3121 cmlestium
3419 3083 3542 3121 esse
3578 3082 3686 3121 non
3723 3079 3829 3135 pos-

600 3164 614 3178 )
832 3158 980 3178 -..ΙΑμ
1050 3162 1282 3178 ._-_-.L___
1387 3157 1474 3178 ...με
1557 3164 1695 3178 __L_._
1767 3159 1948 3178 !-~Au_
2031 3164 2100 3178 --ι
2235 3159 2298 3178 -11
2336 3174 2347 3178 _
2407 3177 2411 3178 ,
2446 3161 2499 3178 I._
2545 3157 2878 3178 u_-‘-__‘l__-
2928 3158 3067 3178 ___1_n
3119 3158 3359 3178 __.3___-_-
3415 3177 3439 3178 η
3465 3176 3522 3178 ΑΛ
3571 3159 3731 3178 2.ῄι..-ι
3769 3173 3811 3178 --

490 3164 763 3228 παράνομος
825 3158 981 3211 extero
1050 3162 1314 3224 vocatur,
1379 3157 1478 3228 qui
1550 3164 1706 3213 extra
1767 3159 1957 3230 legem
2021 3164 2123 3213 est.

495 3251 607 3304 Hos
646 3265 787 3320 ergo
829 3249 968 3315 odit,
1014 3250 1113 3320 qui
1150 3250 1207 3304 in
1246 3251 1376 3321 lege
1414 3251 1619 3308 Christi
1663 3256 1766 3321 est,
1811 3253 1946 3323 quia
1988 3253 2128 3322 legis

493 3342 765 3398 mandata
800 3359 918 3397 non
959 3346 1207 3398 servant.
1238 3345 1361 3398 Non
1390 3345 1574 3399 solum
1611 3345 1764 3400 enim
1806 3345 1900 3416 qui
1937 3348 2127 3416 legem
2163 3406 2169 3411 ,

495 3436 698 3501 nescit,
727 3437 828 3490 sed
853 3435 1028 3491 etiam
1049 3437 1141 3492 ille
1163 3437 1261 3507 qui
1293 3454 1407 3492 non
1428 3439 1546 3508 agit
1575 3439 1889 3493 secundum
1913 3440 2124 3510 legem,

498 3546 688 3585 exsors
729 3529 870 3601 legis
908 3535 1012 3597 est,
1058 3531 1190 3601 quia
1227 3552 1255 3579 «
1295 3532 1414 3586 Non
1456 3531 1744 3586 auditores
1776 3532 1986 3603 legis...
2028 3531 2127 3588 sed

496 3624 735 3678 factores
776 3622 919 3694 legis
952 3622 1419 3694 justiﬁcabuntur
1463 3626 1658 3694 (Rom,
1704 3642 1762 3692 ιι,
1807 3628 1910 3694 13).
1947 3648 1972 3675 n
2019 3627 2125 3682 Re-

493 3717 723 3788 darguit
759 3733 851 3770 me
898 3716 1018 3788 ipse
1063 3718 1234 3772 David
1282 3717 1327 3772 si
1377 3718 1540 3773 aliter
1585 3719 1923 3790 intelligam.
1976 3720 2124 3782 Quo-

493 3811 668 3865 modo
710 3810 938 3881 iniquos
977 3810 1244 3866 homines
1285 3811 1500 3880 oderat,
1544 3812 1642 3883 qui
1677 3812 2025 3883 parricidam
2057 3814 2124 3866 ii-

491 3903 634 3958 lium
676 3905 1117 3960 commendabat
1157 3905 1596 3976 prmliatoribus,
1638 3922 1710 3959 ne
1749 3922 1882 3960 eum
1922 3906 2127 3976 aliquis

492 3997 817 4052 occideret?
843 3998 952 4061 Qui
987 3999 1119 4052 Saul
1144 3999 1298 4069 regis
1326 4005 1568 4054 mortem
1607 3999 1788 4054 etiam
1819 3998 2127 4055 vindicavit

492 4090 550 4143 in
579 4106 730 4156 eum,
758 4090 856 4160 qui
885 4107 917 4143 a
943 4107 1002 4144 se
1030 4091 1310 4146 nuntiavit
1335 4092 1578 4147 occisum
1600 4094 1627 4146 ?

563 4185 651 4237 22.
690 4183 839 4254 Ergo
879 4199 995 4237 non
1028 4183 1253 4254 iniquos
1289 4185 1570 4251 homines,
1600 4186 1701 4240 sed
1741 4186 1969 4256 iniquos
2009 4202 2121 4240 ser-

491 4291 691 4331 mones
728 4277 945 4330 oderat.
976 4276 1231 4348 Denique
1265 4296 1275 4330 :
1310 4297 1338 4329 «
1372 4278 1622 4348 Iniquos,
1655 4279 1813 4347 dixit,
1849 4279 1983 4334 odio
2016 4280 2121 4334 ha-

491 4369 610 4437 bui,
641 4390 669 4418 »
707 4385 824 4424 non
864 4369 1105 4436 addidit,
1144 4371 1316 4425 viros.
1356 4371 1569 4426 Deinde
1607 4389 1738 4426 cum
1781 4372 1932 4426 dicat
1966 4375 2125 4428 Jesus

2230 3159 2305 3213 sit
2334 3174 2349 3211 :
2384 3177 2412 3210 ‹‹
2445 3161 2509 3213 In
2545 3157 2885 3214 malevolam
2921 3158 3073 3213 enim
3113 3158 3370 3214 animam
3414 3176 3532 3215 non
3568 3159 3734 3213 intrat
3766 3173 3835 3210 sa-

2227 3251 2444 3324 pientia
2473 3252 2650 3322 (Sap.,
2681 3268 2719 3320 ι,
2751 3253 2824 3322 4).
2856 3272 2885 3300 ››
2913 3252 2982 3306 Et
3006 3251 3144 3307 alibi
3171 3268 3186 3306 :
3217 3273 3246 3300 ‹‹
3280 3254 3555 3317 Qumrent
3589 3268 3676 3307 me
3703 3251 3831 3314 mali,

2231 3351 2290 3400 et
2316 3361 2431 3400 non
2457 3345 2753 3400 invenient
2779 3345 2982 3415 (Prov.,
3003 3361 3039 3414 ι,
3065 3345 3177 3412 28).
3201 3367 3227 3394 ››
3254 3345 3588 3418 Simplicem
3613 3350 3832 3401 mentem

2227 3455 2441 3510 purum
2468 3455 2532 3493 ac
2570 3438 2910 3494 defaecatum
2944 3438 3201 3494 animum
3234 3439 3425 3513 diligit
3461 3441 3722 3506 Christus,
3749 3453 3834 3491 nec

2227 3536 2412 3604 potest
2460 3531 2842 3587 immaculata:
2891 3532 3083 3588 virtuti
3137 3534 3320 3590 ullum
3379 3551 3515 3590 cum
3566 3531 3835 3590 maculosis

2228 3625 2668 3681 contubernium
2727 3641 2847 3680 esse
2908 3625 3157 3696 ﬂagitiis.
3213 3626 3352 3682 Odit
3416 3629 3552 3698 (47),
3617 3624 3833 3694 refugit,

2226 3722 2560 3790 aspernatur
2585 3719 2869 3790 contagia,
2907 3720 3006 3790 qui
3035 3720 3172 3775 dicit
3199 3736 3212 3775 :
3249 3741 3278 3769 ‹‹
3306 3721 3514 3776 Discite
3553 3737 3585 3774 a
3611 3736 3699 3775 me
3725 3716 3836 3788 quia

2227 3811 2384 3867 mitis
2409 3827 2534 3866 sum
2561 3811 2804 3882 (Matth,
2833 3829 2909 3880 x1,
2939 3812 3049 3883 '29).
3081 3833 3108 3863 ››
3135 3814 3417 3885 Malignos
3444 3813 3686 3886 repellit,
3712 3810 3836 3864 labo-

2224 3911 2418 3960 rantes
2436 3908 2617 3959 vocat.
2637 3905 2777 3960 Dicit
2797 3905 2907 3960 illis
2925 3907 3086 3960 Jesus
3109 3923 3122 3961 :
3143 3926 3171 3958 ς(
3196 3907 3481 3963 Discedite
3497 3924 3529 3963 a
3551 3923 3645 3962 me
3667 3917 3838 3959 omnes

2226 3998 2276 4070 1
2294 3997 2343 4070 1
2361 3997 2487 4070 65
2503 3998 2601 4069 qui
2620 3998 2932 4069 operamini
2948 3999 3308 4070 iniquitatem
3327 4000 3578 4073 (Matth.,
3593 4016 3684 4065 vu,
3698 3996 3797 4067 23);
3813 4017 3836 4043 n

2224 4091 2346 4146 istis
2381 4092 2461 4148 ait
2491 4108 2504 4146 :
2541 4110 2571 4144 ‹‹
2610 4091 2808 4146 Venite
2838 4093 2908 4147 ad
2951 4108 3068 4159 me,
3109 4109 3309 4148 omnes
3347 4095 3452 4166 qui
3495 4092 3760 4149 laboratis
3794 4092 3839 4141 et

2223 4186 2439 4242 onerati
2468 4185 2601 4240 estis
2624 4185 2874 4255 (Mutua,
2902 4203 2977 4252 χι,
3006 4186 3116 4256 28),
3150 4207 3178 4236 ››
3209 4203 3327 4242 non
3357 4188 3561 4260 utique
3591 4181 3836 4254 maligni-

2223 4283 2337 4334 tate
2365 4279 2596 4346 mentis,
2628 4279 2729 4333 sed
2757 4279 3088 4334 infirmitate
3116 4281 3306 4334 carnis
3335 4281 3592 4347 onerati;
3626 4273 3838 4338 onerati,

2223 4372 2486 4444 inquam,
2536 4372 2713 4428 alieni
2766 4372 3100 4428 haereditate
3154 4373 3393 4443 peccati.
3457 4369 3838 4429 Laborantibus

491 4464 554 4517 in
582 4463 888 4534 Evangelia
921 4486 930 4515 :
961 4483 989 4512 (ί
1018 4463 1248 4534 Diligite
1279 4464 1542 4520 inimicos
1566 4470 1777 4522 vestros
1804 4467 2044 4535 (Matth,
2067 4483 2118 4536 v,
2140 4471 2200 4542 Ι)
2223 4465 2494 4521 subvenio
2516 4507 2530 4532 ,
2580 4465 2963 4520 fraudulentis
3018 4466 3286 4537 prodesse
3338 4485 3462 4523 non
3521 4467 3728 4533 debeo,
3779 4477 3839 4516 ne

492 4556 605 4625 44),
637 4577 663 4605 ››
702 4556 853 4610 dicat
879 4558 1179 4628 Apostolus
1209 4576 1222 4612 :
1257 4580 1285 4607 ‹‹
1323 4558 1642 4614 Benedicite
1673 4575 1770 4614 eos
1802 4561 1900 4630 qui
1929 4576 2124 4630 perse-

491 4653 748 4720 quuntur
771 4665 890 4718 vos,
921 4656 977 4704 et
1009 4650 1190 4706 nolite
1222 4651 1554 4708 maledicere
1586 4653 1781 4723 (Rom.,
1821 4669 1916 4721 xu,
1958 4653 2066 4723 14),
2094 4677 2120 4702 ››

493 4743 784 4814 quomodo
813 4747 1180 4798 excusaretur
1203 4744 1308 4798 iste
1339 4745 1422 4798 vir
1453 4745 1555 4799 sub
1584 4746 1912 4816 evangelica
1937 4746 2126 4802 vivens

493 4835 813 4908 disciplina,
859 4836 905 4890 si
950 4837 1175 4907 iniquos
1221 4837 1484 4892 homines
1527 4839 1770 4895 odisset?
1809 4839 1921 4894 Nisi
1953 4840 2123 4895 intel-

487 4931 632 5000 ligas
675 4929 832 5001 quod
873 4929 1231 5001 iniquitatem
1275 4932 1406 4986 odio
1450 4931 1672 5000 habuit,
1716 4949 1829 4987 non
1871 4950 1968 4988 eos
2003 4933 2122 5004 qui,

489 5023 592 5077 etsi
619 5028 991 5095 operareutur
1014 5023 1392 5095 iniquitatem,
1418 5029 1646 5096 possent
1670 5030 1865 5082 tamen
1887 5043 2125 5098 evange-

489 5117 595 5171 lica
626 5117 1026 5188 prmdicatione
1069 5119 1339 5174 converti.
1380 5122 1493 5175 Aut
1533 5123 1684 5176 certe
1724 5120 1830 5175 nisi
1868 5120 1948 5174 ita
1986 5119 2123 5175 acci-

550 5284 645 5344 (45)
696 5285 841 5335 Edit.
909 5297 1130 5346 omnes,
1180 5284 1576 5338 detestabiliora
1628 5288 1826 5338 inimici
1878 5287 2118 5339 oscula...

485 5357 672 5417 Itaque
743 5355 1126 5418 fratricidium.
1199 5357 1350 5417 Mss,
1421 5357 1816 5409 detestabiliora
1880 5358 2118 5409 oscula...

486 5425 671 5487 Itaque
722 5427 1096 5488 parricidium.
1156 5426 1396 5491 Optime,
1442 5429 1717 5492 siquidem
1770 5429 1864 5479 hic
1925 5431 2122 5480 incesti

485 5497 781 5545 Ammonis
810 5499 1147 5550 exsecranda
1182 5501 1374 5550 oscula
1419 5499 1796 5563 designantur.
1825 5504 1899 5550 At
1930 5501 2122 5564 paucis

486 5564 824 5627 interjectis,
880 5581 1011 5618 mss.
1062 5583 1293 5632 novem,
1344 5571 1583 5634 Denique
1630 5571 1961 5634 parricidam
2009 5572 2123 5636 luge

481 5647 846 5700 percussorem
888 5643 1062 5688 tamen
1107 5645 1318 5690 revocat
1355 5641 1553 5692 incesti.
1583 5642 1779 5692 Melius
1823 5642 1915 5692 alii
1955 5646 2120 5706 atque

486 5706 638 5767 edit.,
701 5708 935 5772 Denique
989 5708 1106 5759 licet
1153 5712 1508 5772 parricidam,
1555 5716 1660 5762 etc.
1712 5711 1924 5763 Sensus
1970 5714 2118 5764 enim

485 5781 570 5830 est
615 5777 974 5840 Absalonem,
1019 5782 1274 5854 quamvis
1319 5782 1540 5841 fratrem
1584 5783 1880 5857 parricidio
1923 5786 2117 5846 sustu—

2225 4559 2480 4631 pluribus
2504 4563 2766 4614 noceant.
2797 4561 2908 4614 Hos
2942 4575 3112 4630 pcena
3136 4567 3500 4632 compescat;
3529 4561 3652 4616 illos
3677 4571 3842 4614 emen-

2227 4653 2324 4708 det
2373 4651 2572 4722 gratia.
2624 4651 2830 4708 Malitia
2875 4652 3030 4708 enim
3084 4654 3210 4708 fons
3259 4655 3482 4725 peccati
3536 4659 3651 4721 est;
3701 4651 3843 4719 culpa

2224 4745 2570 4802 inﬁrmitatis
2618 4750 2704 4800 est
2747 4746 2956 4817 lapsus.
3009 4747 3094 4801 llli
3142 4746 3323 4804 debeo
3373 4747 3712 4812 subvenire,
3758 4740 3841 4814 qui

2225 4839 2481 4904 laborat;
2511 4839 2674 4894 illum
2701 4839 2875 4894 etiam
2899 4839 3085 4895 odisse
3107 4839 3202 4911 qui
3230 4841 3468 4913 decipit.
3490 4841 3658 4896 Malas
3684 4838 3843 4909 igitur

2226 4932 2590 5004 operationes
2626 4933 2873 5003 repellit.
2908 4934 3052 4987 Nam
3090 4933 3194 4988 nisi
3224 4934 3302 4988 ita
3339 4934 3608 5006 accipias,
3639 4930 3840 4985 videtur

2225 5026 2430 5080 dicere.
2462 5026 2741 5080 Discedite
2769 5041 2802 5078 a
2831 5043 2947 5094 me,
2975 5027 3112 5098 quia
3146 5027 3394 5082 mundus
3424 5044 3572 5097 sum,
3603 5025 3728 5098 quia
3757 5037 3840 5092 pu-

2223 5136 2320 5174 rus
2347 5135 2496 5174 sum.
2530 5121 2646 5175 Hoc
2673 5119 2992 5176 Pharisaeus
3021 5119 3262 5190 dicebat,
3291 5121 3392 5175 sed
3421 5119 3788 5192 reprehensus
3813 5128 3839 5163 α

2221 5287 2392 5348 lisset,
2449 5292 2632 5339 tamen
2689 5287 2822 5352 quia
2872 5288 3151 5340 incestum
3204 5292 3526 5348 necaverat,
3574 5287 3630 5336 in
3671 5282 3837 5334 aulam

2223 5371 2343 5409 esse
2368 5363 2707 5410 revocatum.

2285 5429 2382 5491 (46)
2428 5429 2696 5480 Nonnulli
2736 5443 2890 5491 mss.,
2935 5434 2986 5480 et
3034 5443 3097 5480 ea
3129 5443 3246 5494 quae
3282 5432 3630 5494 praetereunt,
3669 5422 3836 5476 oblivi-

2219 5512 2364 5550 scene
2371 5535 2383 5548 .

2286 5572 2384 5634 (47)
2411 5569 2557 5621 Edit.
2593 5572 2737 5633 Am.,
2766 5571 2890 5622 Era.
2928 5575 2981 5622 et
3005 5571 3163 5624 Rom.
3195 5585 3324 5624 cum
3365 5570 3590 5622 duobus
3625 5565 3834 5620 omnino

2219 5656 2372 5704 mss.,
2403 5642 2805 5695 contubernium
2844 5657 2951 5696 esse
2975 5659 2989 5695 :
3017 5645 3220 5712 ﬂagitia
3248 5643 3378 5708 odit,
3403 5647 3511 5696 etc.
3557 5640 3683 5696 Gill.
3715 5647 3831 5689 cum

2218 5715 2360 5779 aliis,
2387 5719 2449 5767 ut
2476 5718 2534 5768 in
2561 5719 2734 5775 textu.
