3930 6168
179 173 189 220 1
203 169 276 220 i93

1246 163 1596 220 exrosmo
1634 165 1702 218 IN
1741 144 2054 220 PSALMUM
2093 167 2318 221 cxvm.

3327 170 3457 222 HM

170 288 348 344 Christo
371 290 467 339 est.
499 286 611 340 Non
643 301 780 356 ergo
808 286 1089 357 Propheta
1114 285 1251 341 dicit
1283 303 1295 341 :
1325 286 1564 341 Mundus
1589 303 1736 354 sum,
1762 300 1818 371 Α
1840 290 2027 342 tamen
2066 304 2248 358 spera,
2292 305 2405 342 non
2450 288 2676 344 deficiat
2719 290 2858 344 fides
2902 293 3017 344 tua.
3061 292 3111 345 Si
3158 293 3284 362 quis
3325 279 3476 346 dicat

171 382 259 446 sed,
285 402 308 430 «
333 381 431 434 Cor
457 379 737 434 mundum
766 395 892 435 crea
923 379 979 434 in
1008 396 1122 448 me,
1152 381 1294 434 Deus
1315 379 1481 450 (Psal.
1509 397 1556 448 1.,
1583 382 1686 449 12).
1710 402 1736 428 ››

212 477 281 528 ‘26.
309 473 472 542 (Vers.
507 473 645 538 116.)
673 472 918 544 Ideoque
949 474 1196 544 relegato
1222 474 1500 528 consortio
1533 475 1734 544 malig-

162 583 338 631 norum,
376 565 534 636 quasi
571 565 666 635 qui
705 571 838 620 ante
878 566 1188 637 permistus
1229 566 1339 621 illis
1375 565 1576 637 suscipi
1623 583 1740 622 non

159 664 304 730 posset
341 675 372 712 a
413 659 666 724 Domino,
698 659 834 713 dicit
864 677 876 713 :
921 660 1142 730 Suscipe
1180 675 1261 714 me
1298 660 1591 715 secundum
1631 661 1737 715 elo-

156 756 300 824 quium
346 758 513 814 tuum,
561 757 610 806 et
657 754 865 820 vivam;
918 757 968 808 et
1019 769 1129 807 non
1181 753 1491 820 confundas
1539 768 1621 807 me
1673 754 1741 806 ab

153 848 502 916 exspectatione
526 861 660 899 mea.
686 845 740 900 Si
772 845 906 899 vivit
933 845 1028 916 qui
1056 846 1116 900 in
1142 846 1268 900 sinu
1294 848 1380 900 est
1406 845 1740 916 patriarchae

151 938 370 1002 Abrahae,
396 942 464 991 ut
492 938 588 992 ille
615 939 850 993 Lazarus
877 955 1112 1010 pauper,
1141 944 1352 1010 quanto
1381 939 1561 1011 magis
1600 939 1741 994 vivit

149 1033 222 1104 qui
246 1031 538 1102 suscipitur
562 1048 595 1085 a
621 1031 885 1088 Christo?
911 1031 1210 1096 Quomodo
1237 1032 1390 1087 enim
1418 1036 1602 1104 potest
1627 1049 1740 1087 non

147 1129 186 1178 in
211 1130 468 1178 eternum
499 1125 706 1192 vivere,
737 1141 909 1197 quem
937 1125 1290 1196 sempiterna
1325 1127 1437 1180 vita
1468 1126 1736 1197 suscepit,

146 1235 281 1290 quem
310 1222 486 1272 totum
512 1218 618 1272 sibi
644 1218 897 1273 Christus
922 1218 1244 1290 assumpsit,
1273 1220 1370 1290 qui
1397 1222 1548 1273 totus
1575 1219 1737 1274 Verbi

145 1318 222 1380 est,
256 1312 404 1382 cujus
431 1312 548 1367 vita
579 1311 911 1367 abscondita
947 1317 1031 1367 est
1069 1313 1127 1367 in
1157 1312 1380 1369 Christo
1419 1312 1595 1367 Jesu?
1629 1311 1738 1368 Sed

146 1413 184 1460 et
213 1406 297 1477 qui
335 1406 392 1459 in
435 1406 565 1460 sinu
603 1406 841 1460 Abrahae
884 1406 1066 1472 sedet,
1110 1408 1404 1477 susceptus
1446 1423 1479 1460 a
1518 1405 1738 1460 Christo

147 1503 226 1553 est.
268 1498 639 1553 lntoleranda:
694 1504 884 1554 autem
939 1499 1400 1570 praesumptionis
1449 1499 1740 1554 videretur

143 1592 294 1646 dicere
324 1592 457 1660 Deo,
485 1594 711 1662 Suscipe
734 1607 836 1655 me,
866 1592 974 1646 nisi
1010 1592 1354 1663 promissum
1385 1593 1507 1663 ejus
1535 1592 1736 1662 adjun-

1842 381 1943 434 tibi
1984 398 1996 434 :
2039 381 2184 444 Quid
2224 381 2324 436 tibi
2372 382 2709 452 quotidiana
2751 384 3017 452 profuere
3042 385 3301 453 jejunia?
3336 386 3473 456 quid

1842 474 2065 528 castitas
2093 475 2366 544 corporis,
2397 475 2582 546 pudor
2623 477 2869 530 mentis?
2901 492 3028 530 ecce
3060 477 3203 529 sicut
3235 479 3473 547 injustas

1843 571 1897 620 et
1923 567 2132 637 impius
2166 567 2490 622 vulneratus
2517 585 2606 633 es;
2636 584 2747 622 non
2777 568 3003 622 deﬁciat
3026 569 3164 623 fides
3191 575 3304 623 tua.
3334 572 3475 626 Nam

1841 659 2064 714 etiamsi
2102 659 2360 714 infirmus
2397 678 2478 728 es,
2508 661 2687 715 fidelis
2727 666 2914 716 tamen
2955 661 3227 716 sollicitus
3264 667 3346 717 est
3369 681 3473 734 pro

1843 755 1899 807 te
1943 753 2214 809 Christus.
2260 754 2400 809 Dicit
2439 755 2509 808 ad
2551 753 2853 826 discipulos
2894 772 3027 809 suos
3067 778 3076 808 :
3126 777 3152 804 «
3186 756 3326 810 Date
3365 756 3478 810 illis

1840 861 1940 901 vos
1977 847 2323 901 manducare
2366 848 2608 917 (Matth.,
2641 864 2750 917 xw,
2795 849 2898 918 16),
2941 869 2968 898 ››
2999 865 3072 903 ne
3117 848 3380 903 deficiant
3416 851 3475 904 in

1841 941 1949 994 via.
1986 939 2167 995 Habes
2199 940 2566 1011 apostolicum
2603 941 2793 995 cibum
2823 942 2952 1011 (49),
2984 942 3262 996 manduca
3291 942 3476 1010 illum,

1842 1037 1901 1087 et
1935 1049 2048 1089 non
2086 1034 2326 1089 deficies.
2363 1035 2530 1090 Illum
2559 1039 2690 1089 ante
2720 1035 3021 1102 manduca,
3055 1039 3120 1089 ut
3146 1041 3348 1106 postea
3375 1053 3474 1090 ve-

1843 1127 1962 1181 nias
1989 1126 2060 1181 ad
2089 1126 2279 1180 cibum
2306 1127 2533 1194 Christi,
2569 1127 2638 1181 ad
2666 1127 2857 1181 cibum
2886 1128 3138 1199 corporis
3169 1129 3474 1195 Dominici,

1838 1219 1910 1273 ad
1951 1220 2142 1290 epulas
2181 1221 2541 1286 sacramenti,
2580 1220 2648 1273 ad
2688 1220 2825 1274 illud
2867 1221 3132 1291 poculum
3177 1238 3288 1292 quo
3329 1222 3471 1278 fide-

1839 1312 1979 1366 lium
2036 1312 2350 1367 inebriatur
2405 1312 2667 1377 affectus;
2719 1316 2783 1365 ut
2833 1313 3089 1367 laetitiam
3147 1315 3351 1368 induat
3404 1315 3474 1370 de

1841 1405 2170 1460 remissione
2209 1409 2784 1476 peccatorum,'curas
2817 1407 3002 1460 saeculi
3035 1407 3226 1476 hujus,
3258 1413 3473 1462 metum

1842 1498 2058 1567 mortis,
2091 1498 2613 1570 sollicitudinesque
2656 1500 2920 1569 deponat.
2961 1500 3072 1553 Hac
3114 1516 3254 1570 ergo
3292 1501 3470 1555 ebrie-

1843 1597 1956 1646 tate
1987 1608 2194 1664 corpus
2230 1608 2346 1646 non
2385 1592 2609 1658 titubat,
2645 1591 2742 1646 sed
2785 1593 3062 1662 resurgit;
3097 1594 3320 1648 animus
3355 1609 3470 1647 non

145 1692 288 1755 geret,
314 1685 411 1738 hoc
449 1688 537 1739 est
569 1702 584 1738 :
618 1685 688 1740 Ut
726 1687 834 1740 hoc
873 1685 1234 1753 auderemus,
1262 1685 1380 1756 ipse
1404 1685 1608 1754 fecisti,
1641 1688 1738 1740 tuo
1761 1663 1816 1734 Β
1841 1663 2228 1753 confunditur,
2264 1684 2362 1739 sed
2391 1689 2774 1740 consecratur.

146 1783 186 1832 te
207 1778 566 1849 chirographo
607 1779 994 1848 convenimus,
1025 1779 1119 1850 qui
1155 1783 1412 1833 nostrum
1441 1778 1736 1850 chirogra-
1790 1827 1809 1847 ,

146 1872 284 1940 phum
308 1871 601 1926 sustulisti.
634 1873 740 1925 Nos
763 1871 1003 1926 fecimus
1029 1871 1473 1944 chirographum
1511 1872 1733 1938 mortis,

147 1973 190 2018 tu
209 1964 448 2036 scripsisti
482 1964 932 2035 chirographum
963 1964 1112 2019 vitm.

196 2061 266 2110 27.
295 2059 433 2126 Ergo
463 2073 582 2111 non
609 2073 713 2110 con
727 2057 932 2111 fundas
959 2057 1029 2112 ab
1060 2057 1471 2128 exspectatione
1496 2073 1598 2112 sua
1629 2073 1733 2112 ser-

150 2149 294 2203 vulum
321 2155 499 2219 tuum,
537 2150 673 2220 quia
703 2150 760 2204 in
799 2155 852 2204 te
887 2167 1079 2221 spero;
1108 2167 1237 2222 spes
1267 2150 1417 2204 enim
1448 2167 1561 2204 non
1599 2167 1732 2205 con-

152 2243 307 2296 fundit.
331 2245 388 2297 Et
412 2243 457 2296 si
491 2243 856 2311 tribulamur,
879 2243 1214 2315 patientiam
1234 2243 1650 2310 subministras,
1675 2247 1736 2298 ut

155 2336 257 2389 ferre
278 2336 591 2408 possimus;
623 2341 684 2390 ut
714 2337 845 2408 quia
885 2341 940 2391 te
980 2340 1264 2408 exspecto,
1296 2353 1408 2390 non
1444 2337 1736 2408 opprimar

157 2428 547 2498 infirmitatibus,
593 2447 708 2484 non
749 2430 1110 2485 succumbam
1152 2430 1580 2499 tentationibus,
1615 2447 1733 2486 non

163 2521 318 2592 affligar
341 2523 640 2594 procellis,
668 2523 725 2577 in
754 2523 962 2594 quibus
1000 2529 1086 2578 est
1114 2523 1406 2594 probanda
1431 2523 1731 2594 patientia,

170 2619 209 2667 ut
231 2617 452 2685 probatio
504 2619 914 2688 consequatur,
960 2633 1089 2687 quae
1132 2633 1290 2687 spem
1334 2617 1638 2672 confirmat
1680 2621 1737 2670 et

174 2707 338 2776 roborat,
376 2727 506 2781 qua?
558 2725 668 2763 non
713 2709 1032 2777 confundit,
1073 2709 1181 2763 hoc
1219 2714 1303 2764 est
1345 2727 1357 2764 :
1394 2709 1735 2780 Frangimur
1770 2737 1775 2744 ι

160 2801 418 2871 frequenter
446 2803 770 2870 laboribus,
796 2803 1136 2874 fatigamur;
1167 2803 1211 2856 si
1242 2819 1370 2874 spes
1398 2803 1562 2870 desit,
1595 2818 1730 2856 con-

158 2893 405 2964 fundimur,
448 2900 509 2951 et
556 2899 675 2950 tota
717 2901 909 2950 mente
949 2895 1263 2951 turbamur.
1309 2896 1421 2951 Sed
1463 2900 1584 2950 esto
1623 2895 1736 2948 sint

155 2986 277 3057 aliqui
309 2988 425 3044 duri
457 2989 538 3043 ad
581 2989 825 3057 labores,
856 2989 1002 3043 firmi
1046 2989 1118 3042 ad
1155 2989 1394 3059 injurias
1433 2989 1728 3059 perferen-
1752 3028 1807 3100 Ο

154 3079 246 3148 das,
287 3082 322 3135 si
373 3099 548 3153 spem
596 3083 849 3149 auferas,
900 3098 1016 3136 non
1068 3087 1250 3153 potest
1294 3085 1566 3152 perpetua
1611 3098 1733 3136 esse

151 3174 383 3241 patientia.
408 3177 548 3247 Ipsa
575 3175 846 3246 patientia
872 3193 985 3230 non
1011 3175 1305 3247 probatur,
1330 3175 1374 3228 si
1401 3174 1538 3229 fides
1565 3174 1730 3244 desit,

151 3267 265 3335 cujus
286 3269 432 3324 radix
459 3285 603 3341 spes
631 3273 734 3323 est.
759 3270 897 3333 Quae
921 3269 1072 3323 enim
1097 3272 1282 3340 potest
1310 3269 1565 3339 probatio
1590 3284 1730 3334 esse,

153 3359 228 3412 nisi
258 3377 346 3431 pro
379 3363 593 3419 Christi
640 3362 874 3417 nomine
915 3363 1003 3416 vel
1041 3362 1421 3429 incommoda,
1461 3362 1548 3416 vel
1579 3361 1729 3432 peri-

153 3453 244 3506 cula
285 3455 532 3510 universa
583 3454 904 3510 sustineas?
946 3455 1072 3511 Ideo
1125 3471 1254 3526 spes
1302 3462 1387 3510 est
1435 3454 1555 3509 sola
1603 3471 1733 3526 quae

152 3549 463 3614 apostolicum
501 3565 624 3604 non
665 3548 960 3604 confundit
997 3548 1284 3603 affectum.
1325 3547 1430 3602 Ubi
1468 3552 1552 3603 est
1583 3563 1729 3618 spes,

151 3641 464 3707 apostolicum
509 3641 654 3696 illud
700 3659 713 3696 :
769 3663 796 3690 ‹‹
843 3641 992 3696 Foris
1037 3658 1268 3712 pugnae,
1301 3640 1454 3696 intus
1496 3641 1732 3696 timores

152 3731 197 3791 ill
221 3735 338 3794 Cor.,
360 3751 454 3802 vn,
485 3738 562 3805 5),
598 3757 624 3780 η
662 3750 862 3790 nocere
891 3751 1002 3789 non
1031 3737 1286 3806 possunt.

197 3827 265 3877 28.
285 3827 395 3882 Alia
423 3827 820 3898 interpretatio
850 3827 1043 3896 habet,
1074 3844 1183 3882 non
1207 3828 1508 3883 erubescere
1531 3829 1729 3895 facias.

149 3916 234 3970 Non
272 3921 557 3977 erubescet
605 3921 702 3992 qui
748 3924 940 3992 sperat
983 3922 1040 3975 in
1089 3921 1372 3976 Christum
1422 3922 1552 3991 (48).
1598 3921 1731 3976 ldeo

147 4011 217 4078 qui
241 4011 368 4068 bene
407 4019 626 4086 sperat,
663 4014 801 4068 dicit
843 4031 854 4068 :
901 4034 922 4065 ι
961 4016 1020 4068 ln
1064 4021 1118 4069 te
1161 4014 1402 4081 confido,
1440 4031 1554 4069 non
1598 4030 1729 4069 eru-

146 4101 321 4160 bescam
347 4109 508 4177 (Psal.
543 4123 690 4173 xxrv,
718 4109 792 4178 2).
821 4131 848 4156 ››
882 4109 946 4162 Et
976 4107 1120 4162 bene
1154 4107 1252 4174 ait,
1283 4108 1526 4176 Conﬁdo;
1557 4109 1733 4162 robur

148 4196 265 4251 enim
291 4202 400 4271 spei
431 4204 668 4267 nostrae,
709 4208 765 4255 et
804 4201 1064 4272 quasdam
1105 4202 1387 4272 sperantis
1426 4201 1731 4255 auctoritas

148 4291 446 4348 confidentia
487 4301 596 4350 est.
644 4295 815 4366 Spera
852 4294 1029 4365 igitur
1071 4311 1316 4366 semper,
1359 4299 1415 4349 et
1458 4310 1628 4348 nemo
1676 4297 1732 4348 te

1907 1783 1996 1834 29.
2032 1780 2208 1848 (Vers.
2243 1781 2382 1846 117.)
2423 1779 2686 1850 Sequitur
2723 1795 2734 1833 :
2775 1779 2996 1847 Adjuva
3036 1795 3136 1842 me,
3180 1780 3381 1850 inquit,
3424 1786 3474 1835 et

1835 1874 2022 1928 salvus
2057 1888 2179 1939 ero;
2211 1877 2262 1927 et
2303 1872 2605 1927 meditabor
2634 1873 3048 1941 justiﬁcationes
3089 1878 3210 1927 tuas
3247 1889 3470 1944 semper.

1835 1966 1939 2030 Qui
1976 1971 2185 2036 sperat,
2214 1965 2513 2037 prazsumit
2542 1965 2757 2036 juvari;
2791 1965 2887 2018 ubi
2933 1970 3129 2019 autem
3165 1965 3468 2035 adjumen-

1836 2062 1959 2113 tum
1989 2059 2106 2127 Dei,
2140 2059 2216 2113 ibi
2253 2062 2475 2114 certum
2514 2059 2705 2113 salutis
2741 2058 3037 2113 auxilium.
3068 2061 3249 2128 Supra
3287 2059 3425 2114 dixit
3454 2078 3467 2114 :

1835 2152 2078 2220 Adjutor
2102 2159 2150 2206 et
2177 2157 2446 2222 susceptor
2471 2168 2618 2206 meus
2642 2165 2693 2206 es
2723 2157 2781 2206 tu
2808 2150 3012 2222 (supra,
3035 2168 3180 2206 vers.
3210 2154 3353 2222 114),
3381 2153 3470 2206 hic

1835 2245 2045 2300 iterum
2064 2245 2251 2316 juvari
2278 2245 2443 2315 petit,
2469 2245 2630 2314 quasi
2664 2244 2845 2298 dicat:
2877 2244 3008 2299 Sine
3039 2245 3345 2300 cessatione
3378 2261 3472 2299 me

1837 2339 2062 2409 adjuva.
2105 2339 2229 2392 Non
2274 2338 2413 2391 mihi
2463 2337 2596 2390 satis
2642 2341 2726 2391 est
2771 2339 2919 2408 quod
2963 2339 3215 2409 poposci.
3263 2338 3472 2392 iterum

1836 2437 1969 2503 peto
2002 2435 2064 2485 ut
2103 2432 2289 2486 salvus
2325 2431 2476 2485 fiam.
2510 2431 2607 2484 Hic
2641 2447 2758 2485 non
2803 2447 3029 2501 magna,
3071 2448 3185 2485 non
3229 2448 3356 2485 vera
3387 2437 3474 2485 est

1834 2526 2014 2592 salus;
2043 2530 2179 2578 tunc
2209 2525 2394 2578 salvus
2424 2540 2545 2592 ero,
2572 2539 2703 2577 cum
2734 2525 2892 2578 fuero
2933 2525 2989 2577 in
3028 2523 3302 2594 paradiso,
3337 2541 3469 2577 cum

1834 2619 2022 2672 vivere
2083 2633 2305 2688 coepero
2357 2618 2510 2670 inter
2562 2617 2774 2671 electos
2830 2620 2956 2670 tuos
3016 2617 3278 2687 angelos,
3337 2633 3465 2670 cum

1837 2713 2065 2782 laqueos
2091 2716 2259 2764 terrm
2289 2710 2460 2778 hujus
2492 2725 2746 2764 evasero.

1905 2807 1991 2858 30.
2033 2803 2143 2858 Sed
2185 2818 2255 2857 ne
2296 2803 2441 2856 forte
2484 2803 2660 2872 adjuti
2698 2802 2756 2854 in
2798 2802 3246 2868 necessitatibus,
3277 2808 3471 2873 postea

1835 2896 1892 2950 in
1918 2895 2204 2968 prosperis
2231 2895 2394 2966 positi
2422 2895 2802 2966 negligamns,
2837 2895 3002 2949 docet
3027 2911 3128 2949 nos
3165 2895 3465 2950 immemo-

1833 3005 1922 3044 res
1941 2989 2345 3044 beneficiorum
2370 2988 2680 3043 cmlestinm
2706 3005 3066 3060 nequaquam
3090 3004 3213 3043 esse
3237 2989 3465 3055 debere,

1833 3083 1931 3136 sed
1961 3081 2225 3136 meditari
2249 3080 2682 3152 justificationes
2714 3081 2967 3147 Domini;
2999 3086 3063 3135 ut
3090 3083 3147 3134 et
3173 3097 3302 3135 cum
3330 3081 3465 3135 boni

1833 3175 2019 3246 operis
2053 3175 2268 3246 aliquid
2307 3175 2630 3242 fecerimus,
2673 3190 2906 3245 semper
2946 3180 3142 3228 tamen
3186 3175 3238 3229 ei
3279 3178 3469 3229 nostra

1833 3273 2058 3340 peccata
2084 3268 2397 3336 fateamur;
2428 3268 2550 3322 haec
2577 3268 2728 3322 enim
2759 3271 2844 3322 est
2861 3267 3189 3337 justiﬁcatio
3218 3269 3462 3322 Domini.

1833 3363 2089 3432 Denique
2139 3361 2405 3415 Pharisaei
2453 3377 2566 3414 non
2609 3360 3065 3430 justificaverunt
3113 3362 3316 3428 Deum,
3369 3363 3468 3432 qui

1831 3455 2103 3526 baptizari
2129 3455 2412 3525 baptismo
2444 3453 2800 3524 poenitentiae
2829 3455 3139 3508 noluerunt
3165 3456 3335 3524 (Luc.,
3369 3470 3465 3520 vn,

1833 3551 1939 3619 30).
1968 3549 2117 3619 Ergo
2157 3548 2252 3602 ille
2283 3547 2558 3618 justificat
2587 3547 2717 3615 (50),
2748 3563 2921 3617 quem
2961 3563 3193 3601 suorum
3227 3549 3469 3617 poenitet

1833 3643 2191 3696 delictorum.
2221 3640 2402 3704 Quem
2443 3640 2598 3694 enim
2638 3641 2897 3709 paenitet,
2932 3640 3256 3707 conﬁtetur,
3289 3643 3354 3693 ut
3383 3647 3468 3694 est

1833 3735 1970 3790 illud
2005 3752 2018 3789 :
2054 3754 2081 3785 ι(
2111 3734 2230 3789 Tibi
2268 3733 2366 3788 soli
2405 3733 2651 3804 peccavi,
2681 3737 2734 3786 et
2763 3734 2976 3786 malum
3013 3749 3210 3787 coram
3243 3737 3296 3786 te
3327 3733 3460 3796 feci;

1831 3834 1896 3883 ut
1940 3826 2267 3898 justificeris
2318 3826 2374 3880 in
2428 3826 2789 3881 sermonibus
2836 3825 2945 3880 tuis
2990 3826 3154 3894 (Psat.
3207 3843 3256 3890 L,
3309 3828 3382 3893 6).
3435 3848 3461 3874 ν

1834 3922 2081 3992 Ideoque
2114 3921 2449 3975 Publicanus
2482 3921 2668 3990 magis
2692 3918 3032 3988 justificatus
3057 3919 3224 3973 exivit
3255 3936 3285 3973 e
3312 3924 3461 3973 tem-

1831 4015 1927 4086 plo
1951 4016 2123 4082 (Luc.,
2162 4029 2309 4081 XVIII,
2351 4013 2458 4083 14),
2497 4013 2628 4084 quia
2667 4012 2976 4066 Pharisaaus
3006 4028 3067 4065 se
3092 4011 3462 4082 justiﬁcabat,

1832 4125 1959 4161 suas
1980 4107 2220 4178 justitias
2247 4107 2611 4177 praedicando
2641 4124 2654 4160 :
2685 4105 3022 4159 Publicanus
3050 4107 3238 4159 autem
3261 4105 3467 4176 justiti-

1832 4201 1995 4256 cabat
2036 4201 2237 4269 Deum,
2277 4201 2602 4270 iniquitates
2641 4199 2895 4269 proprias
2927 4199 3273 4253 confitendo.
3313 4199 3462 4268 Ergo

1831 4295 1928 4366 qui
1960 4293 2714 4362 meditaturjustificationes
2744 4292 2989 4358 Domini,
3023 4307 3253 4361 semper
3280 4292 3466 4344 humi-

145 4381 194 4434 ab
219 4388 622 4456 exspectatione
659 4387 974 4442 confundit.
1006 4389 1352 4459 Exspectatio
1387 4394 1581 4443 nostra
1617 4388 1728 4442 vita
1748 4392 1808 4463 D
1831 4388 2022 4442 liatur.
2057 4389 2178 4442 Non
2205 4387 2380 4441 hodie
2414 4387 2766 4449 humiliatur,
2797 4393 2854 4439 et
2879 4401 3002 4438 cras
3034 4385 3336 4450 exaltatur,
3365 4385 3463 4436 sed

148 4480 316 4532 aeterna
346 4484 445 4534 cst.
475 4481 831 4552 Exspectatio
870 4484 1082 4547 nostra,
1123 4497 1369 4552 regnum
1405 4482 1521 4548 Dei,
1550 4498 1726 4552 ange-

148 4565 293 4624 lorum
337 4573 716 4641 consortium,
769 4573 1190 4629 benedictiones
1239 4577 1372 4628 sunt
1429 4575 1724 4645 spiritales.

151 4657 358 4737 1166
391 4669 569 4739 Spera
607 4667 880 4739 quotidie.
911 4667 1107 4722 Finem
1145 4667 1249 4721 ista
1275 4684 1366 4721 res
1393 4685 1508 4722 non
1535 4668 1726 4734 habet,

151 4751 286 4805 nescit
306 4755 576 4810 inducias.
605 4755 784 4827 Spera
816 4755 990 4810 etiam
1029 4757 1242 4828 positus
1278 4757 1336 4810 in
1374 4757 1640 4812 adversis.
1671 4758 1731 4813 Si

153 4839 247 4903 quis
282 4843 417 4899 dicat
456 4846 562 4900 tibi
605 4846 796 4916 aliqua
840 4846 986 4900 forte
1031 4845 1511 4901 necessitudinum
1557 4846 1728 4900 amis-

156 4924 275 4982 sione
305 4948 560 5002 percusso
597 4952 611 4989 :
654 4934 797 4999 Quid
838 4935 942 4989 tibi
979 4935 1218 5006 prodest
1249 4936 1471 5005 justitia
1500 4936 1638 4990 tua?
1670 4940 1732 4989 tu

202 5050 276 5113 (48)
301 5054 417 5104 Mss.
449 5057 620 5108 ferme
659 5057 728 5106 ad
766 5071 940 5106 unum
979 5057 1142 5107 :Alia
1177 5058 1577 5120 interpretatio:
1617 5061 1735 5110 Non

161 5119 372 5173 erubescet
397 5127 488 5188 qui
511 5131 695 5189 sperat
716 5128 773 5175 in
795 5127 1077 5176 Christum.

205 5193 283 5251 (19)
319 5197 662 5258 Apostoticum
699 5197 869 5248 cibum
907 5203 1071 5248 vocat
1106 5199 1435 5249 Ambrosius
1468 5201 1735 5251 lectiones

164 5270 292 5339 “titus
326 5268 614 5339 Scriptura
658 5285 798 5334 quas
831 5270 1197 5322 Eucharistite
1246 5273 1549 5334 sumptioni
1593 5287 1734 5335 prm-

169 5337 412 5404 uiittendas
445 5344 645 5389 monet.
679 5340 761 5388 Ex
800 5340 889 5388 his
922 5355 1086 5404 porro
1120 5355 1247 5404 quae
1276 5342 1466 5392 subdit
1500 5343 1684 5393 verbis
1720 5358 1731 5390 :

170 5400 357 5475 inﬁrmus
403 5423 514 5459 es...
562 5415 757 5459 metum
802 5400 988 5461 mortis
1036 5400 1524 5475 sollicitudinesque
1574 5413 1736 5475 depo-

328 5491 508 5541 corpus
542 5494 651 5530 non
694 5481 902 5539 titubat,
946 5482 1035 5533 sed
1079 5483 1310 5546 resurgit
1357 5499 1373 5531 :
1417 5474 1529 5534 non
1577 5474 1736 5534 inviti

178 5540 465 5610 adducimur,
516 5557 574 5601 ut
624 5557 875 5604 sanctum
923 5540 1336 5605 Doctorem'de
1388 5556 1737 5605 Eucharistia

178 5612 386 5690 languent
438 5624 630 5675 viatico
683 5626 932 5675 locutum
983 5626 1154 5677 fuisse
1203 5627 1568 5690 suspicemur.
1624 5628 1738 5677 Nec

182 5685 287 5737 male
308 5689 509 5746 forsitan
547 5698 604 5748 in
647 5697 978 5765 suspicionis
1013 5685 1496 5753 conﬁrmationem
1537 5697 1738 5751 adduci

1830 4497 2055 4552 semper
2084 4481 2312 4534 humilis
2350 4479 2521 4533 corde
2559 4485 2614 4533 et
2653 4478 2802 4532 mitis
2838 4477 3040 4531 affectu
3072 4480 3176 4530 est.
3209 4477 3337 4530 Plus
3379 4483 3466 4530 est

1829 4580 2021 4629 autem
2061 4591 2305 4644 semper,
2347 4589 2522 4643 quam
2569 4572 2661 4626 die
2707 4588 2772 4625 ac
2814 4575 3003 4637 nocte,
3045 4570 3130 4624 vel
3174 4574 3292 4625 tota
3337 4570 3461 4628 die:

1832 4669 1936 4722 hoc
1968 4667 2121 4722 enim
2155 4683 2326 4737 supra
2357 4670 2582 4736 tempus
2615 4669 2716 4718 est.
2755 4666 2902 4735 Ergo
2933 4665 3021 4717 vel
3052 4665 3200 4719 inter
3227 4665 3464 4734 angelos

1833 4759 2236 4812 annumeratus
2272 4754 2426 4809 dicas
2455 4757 2680 4824 oportet
2715 4753 3148 4823 justificationes
3179 4752 3275 4805 Dei
3308 4766 3461 4803 sem-

1832 4862 1955 4918 per,
1980 4848 2038 4899 et
2058 4845 2212 4899 illam
2241 4861 2408 4914 quam
2435 4843 2670 4913 adeptus
2697 4858 2756 4897 es
2780 4842 3045 4914 gloriam,
3071 4858 3181 4894 non
3213 4841 3322 4893 tuis
3351 4856 3463 4894 me-

1832 4936 1954 4990 ritis
1983 4950 2234 5004 arroges,
2266 4933 2360 4987 sed
2399 4933 2602 4987 divinae
2640 4930 2994 4986 miserationi
3029 4945 3256 4999 semper
3285 4927 3462 4983 ascri-

1833 5055 2104 5120 potestis,
2136 5054 2232 5118 qui
2258 5053 2327 5103 ab
2353 5066 2418 5104 eo
2461 5052 2718 5102 laudatur
2759 5051 3042 5113 Evangelii
3082 5051 3257 5108 locus,
3299 5062 3466 5112 quem

1835 5128 1974 5176 alios
2019 5127 2185 5176 etiam
2243 5127 2342 5175 PP.
2395 5125 2465 5175 de
2514 5126 2718 5174 viatico
2779 5124 3163 5184 interpretatos
3229 5124 3464 5170 constat.

1836 5198 1930 5250 Sic
1963 5198 2112 5247 enim
2143 5198 2390 5256 Hieron,
2433 5198 2490 5245 in
2521 5195 2728 5252 Matth,
2769 5206 2888 5256 cap.
2937 5204 3019 5242 xv
3062 5206 3073 5238 :
3119 5208 3145 5237 α
3182 5192 3300 5241 Non
3343 5192 3470 5241 vult

1835 5271 1999 5319 Jesus
2033 5267 2309 5317 dimittere
2337 5269 2579 5329 jejunos,
2610 5279 2679 5314 ne
2707 5263 2970 5313 deﬁciant
3005 5264 3059 5309 in
3098 5262 3203 5310 via.
3246 5261 3468 5312 Pericli-

1838 5345 1982 5390 tatur
2006 5353 2136 5402 ergo
2162 5340 2258 5403 qui
2289 5340 2409 5388 sine
2437 5337 2648 5387 ocelesti
2677 5345 2820 5397 pane
2850 5332 2918 5381 ad
2947 5334 3191 5394 optatam
3220 5333 3470 5382 mansio-

1834 5425 1962 5461 nem
1993 5411 2282 5474 pervenire
2311 5410 2560 5465 f‘estinat,
2584 5424 2612 5451 »
2642 5409 2746 5456 etc.

1897 5483 1993 5545 (50)
2047 5482 2256 5532 Omnes
2317 5480 2470 5539 edit.,
2514 5480 2659 5540 Ergo
2723 5474 2811 5524 itte
2854 5475 3198 5538 justiﬁcatur.
3257 5475 3466 5527 Omnes

1837 5568 1992 5613 mss,
2033 5555 2175 5616 Ergo
2217 5552 2304 5602 ille
2327 5551 2606 5614 justiﬁcat.
2651 5547 2973 5607 Commode,
3024 5547 3070 5596 si
3109 5551 3296 5597 mente
3342 5560 3468 5610 sup-

1839 5626 2075 5688 pleveris
2102 5638 2324 5685 vocem,
2358 5625 2536 5680 Deum,
2568 5633 2694 5685 quas
2727 5619 2998 5684 superiori
3030 5618 3256 5686 periodo
3285 5619 3479 5685 expri-
3527 5668 3532 5672 .

1839 5697 2022 5748 mitur.
