3930 6168
499 187 630 242 1495

1953 186 2008 237 S.
2053 185 2363 241 AMBROSll

3684 193 3802 247 1496

490 307 607 373 bas,
639 321 708 360 ne
735 305 835 359 tibi
867 304 1086 359 dicatur
1114 320 1126 357 ε
1161 326 1185 352 ι(
1216 303 1364 369 Quid
1393 309 1585 360 autem
1619 305 1790 359 habes
1818 305 1973 376 quod
2003 321 2118 361 non
2144 316 2202 389 Α
2222 304 2492 359 mulieres
2517 304 2750 374 faciunt,
2785 305 2992 382 inquit,
3020 307 3338 376 apostatare
3361 305 3559 375 (Eccli.,
3580 323 3678 375 XIX,
3697 312 3764 379 2).
3785 334 3808 362 ι)

491 397 795 469 accepisti?
833 397 889 453 Si
928 400 1123 452 autem
1158 397 1444 468 accepisti,
1479 398 1615 469 quid
1656 398 1913 470 gloriaris
1959 398 2122 469 quasi

493 508 608 547 non
636 490 921 562 acceperis
952 490 1016 562 (II
1041 491 1183 553 Cor.,
1207 505 1277 558 ιν,
1300 491 1389 561 ‘7)?
1411 512 1438 541 »
1463 491 1661 567 Omnis
1689 490 1842 545 enim
1865 495 2124 546 creatura

491 600 847 658 quacunque
870 584 1017 638 bona
1043 584 1235 652 habet,
1265 584 1482 654 accepit
1502 569 1533 638 a
1557 584 1799 650 Christo,
1825 585 1921 656 qui
1951 585 2121 638 totius

492 682 579 734 est
603 683 798 732 auctor
823 681 1114 733 creature.

566 769 819 844 1167
865 774 952 826 31.
986 772 1164 841 (Vers.
1207 770 1349 842 118.)
1380 771 1668 841 Sprevisti,
1708 770 1910 842 inquit,
1949 787 2124 827 omnes

493 868 588 937 qui
632 865 913 920 discedunt
963 881 997 919 a
1039 865 1523 934 justiﬁcationibas
1575 867 1702 927 tuis,
1755 867 1884 934 quia.
1933 867 2120 935 iniqua

492 961 747 1029 cogitatio
784 974 984 1014 eorum.
1024 958 1218 1014 Omnis
1249 957 1529 1030 superbus
1569 957 1905 1012 immundus
1943 963 2027 1014 est
2064 959 2122 1013 in

493 1054 795 1123 conspectu
835 1051 1081 1119 Domini,
1113 1051 1243 1122 quia
1282 1067 1395 1105 non
1427 1054 1615 1122 potest
1655 1067 1756 1122 per
1795 1052 2120 1122 superbiam

495 1163 657 1201 suam
697 1145 974 1200 mundare
1015 1149 1265 1215 peccata,
1296 1144 1393 1215 qui
1431 1145 1721 1215 arroganti
1758 1145 1957 1215 spiritu
1987 1163 2119 1200 coa-

493 1242 687 1295 cervat
730 1255 1006 1293 errorem.
1053 1238 1293 1308 Ideoque
1336 1238 1620 1308 spernitur
1667 1244 1835 1310 atque
1883 1239 2119 1310 despici-

493 1339 606 1401 tur,
654 1332 788 1404 quia
830 1331 1114 1403 despectui
1164 1331 1340 1385 habet
1387 1331 1579 1385 divina
1630 1332 1919 1386 mandata.
1970 1333 2120 1387 Bene

493 1432 688 1483 autem
744 1424 980 1480 caelestis
1035 1428 1288 1479 servatur
1337 1424 1724 1496 praerogativa
1777 1425 2119 1493 clementiae,

495 1520 628 1592 quia
693 1517 916 1572 nullum
978 1517 1232 1587 repellit;
1287 1518 1384 1572 sed
1445 1518 1770 1589 quicunque
1835 1519 2126 1574 noluerint

491 1613 721 1684 peccata
760 1610 990 1681 propria
1024 1610 1306 1677 conﬁteri,
1339 1611 1446 1680 ipsi
1489 1611 1786 1666 discedunt
1817 1628 1850 1666 a
1878 1612 2122 1667 Domino

2223 398 2477 454 Cavenda
2503 414 2638 468 ergo
2668 398 2954 454 incentiva
2984 402 3039 452 et
3072 397 3352 452 lenocinia
3389 399 3724 468 delictorum,
3753 421 3812 459 ne

2222 491 2281 546 in
2331 492 2509 546 scelus
2561 496 2816 563 vergant.
2865 490 3271 546 Praevaricator
3323 494 3514 546 autem
3563 493 3723 549 latine
3767 503 3814 552 et

2223 591 2606 657 transgressor
2639 590 2897 653 vocatur;
2927 601 2994 639 eo
3023 585 3175 656 quod
3203 601 3237 638 a
3266 584 3386 654 lege
3413 585 3626 640 Domini
3653 593 3810 643 trans-

2224 683 2316 733 eat
2342 679 2410 733 ad
2439 695 2712 748 errorem,
2737 681 2795 735 et
2819 678 3270 749 transgrediatur
3297 679 3554 733 mandata
3578 680 3813 750 caelestia,

2224 773 2314 826 cui
2339 772 2551 827 dictum
2582 777 2668 827 est
2695 777 2758 826 ut
2788 773 3076 827 adhaereat
3105 771 3345 826 Domino
3373 773 3488 827 Deo
3517 789 3614 828 suo
3639 775 3812 843 (Deut.

2223 884 2275 935 ι,
2303 869 2412 936 20).
2437 867 2738 922 Adhaereto
2765 866 2938 937 igitur
2963 865 3254 920 individuo
3283 881 3503 936 semper
3527 865 3732 935 affectu,
3758 886 3816 923 ne

2223 964 2277 1014 te
2317 960 2385 1014 ab
2418 976 2485 1014 eo
2526 960 2605 1013 vis
2639 960 2754 1014 ulla
2792 959 2965 1030 possit
3003 960 3267 1014 evellere.
3297 958 3349 1013 Si
3392 958 3526 1030 quid
3557 976 3753 1027 rarum,
3779 963 3817 1016 si

2223 1053 2356 1124 quid
2413 1052 2800 1108 intermissum
2851 1053 3207 1107 adversarius
3261 1051 3497 1119 viderit,
3548 1053 3721 1109 statim
3772 1072 3818 1111 se

2224 1146 2482 1201 immittit
2508 1147 2564 1200 in
2593 1151 2788 1218 pectus
2815 1150 2873 1201 et
2900 1163 2998 1202 cor
3027 1152 3219 1214 tuum;
3251 1149 3312 1214 ut
3339 1151 3393 1200 te
3428 1145 3627 1217 laqueo
3655 1151 3818 1203 teneat

2224 1257 2339 1294 suae
2369 1240 2608 1307 fraudis,
2648 1243 2706 1294 et
2739 1240 2958 1294 hostilis
2995 1239 3214 1294 vinculo
3258 1239 3548 1311 potestatis
3585 1240 3816 1307 innexus,

2223 1350 2254 1386 a
2285 1333 2582 1389 devotione
2621 1334 2945 1388 retraharis.
2980 1335 3085 1388 Sed
3123 1351 3239 1388 non
3271 1334 3420 1387 solus
3452 1332 3543 1386 ille
3585 1335 3815 1404 praevari-

2224 1431 2383 1482 cator
2425 1433 2507 1482 est
2549 1427 2666 1498 qui,
2698 1426 3019 1498 posthabita
3050 1427 3318 1492 Ecclesia,
3347 1427 3416 1480 ad
3455 1427 3631 1480 cultus
3665 1429 3816 1481 trans-

2226 1521 2521 1592 grediatur
2551 1521 2855 1589 idolorum,
2888 1520 2987 1575 sed
3028 1518 3285 1592 1168
3326 1519 3498 1574 etiam
3529 1520 3821 1591 quicunque

2225 1615 2367 1686 legis
2411 1613 2682 1668 mandata
2731 1630 2846 1668 non
2895 1620 3092 1669 servat.
3142 1613 3344 1668 Omnis
3387 1629 3525 1684 ergo
3570 1618 3817 1684 peccator,

491 1681 610 1760 Deo
669 1706 882 1758 nostra.
940 1704 1188 1775 Denique
1237 1704 1328 1758 ille
1388 1704 1677 1770 discessit,
1733 1705 1829 1776 qui
1884 1681 2200 1776 peregreB
2225 1681 2636 1780 praevaricator.
2679 1707 2836 1762 Unde
2877 1707 3015 1761 illud
3049 1723 3062 1761 :
3095 1728 3121 1754 ‹‹
3155 1706 3356 1761 Omnis
3403 1681 3816 1777 priaavaricatio...

492 1797 796 1869 profectus,
840 1813 1011 1851 omne
1057 1797 1210 1866 quod
1254 1801 1547 1867 acceperat
1587 1814 1621 1850 a
1665 1803 1848 1869 patre,
1890 1796 2022 1853 fidei
2071 1801 2128 1854 et
2220 1801 2436 1873 justam
2491 1799 2695 1872 accipit
2750 1799 3276 1855 remunerationem
3330 1799 3540 1871 (Hebr.,
3592 1815 3649 1866 n,
3698 1803 3760 1869 2).
3796 1824 3814 1848 n

497 1891 699 1963 gratiae
731 1889 1142 1961 patrimonium
1178 1889 1491 1961 dissipavit.
1516 1890 1582 1944 Et
1609 1889 1739 1960 quia
1768 1907 1898 1946 eum
1928 1891 2128 1946 disces-

493 1985 629 2040 sisse
681 1984 972 2055 paenituit,
1024 1988 1216 2053 postea
1267 1987 1350 2037 est
1401 1999 1694 2055 regressus
1748 1984 1821 2038 ad
1875 1988 2122 2055 patrem,

493 2093 664 2151 quem
718 2076 1021 2149 reliquerat
1071 2093 1200 2130 cum
1254 2081 1546 2148 peceatum
1598 2077 1893 2148 proprium
1950 2080 2128 2134 nollet

494 2170 772 2227 confiteri.
801 2172 921 2225 Non
957 2187 1094 2240 ergo
1132 2169 1426 2225 intervallo
1471 2172 1726 2226 locorum
1767 2172 1914 2226 Deus
1951 2172 2123 2226 relin-

494 2265 708 2337 quitur,
738 2263 835 2318 sed
868 2264 1142 2334 pravitate
1175 2280 1421 2331 morum,
1449 2269 1506 2319 et
1541 2264 1902 2320 deformitate
1940 2271 2123 2336 gesto-

495 2375 644 2414 rum.
695 2359 942 2413 Discedit
990 2376 1024 2413 a
1072 2359 1331 2427 Domino,
1383 2358 1482 2428 qui
1529 2373 1586 2412 se
1637 2359 1865 2431 elongat
1915 2358 1986 2413 ab
2036 2375 2124 2427 eo,

495 2451 984 2526 quemadmodum
1023 2453 1214 2507 audita
1243 2451 1550 2522 prmsentia
1587 2451 1701 2518 Dei,
1733 2452 1911 2506 Adam
1954 2453 2127 2507 latere

495 2545 779 2617 cupiebat.
818 2545 928 2601 Sed
965 2545 1262 2601 discedens
1299 2562 1332 2598 a
1367 2545 1610 2599 Domino
1641 2545 1880 2599 salutem
1912 2545 2126 2600 habere

495 2658 612 2696 non
658 2644 910 2713 poterat;
953 2641 1226 2712 quoniam
1275 2641 1544 2711 scriptum
1595 2646 1677 2694 est
1720 2660 1733 2696 :
1777 2662 1803 2690 ‹‹
1846 2642 1985 2696 Ecce
2031 2642 2127 2712 qui

497 2735 770 2805 elongant
820 2751 878 2788 se
931 2734 1030 2788 abs
1082 2737 1156 2803 te,
1204 2734 1473 2806 peribunt
1523 2735 1686 2804 (Psal.
1733 2751 1894 2800 Lxxu,
1940 2734 2047 2805 27).
2101 2756 2126 2783 ›)

495 2828 893 2900 Unusquisque
925 2828 1104 2900 igitur
1141 2828 1255 2883 suis
1281 2827 1478 2883 studiis
1503 2844 1624 2882 sese
1667 2830 1765 2882 aut
1785 2828 2000 2899 jungit,
2030 2832 2130 2882 aut

497 2927 745 2993 separat.
799 2921 1054 2992 Denique
1116 2938 1292 2993 quam
1356 2923 1652 2992 plerosque
1717 2937 1820 2974 nec
1876 2922 2128 2975 locorum

2226 1896 2445 1950 Nomen
2484 1910 2810 1961 commune,
2849 1894 2944 1948 sed
2987 1893 3204 1948 diversa
3246 1893 3451 1949 merita
3487 1892 3818 1959 delictorum;

2227 1991 2285 2042 et
2315 1987 2496 2058 pretia
2522 2003 2660 2058 ergo
2689 1987 2910 2041 diversa
2935 1987 3253 2057 culparum.

2300 2083 2386 2135 34.
2431 2080 2575 2144 Quid
2623 2080 2728 2134 sibi
2771 2081 2890 2134 vult
2936 2079 3087 2151 quod
3133 2080 3214 2133 ait
3258 2096 3270 2134 :
3318 2083 3619 2135 Peccatores
3662 2082 3825 2134 terra?

2228 2175 2370 2230 Sunt
2415 2190 2550 2244 ergo
2590 2178 2644 2228 et
2691 2172 2813 2228 caeli
2859 2175 3205 2244 peccatores,
3250 2172 3398 2226 sicut
3441 2172 3530 2226 ille
3579 2171 3669 2242 qui
3711 2171 3821 2226 ait:

2231 2290 2260 2317 ‹‹
2297 2269 2477 2334 Pater,
2521 2267 2744 2338 peccavi
2789 2266 2847 2321 in
2878 2266 3100 2334 coelum,
3140 2271 3195 2320 et
3238 2281 3435 2320 coram
3473 2269 3526 2320 te
3557 2267 3718 2332 (Luc.,
3753 2281 3824 2328 xv,

2226 2362 2339 2430 21).
2389 2379 2416 2410 ››
2462 2360 2604 2416 Sunt
2645 2359 2744 2431 qui
2791 2358 2986 2414 dicant
3031 2359 3168 2430 quia
3214 2358 3262 2412 is
3308 2359 3410 2429 qui
3456 2358 3690 2414 caelestia
3729 2374 3827 2412 non

2227 2459 2410 2508 servat
2444 2453 2689 2521 oracula,
2722 2451 3120 2524 praevaricator
3149 2456 3233 2506 est
3264 2451 3411 2506 eceli.
3443 2451 3551 2507 Sed
3583 2451 3687 2506 sive
3718 2451 3826 2515 hac,

2230 2547 2343 2601 sive
2369 2547 2499 2618 quia
2525 2547 2633 2617 (53)
2665 2545 2872 2601 minuit
2906 2546 3149 2616 gratiam
3181 2561 3356 2616 quam
3397 2546 3609 2616 accepit
3637 2561 3665 2598 e
3687 2545 3827 2608 ccelo,

2228 2656 2399 2711 quam
2439 2639 2682 2711 Spiritus
2725 2641 2948 2693 sanctus
2983 2638 3220 2706 infudit;
3262 2637 3380 2692 sive
3423 2637 3554 2710 quia
3587 2638 3694 2692 avis
3727 2637 3829 2691 caeli

2227 2732 2429 2800 factus,
2484 2749 2600 2787 non
2651 2732 2819 2787 debes
2865 2732 2922 2786 in
2973 2735 3178 2786 terram
3230 2731 3422 2786 redire
3473 2731 3540 2785 de
3587 2731 3735 2786 ccelo.
3779 2732 3829 2784 ln

2229 2826 2434 2882 caelum
2462 2842 2599 2897 ergo
2630 2841 2846 2896 peccas,
2879 2824 2925 2879 si
2952 2825 3077 2879 caeli
3103 2825 3289 2880 incola
3321 2827 3525 2880 coelum
3555 2824 3827 2895 relinquas.

2227 2919 2524 2976 Diversitas
2550 2918 2726 2990 igitur
2753 2923 2835 2974 est
2862 2934 3076 2975 eorum.
3109 2918 3216 2973 Alii
3244 2925 3571 2990 peccatores
3593 2917 3728 2986 caeli,
3753 2915 3832 2970 alii

495 3015 796 3070 intervalla
829 3017 1148 3082 secernant,
1183 3015 1270 3068 vel
1300 3015 1546 3069 ﬁnitima
1579 3017 1638 3068 et
1669 3013 1854 3068 vicina
1892 3031 2130 3069 connec—
2151 3045 2204 3119 C
2229 3016 2551 3085 peccatores
2583 3016 2746 3067 terrae
2779 3015 2931 3067 sunt.

497 3113 643 3176 tant,
675 3106 885 3161 indicio
923 3109 1007 3161 est
1040 3107 1169 3178 quia
1208 3113 1340 3162 sunt
1370 3108 1625 3178 plerique
1659 3108 1718 3161 in
1744 3123 1984 3178 corpore
2016 3107 2126 3174 siti,

497 3201 595 3271 qui
624 3200 1072 3270 peregrinantur
1100 3216 1132 3253 a
1162 3216 1416 3270 corpore,
1450 3206 1504 3254 et
1535 3201 1743 3255 adsunt
1779 3202 1912 3268 Deo,
1946 3204 2006 3254 ut
2034 3200 2129 3255 ille

499 3293 598 3364 qui
623 3292 836 3346 dicenti
863 3293 976 3347 Deo
1008 3316 1018 3346 :
1053 3292 1216 3358 Quem
1244 3295 1456 3348 mittam
1484 3295 1630 3363 (Ista,
1660 3311 1736 3362 vr,
1765 3294 1860 3365 8)?
1887 3309 2126 3366 respon-

497 3386 583 3441 dit
629 3405 640 3440 :
685 3387 816 3441 Ecce
863 3402 974 3454 ego,
1022 3389 1178 3440 mitte
1220 3403 1302 3441 me
1347 3386 1551 3458 (lbid.).
1598 3387 1780 3442 Audet
1831 3392 1887 3442 et
1926 3389 2130 3442 Paulus

498 3478 695 3534 adesse
723 3481 854 3545 Deo,
881 3478 1017 3550 quia
1044 3478 1188 3533 nihil
1215 3479 1274 3533 in
1302 3495 1360 3534 se
1387 3483 1594 3550 praeter
1620 3479 1805 3534 carnis
1832 3481 2130 3535 materiam

499 3571 728 3627 videbat
755 3588 876 3626 esse
911 3581 1269 3644 corporeum.
1303 3573 1483 3629 Exivit
1510 3576 1567 3627 et
1599 3573 1733 3630 Cain
1769 3591 1802 3627 a
1828 3573 1972 3628 facie
2009 3575 2128 3641 Dei,

501 3667 829 3737 postquam,
857 3666 1162 3721 commisso
1192 3666 1514 3737 parricidio,
1545 3667 1849 3738 gerendam
1881 3673 2132 3738 peccato-

501 3775 632 3813 rum
659 3775 890 3813 suorum
920 3760 1314 3830 paenitentiam
1343 3778 1460 3816 non
1486 3761 1725 3832 putavit.

572 3856 658 3907 32.
701 3855 869 3908 Recte
912 3859 1101 3908 autem
1147 3853 1225 3907 ait
1266 3872 1279 3907 :
1326 3855 1416 3910 Ad
1456 3856 1686 3909 nihilum
1721 3855 1826 3923 (51)
1858 3855 2136 3910 deduxisti

493 3950 963 4018 prevaricatores.
991 3949 1112 4002 Non
1144 3952 1467 4018 peccatores
1498 3947 1658 4013 dixit,
1688 3948 1784 4002 sed
1811 3948 2134 4018 praevarica-

501 4044 673 4095 tores.
716 4041 857 4094 Nam
902 4057 1030 4111 quae
1075 4041 1239 4096 nobis
1277 4025 1405 4112 spes
1451 4041 1615 4110 foret,
1661 4041 1891 4112 quando
1935 4057 2134 4096 omnes

502 4133 606 4186 sub
633 4138 864 4203 peccato
895 4135 1133 4188 sumus?
1161 4134 1341 4189 Etiam
1372 4135 1504 4190 illud
1535 4134 1768 4204 pulchre
1799 4152 1811 4189 :
1842 4137 2031 4192 Omnes
2061 4135 2136 4190 ad

502 4227 733 4281 nihilum
765 4227 1043 4282 deduceisti
1067 4230 1536 4296 prevaricatores.
1567 4228 1694 4282 Sive
1730 4229 1824 4283 ille
1860 4229 2013 4283 dives
2041 4230 2132 4293 sit,

504 4319 646 4373 nihil
675 4319 755 4373 illi
780 4319 988 4374 divitia:
1025 4336 1140 4374 sum
1181 4324 1451 4391 prosunt;
1481 4322 1598 4374 sive
1629 4321 1957 4387 honoratus,
1989 4320 2135 4388 nihil

2300 3110 2388 3163 35.
2435 3127 2462 3154 «
2503 3108 2563 3160 In
2603 3105 2917 3174 matutinis,
2956 3106 3162 3178 inquit,
3209 3105 3622 3161 interﬁciebam
3662 3119 3832 3160 omnes

2229 3203 2552 3272 peccatores
2605 3203 2774 3254 terrae
2829 3201 2994 3269 (Psal.
3048 3217 3096 3267 c,
3153 3201 3229 3268 8).
3289 3222 3319 3248 »
3375 3199 3658 3264 Quomodo
3711 3213 3832 3251 unus

2232 3310 2432 3348 omnes
2473 3293 2794 3348 interficere
2834 3297 3055 3364 poterat
3089 3298 3411 3364 peccatores
3441 3292 3640 3348 terrae?
3665 3291 3762 3346 Sed
3795 3290 3827 3342 si

2230 3387 2552 3442 consideres
2582 3387 2824 3458 justum,
2865 3386 2955 3440 cui
2998 3402 3110 3440 nox
3151 3386 3461 3456 praecessit,
3502 3385 3620 3439 dies
3651 3399 3829 3456 appro-

2231 3480 2558 3552 pinquavit;
2616 3483 2775 3551 potes
2828 3479 3018 3535 videre
3073 3480 3366 3552 quomodo
3428 3479 3708 3535 exoriente
3751 3475 3833 3530 tibi

2231 3575 2362 3630 Sole
2400 3573 2657 3645 justitiae,
2701 3574 2770 3628 de
2813 3575 2938 3628 luce
2982 3572 3223 3645 vigilans
3261 3573 3574 3629 interﬁcias
3611 3571 3834 3626 fomenta

2233 3667 2427 3722 omnia
2453 3666 2812 3722 delictorum.
2843 3667 3066 3722 Utinam
3098 3667 3245 3721 mihi
3271 3667 3486 3738 aspiret
3514 3667 3633 3721 haec
3663 3662 3832 3736 gratia,

2233 3765 2298 3816 ut
2337 3760 2529 3831 gladio
2560 3759 2817 3831 spiritali,
2847 3760 2943 3831 qui
2977 3766 3062 3816 est
3096 3760 3333 3814 verbum
3374 3760 3490 3830 Dei,
3521 3761 3589 3814 ab
3616 3755 3835 3813 Ecclesia

2235 3853 2458 3908 Domini
2485 3853 2771 3908 incentiva
2799 3853 3059 3909 universa
3087 3853 3299 3924 possim
3332 3853 3558 3908 abolere
3583 3851 3833 3911 vitiorum,

2235 3951 2548 4003 etterrena
2575 3947 2797 4002 auferre
2825 3947 3051 4014 delicta,
3081 3947 3282 4019 quibus
3314 3947 3374 4001 in
3411 3947 3629 4002 foveam
3659 3958 3832 4015 quam-

2236 4041 2368 4096 dam
2397 4041 2597 4096 lubrici
2624 4041 3046 4113 praacipitamur
3074 4041 3303 4108 erroris,
3338 4044 3402 4095 ut
3426 4041 3495 4096 de
3521 4039 3731 4095 civitate
3755 4033 3834 4089 Dei

2237 4135 2554 4207 expellatur
2589 4134 2901 4206 iniquitatis
2930 4139 3210 4206 operator.
3243 4134 3456 4189 Civitas
3487 4134 3587 4188 Dei
3626 4128 3834 4186 Ecclesia

2237 4233 2352 4298 est;
2387 4228 2634 4284 Ecclesia
2672 4245 2877 4299 corpus
2910 4234 2995 4283 est
3032 4227 3260 4284 Christi.
3301 4229 3502 4283 Peccat
3541 4228 3599 4281 in
3638 4223 3832 4282 caalum,

2237 4322 2332 4394 qui
2359 4322 2598 4378 emlestis
2625 4320 2862 4376 civitatis
2885 4322 3014 4392 jura
3043 4320 3414 4389 contaminat,
3437 4326 3495 4376 et
3519 4313 3835 4375 immaculati

503 4413 779 4485 dignitas;
819 4413 933 4468 sive
968 4419 1189 4484 potens,
1222 4414 1374 4482 nihil
1407 4414 1683 4485 potentia.
1718 4415 1825 4470 Sed
1857 4414 2010 4469 aliud
2051 4412 2212 4485 estD
2234 4416 2491 4487 corporis
2517 4415 2692 4469 violat
2716 4414 3072 4469 sanctitatem
3103 4431 3337 4471 suorum
3367 4413 3680 4469 colluvione
3707 4407 3836 4462 vitio-

500 4507 992 4580 praevaricatorem
1023 4524 1143 4562 esse
1171 4494 1557 4563 discedentem
1589 4525 1621 4561 a
1639 4506 2136 4578 justiﬁcationibus

501 4599 631 4665 Dei;
655 4599 808 4655 aliud
837 4600 1326 4670 przevaricatorem
1355 4618 1475 4656 esse
1503 4605 1689 4656 terrm.
1715 4600 1856 4656 Illud
1885 4601 2132 4672 gravius,

503 4695 610 4749 hoc
641 4693 834 4749 levius.

574 4791 660 4842 33.
693 4788 868 4857 (Vers.
906 4789 1048 4858 119.)
1084 4788 1326 4859 Ideoque
1371 4787 1626 4860 subjecta
1669 4805 1740 4844 ne
1784 4795 1839 4844 te
1881 4790 2133 4854 turbent,

502 4882 627 4937 vide
668 4881 800 4951 (52),
844 4898 980 4936 nam
1027 4881 1263 4952 subjecit
1308 4883 1395 4936 his
1441 4905 1450 4934 :
1494 4886 1945 4938 Praevaricatores
1989 4886 2133 4938 asti-

500 4978 647 5031 φηαυὶ
689 4991 868 5031 omnes
901 4981 1200 5046 peccatores
1240 4981 1425 5041 terrae;
1462 4983 1748 5046 propterea
1777 4978 1948 5032 dilexi
1983 4979 2134 5032 testi-

500 5072 684 5124 monia
715 5074 807 5125 tua
846 5086 1072 5139 semper.
1116 5071 1284 5125 Recte
1329 5070 1731 5140 praevaricator
1771 5071 1994 5137 dicitur,
2039 5071 2136 5141 qui

500 5163 736 5218 discedit
782 5180 814 5218 a
867 5163 1123 5218 Domino.
1174 5163 1425 5234 Denique
1473 5164 1664 5217 Grmce
1714 5181 1747 5218 a
1794 5164 2135 5219 discedendo

502 5260 758 5326 apostata
809 5259 1164 5312 nominatur.
1219 5257 1377 5311 Unde
1432 5259 1488 5310 et
1541 5256 1636 5310 ille
1683 5274 1694 5309 :
1750 5279 1776 5305 ‹‹
1828 5257 2032 5311 Vinum
2080 5261 2137 5312 et

566 5380 658 5441 (5t)
692 5379 850 5429 Rom.
887 5380 1020 5431 edit.
1051 5379 1188 5438 sola,
1222 5381 1366 5429 Recte
1393 5382 1567 5428 autem
1595 5378 1673 5428 ait
1703 5394 1719 5426 :
1745 5379 1999 5442 Sprevisti
2023 5393 2134 5429 om-

503 5463 588 5500 nes
615 5451 708 5513 qui
732 5449 1007 5501 discedunt
1046 5466 1079 5502 a
1110 5449 1576 5515 justiﬁcationibus
1608 5449 1750 5512 suis;
1777 5448 1859 5498 vel
1892 5455 1947 5498 ut
1989 5449 2089 5498 alii
2117 5465 2134 5497 .-

500 5520 579 5570 Ad
604 5521 848 5581 nihilum,
877 5527 979 5573 etc.

563 5591 656 5653 (52)
699 5591 908 5642 Eadem
953 5593 1082 5643 edit.
1124 5593 1302 5655 Rom.,
1333 5591 1616 5656 superiora
1658 5605 1718 5641 ne
1761 5590 1986 5652 turbent,
2021 5591 2136 5641 vide

499 5661 646 5725 quid,
695 5667 803 5711 etc.
857 5663 976 5712 Vet.
1025 5669 1233 5722 autem,
1283 5677 1348 5716 ac
1392 5678 1526 5714 mss.
1586 5669 1648 5713 ut
1695 5664 1750 5712 in
1800 5666 1980 5724 textu,
2029 5663 2135 5712 nisi

497 5733 648 5804 quod
677 5733 732 5790 in
761 5732 890 5784 edit.
925 5737 978 5787 et
1003 5735 1214 5808 aliquot
1254 5749 1386 5792 mss.
1437 5740 1502 5807 te,
1541 5735 1835 5797 omittitur,
1872 5747 1976 5788 nec
2019 5747 2131 5790 non

2238 4526 2387 4564 rum.

2306 4605 2392 4657 36.
2424 4604 2491 4657 Et
2520 4603 2645 4657 vide
2672 4618 2742 4657 ne
2769 4602 2915 4657 forte
2946 4602 3060 4656 sint
3091 4601 3185 4673 qui
3218 4600 3338 4656 caeli
3377 4606 3434 4656 et
3471 4605 3633 4656 terrm
3667 4611 3836 4670 pecca-

2241 4699 2385 4751 tores
2415 4697 2546 4751 sint.
2576 4697 2715 4751 Nam
2744 4695 2940 4768 utique
2965 4695 3148 4751 Adam
3175 4711 3304 4750 cum
3333 4695 3392 4749 in
3420 4693 3672 4766 paradiso
3697 4691 3837 4749 esset,

2236 4789 2476 4844 caelestis
2505 4792 2654 4857 erat;
2678 4792 2804 4860 post
2823 4789 3046 4860 lapsum
3068 4791 3259 4843 autem
3282 4792 3543 4844 terrenus
3565 4790 3645 4841 est
3663 4784 3836 4840 factus.

2238 4886 2295 4937 et
2320 4883 2389 4938 de
2419 4881 2678 4954 paradiso
2708 4883 2974 4953 expulsus
3001 4885 3085 4936 est
3112 4885 3170 4936 et
3196 4882 3432 4952 ejectus.
3458 4880 3617 4935 Unde
3645 4882 3697 4932 et
3718 4878 3837 4945 Apo-

2237 4977 2407 5030 stolus
2427 4977 2530 5031 ait:
2556 4976 2821 5030 «Primus
2842 4976 3016 5030 homo
3035 4974 3101 5030 de
3124 4979 3272 5030 terra
3293 4980 3570 5040 terrenus,
3588 4966 3836 5027 secundus

2237 5071 2408 5125 homo
2445 5069 2512 5125 de
2549 5069 2686 5124 caelo
2728 5069 2967 5124 caelestis
2991 5071 3035 5141 (Ι
3068 5071 3211 5133 σωκ,
3243 5085 3331 5135 xv,
3362 5068 3473 5138 47).
3511 5088 3536 5117 ››
3563 5063 3838 5136 Abjiciatur

2237 5179 2372 5234 ergo
2393 5179 2426 5217 a
2447 5163 2611 5217 nobis
2635 5163 2830 5234 imago
2852 5162 3088 5232 terreni,
3112 5161 3449 5232 suscipiatur
3467 5160 3652 5230 imago
3675 5154 3837 5211 caeles-

2235 5256 2325 5321 tis,
2357 5272 2472 5311 non
2499 5257 2628 5311 fuco
2659 5271 2942 5327 expressa,
2973 5272 3086 5310 non
3117 5255 3278 5322 ceris,
3311 5271 3428 5309 non
3458 5250 3725 5308 coloribus
3749 5243 3831 5299 ad-

2238 5378 2389 5442 quid,
2414 5392 2511 5442 pro
2534 5391 2678 5438 nam,
2709 5378 3022 5429 exhibetur.
3776 5435 3804 5442 ι,

2299 5436 2570 5511 (33)Ἑᾶίῑ.
2599 5436 2810 5511 omnes,
2843 5449 2943 5500 Sed
2978 5449 3088 5500 sive
3127 5449 3244 5510 hoc,
3278 5462 3385 5500 ειυο
3421 5445 3553 5497 illud
3587 5444 3668 5501 sit,
3706 5453 3730 5489 ο
3757 5436 3832 5512 di-

2233 5534 2384 5572 vorso
2406 5535 2572 5572 unum
2599 5521 2958 5584 signiﬁcamus
2977 5525 3316 5584 peccatorem,
3338 5519 3563 5569 alterum
3599 5518 3832 5584 prerat!-

2235 5597 2484 5652 catorem,
2528 5575 2678 5655 quid,
2722 5575 2826 5642 etc.
2870 5575 3081 5643 Ver-um
3123 5575 3312 5656 quam'
3339 5575 3673 5640 resecuim'us
3707 5575 3831 5631 laci-

2236 5665 2385 5717 niam
2412 5677 2476 5715 ea
2510 5664 2565 5716 in
2592 5663 2852 5717 omnibus
2881 5676 3010 5716 mss.
3039 5662 3440 5716 desiderantur.
