3930 6168
197 255 299 307 1497
1256 239 1610 296 EXPOSITIO
1651 239 1716 295 lN

1916 239 2070 296 .MUM
2109 242 2329 298 CXVIII.
3334 246 3468 301 1498

189 373 404 438 umbrata,
432 369 524 423 sed
548 366 818 434 moribus,
851 366 908 420 in
939 381 1052 440 qua
1075 365 1326 421 Christus
1354 381 1415 419 se
1440 367 1734 436 agnoscat.
1760 377 1816 448 Α
1836 365 2083 419 charitas
2109 366 2208 421 Dei
2234 366 2471 422 verbum
2509 371 2611 435 est,
2641 367 2794 437 quod
2823 372 2908 422 est
2946 367 3213 437 validum,
3246 375 3302 424 et
3332 385 3466 424 acu-

234 471 300 520 37.
359 464 512 529 (Vers.
579 460 722 530 l20.)
781 463 992 530 Conﬁge
1055 461 1224 514 clavis
1283 475 1316 512 a
1387 459 1574 512 timore
1645 464 1734 511 tuo
1839 459 1950 513 tius
1982 459 2140 515 omni
2183 460 2366 531 gladio
2406 459 2750 526 acutissimo,
2789 476 2963 531 usque
3009 461 3080 514 ad
3128 461 3467 521 divisionem

182 573 323 614 carnes
369 570 519 616 meas,
568 571 599 607 α
633 553 865 623 judiciis
917 555 1060 607 enim
1113 554 1218 607 tuis
1275 553 1449 606 timui.
1497 551 1603 615 Qui
1647 551 1733 605 di—
1835 553 2069 624 quidem
2123 554 2352 620 animae,
2407 570 2471 607 ac
2524 553 2779 624 spiritus,
2825 557 3119 624 artusque,
3170 557 3227 608 et
3267 554 3469 610 intima

182 651 274 721 ligit
299 648 492 704 Domini
520 646 863 715 testimonia,
892 645 1131 717 conﬁgit
1155 644 1322 699 clavis
1348 661 1548 700 carnes
1587 661 1735 711 suas,
1837 652 2147 717 penetrans
2183 647 2584 702 medullarum.
2629 650 2722 703 Est
2760 646 2938 701 durus
2969 663 3112 718 ergo
3156 649 3306 702 zelus
3329 649 3467 703 cha-

181 747 316 800 sciens
339 741 456 812 quia
495 745 647 794 vetus
687 739 860 794 homo
901 755 1035 793 suus
1069 755 1200 793 cum
1239 738 1460 793 Christo
1489 738 1737 793 conﬁxUS
1838 740 2045 806 ritatis,
2099 741 2199 811 qui
2251 757 2365 795 non
2409 741 2576 796 cedat
2619 741 2836 808 inferis,
2878 757 3008 794 cum
3055 756 3156 811 pro
3211 741 3306 794 Dei
3355 742 3470 796 zelo

178 837 292 892 cruci
314 833 574 889 luxuriam
610 833 861 888 destruat
897 832 1109 900 carnis;
1139 848 1212 887 ne
1249 831 1590 904 cupiditates
1617 831 1738 902 ejus
1778 872 1786 881 .
1840 834 2225 905 unusquisque
2275 850 2376 888 nec
2415 834 2530 888 suis
2575 839 2781 904 parcat.
2822 833 2911 888 His
2961 833 3132 888 clavis
3175 834 3472 890 charitatis

175 928 395 985 indomito
426 928 640 982 fervore
683 925 994 992 lasciviant,
1035 942 1106 980 ne
1145 925 1301 980 radix
1341 924 1590 980 avaritia:
1622 940 1735 979 ser-
1838 926 2156 998 conﬁgatur
2193 926 2379 982 anima
2423 931 2616 982 nostra
2655 932 2710 982 et
2748 943 2879 982 caro
2921 930 3133 993 nostra,
3178 933 3239 981 ut
3267 930 3325 981 et
3349 927 3473 997 ipsa

173 1022 386 1095 pentibus
433 1037 488 1074 se
538 1020 740 1074 fundat
792 1019 1077 1074 radicibus
1123 1021 1256 1089 (54).
1317 1018 1550 1089 Conﬁge
1602 1034 1739 1089 ergo
1841 1019 2030 1074 dicat:
2066 1041 2092 1068 ‹‹
2124 1019 2262 1087 Quia
2305 1020 2600 1075 vulnerata
2639 1020 2914 1075 charitate
2951 1036 3060 1092 ego
3103 1036 3228 1074 sum
3269 1020 3470 1090 (Cant.,

171 1115 319 1182 clavis,
367 1119 420 1168 et
469 1113 691 1168 destrue
742 1113 998 1168 fomenta
1053 1112 1298 1184 peccati,
1357 1111 1632 1166 moriatur
1679 1111 1738 1166 in
1841 1129 1900 1181 ιι,
1929 1116 2002 1181 5).
2040 1133 2066 1161 ››
2112 1113 2290 1168 Habet
2333 1130 2472 1184 ergo
2512 1113 2730 1168 clavum
2773 1130 2941 1168 suum
2984 1113 3256 1179 charitas;
3299 1112 3474 1168 habet

169 1225 299 1265 carne
336 1211 426 1262 tua
468 1206 649 1262 omnis
695 1205 960 1260 illecebra
1004 1205 1367 1274 delictorum,
1413 1204 1738 1260 libertatem
1841 1206 2099 1278 gladium
2127 1223 2314 1273 suum,
2336 1223 2448 1279 quo
2475 1207 2664 1261 anima
2690 1208 3041 1262 vulneratur.
3065 1206 3220 1260 Felix
3237 1207 3336 1278 qui
3362 1206 3472 1261 hoc

168 1301 362 1373 vagandi
389 1300 657 1371 cupiditas
689 1301 1034 1370 voluptatem
1078 1300 1229 1354 cruci
1275 1298 1439 1354 afﬁxa
1477 1315 1595 1354 non
1637 1299 1738 1353 ha-
1842 1299 2028 1370 gladio
2062 1300 2335 1356 meruerit
2373 1300 2683 1355 vulnerari.
2729 1300 2855 1354 Haec
2896 1305 3026 1354 sunt
3069 1301 3304 1354 vulnera
3341 1317 3472 1370 quae

167 1396 281 1450 beat.
330 1395 415 1448 Est
461 1393 696 1464 quidam
744 1393 930 1447 clavus
984 1392 1282 1464 spiritalis,
1337 1393 1435 1463 qui
1485 1391 1741 1462 patibulo
1841 1393 2043 1448 osculis
2102 1394 2486 1465 prteferuntur
2540 1411 2552 1446 :
2615 1413 2642 1444 α
2692 1393 2926 1448 Utiliora
2979 1393 3215 1448 vulnera
3265 1394 3469 1457 amici,

166 1489 308 1543 crucis
333 1487 632 1542 Dominicse
660 1485 858 1557 afﬁgat
885 1486 986 1541 has
1014 1502 1236 1541 carnes.
1265 1487 1332 1540 Et
1359 1487 1599 1540 fortasse
1630 1487 1744 1540 sint
1841 1504 2010 1559 quam
2055 1487 2374 1542 voluntaria
2415 1487 2603 1542 oscula
2642 1485 2858 1541 inimici
2897 1488 3100 1558 (Provu
3141 1503 3307 1555 xxvn,
3337 1489 3409 1556 6).
3443 1509 3468 1535 ι)

167 1598 322 1637 carnes
337 1581 592 1653 quaedam
617 1579 824 1635 animae
852 1579 996 1634 sicut
1023 1596 1225 1650 corpus
1250 1585 1334 1634 est
1359 1580 1586 1634 animae.
1616 1582 1742 1636 Car-
1912 1582 2000 1635 40.
2056 1581 2148 1634 His
2193 1596 2296 1635 nos
2341 1579 2665 1635 vulneribus
2711 1579 3036 1648 offeramus,
3082 1579 3291 1651 quibus
3342 1581 3467 1650 qui-

169 1693 244 1731 nes
272 1675 456 1730 animae
484 1679 619 1729 sunt
651 1673 904 1728 carnales
945 1673 1329 1743 cogitationes.
1363 1672 1617 1744 Couﬁgat
1641 1673 1792 1745 has,
1843 1690 2065 1745 cunque
2109 1680 2371 1728 mortuus
2395 1673 2587 1739 fuerit,
2631 1680 2871 1729 mortem
2906 1677 3134 1743 gustare
3161 1689 3274 1728 non
3303 1676 3466 1744 pote-

168 1786 320 1823 carnes
355 1769 522 1823 timor
557 1767 782 1823 Domini
819 1770 878 1821 et
907 1766 1255 1838 judiciorum
1296 1766 1440 1837 ejus,
1467 1769 1526 1820 et
1567 1767 1738 1820 servi-
1763 1744 1818 1816 Β
1845 1767 1935 1822 rit.
1978 1766 2123 1821 Talis
2152 1767 2304 1822 enim
2335 1783 2539 1822 eorum
2571 1783 2746 1833 mors,
2791 1767 2890 1838 qui
2926 1766 3234 1821 Dominum
3278 1783 3470 1839 seque-

169 1861 247 1915 tuti
281 1860 504 1932 redigat.
553 1859 712 1925 Quod
754 1860 799 1914 si
843 1876 1045 1915 carnes
1089 1858 1209 1914 istae
1254 1859 1521 1930 rejiciunt
1561 1859 1741 1913 clavos
1844 1861 2055 1915 bantur
2087 1860 2214 1928 (55),
2263 1860 2335 1915 de
2380 1860 2584 1932 quibus
2630 1859 2847 1914 dictum
2892 1863 2976 1914 est
3009 1877 3022 1914 :
3060 1883 3086 1909 «
3114 1860 3257 1916 Sunt
3296 1860 3474 1932 aliqui

168 1954 299 2007 divini
329 1954 564 2022 timoris,
604 1953 760 2008 haud
800 1953 968 2008 dubie
1010 1952 1217 2008 dicitur
1246 1969 1258 2007 :
1291 1973 1318 2001 «
1347 1953 1466 2006 Non
1511 1968 1737 2022 perma-
1845 1955 1916 2008 de
1942 1953 2062 2009 istis
2099 1953 2411 2008 astantibus
2437 1953 2534 2025 qui
2566 1970 2680 2008 non
2719 1953 3032 2024 gustabunt
3074 1959 3336 2020 mortem,
3369 1953 3472 2008 do—

167 2047 281 2102 nebit
302 2047 518 2120 spiritus
545 2063 711 2102 meus
738 2047 795 2101 in
822 2047 910 2101 his
937 2046 1291 2114 hominibus,
1324 2045 1596 2117 quoniam
1627 2061 1742 2100 car-
1843 2064 1950 2102 nec
1996 2047 2229 2102 videant
2273 2047 2474 2101 Filium
2522 2047 2772 2102 hominis
2823 2047 3147 2101 venientem
3194 2046 3250 2102 in
3294 2062 3473 2118 regno

165 2156 236 2194 nes
258 2144 372 2196 sunt
394 2141 580 2214 (Gen.,
609 2157 684 2205 vi,
715 2139 790 2206 3).
824 2162 850 2189 η
890 2139 1004 2195 Nisi
1041 2138 1216 2211 igitur
1250 2139 1564 2210 afﬁgantur
1591 2137 1743 2192 cruci
1843 2157 1945 2195 suo
1977 2143 2215 2210 (Mutth.,
2257 2158 2364 2209 xv1,
2405 2141 2516 2211 28).
2547 2164 2575 2191 ››
2608 2141 2801 2196 Merito
2844 2143 3042 2196 Petrus
3079 2157 3193 2194 non
3236 2140 3478 2195 timebat

168 2234 228 2288 ha:
248 2251 443 2302 carnes,
476 2238 537 2288 et
570 2231 829 2306 1169
860 2233 1224 2304 conﬁgantur
1258 2233 1430 2287 clavis
1470 2249 1501 2285 a
1540 2232 1743 2286 timore
1843 2234 1992 2288 hanc
2017 2239 2293 2303 mortem;
2326 2251 2440 2288 non
2471 2234 2710 2288 timebat
2737 2235 2892 2288 enim
2938 2235 3037 2305 qui
3064 2232 3308 2299 dicebat,
3341 2234 3478 2304 quia

168 2328 238 2382 Dei
257 2328 430 2396 nostri,
464 2344 589 2383 non
615 2327 974 2398 permanebit
1008 2327 1069 2380 in
1101 2327 1190 2381 his
1216 2327 1450 2397 spiritus
1479 2326 1595 2381 Dei.
1844 2328 1946 2382 etsi
1995 2330 2290 2398 oporteret
2342 2344 2472 2381 eum
2527 2343 2632 2398 pro
2683 2327 2905 2383 Christo
2960 2327 3130 2395 mori,
3175 2343 3294 2382 non
3342 2343 3474 2380 eum

215 2424 280 2477 38.
304 2422 445 2478 Sicut
481 2426 621 2476 sunt
658 2420 834 2475 aculei
872 2420 1116 2489 timoris,
1155 2419 1361 2492 quibus
1407 2419 1740 2490 compungi-
1844 2420 2194 2492 relinqueret
2231 2425 2331 2474 aut
2365 2425 2602 2492 negaret
2642 2421 2826 2492 (Ibid.,
2867 2423 2977 2489 35).
3019 2420 3310 2475 Tollamus
3338 2436 3476 2490 ergo

173 2531 281 2581 mur,
322 2515 394 2570 ita
444 2521 585 2570 sunt
639 2514 779 2570 clavi
832 2513 1067 2580 timoris,
1127 2514 1334 2586 quibus
1382 2513 1740 2584 conﬁgimur.
1845 2531 2074 2570 crucem
2105 2515 2347 2581 Domini,
2375 2532 2504 2586 qua:
2545 2514 2791 2586 conﬁgat
2830 2530 3024 2569 carnes
3065 2517 3304 2582 nostras,
3345 2529 3473 2584 pec-

174 2607 238 2670 Qui
272 2609 688 2681 compungitur,
731 2607 1045 2679 excitatur;
1079 2608 1174 2680 qui
1221 2606 1550 2678 conﬁgitur,
1599 2622 1745 2660 mor-
1845 2614 2034 2663 catum
2084 2608 2360 2664 destruat.
2409 2611 2506 2664 Est
2553 2607 2723 2663 timor
2771 2608 2869 2681 qui
2922 2607 3160 2678 conﬁgit
3212 2622 3410 2661 carnes
3460 2623 3472 2660 :

181 2698 368 2770 libratur,
397 2706 460 2757 ut
499 2704 742 2773 peccato
781 2700 1025 2769 deﬁciat,
1057 2702 1165 2756 Deo
1196 2700 1362 2756 vivat.
1397 2701 1466 2755 Ut
1499 2700 1743 2755 sciamus
1849 2724 1875 2752 α
1916 2702 2026 2756 Nisi
2079 2702 2203 2774 quis
2251 2702 2445 2758 tulerit
2497 2719 2727 2758 crucem
2771 2718 2954 2770 suam,
3007 2706 3065 2756 et
3109 2705 3334 2756 secutus
3383 2717 3474 2754 me

185 2796 302 2848 autem
326 2796 508 2850 clavos
555 2794 842 2866 spiritales
881 2810 1022 2862 esse,
1061 2794 1235 2848 etiam
1274 2793 1488 2848 stimuli
1513 2793 1742 2864 spirita-
1845 2796 2038 2863 fuerit,
2083 2812 2192 2850 non
2241 2798 2326 2850 est
2371 2812 2462 2850 me
2512 2795 2718 2867 dignus
2762 2796 3010 2867 (Matth.,
3058 2812 3110 2864 x,
3156 2793 3268 2863 38).
3299 2815 3326 2844 »
3382 2794 3478 2849 Ille

177 2885 226 2937 les
243 2892 349 2942 sunt
381 2889 451 2943 de
490 2887 708 2962 quibus
746 2887 1022 2959 scriptum
1054 2892 1138 2942 est
1170 2905 1182 2941 :
1217 2909 1243 2936 ‹‹
1274 2888 1493 2942 Durum
1532 2885 1633 2940 tibi
1661 2893 1746 2941 est
1847 2889 2002 2945 enim
2041 2890 2248 2961 dignus
2289 2889 2387 2960 qui
2431 2889 2602 2944 habet
2638 2888 2844 2945 Christi
2883 2889 3156 2944 timorem
3193 2892 3256 2942 ut
3295 2887 3476 2942 cruci-

171 2978 375 3036 adversus
414 2981 726 3037 stimulum
768 2981 1054 3036 calcitrare
1098 2981 1270 3052 (Act.,
1319 2998 1395 3050 ιχ,
1443 2981 1517 3052 5).
1563 3003 1590 3029 ››
1637 2981 1747 3035 Hoc
1846 2983 1987 3054 ﬁgat
2017 2981 2275 3055 1170
2297 2983 2522 3038 carnale
2555 2985 2870 3054 peccatum.
2907 2983 3065 3037 Hunc
3095 2981 3358 3036 timorem
3390 2996 3474 3034 se-

171 3072 340 3129 stimulo
388 3076 606 3130 Paulus
649 3075 964 3129 stimulatus
1015 3074 1257 3129 surrexit
1301 3090 1330 3128 e
1375 3077 1543 3143 terra,
1589 3077 1645 3130 et
1690 3090 1747 3128 se
1769 3109 1820 3148 ρ
1850 3077 2044 3148 quitur
2081 3077 2348 3145 charitas,
2387 3092 2516 3147 qua:
2559 3077 2888 3146 consepulta
2931 3092 3062 3130 cum
3103 3072 3322 3132 Christo
3361 3089 3478 3128 non

167 3163 335 3234 levavit,
362 3173 422 3224 ut
458 3171 902 3225 conversaretur
940 3168 1000 3222 in
1029 3168 1190 3223 caelo.
1232 3168 1499 3223 Confixus
1527 3173 1614 3222 est
1642 3167 1751 3222 cla-
1774 3163 1824 3182 υ
1853 3171 2153 3227 divellatur
2179 3188 2212 3225 a
2247 3169 2490 3239 Christo,
2522 3171 2798 3225 moriatur
2834 3170 2895 3224 in
2939 3169 3186 3239 Christo,
3218 3172 3474 3224 attumn-

168 3258 502 3331 visapostolus
547 3262 820 3332 Thomas,
855 3264 915 3316 ut
951 3261 1162 3316 diceret
1199 3281 1210 3315 :
1242 3283 1270 3311 «
1295 3261 1413 3314 Nisi
1457 3261 1647 3316 videro
1689 3261 1749 3315 in
1851 3266 2000 3321 letur
2024 3251 2264 3334 Christo,
2295 3269 2556 3335 resurgat
2585 3281 2714 3319 cum
2741 3263 2992 3320 Christo.

167 3354 378 3410 manibus
403 3357 532 3428 ejus
570 3355 782 3411 ﬁxuras
807 3356 1121 3421 clavorum,
1151 3359 1208 3409 et
1237 3354 1464 3408 mittam
1503 3354 1752 3426 digitum
2236 3359 2460 3414 SERMO
2499 3358 2784 3414 DECIMUS
2820 3358 3091 3414 SEXTUS.

167 3460 309 3502 meum
347 3449 400 3503 in
437 3450 640 3505 locum
687 3448 977 3503 clavorum
1020 3447 1226 3520 (Joan.,
1267 3463 1356 3515 xx,
1396 3449 1505 3517 25).
1540 3469 1567 3496 n
1601 3448 1752 3504 Clavi
2558 3455 2597 3507 ν
2641 3440 2786 3500 Ain.

165 3545 285 3594 erant
319 3541 478 3598 bonae
520 3541 892 3612 cupiditatis;
929 3541 1068 3596 elavi
1108 3546 1294 3610 erant,
1324 3541 1429 3595 etsi
1461 3558 1577 3596 non
1617 3557 1748 3611 per-
1928 3547 1976 3597 l.
2009 3543 2212 3614 Incipit
2251 3541 2446 3597 littera
2485 3542 2712 3598 decima
2750 3547 2908 3598 sexta
2943 3542 3080 3603 Ain,
3111 3540 3269 3612 cujus
3305 3541 3482 3596 inter-

163 3630 284 3687 fect'e
304 3635 450 3705 ﬁdei,
481 3642 684 3691 tamen
709 3635 846 3690 ﬁdei
869 3635 1224 3691 incrementa
1252 3635 1585 3706 quaerentis.
1852 3636 2095 3708 pretatio
2148 3639 2251 3704 est,
2300 3635 2519 3700 Oculus,
2566 3636 2678 3691 sive
2723 3638 2868 3703 fons.
2912 3634 3119 3690 Oculus
3167 3635 3346 3689 utitur
3402 3634 3481 3686 vi-

213 3727 282 3780 39.
312 3729 400 3782 His
439 3729 759 3800 conﬁgitur
803 3729 994 3797 clavis,
1039 3729 1135 3800 qui
1177 3729 1403 3784 Christo
1447 3729 1750 3784 commori-
1853 3730 2022 3785 dendi
2080 3746 2316 3784 munere
2368 3729 2502 3799 (56),
2556 3728 2654 3783 sed
2722 3745 2868 3799 serpe
2919 3728 3183 3783 videmus
3245 3744 3307 3782 ea
3359 3743 3486 3798 qum

164 3822 245 3885 tur,
268 3826 321 3874 ut
350 3839 477 3878 cum
519 3821 750 3878 Christo
787 3826 1068 3894 resurgat.
1099 3822 1193 3876 His
1232 3821 1538 3894 configitur
1565 3823 1752 3890 clavis,
1853 3824 2226 3896 complacent,
2285 3828 2340 3877 ct
2385 3837 2536 3893 saepe
2582 3838 2712 3892 quas
2759 3821 3089 3892 displicent;
3141 3836 3246 3874 nec
3298 3819 3356 3874 in
3415 3835 3484 3874 eo

161 3913 233 3981 qui
272 3916 765 3970 mortiﬁcationem
812 3916 1033 3971 Domini
1090 3917 1217 3971 Jesu
1266 3916 1324 3969 in
1374 3931 1610 3988 corpore
1653 3932 1755 3971 suo
1857 3919 2004 3973 oculi
2030 3923 2114 3974 est
2143 3918 2229 3972 vel
2257 3918 2416 3988 culpa
2445 3916 2532 3970 vel
2568 3915 2819 3986 probitas
2851 3931 2954 3986 pro
2985 3929 3182 3968 eorum
3208 3911 3483 3984 qualitate

163 4012 327 4072 portat.
368 4010 462 4064 His
505 4009 687 4064 clavis
731 4009 1054 4080 configitur,
1099 4009 1198 4080 qui
1242 4013 1492 4065 meretur
1536 4009 1752 4077 audire,
1858 4028 1986 4082 quas
2013 4011 2243 4079 viderit;
2275 4009 2422 4065 oculi
2451 4012 2538 4064 est
2563 4009 2718 4064 enim
2754 4008 3005 4064 ofﬁcium
3042 4005 3303 4062 nuntiare
3331 4005 3484 4077 quod

163 4097 343 4156 dicente
384 4105 514 4158 Jesu
567 4121 581 4156 :
640 4124 667 4151 ‹‹
710 4103 859 4157 Pone
906 4118 997 4157 me
1047 4106 1111 4156 ut
1159 4103 1516 4174 signaculum
1560 4102 1617 4156 in
1662 4119 1757 4156 cor
1857 4104 2060 4160 viderit
2092 4122 2104 4159 :
2136 4105 2230 4159 Est
2270 4121 2406 4159 sane
2438 4105 2522 4161 vel
2565 4105 2785 4159 offensa
2821 4103 2908 4158 vel
2939 4101 3137 4174 gratia,
3170 4102 3216 4156 si
3254 4103 3352 4154 aut
3381 4100 3482 4154 de-

164 4195 308 4262 tuum,
339 4203 394 4250 ut
439 4195 700 4269 sigillum
741 4195 800 4250 in
844 4195 1144 4250 brachium
1187 4201 1370 4264 tuum,
1402 4196 1536 4268 quia
1573 4196 1757 4250 valida
1857 4200 2095 4254 lectetur
2147 4197 2434 4266 suavibus,
2497 4205 2595 4254 aut
2651 4197 2976 4254 offendatur
3031 4196 3302 4252 adversis.
3356 4196 3487 4251 Ideo

162 4290 223 4338 est
248 4291 300 4342 ut
321 4305 467 4345 mors
496 4289 768 4356 charitas,
805 4289 960 4344 dirus
986 4289 1133 4344 sicut
1171 4288 1338 4344 inferi
1367 4289 1514 4344 zelus
1549 4290 1753 4359 (Cant,
1857 4293 2191 4364 frequenter
2214 4292 2408 4347 oculus
2433 4292 2847 4364 suppliciorum
2881 4290 3108 4357 dicitur,
3139 4291 3338 4345 oculus
3363 4294 3484 4344 ten-

165 4393 254 4447 vm,
280 4382 347 4450 6).
376 4406 402 4432 ››
439 4381 628 4454 Inﬂge
665 4398 803 4453 ergo
839 4382 1054 4452 pectori
1096 4385 1194 4436 tuo
1237 4385 1296 4436 et
1336 4381 1492 4438 cordi
1526 4385 1620 4436 tuo
1651 4382 1758 4436 hoc
1859 4385 2112 4453 tationis,
2147 4386 2346 4441 oculus
2384 4386 2554 4456 haedi,
2601 4387 2795 4441 oculus
2830 4385 3043 4451 vitula,
3085 4385 3281 4438 oculus
3312 4398 3485 4454 gene-

165 4469 484 4542 signaculum
546 4475 815 4543 cruciﬁxi,
867 4475 1043 4546 inﬁge
1111 4483 1166 4530 et
1224 4475 1454 4531 brachio
1519 4479 1639 4543 tuo,
1699 4469 1836 4542 utD
1862 4479 2114 4546 rationis,
2143 4485 2240 4534 aut
2261 4480 2390 4534 fons
2422 4479 2829 4550 generationis.

165 4581 303 4634 Opera
326 4575 416 4623 tua
455 4572 694 4642 peccato
736 4576 962 4624 mortua
993 4569 1126 4624 sint.
1169 4569 1315 4624 Nihil
1346 4569 1402 4623 in
1452 4569 1536 4624 his
1565 4569 1757 4624 crimi-
1929 4578 1983 4630 2.
2012 4574 2280 4645 Legimus
2311 4573 2368 4628 in
2399 4572 2710 4643 Evangelio
2737 4571 2874 4643 quia
2901 4569 3223 4644 baptizabat
3245 4572 3489 4626 Joannes

167 4657 230 4712 uis
252 4662 559 4734 reviviscat,
587 4663 735 4718 nihil
771 4663 977 4719 erroris
1016 4668 1293 4734 resurgat.
1332 4663 1588 4718 Fortasse
1613 4664 1760 4718 hanc
1865 4669 1920 4722 in
1951 4669 2153 4722 Ennon
2181 4670 2384 4738 (10am,
2416 4683 2493 4733 ιιι,
2522 4667 2634 4736 23).
2667 4667 2869 4721 Ennon
2910 4665 3140 4720 oculum
3179 4665 3487 4737 SUpplicio-

167 4751 446 4825 imaginem
472 4758 620 4811 clavi
651 4773 767 4812 non
803 4756 990 4812 solum
1026 4756 1269 4825 timoris,
1298 4757 1398 4812 sed
1426 4757 1598 4812 etiam
1626 4759 1756 4812 cha-
1864 4778 1989 4816 rum
2021 4761 2376 4832 interpretati
2416 4763 2568 4814 sunt.
2607 4761 2798 4832 Itaque
2839 4776 3012 4815 nemo
3054 4759 3210 4814 venit
3251 4759 3325 4814 ad
3351 4759 3486 4828 bap-

169 4844 288 4917 n'tas,
311 4849 484 4906 durus
513 4851 659 4905 sicut
689 4849 856 4905 inferi
898 4851 1063 4905 zelus.
1094 4851 1217 4905 Non
1255 4855 1308 4906 te
1337 4867 1474 4922 ergo
1512 4851 1762 4906 offendat
1862 4855 2133 4920 tismum,
2183 4854 2289 4908 nisi
2345 4855 2442 4925 qui
2497 4853 2776 4909 desiderat
2830 4854 2935 4908 sibi
2981 4852 3213 4924 propria
3266 4854 3490 4922 peccata

168 4937 338 4996 duritia
374 4945 687 5011 clavorum,
735 4944 872 5016 quia
910 4949 995 4998 est
1040 4943 1251 4998 duritia
1297 4944 1614 5011 charitatis,
1655 4961 1760 5000 nec
1862 4948 2094 5016 dimitti,
2143 4963 2387 5018 quorum
2435 4947 2716 5019 supplicia
2755 4947 2926 5003 corde
2980 4945 3215 5019 provido
3262 4945 3493 5015 perhor-

168 5031 348 5090 validus
369 5038 661 5092 clavorum
699 5037 872 5109 rigor,
905 5037 1038 5108 quia
1078 5037 1264 5092 valida
1301 5041 1389 5094 est
1424 5038 1596 5092 etiam
1621 5037 1757 5094 cha-
1864 5047 2061 5095 rescat.
2121 5042 2317 5112 Itaque
2369 5040 2498 5096 licet
2550 5041 2744 5096 oculus
2792 5039 3194 5112 suppliciorum
3249 5038 3490 5097 dicatur.

171 5123 275 5180 ritas
310 5131 450 5184 sicut
494 5147 670 5186 mors.
713 5131 966 5188 Charitas
1012 5131 1163 5185 enim
1205 5132 1431 5202 culpam
1470 5134 1528 5185 et
1566 5133 1763 5186 omnia
1860 5133 2229 5206 praevidentis
2280 5138 2365 5188 est
2405 5137 2597 5188 tamen
2643 5132 2938 5205 supplicia,
2987 5148 3104 5186 non
3144 5130 3490 5196 sustinentis,

173 5226 362 5284 peccata
397 5224 736 5294 mortiﬁcat;
779 5223 1022 5279 charitas
1061 5225 1205 5280 sicut
1250 5225 1452 5279 mortis
1493 5224 1636 5280 ictus
1678 5225 1761 5280 in-
1861 5227 1990 5282 licet
2015 5227 2364 5298 baptismum
2395 5227 2739 5298 paenitentiae
2765 5225 2970 5282 habeat
2997 5225 3248 5296 aliquam
3271 5224 3340 5279 de
3367 5239 3497 5294 sup-

174 5312 373 5371 terimit.
404 5319 662 5390 Denique
695 5318 972 5372 morimur
1016 5317 1246 5389 ﬂagitiis
1288 5324 1461 5389 atque
1500 5326 1758 5390 peccato,
1861 5321 2160 5390 pliciorum
2192 5322 2553 5392 susceptione
2576 5319 2960 5376 tolerantiam.
2995 5317 3151 5372 Oculi
3184 5322 3286 5383 est,
3317 5322 3377 5370 ut
3405 5317 3492 5371 in-

175 5401 277 5460 dum
307 5410 526 5465 Domini
557 5411 825 5466 mandata
857 5411 1168 5483 diligimus.
1191 5412 1446 5467 Charitas
1474 5417 1560 5466 est
1590 5414 1756 5481 Deus,
1859 5413 2262 5469 tuendiofﬁcio
2279 5415 2580 5486 fungatur;
2601 5420 2764 5468 tuum
2783 5418 2868 5467 est
2884 5427 3081 5466 cavere
3099 5411 3249 5482 quod
3269 5410 3492 5466 videris.

221 5573 298 5638 (54)
325 5575 461 5629 Octo
487 5591 639 5642 mss,
664 5581 979 5643 serpsntinis
1006 5592 1060 5631 se
1079 5579 1273 5643 fundat
1298 5579 1585 5630 radicibus.
1612 5580 1761 5631 Toti-
1861 5586 2019 5632 catur
2045 5583 2186 5632 infra
2218 5583 2275 5632 in
2300 5582 2458 5642 Lue.,
2489 5594 2569 5643 ιχ,
2595 5582 2674 5632 27.

181 5637 273 5716 dem,
298 5647 402 5708 alii,
429 5653 486 5699 θι
510 5637 729 5700 cuna”
749 5637 886 5701 δάίῑο
924 5637 1089 5700 Ποδίέ
1115 5655 1446 5716 οοιιετιιιιιιῑ-
1925 5653 2021 5716 (56)
2047 5652 2142 5704 Sic
2184 5666 2377 5704 omnes
2410 5637 2566 5703 mss:
2589 5651 2795 5704 Contra
2836 5665 2966 5704 vero
3000 5651 3154 5714 edit.,
3191 5651 3350 5704 Oculo
3393 5653 3498 5702 uti-

226 5714 304 5787 t53)
348 5718 543 5769 Petrus
599 5722 844 5782 scilicet,
895 5722 1142 5773 Jacobus
1212 5714 1267 5772 et
1326 5722 1604 5782 Joannes,
1664 5723 1761 5787 qui
1861 5714 2478 5775 mur'vide-ndimumre.

181 5776 343 5838 Christi
370 5776 858 5857 Transﬁguratlon'i
890 5793 1206 5856 interfuere,
1234 5797 1295 5843 ut
1332 5792 1553 5858 plenius
1587 5776 1760 5858 expli-
