3930 6168
458 225 592 284 1499

1924 234 1977 286 S.
2020 231 2342 288 AMBROSII

3644 250 3756 304 1500

521 353 574 404 3.
628 349 879 421 Denique
932 354 989 404 et
1042 353 1236 407 oculus
1287 351 1613 408 tentationis
1655 353 1894 421 dicitur;
1945 354 2079 426 quia
2103 358 2429 438 Aputaret,
2475 355 2839 427 iniquitatem
2892 373 3008 413 non
3050 374 3245 430 passus
3293 376 3369 427 es,
3410 361 3575 418 tulisti
3616 366 3758 423 inde-

447 459 552 514 per
587 443 814 498 oculum
856 460 1008 516 saepe
1052 451 1364 500 tentamur.
1395 446 1601 502 Oculus
1639 448 1956 502 meretricis
1996 448 2076 501 la-

448 553 630 608 queus
658 538 948 592 amatoris.
978 539 1086 594 Sed
1118 539 1312 593 oculus
1336 540 1478 594 nihil
1504 541 1814 612 delinquit;
1841 541 2080 611 ideoque

449 631 742 686 Salvatoris
785 631 1066 687 sententia
1116 632 1286 703 plena
1327 633 1562 704 justitiae
1617 638 1721 702 est,
1774 633 2015 688 dicentis
2062 651 2076 688 :

452 743 479 775 «
519 725 622 788 Qui
666 724 872 779 viderit
911 725 1210 780 mulierem
1255 727 1325 781 ad
1368 727 1890 798 concupiscendum
1929 743 2076 793 eam,

440 819 563 888 jam
591 818 924 873 adulteravit
953 835 1082 873 eam
1117 819 1176 873 in
1207 819 1378 874 corde
1417 836 1518 874 suo
1545 821 1788 892 (Mutth.,
1817 838 1868 889 ν,
1897 822 2006 889 28).
2047 841 2076 869 »

446 913 570 967 Non
603 911 783 966 dixit:
817 912 926 976 Qui
965 912 1170 967 viderit
1205 913 1525 981 mulierem,
1564 915 1659 968 sed
1701 935 1728 960 ‹‹
1759 914 1830 968 ad
1867 929 2074 969 concu-

449 1005 781 1076 piscendum
837 1029 864 1055 ››
921 1006 1145 1061 viderit.
1199 1007 1429 1062 Oculum
1498 1007 1764 1075 absolvit,
1822 1011 2076 1062 mentem

449 1098 668 1169 ligavit.
712 1101 824 1154 Nec
861 1100 1004 1154 dixit
1037 1117 1048 1155 :
1090 1100 1451 1155 Adulteravit
1491 1117 1617 1155 eam
1654 1101 1711 1155 in
1756 1101 1938 1168 oculo,
1977 1101 2075 1156 sed

450 1213 477 1239 «
518 1192 577 1246 in
617 1193 808 1248 corde.
841 1214 869 1243 n
917 1195 976 1248 In
1015 1193 1178 1248 oculo
1223 1193 1378 1248 visus
1417 1197 1520 1260 est,
1566 1195 1624 1249 in
1659 1195 1829 1250 corde
1874 1210 2073 1266 pecca-

451 1292 591 1341 tum.

519 1383 571 1434 4.
621 1382 826 1436 Oculus
872 1380 1020 1436 haedi
1070 1382 1168 1452 qui
1215 1382 1288 1437 ad
1336 1380 1623 1436 sinistram
1669 1387 1767 1448 est,
1808 1382 1960 1452 quod
2007 1399 2076 1437 ea

447 1490 575 1545 qum
607 1474 801 1528 dextra
831 1479 981 1542 sunt,
1010 1481 1273 1546 peccator
1301 1476 1492 1530 videre
1525 1492 1638 1530 non
1673 1476 1868 1547 possit.
1900 1476 2074 1531 Sanc-

447 1573 538 1622 tus
573 1569 768 1622 autem
806 1568 940 1623 dicit
983 1585 996 1622 :
1039 1590 1066 1617 α
1094 1569 1462 1624 Providebam
1496 1569 1799 1624 Dominum
1843 1569 1901 1623 in
1939 1586 2072 1624 con-

441 1667 638 1732 spectu
669 1678 798 1716 meo
829 1657 1078 1734 semper,
1108 1663 1382 1734 quoniam
1416 1680 1449 1717 a
1476 1663 1690 1717 dextris
1710 1668 1793 1717 est
1818 1663 1981 1732 mihi,
2002 1679 2076 1718 ne

2179 448 2357 502 fensaa
2401 465 2589 519 opem,
2621 467 2736 521 quo
2779 451 2971 522 adjuta
3013 453 3294 522 praesidio,
3335 454 3589 510 inoffensa
3612 475 3763 528 opera

2179 541 2454 596 castitatis
2489 544 2758 611 exercuit,
2793 561 2895 599 nec
2930 545 3208 600 auxilium
3243 562 3492 617 quaerere
3537 552 3764 608 maritale

2179 636 2470 706 compulsa
2495 642 2606 706 est;
2643 637 2779 692 dicit
2817 637 2921 692 tibi
2963 639 3236 693 Dominus
3266 655 3278 692 :
3312 642 3512 704 Venite,
3545 643 3766 713 diapute-

2177 744 2296 784 mus
2324 730 2475 800 (Isa.,
2507 747 2542 797 ι,
2575 731 2682 800 l8).
2708 733 2850 796 Quia
2867 732 3131 802 judicasti
3159 732 3409 802 viduam,
3443 735 3627 790 oculus
3657 743 3772 792 tuus

2179 822 2303 876 fons
2340 823 2537 894 gratia:
2583 825 2682 880 tibi
2725 825 2903 879 factus
2942 829 3046 880 est.
3093 825 3289 880 Vidisti
3327 827 3540 881 nudum
3586 845 3773 900 corpus

2177 914 2363 986 inopis
2403 915 2594 986 jacere
2634 917 2908 984 defuncti,
2939 934 3053 972 non
3098 917 3420 988 praeteristi,
3463 925 3522 973 ut
3561 920 3652 974 ille
3692 923 3776 992 qui

2177 1009 2479 1079 exponitur
2516 1009 2575 1063 in
2622 1010 2928 1080 Evangelio
2973 1011 3144 1078 (Luc.,
3177 1027 3230 1078 x,
3272 1014 3358 1079 3t,
3393 1011 3501 1082 32),
3542 1014 3778 1069 sacerdos

2177 1105 2348 1172 atque
2400 1103 2588 1171 levita,
2645 1104 2740 1158 sed
2791 1105 3061 1159 continuo
3112 1105 3442 1174 miseratus,
3499 1107 3780 1176 sepultura:

2176 1195 2390 1250 solatiis
2433 1195 2712 1252 tradidisti
2753 1214 2766 1252 :
2803 1198 3096 1268 generavit
3145 1197 3246 1253 tibi
3272 1199 3465 1254 oculus
3507 1201 3780 1257 materiam

2176 1288 2610 1359 redemptionis.

2246 1386 2298 1437 7.
2329 1384 2537 1438 Contra
2560 1383 2609 1437 si
2633 1383 2909 1455 aspiciens
2939 1401 3143 1456 agrum
3172 1385 3379 1457 pupilli
3406 1386 3587 1442 vineis
3613 1389 3781 1442 consi-

2174 1478 2320 1543 tum,
2367 1476 2561 1530 laetum
2609 1477 2917 1547 segetibus,
2965 1477 3299 1533 nemoribus
3345 1478 3657 1546 umbrosis,
3707 1487 3790 1535 aut

2182 1567 2366 1623 ﬂuviis
2407 1569 2859 1638 decurrentibus,
2901 1575 2998 1624 aut
3042 1572 3298 1626 fontibus
3348 1573 3786 1639 scaturientibus,

2175 1667 2274 1717 aut
2300 1663 2551 1734 riparum
2590 1663 2843 1718 herbosis
2881 1680 3168 1720 amoenum
3214 1666 3421 1733 thoris,
3469 1671 3527 1720 et
3565 1667 3790 1721 avaritiae

443 1771 809 1810 commovear
850 1757 1016 1825 (Psat.
1065 1772 1154 1822 xv,
1196 1756 1271 1826 8).
1304 1779 1331 1806 ››
1375 1758 1444 1810 Et
1492 1759 1656 1811 Petro
1695 1764 1889 1811 sancto
1932 1773 2068 1828 apo-
2096 1738 2151 1810 B
2174 1755 2390 1810 facibus
2419 1771 2686 1811 accensus
2713 1757 3051 1812 transtulisti
3089 1762 3322 1829 patrum
3367 1759 3600 1827 limites,
3635 1764 3788 1830 atque

443 1849 610 1916 stolo,
641 1865 772 1903 cum
808 1852 926 1903 tota
963 1855 1128 1905 nocte
1170 1850 1315 1904 nihil
1343 1849 1603 1921 cepisset,
1636 1853 1698 1904 ut
1740 1850 1989 1922 legimus
2012 1851 2072 1904 in

444 1941 770 2013 Evangelio,
801 1959 834 1996 a
856 1943 1138 1998 Salvatore
1163 1943 1378 1998 dictum
1406 1947 1492 2004 est
1522 1960 1535 1998 :
1571 1964 1598 1993 «
1620 1944 1770 2000 Mitte
1800 1945 1861 1998 in
1889 1943 2074 1999 dexte-

445 2053 564 2090 ram
610 2040 834 2106 partem
883 2036 1090 2107 navigii
1128 2037 1274 2091 retia
1319 2037 1522 2107 (Joan.,
1563 2054 1668 2104 xxx,
1715 2037 1790 2108 6).
1822 2059 1850 2087 »
1877 2039 2070 2109 Itaque

445 2131 620 2184 fretus
642 2129 932 2200 imperatis
953 2130 1291 2198 coelestibus,
1315 2130 1470 2184 misit
1494 2131 1656 2198 retia,
1679 2135 1734 2186 et
1759 2129 2072 2202 plurimum

443 2222 680 2294 piscium
745 2223 1131 2294 congregavit.
1198 2226 1260 2278 In
1322 2223 1551 2278 sinistra
1614 2240 1728 2280 nox
1793 2229 1944 2291 erat;
2011 2225 2072 2280 in

445 2317 674 2372 dextera
715 2316 891 2371 divini
934 2317 1214 2372 sermonis
1255 2317 1530 2373 claritudo
1574 2318 1829 2389 fulgebat
1871 2319 2073 2374 diurna

447 2411 580 2480 (57).

516 2507 567 2558 5.
601 2505 700 2558 Est
737 2507 794 2558 et
831 2503 1024 2558 oculus
1067 2504 1254 2558 vitula:
1288 2521 1300 2558 :
1337 2505 1490 2576 quod
1525 2521 1685 2577 aeque
1715 2506 1786 2560 ad
1814 2507 2068 2576 peccato-

445 2614 534 2652 res
577 2597 841 2665 refertur,
873 2598 1004 2668 quia
1047 2597 1191 2652 sicut
1223 2597 1350 2668 jugi
1387 2598 1506 2653 loro
1545 2599 1733 2654 vitulae
1776 2599 2074 2654 attrahunt

442 2691 788 2761 iniquitates,
838 2707 953 2746 non
995 2691 1383 2762 dirumpentes
1435 2707 1621 2763 neque
1671 2692 2073 2747 abscindentes

443 2785 758 2856 proprium,
814 2785 910 2840 sed
973 2786 1147 2856 longo
1214 2786 1505 2840 trahentes
1563 2786 1697 2840 fune
1750 2789 2070 2857 peccatum.

439 2877 728 2934 Indomita
779 2879 933 2934 enim
984 2879 1156 2934 vitula
1207 2895 1331 2933 sero
1377 2880 1738 2945 mansuescit,
1793 2884 1849 2934 et
1897 2879 2074 2934 trahit

441 2972 581 3038 lora,
627 2988 743 3026 non
783 2971 1033 3042 suscipit,
1075 2972 1212 3042 quia
1255 2972 1556 3042 impatiens
1597 2975 1684 3027 est
1720 2972 1976 3042 tenendi,
2015 2976 2072 3026 et

441 3081 555 3135 quo
585 3064 796 3119 diutius
822 3065 1076 3131 traxerit,
1108 3081 1176 3118 eo
1214 3064 1457 3136 amplius
1484 3065 1818 3135 impeditur.

514 3161 564 3211 6.
604 3159 808 3212 Oculus
843 3173 1068 3228 quoque
1110 3158 1494 3227 generationis
1531 3162 1631 3212 aut
1666 3158 1796 3212 fons
1831 3174 2070 3227 genera-

441 3249 614 3304 tionis
668 3250 896 3315 dicitur,
951 3250 1084 3320 quia
1131 3266 1197 3305 ex
1267 3252 1564 3306 oculorum
1614 3255 1919 3322 conspectu
1975 3255 2074 3305 aut

440 3344 613 3410 bona,
648 3348 747 3398 aut
769 3342 1003 3398 adversa
1032 3350 1405 3415 generantur.
1437 3343 1633 3398 Vidisti
1664 3345 1919 3399 mulieris
1947 3345 2069 3415 pul-

440 3437 848 3503 chritudinem,
901 3437 1142 3493 laudasti
1197 3437 1430 3493 artiﬁcis
1494 3454 1666 3508 opus,
1721 3442 2070 3493 venustatem

443 3530 697 3603 1171
761 3536 975 3587 natura
1019 3548 1032 3586 :
1082 3532 1374 3603 generatio
1420 3531 1577 3599 ﬁdei,
1627 3531 1942 3586 devotionis
1990 3539 2070 3586 est

442 3631 659 3694 partus.
705 3627 1011 3682 Contentus
1054 3625 1211 3680 fuisti
1254 3625 1455 3680 forma:
1502 3625 1728 3692 decore,
1775 3641 1891 3679 non
1946 3641 2072 3680 cen-

441 3735 534 3772 sus
583 3718 891 3774 ambitione
941 3719 1077 3789 (58);
1127 3719 1414 3790 sumpsisti
1459 3719 1516 3772 in
1565 3734 1823 3786 uxorem,
1874 3718 2074 3789 genuit

439 3812 586 3868 Iilios
619 3813 954 3894 liberalioris
998 3813 1218 3884 gratiae,
1263 3813 1459 3868 oculus
1498 3812 1599 3867 tibi
1634 3813 1745 3867 fuit
1781 3814 2072 3883 generatio

439 3923 870 3979 prosperorum.
921 3908 1346 3978 Contemplatus
1412 3922 1471 3960 es
1529 3922 1748 3960 sacram
1800 3906 2068 3976 puellam,

443 4001 648 4071 pressit
691 4001 884 4056 oculos
932 4005 1060 4055 tuos
1109 4005 1364 4071 angusta:
1407 3999 1728 4054 reverentia
1771 3999 2067 4066 castitatis;

442 4094 756 4164 praedicasti
792 4094 1094 4148 Dominum
1137 4096 1354 4162 Jesum,
1398 4093 1495 4164 qui
1544 4093 1785 4147 senilem
1822 4093 2073 4148 dedisset

444 4187 502 4240 in
524 4187 951 4242 adolescentula
967 4193 1133 4243 astate
1151 4187 1510 4258 gravitatem,
1528 4187 2070 4258 immaculatamque

445 4279 617 4335 vitam
643 4280 792 4337 inter
827 4280 1084 4335 inﬁrmas
1119 4284 1235 4334 tam
1260 4281 1496 4336 lubricae
1524 4283 1695 4352 hujus
1727 4281 1913 4336 carnis
1937 4280 2067 4335 ille-

441 4375 639 4429 cebras
659 4375 929 4430 humanis
960 4374 1258 4429 infudisset
1282 4374 1574 4429 affectibus
1596 4391 1608 4428 :
1635 4376 1764 4429 fons
1783 4374 2069 4428 bonorum

2093 3102 2147 3175 C

2175 1849 2232 1902 in
2260 1849 2678 1920 possessionem
2709 1850 3062 1905 indefensam
3093 1851 3396 1922 improbus
3425 1851 3659 1920 irruisti,
3685 1868 3792 1907 ocu-

2171 1942 2260 1996 lus
2287 1948 2416 1998 tuus
2445 1942 2548 1997 tibi
2580 1943 2778 1998 mortis
2805 1949 3100 2016 perpetuae
3127 1945 3335 2000 acerba
3367 1945 3682 2016 generavit.
3715 1945 3790 1998 Vi-

2171 2035 2314 2090 cina:
2358 2035 2545 2090 viduae
2570 2037 2704 2106 jura
2744 2037 3069 2107 temerasti;
3114 2037 3356 2109 coegisti
3397 2054 3526 2093 eam
3566 2054 3690 2109 quae
3711 2043 3796 2093 aut

2172 2128 2428 2183 dolorem
2476 2144 2664 2197 suum,
2715 2134 2816 2184 aut
2865 2130 3142 2201 pudorem
3193 2131 3434 2186 secretis
3481 2129 3666 2185 clausa
3710 2147 3792 2200 pa-

2171 2221 2405 2276 rietibus
2467 2223 2654 2278 fovere
2715 2223 2982 2291 deberet,
3039 2224 3304 2295 prosilire
3369 2225 3430 2278 in
3496 2223 3795 2295 publicum,

2173 2314 2612 2369 inverecundius
2677 2332 2852 2388 quam
2917 2317 3178 2388 injustius
3239 2318 3477 2389 litigare
3542 2334 3554 2371 :
3622 2317 3798 2372 oculus

2171 2412 2302 2462 tuus
2347 2412 2541 2479 partus
2588 2409 2905 2481 iniquitatis
2945 2415 3032 2466 est
3071 2411 3278 2466 factus.
3334 2411 3538 2467 Vidisti
3582 2411 3797 2482 inopem

2173 2501 2415 2572 superbo
2451 2502 2637 2571 oculo,
2668 2508 2726 2558 et
2767 2503 3070 2558 insatiabili
3101 2504 3298 2571 corde,
3334 2504 3649 2576 despexisti
3693 2519 3802 2574 pre-

2172 2612 2295 2651 cem
2343 2596 2629 2667 pauperis,
2682 2603 2739 2652 et
2792 2613 2960 2668 quem
3015 2597 3275 2652 misereri
3329 2599 3639 2668 debueras,
3688 2613 3802 2651 cum

2170 2689 2394 2744 fastidio
2421 2689 2723 2760 praeteristi
2748 2706 2761 2744 :
2785 2691 2979 2745 oculus
2998 2695 3128 2745 tuus
3150 2692 3276 2746 fons
3306 2692 3416 2747 tibi
3436 2691 3546 2746 fuit
3574 2696 3631 2746 et
3658 2689 3803 2760 origo

2174 2785 2414 2856 peccati.

2243 2881 2296 2934 8.
2330 2877 2574 2950 Ideoque
2617 2877 2768 2932 oculi
2811 2877 2895 2931 tui
2937 2893 3050 2932 non
3094 2877 3213 2948 lupi
3252 2877 3412 2933 oculi
3444 2878 3581 2945 sint,
3615 2881 3669 2932 et
3694 2877 3807 2931 insi-

2177 2971 2387 3026 diantis
2428 2971 2502 3026 ad
2542 2971 2818 3042 praedam,
2848 2970 2949 3024 sed
2987 2970 3129 3024 sicut
3159 2971 3405 3042 Sponsa:
3433 2971 3644 3026 dicitur
3669 2972 3768 3042 (59)
3795 2987 3807 3024 :

2178 3087 2206 3113 ι(
2244 3065 2403 3119 Oculi
2435 3064 2518 3118 tui
2543 3067 2748 3136 stagna
2778 3064 2836 3118 in
2866 3063 3112 3130 Esebon,
3142 3064 3199 3118 in
3234 3066 3429 3135 portis
3456 3066 3593 3119 tiliae
3617 3066 3807 3119 multo-

2173 3173 2338 3225 rum;
2374 3173 2536 3212 nares
2564 3159 2676 3212 tua:
2705 3157 2849 3212 sicut
2879 3156 3050 3212 turris
3081 3157 3280 3212 Libani
3317 3161 3534 3227 (Cant.,
3565 3175 3658 3226 vn,
3693 3157 3762 3226 Ii).
3787 3177 3809 3205 »

2172 3251 2383 3321 Stagna
2423 3250 2482 3303 in
2529 3250 2744 3306 Esebou
2777 3250 2913 3321 quid
2951 3252 3054 3318 est,
3095 3250 3203 3304 nisi
3259 3252 3324 3305 in
3378 3249 3810 3322 cogitationibus

2172 3343 2603 3398 rationabilibus
2629 3343 2994 3409 abundantia,
3027 3359 3157 3414 quae
3189 3347 3278 3397 est
3318 3345 3382 3399 in
3413 3345 3602 3416 portis
3631 3344 3812 3399 Eccle-

2173 3436 2288 3503 siae,
2320 3437 2411 3490 cui
2438 3437 2644 3491 merito
2675 3437 2928 3492 defertur
2967 3423 3280 3491 multitudo
3325 3438 3654 3493 doctrinae?
3693 3436 3812 3491 Filia

2173 3531 2325 3584 enim
2353 3530 2685 3600 multorum,
2719 3529 3097 3600 plurimarum
3140 3530 3558 3586 doctrinarum
3593 3530 3814 3603 posteri-

2174 3628 2255 3677 tas
2292 3623 2488 3678 efi‘ecta
2533 3626 2638 3691 est,
2682 3623 2843 3694 cujus
2886 3639 3051 3677 nares
3095 3623 3233 3678 odor
3287 3631 3381 3680 est
3416 3625 3815 3680 sacrificiorum

2173 3717 2404 3771 ﬂoribus
2474 3717 2738 3771 omnibus
2802 3719 3099 3788 praestans.
3162 3718 3315 3781 Quid
3388 3719 3556 3774 enim
3628 3716 3817 3774 Christi

2171 3811 2344 3865 odore
2391 3809 2710 3877 sublimius,
2742 3809 2838 3881 qui
2877 3810 3137 3865 abolebat
3177 3811 3372 3866 thuris
3416 3809 3817 3884 ﬂagrantiam?

2171 3904 2374 3959 Oculus
2413 3919 2551 3974 ergo
2593 3903 2697 3957 iste
2738 3903 3032 3974 provideat
3066 3920 3195 3974 quae
3237 3905 3449 3961 futura
3489 3912 3649 3972 sunt,
3689 3909 3740 3958 et
3781 3903 3819 3956 si

2173 3997 2410 4051 adversa
2437 3995 2696 4069 1172
2736 3997 3035 4052 imminere
3074 3997 3436 4068 praviderit,
3479 4000 3626 4054 fletu
3662 4000 3820 4066 lacry-

2174 4090 2396 4161 misque
2429 4090 2690 4144 emollire
2717 4107 2781 4144 ac
2809 4090 3076 4162 mitigare
3107 4106 3220 4143 non
3253 4091 3521 4147 desinat.

2243 4187 2294 4237 9.
2355 4183 2485 4238 Ideo
2535 4183 2808 4238 Jeremias
2857 4183 2914 4237 in
2974 4183 3299 4254 captivitate
3365 4186 3572 4255 gentis
3622 4185 3820 4240 Iudaea:

2173 4276 2407 4347 positus,
2458 4277 2708 4330 futuram
2754 4275 3071 4346 prmvidens
3117 4283 3432 4349 perpetuae
3487 4276 3823 4352 captivitatis

2169 4386 2508 4437 aerumnam,
2543 4385 2718 4441 quam
2754 4369 3009 4440 perﬁdiae
3047 4369 3230 4440 pretio
3266 4372 3628 4428 Judaeorum
3662 4386 3823 4442 popu~

441 4473 546 4523 est.
591 4468 783 4525 Vidisti
819 4467 1196 4540 possessiones
1234 4468 1603 4540 pupillorum,
1644 4484 1757 4522 non
1793 4467 1864 4522 ad
1904 4467 2061 4522 inva-
2086 4471 2142 4542 D
2165 4464 2251 4518 lus
2289 4463 2534 4518 habebat
2581 4464 2887 4533 exsolvere,
2915 4463 3140 4518 dicebat
3173 4463 3230 4518 in
3270 4465 3538 4521 Threnis
3577 4466 3683 4520 sub
3728 4465 3822 4518 hac

441 4561 714 4630 dendum,
753 4563 852 4618 sed
901 4563 971 4616 ad
1012 4563 1322 4631 tuendum;
1354 4565 1411 4617 et
1452 4562 1702 4633 paternis
1739 4561 2068 4632 ingemuisti

440 4655 766 4724 visceribus,
795 4657 839 4711 si
880 4657 1015 4727 quid
1050 4657 1344 4711 advertisti
1381 4656 1448 4711 de
1487 4655 1728 4711 minoris
1755 4654 2068 4710 commodis

440 4766 558 4805 esse
588 4750 906 4822 neglectum
933 4767 946 4817 ;
984 4750 1243 4819 repulisti
1282 4765 1413 4805 eum
1457 4750 1556 4821 qui
1595 4750 1738 4804 lines
1767 4749 1890 4819 ejus
1918 4748 2066 4802 vole-

437 4843 531 4898 bat
582 4844 882 4914 invadere;
905 4843 1176 4915 judicasti
1220 4843 1474 4915 pupillo;
1521 4843 1716 4898 oculus
1767 4848 1895 4897 tuus
1943 4842 2071 4896 fons

437 4939 542 4993 tibi
582 4938 689 4993 fuit
745 4943 800 4992 et
849 4938 1012 5009 origo
1050 4936 1308 5008 justitiae.
1357 4936 1625 4991 Judicasti
1674 4935 1862 4990 viduas
1906 4935 2072 5005 (sicut

440 5033 591 5087 enim
634 5033 786 5087 mala
816 5032 1106 5102 drachma,
1139 5046 1252 5085 non
1291 5030 1593 5098 drachma;
1628 5029 1704 5083 sic
1735 5029 1948 5083 malum
1973 5029 2068 5099 ju-

439 5127 670 5194 dicium,
704 5143 817 5180 non
854 5126 1052 5198 utique
1087 5124 1420 5195 judicium);
1453 5123 1720 5194 judicasti
1749 5139 1886 5193 ergo
1923 5122 2069 5177 sicut

433 5221 619 5291 justus
654 5222 712 5276 et
747 5220 929 5275 bonus
957 5219 1158 5291 judex,
1189 5217 1376 5273 vidisti
1417 5223 1818 5288 usurpatorem
1854 5215 2068 5287 impro-

439 5314 594 5380 bum,
623 5315 721 5385 qui
747 5313 992 5368 maritali
1020 5312 1231 5367 auxilio
1255 5312 1603 5377 destitutam,
1625 5326 1788 5365 suam
1817 5308 2071 5381 praedam

501 5507 597 5570 (57)
645 5508 794 5567 Mss,
839 5505 1101 5557 claritudo
1146 5505 1428 5560 diuturna,
1469 5517 1596 5567 quas
1634 5503 1799 5552 lectio
1851 5500 2074 5552 defendi

436 5582 634 5643 potest,
669 5578 714 5626 si
743 5577 1020 5634 diuturna,
1053 5589 1150 5639 pro
1181 5574 1457 5625 constanti
1488 5587 1554 5624 ac
1578 5572 1809 5636 perenni
1840 5585 2074 5635 usurpe-

436 5656 526 5701 tur
559 5665 570 5697 :
599 5649 689 5700 hic
718 5653 902 5698 tamen
933 5650 1195 5709 prmstare
1225 5646 1485 5695 vident-ur
1514 5643 1806 5704 editiones,
1835 5647 1899 5692 ut
1945 5656 2075 5693 cum

437 5723 607 5785 priori
634 5721 882 5770 membro
918 5720 1010 5766 ﬁat
1033 5718 1338 5766 antithesis.

501 5793 597 5853 (:58)
638 5789 838 5850 Scripti
886 5787 1105 5837 codices
1152 5800 1353 5852 magno
1390 5800 1643 5847 numero,
1685 5798 1792 5837 non
1829 5797 2077 5839 accensus

2171 4557 2367 4611 eadem
2397 4555 2582 4610 littera
2613 4573 2626 4610 :
2663 4575 2691 4607 «
2721 4558 2784 4612 In
2824 4556 2933 4612 hoc
2961 4573 3069 4628 ego
3101 4556 3229 4624 fleo,
3265 4559 3432 4613 oculi
3467 4560 3588 4615 mei
3627 4558 3823 4627 caliga-

2170 4653 2373 4704 verunt
2403 4666 2435 4703 a
2459 4648 2619 4715 fletu,
2654 4648 2786 4720 quia
2813 4649 3094 4721 elongavit
3126 4667 3157 4703 a
3200 4666 3296 4704 me
3337 4653 3449 4723 qui
3499 4669 3602 4707 me
3641 4666 3827 4706 conso-

2169 4743 2662 4813 labatur(Thren.,
2712 4758 2750 4806 ι,
2795 4743 2963 4812 16).»
3002 4743 3124 4797 Non
3169 4743 3360 4814 igitur
3408 4746 3731 4800 abductum
3772 4758 3826 4795 se

2171 4853 2292 4892 esse
2320 4836 2391 4890 de
2420 4836 2587 4892 terris
2619 4836 2734 4890 suis
2769 4835 3013 4903 dolebat,
3044 4836 3141 4891 sed
3183 4853 3216 4889 a
3253 4837 3506 4893 Christo
3549 4839 3827 4911 populum

2171 4931 2634 5002 relinquendum,
2675 4930 3241 5001 consolationemque
3281 4931 3515 4987 futurae
3551 4933 3687 4986 vitm
3712 4945 3825 4985 cer-

2171 5025 2340 5080 nebat
2383 5023 2670 5079 amissam.
2722 5024 2848 5078 Hinc
2891 5028 2976 5078 est
3022 5039 3151 5079 vere
3198 5023 3469 5080 dolenda
3513 5025 3830 5098 captivitas,

2173 5135 2300 5189 quae
2345 5121 2571 5172 asterntae
2614 5133 2713 5188 spe
2760 5115 3037 5171 libertatis
3075 5116 3299 5187 privata
3342 5118 3681 5174 videbatur.
3713 5116 3831 5170 Alio

2174 5227 2398 5282 quoque
2442 5211 2568 5265 loco
2613 5210 2716 5264 sub
2770 5209 2873 5264 hac
2929 5209 3135 5264 eadem
3189 5209 3389 5265 littera
3447 5211 3730 5284 repetivit
3780 5209 3831 5264 in

2172 5304 2427 5371 Threnis,
2478 5303 2669 5359 dicens
2714 5320 2727 5357 :
2782 5323 2809 5352 «
2849 5302 3121 5358 Dominus
3164 5319 3295 5375 quas
3346 5305 3663 5376 cogitavit,
3713 5318 3834 5358 con-

2174 5498 2475 5548 ambitione.
2525 5497 2724 5549 Melius
2773 5498 2886 5558 alii,
2929 5510 2995 5548 ac
3043 5497 3198 5558 edit.,
3245 5498 3380 5548 Non
3437 5513 3633 5550 census
3671 5496 3836 5548 ambi-

2175 5572 2333 5620 tione.
2379 5571 2477 5620 Est
2523 5572 2673 5622 enim
2717 5571 2826 5621 hoc
2871 5570 2996 5620 loco
3044 5583 3244 5628 census,
3289 5576 3629 5633 proventus
3675 5582 3838 5636 quem

2176 5644 2416 5706 quisque
2439 5643 2729 5692 annuatim
2760 5655 2791 5692 e
2818 5642 3262 5705 possessionibus
3293 5645 3572 5707 percipit.

2238 5714 2338 5777 (59)
2361 5714 2558 5777 Magna
2587 5728 2713 5778 pars
2741 5725 2893 5776 mss,
2919 5713 3055 5764 sicut
3081 5713 3280 5778 Sponsa
3306 5712 3554 5764 dicitur.
