3930 6168
202 278 298 334 1501

1266 267 1618 324 EXPOSITIO
1655 266 1724 322 IN
1764 263 2076 322 PSALMUM
2118 265 2340 322 CXVIII.

3354 267 3488 320 I502

195 395 458 460 summavit,
487 393 717 448 verbum
754 405 922 447 suum
959 392 1112 463 quod
1154 391 1456 446 mandavit
1494 407 1528 447 a
1559 390 1757 448 diebus
1779 404 1836 477 Α
1857 391 1971 445 Noe
2002 389 2428 456 inebrietatum,
2461 388 2563 443 Lot
2593 389 2952 454 incestatum,
2984 389 3339 444 sacerdotem
3367 388 3484 460 priv-

191 491 406 560 antiquis.
442 487 739 552 Destruxit,
782 492 837 540 et
877 501 995 540 non
1038 486 1307 556 pepercit,
1361 489 1418 540 et
1448 484 1752 540 lastiﬂcavit

190 600 322 654 super
360 586 407 636 te
445 579 753 646 inimicum,
798 582 856 635 et
896 579 1166 634 exaltavit
1206 595 1385 634 cornu
1427 578 1752 634 tribulantis

186 686 222 733 te
256 677 462 741 (Narem,
486 691 539 741 ιι,
567 674 672 744 t7).
704 694 732 722 »
762 674 955 728 Nonne
987 672 1277 728 evidenter
1324 673 1583 728 futurum
1603 672 1753 742 judi-

185 771 301 825 cium
326 767 516 825 Christi
555 766 950 834 annuntiatur,
989 765 1136 821 sicut
1170 766 1232 820 in
1275 766 1493 838 psalmo
1520 783 1751 838 quoque

183 862 396 936 praesenti
433 861 706 916 declarari
732 866 954 916 certum
994 861 1120 915 est?
1144 860 1352 916 Oculus
1388 875 1528 931 ergo
1554 859 1751 930 previ-

182 959 278 1013 deat
297 973 410 1027 qua:
447 958 686 1010 ventura
724 958 879 1023 sunt,
913 961 969 1009 et
995 971 1065 1009 ea
1091 959 1189 1008 aut
1217 953 1550 1025 profusione
1577 953 1752 1024 lacry-

179 1066 378 1118 marum,
413 1054 507 1104 aut
551 1049 764 1104 erroris
801 1048 1150 1104 correctione
1190 1048 1550 1119 detorqueat.
1588 1047 1752 1102 Deni-

177 1161 261 1216 que
292 1142 546 1199 Jeremias
586 1142 793 1211 ﬂebat;
843 1142 978 1214 quia
1022 1143 1234 1197 malam
1277 1157 1509 1197 causam
1556 1140 1750 1212 impias

175 1236 318 1309 plebis
333 1241 664 1307 susceperat,
685 1251 815 1307 quas
838 1235 1099 1308 perfidiae
1119 1235 1435 1307 pertinacia
1454 1234 1752 1306 proprium

173 1330 378 1402 negabat
392 1335 699 1384 auctorem.

225 1427 296 1479 10.
331 1425 496 1491 (Vers.
539 1425 688 1492 121.)
733 1422 905 1477 David
945 1426 1139 1478 autem
1180 1421 1516 1493 prophetico
1547 1422 1751 1493 spiritu

169 1517 405 1588 judicium
432 1516 750 1588 praevidens
776 1516 1004 1584 Christi,
1045 1516 1105 1571 in
1134 1532 1246 1587 quo
1281 1532 1454 1571 nemo
1479 1516 1752 1571 innocens

172 1610 566 1682 periclitabatur,
610 1626 779 1665 nemo
807 1611 1110 1665 sceleratus
1147 1609 1359 1676 eludet,
1390 1609 1538 1664 bona
1573 1610 1752 1664 fretus

170 1704 460 1760 conscientia
504 1703 646 1759 dicit
684 1720 698 1759 :
746 1706 878 1759 Ecce
917 1703 1190 1774 judicium
1233 1710 1283 1758 et
1323 1703 1638 1772 justitiam;
1686 1719 1752 1758 ne

1856 500 2017 539 mum
2049 484 2236 555 ipsum
2266 487 2451 538 Aaron
2477 497 2610 537 cum
2633 482 2810 538 Maria
2848 498 3040 536 sorore
3071 485 3372 549 tentatum,
3402 484 3482 538 Ie-

1851 595 1972 650 pra:
1998 578 2234 633 maculis
2264 591 2559 647 aspersam
2591 575 2821 631 Mariam
2852 576 3122 646 primum,
3152 581 3279 645 post
3311 577 3480 631 abso-

1851 672 2068 741 lutam;
2110 672 2333 741 Moysen
2376 686 2522 740 pene
2561 669 2999 736 internecatum,
3041 667 3146 723 nisi
3185 668 3481 723 circumci-

1850 765 2011 821 sione
2055 764 2154 819 lilii
2201 767 2259 818 et
2303 763 2579 834 ejusmodi
2623 762 2917 833 sanguinis
2963 761 3186 816 fusione
3226 761 3484 831 Sephora

1851 859 2059 914 mulier
2093 859 2214 928 ejus
2251 872 2420 912 omne
2459 857 2528 911 ab
2568 873 2635 910 eo
2679 856 2992 927 periculum
3025 854 3352 926 depulisset.
3388 855 3483 908 His

1849 952 2027 1022 igitur
2056 949 2438 1005 commonitus
2463 949 2739 1020 exemplis
2774 963 3135 1020 nequaquam
3167 963 3226 1003 se
3253 946 3482 1002 fortituo

1853 1045 1972 1099 dini
2013 1060 2129 1098 suae
2165 1043 2367 1112 credit,
2401 1043 2498 1097 sed
2537 1047 2702 1098 cauta
2741 1041 3036 1096 humilitas
3081 1040 3336 1096 divinum
3375 1039 3483 1095 sibi

1852 1139 2136 1211 precando
2166 1137 2387 1192 asciscit
2414 1137 2712 1204 auxilium,
2745 1146 2948 1207 petens
2984 1151 3056 1190 ne
3092 1133 3351 1190 tradatur
3380 1149 3481 1188 no—

1851 1231 2131 1288 cantibus.

1927 1328 2013 1380 12.
2064 1325 2182 1380 Scit
2223 1325 2378 1381 enim
2420 1327 2710 1380 auctorem
2755 1339 2875 1379 esse
2921 1323 3239 1394 principem
3283 1321 3487 1377 mundi

1853 1419 2113 1474 omnium
2156 1418 2514 1474 delictorum.
2563 1419 2687 1488 Ipse
2733 1415 3054 1472 individuos
3092 1415 3484 1486 proximorum

1851 1513 2069 1568 irarum
2137 1511 2380 1568 stimulis
2434 1511 2704 1566 excitatos
2765 1509 2973 1564 scindit
3029 1509 3298 1575 atfectus;
3364 1510 3482 1580 ipse

1851 1607 2143 1661 ﬂammam
2191 1605 2450 1661 accendit
2499 1604 2769 1670 libidinis,
2825 1605 2946 1675 ipse
2991 1603 3183 1658 adolet
3235 1602 3482 1657 avaritiae

1853 1700 2210 1770 cupiditates,
2255 1702 2318 1752 ut
2355 1715 2467 1770 quo
2517 1699 2642 1769 plus
2685 1697 3068 1768 rapuerimus,
3111 1695 3356 1766 amplius
3399 1711 3484 1749 re-

174 1799 324 1853 tradus
362 1815 439 1852 me
482 1799 797 1853 nocentibus
987 1797 1112 1852 Non
1161 1795 1321 1868 quasi
1370 1796 1648 1868 gloriosus
1689 1771 1828 1853 acB
1854 1793 2174 1866 quiramus;
2207 1793 2328 1864 ipse
2357 1792 2615 1863 suggerit
2643 1794 2700 1846 et
2729 1791 3016 1845 ministrat
3046 1791 3298 1844 fomenta
3323 1789 3482 1842 luxu-

172 1892 369 1947 iusolens
402 1908 462 1946 se
499 1891 627 1963 ipse
665 1890 876 1960 laudat,
921 1906 1052 1945 cum
1099 1890 1296 1963 utique
1335 1891 1551 1962 peritus
1588 1891 1749 1962 legis,

173 1985 356 2039 alterius
395 1985 581 2057 magis
628 1999 800 2056 quam
851 1984 1080 2056 proprio
1131 2000 1230 2039 ore
1283 1997 1752 2057 unumquemque

174 2078 466 2133 laudandum
495 2095 624 2134 esse
656 2094 774 2133 non
804 2079 1120 2150 ignoraret.
1152 2079 1296 2145 Non,
1330 2078 1586 2149 inquam,
1616 2094 1753 2150 prte-

172 2172 432 2226 dicatarum
458 2172 748 2242 jactantia
786 2175 870 2226 est
908 2171 998 2226 hic
1033 2172 1145 2226 ulla
1179 2171 1293 2241 (60)
1325 2171 1618 2240 virtutum,
1652 2173 1752 2227 sed

174 2266 265 2318 vita
286 2265 597 2320 innocentis
619 2265 855 2320 assertio
875 2265 1009 2336 jure
1037 2267 1409 2336 praesumpta;
1438 2281 1512 2318 ne
1543 2264 1752 2336 dignus

174 2358 484 2413 aestimaretur
521 2358 627 2430 qui
662 2361 895 2430 propter
933 2358 1128 2429 gravia
1161 2363 1392 2429 peccata
1429 2374 1463 2412 a
1503 2359 1749 2414 Domino

175 2453 560 2524 relinqueretur,
608 2457 666 2508 et
710 2452 1041 2507 nocentium
1088 2452 1357 2522 potestati
1401 2452 1746 2508 traderetur.

178 2545 376 2602 Defensio
421 2550 510 2602 est
551 2545 750 2618 igitur,
798 2561 915 2600 non
955 2545 1304 2615 arrogantia,
1351 2545 1584 2617 quando
1632 2562 1751 2600 non

183 2640 439 2695 excellentia
469 2640 670 2712 aliqua
704 2639 938 2694 honoris
977 2638 1305 2708 assumitur,
1340 2639 1440 2694 sed
1473 2639 1747 2695 formida-

190 2730 263 2786 bilis
277 2749 516 2789 erumna
564 2734 948 2805 propulsatur.
987 2731 1242 2803 Denique
1279 2734 1479 2787 Petrus
1509 2734 1616 2788 hoc
1645 2749 1748 2804 ge-

185 2841 266 2880 uere
295 2827 634 2883 defensionis
665 2827 844 2882 utitur
871 2827 1068 2881 dicens
1095 2844 1109 2882 :
1140 2847 1170 2878 ς(
1203 2828 1342 2882 Ecce
1372 2843 1476 2881 nos
1513 2826 1748 2898 reliqui-

178 2934 262 2973 mus
288 2921 467 2976 omnia
496 2924 566 2976 et
601 2921 779 2976 secuti
806 2936 1001 2975 sumus
1040 2924 1096 2975 te
1112 2939 1129 2989 ;
1162 2921 1299 2992 quid
1329 2937 1468 2992 ergo
1507 2921 1616 2976 erit
1646 2938 1748 2976 no-

174 3010 232 3065 bis
263 3017 482 3079 (Matth,
518 3030 636 3081 xu,
676 3015 806 3084 27)?
835 3037 863 3064 η
912 3016 972 3069 In
1018 3030 1131 3086 quo
1174 3015 1222 3069 si
1260 3014 1394 3070 dicti
1435 3017 1752 3087 arrogantis

1850 1889 1970 1955 riae,
2024 1888 2147 1958 ipse
2195 1887 2323 1942 odia
2378 1891 2698 1957 exasperat,
2753 1889 2810 1939 et
2863 1884 3177 1938 immodicas
3228 1881 3483 1936 studium

1852 1981 2176 2036 ambitionis
2229 1981 2570 2035 inflammat.
2625 1979 2788 2044 Quod
2841 1977 3041 2032 vitium
3101 1976 3371 2031 blandum
3422 1976 3480 2030 in

1851 2075 2104 2141 exordio,
2159 2091 2372 2129 saevum
2419 2075 2478 2128 in
2535 2089 2823 2144 processu,
2877 2089 2980 2126 nec
3029 2072 3296 2126 fraternae
3345 2086 3481 2140 ger-

1849 2168 2140 2224 manitatis
2165 2169 2351 2239 potuit
2375 2166 2861 2238 contemplatione
2885 2164 3158 2220 revocari.
3193 2165 3340 2218 Dum
3371 2164 3475 2218 do-

1848 2263 1932 2318 let
1963 2262 2069 2317 sibi
2107 2261 2305 2334 gratiee
2342 2261 2582 2316 caelestis
2614 2260 2864 2316 ambitor
2895 2259 3133 2314 fratrem
3172 2273 3293 2312 esse
3332 2272 3480 2329 pree-

1849 2358 2051 2424 latum,
2075 2356 2146 2410 de
2173 2355 2443 2410 sacriﬁcio
2471 2355 2746 2425 processit
2771 2354 2842 2409 ad
2869 2351 3259 2424 parricidium.
3282 2353 3484 2406 Aucto-

1849 2467 1975 2506 rem
2012 2451 2189 2521 igitur
2225 2448 2655 2504 incontinentite
2697 2447 2991 2502 diabolum
3026 2462 3146 2499 esse
3185 2444 3483 2514 Apostolus

1850 2545 2012 2600 docet
2067 2561 2080 2599 :
2133 2564 2162 2592 «
2217 2545 2296 2598 Ne
2346 2547 2522 2597 tentet
2575 2558 2671 2596 vos
2725 2546 2961 2611 propter
3007 2537 3479 2593 incontinentiam

1849 2643 2098 2694 vestram
2136 2638 2176 2707 (I
2211 2637 2354 2700 Cor.,
2395 2653 2490 2704 vn,
2519 2638 2597 2707 5).
2631 2658 2658 2686 ››
2695 2637 3052 2690 lncentorem
3083 2647 3313 2703 quoque
3345 2646 3478 2684 ava-

1848 2731 1996 2787 ritiae
2042 2731 2228 2803 ipsum
2277 2746 2396 2786 esse
2446 2729 2714 2801 legimus,
2762 2728 2983 2783 dicente
3024 2726 3193 2781 Paulo
3237 2741 3250 2779 :
3303 2745 3332 2772 «
3371 2724 3479 2788 Qui

1849 2827 2048 2882 volunt
2076 2825 2277 2880 divites
2319 2823 2464 2890 ﬁeri,
2504 2822 2767 2877 incidunt
2809 2821 2867 2875 in
2909 2819 3303 2886 tentationem,
3331 2821 3391 2873 et
3419 2818 3478 2871 in

1849 2921 2116 2992 laqueum
2144 2917 2356 2973 diaboli
2383 2919 2422 2982 (Ι
2467 2919 2626 2979 Tim.,
2667 2933 2739 2983 vr,
2782 2915 2857 2981 9).
2899 2934 2925 2966 ››
2960 2915 3027 2968 Et
3061 2912 3192 2968 alibi
3231 2929 3244 2966 :
3276 2932 3304 2961 α
3334 2912 3478 2967 Mor-

1852 3014 2058 3070 tillcate
2096 3029 2234 3083 ergo
2277 3011 2541 3066 membra
2589 3015 2771 3065 vestra
2811 3025 2941 3080 quas
2979 3013 3110 3062 sunt
3152 3022 3326 3077 super
3366 3011 3479 3060 ter-

172 3104 348 3161 decolor
383 3107 598 3181 aliquis
644 3124 836 3163 naevus
873 3107 1092 3178 fuisset,
1138 3124 1255 3164 non
1292 3111 1520 3164 tantum
1553 3109 1751 3180 gratiae
1771 3137 1826 3213 Ο
1852 3125 1996 3176 ram,
2022 3105 2478 3172 fornicationem,
2509 3101 2959 3172 immunditiam,
2987 3100 3310 3168 libidinem,
3339 3115 3474 3154 con-

181 3198 192 3213 .
253 3201 282 3213 ..
375 3203 525 3213 ..,.
577 3201 591 3213 .
671 3204 681 3213 .
760 3202 770 3212 .
959 3206 969 3213 .
1059 3202 1093 3213 ..
1247 3202 1341 3213 ...
1445 3208 1453 3213 .
1575 3205 1584 3213 .
1967 3201 1976 3212 .
2125 3200 2158 3213 ..
2381 3197 2396 3213 .
2585 3202 2595 3213 ,
3142 3191 3444 3213 μαμμι,

171 3198 218 3253 de
253 3201 452 3257 Domini
489 3201 803 3258 Salvatoris
850 3202 1134 3257 sententia
1177 3202 1481 3270 retulisset,
1529 3205 1594 3258 ut
1637 3220 1751 3258 non

171 3293 310 3348 solum
346 3295 592 3351 minime
629 3295 960 3350 subdendus
1002 3295 1125 3367 ipse
1157 3296 1389 3368 judicio,
1435 3296 1534 3351 sed
1576 3296 1751 3351 etiam

165 3387 469 3454 judicaturus
517 3389 594 3444 de
645 3389 888 3445 aliorum
937 3389 1156 3445 meritis
1208 3390 1331 3461 ipse
1391 3390 1752 3446 nuntiaretur

169 3480 312 3546 (Ibid,
344 3485 450 3554 28).
481 3485 684 3554 Neque
709 3483 864 3539 enim
895 3483 954 3539 in
977 3483 1213 3554 judicio,
1241 3485 1286 3538 si
1318 3484 1442 3556 quis
1471 3484 1747 3539 innocen-

167 3574 234 3627 tia
266 3593 368 3631 suae
404 3576 647 3632 tuendae
693 3577 892 3648 gratia,
940 3577 1076 3649 quid
1119 3576 1342 3633 fecisset
1377 3578 1643 3649 aperiret,
1679 3578 1751 3633 ad

161 3664 443 3733 jactantiam
469 3670 664 3742 potius
693 3687 868 3741 quam
902 3671 970 3725 ad
1003 3671 1400 3726 defensionem
1431 3687 1611 3726 causae
1641 3671 1751 3726 dic-

165 3763 254 3815 tum
279 3765 670 3819 aestimaretur.
701 3764 869 3819 Aliud
904 3768 988 3820 est
1018 3765 1262 3836 dignum
1296 3781 1355 3819 se
1393 3766 1628 3836 praemio
1661 3765 1748 3821 di-

164 3867 276 3922 cere,
293 3857 435 3912 aliud
461 3857 774 3929 indignum
798 3857 1031 3929 injuria.

216 3951 282 4003 11.
318 3952 380 4006 Et
418 3957 618 4007 tamen
656 3951 750 4006 ille
787 3951 906 4022 ipse
947 3952 1327 4024 philosOphias
1364 3969 1647 4023 summus,
1688 3959 1752 4010 ut

161 4038 301 4110 aiunt,
333 4045 628 4115 magister,
658 4060 788 4099 cum
817 4048 1198 4115 accusaretur,
1227 4046 1612 4116 interrogatus
1641 4063 1752 4117 qua

162 4134 350 4191 tandem
379 4155 549 4209 poena
582 4154 642 4192 se
681 4138 921 4208 dignum
955 4142 1202 4209 putaret,
1243 4140 1599 4210 respondisse
1635 4141 1750 4194 fer-

163 4231 248 4294 tur,
289 4236 342 4285 ut
374 4231 431 4285 in
467 4234 755 4303 Prytaneo
797 4232 1022 4302 publico
1065 4233 1172 4302 (61)
1217 4233 1466 4304 quotidie
1497 4234 1751 4288 convivio

164 4321 524 4393 susciperetur.
556 4325 659 4380 Ille
700 4325 978 4381 honorem
1009 4327 1322 4398 usurpavit,
1357 4327 1450 4382 hic
1487 4328 1755 4398 prazcavit

164 4426 440 4472 aerumnam
469 4420 605 4489 (62);
638 4418 731 4474 ille
764 4419 1008 4490 gloriam
1043 4420 1350 4491 arrogavit,
1382 4421 1475 4476 hic
1514 4421 1750 4476 humili-

1851 3200 2262 3273 cupiscentiam
2288 3197 2520 3267 malam,
2547 3202 2604 3253 et
2627 3195 2944 3264 avaritiam,
2974 3211 3102 3266 quae
3132 3197 3219 3248 est
3244 3191 3477 3248 idolola-

1851 3295 1960 3350 tria
1980 3296 2226 3366 (Coloss.,
2248 3310 2324 3360 Ill,
2355 3293 2431 3360 5).
2457 3312 2486 3342 »
2508 3294 2568 3347 In
2594 3291 2683 3346 his
2708 3290 2865 3345 enim
2891 3289 3102 3345 diaboli
3129 3288 3481 3343 voluntatem

1848 3390 2116 3456 facimus,
2165 3393 2222 3442 et
2267 3386 2629 3458 exsequimur
2672 3387 3027 3456 potestatem,
3077 3383 3174 3454 qui
3222 3398 3326 3453 per
3367 3396 3484 3435 car-

1851 3484 1939 3537 nis
1981 3481 2141 3536 istius
2185 3480 2467 3536 desideria
2513 3479 2866 3534 incentivum
2917 3494 3033 3532 suae
3081 3475 3294 3530 fraudis
3345 3491 3480 3544 ope-

1851 3583 2026 3633 ratur.

1924 3673 2010 3725 13.
2048 3671 2456 3738 Quemcunque
2497 3682 2634 3737 ergo
2672 3666 2732 3719 in
2770 3664 3039 3718 vitiorum
3082 3677 3312 3716 suorum
3352 3677 3480 3732 pos-

1852 3763 2104 3819 sessione
2162 3761 2471 3833 repererit,
2526 3765 2796 3830 tanquam
2849 3757 3159 3812 obnoxium
3213 3771 3313 3809 suo
3363 3755 3482 3825 juri

1848 3858 2116 3914 vindicat.
2146 3854 2506 3911 Adulterium
2544 3853 2673 3924 quis
2720 3852 2873 3918 facit,
2914 3850 3196 3905 luxuriam
3237 3854 3479 3914 exercet,

1853 3952 2036 4008 aliena
2073 3950 2286 4021 diripit,
2333 3947 2520 4020 portio
2559 3945 2771 4002 diaboli
2817 3949 2940 4009 est;
2991 3943 3229 4015 pudicus
3269 3945 3479 4008 autem,

1852 4051 1910 4100 et
1962 4045 2295 4109 continens,
2348 4046 2405 4096 et
2466 4039 2820 4107 misericors,
2875 4037 3082 4096 Christi
3133 4036 3318 4108 portio
3377 4041 3483 4091 est.

1853 4139 2060 4196 Christi
2098 4154 2236 4209 ergo
2267 4151 2495 4192 servum
2525 4133 2633 4189 sibi
2667 4151 2784 4188 non
2820 4137 3008 4204 potest
3037 4131 3347 4198 vindicare,
3376 4130 3483 4184 nisi

1851 4234 1998 4288 forte
2051 4232 2316 4302 illapsum
2373 4229 2430 4284 in
2481 4228 2617 4283 vitia
2668 4226 3140 4298 deprehenderit,
3189 4241 3296 4280 nec
3349 4227 3485 4279 tunc

1852 4327 2084 4398 quidem
2112 4324 2378 4391 vindicat,
2408 4323 2508 4378 sed
2534 4327 2806 4392 tanquam
2841 4336 3006 4374 suum
3036 4319 3142 4374 sibi
3170 4317 3318 4372 tradi
3349 4335 3481 4388 pos-

1853 4422 2012 4474 tulat.
2051 4419 2178 4475 ldeo
2217 4433 2355 4488 ergo
2396 4416 2534 4471 dicit
2570 4415 2741 4470 David
2776 4431 2788 4468 :
2829 4416 2946 4469 Feci
2974 4413 3245 4482 judicium
3283 4418 3335 4466 et
3368 4412 3488 4480 jus-

166 4512 308 4564 tatem
329 4512 588 4567 servavit.
614 4514 754 4568 Nam
775 4529 906 4584 qum
930 4513 1118 4584 major
1143 4529 1266 4569 esse
1288 4514 1337 4586 1
1355 4513 1403 4586 1
1422 4513 1550 4588 '73
1572 4515 1752 4570 humi-
1770 4511 1830 4584 D
1853 4517 2060 4575 titiam,
2113 4529 2228 4566 non
2290 4516 2349 4565 ut
2395 4515 2660 4580 arroget,
2724 4507 2819 4561 sed
2879 4511 3137 4571 excuset,
3193 4521 3265 4559 ne
3323 4504 3484 4575 quasi

167 4598 264 4655 lites
290 4608 485 4674 potest,
526 4623 699 4677 quam
737 4609 798 4660 ut
827 4606 1084 4662 conscius
1121 4607 1227 4662 sibi
1262 4608 1461 4679 judicii
1493 4614 1551 4664 et
1581 4609 1750 4680 justi-

164 4694 233 4748 tize
266 4703 593 4766 reservata,
640 4700 791 4754 tradi
839 4701 1112 4771 potestati
1155 4701 1365 4757 diaboli
1415 4704 1753 4759 vereretur?

165 4785 424 4847 Hominem
454 4809 516 4846 se
553 4810 673 4848 esse
709 4794 998 4866 cognovit,
1040 4795 1227 4866 impar
1256 4795 1362 4850 sibi
1402 4795 1610 4851 bellum
1649 4797 1750 4852 ad-

165 4893 349 4938 versum
391 4885 667 4956 spiritalia
712 4887 979 4958 nequitiae
1026 4888 1086 4942 in
1132 4889 1472 4958 coelestibus,
1521 4894 1753 4962 raptum

165 4975 289 5029 novit
327 4978 513 5033 Enoch
557 4995 678 5034 esse
704 5022 718 5046 ,
771 4996 844 5034 ne
891 4980 1109 5036 malitia
1158 4985 1412 5037 mutaret
1457 4999 1554 5037 cor
1597 4984 1748 5054 ejus;

196 5109 288 5184 ,(60)
315 5111 456 5163 Edit.
481 5126 690 5176 omnes,
717 5115 1088 5180 praedz'catoris
1104 5117 1374 5179 jactantia
1409 5123 1483 5168 est
1521 5117 1604 5168 hic
1638 5118 1752 5169 ulla

168 5183 394 5252 mutum.
448 5184 577 5235 Mss.
635 5187 982 5250 complures,
1034 5187 1408 5249 pradictarum
1461 5191 1748 5252 jactuntia,

170 5246 325 5321 Helius
353 5258 532 5306 tamen
559 5257 651 5306 alii
677 5246 944 5321 quinque,
970 5246 1047 5307 ut
1062 5258 1118 5307 in
1147 5262 1436 5309 contextu.

213 5319 289 5396 liii)
315 5323 438 5396 Mss.
473 5319 708 5391 aliquot,
730 5332 787 5376 ut
812 5319 868 5376 iit
895 5329 1127 5392 prandio
1151 5329 1378 5393 publica.
1421 5331 1550 5392 Alii,
1584 5335 1750 5395 atque

170 5384 284 5464 edit.,
306 5394 435 5443 utin
478 5384 754 5459 Prjtaneo.
789 5384 1024 5449 Pulchre
1063 5399 1118 5448 id
1151 5384 1417 5464 quidem;
1447 5384 1562 5452 erat
1601 5384 1750 5453 enim

171 5454 428 5536 Erytaneus
482 5454 634 5518 locus
680 5469 938 5530 Athenis,
992 5470 1089 5520 ubi
1137 5454 1365 5534 sumptu
1403 5454 1638 5536 publico
1682 5471 1750 5523 de

170 5524 272 5604 Rep.
317 5535 654 5601 benemoriti,
707 5554 773 5592 ac
823 5524 1174 5604 publicorum
1218 5524 1587 5594 certaminum
1641 5546 1751 5595 vica-

172 5599 279 5678 ifores
319 5607 615 5660 alebantur.
642 5599 782 5662 Hoc
823 5599 1018 5662 autem
1067 5626 1398 5678 responsum
1441 5614 1589 5678 apud
1633 5616 1751 5664 Pla-

175 5673 318 5749 ‘ﬂnem
360 5677 422 5749 in
460 5682 703 5746 apologis
753 5681 996 5735 Socratis
1040 5683 1113 5734 ita
1153 5673 1334 5747 legere
1379 5673 1518 5734 est—z
1562 5686 1620 5734 Εἰ
1665 5684 1749 5734 οὖν

175 5748 224 5826 ξι
326 5748 438 5826 ’Ξίτά
463 5751 517 5796 τὸ
553 5751 732 5800 δίκαιον
769 5755 851 5812 τῆς
886 5754 1017 5810 ἀξίας
1052 5756 1295 5815 τιμᾶσθαι,
1327 5755 1498 5804 τούτου
1536 5756 1750 5818 τιμῶμαι

174 5821 235 5865 της
263 5819 303 5860 ἑν
335 5819 596 5890 Πρυτανείῳ
641 5827 890 5887 σιτήσεως.
933 5826 1120 5879 Adisis
1156 5828 1324 5880 etiam
1369 5827 1572 5892 Cicer.,
1605 5829 1702 5879 lib.
1732 5842 1749 5879 ι

1855 4611 2112 4679 peccator
2159 4605 2454 4660 deseratur
2498 4619 2531 4656 a
2577 4601 2824 4658 Christo.
2878 4599 3157 4670 Exemplo
3205 4598 3280 4652 sit
3320 4596 3488 4653 nobis

1854 4699 2164 4772 apostolica
2195 4697 2358 4752 lectio
2389 4711 2561 4768 quam
2604 4695 2676 4749 ob
2706 4711 2830 4749 rem
2873 4693 3259 4765 unusquisque
3292 4691 3479 4747 trada-

1852 4799 1964 4850 tur.
1994 4793 2155 4849 lllum
2189 4791 2341 4846 enim
2374 4789 2472 4860 qui
2502 4803 2738 4843 uxorem
2777 4788 2954 4858 patris
2990 4787 3208 4851 habuit,
3238 4785 3372 4856 quia
3406 4784 3487 4836 sic

1855 4891 2122 4960 operatus
2167 4890 2270 4951 est,
2320 4882 2523 4937 tradidi
2567 4883 2809 4947 Satanas,
2857 4881 2995 4934 dicit
3033 4879 3330 4950 Apostolus
3373 4878 3485 4946 (63)

1852 4983 1896 5050 (I
1935 4984 2080 5042 Cor.,
2113 4995 2166 5049 v,
2197 4980 2250 5045 4,
2279 4978 2355 5047 5);
2385 4993 2503 5032 non
2532 4993 2671 5047 ergo
2705 4978 2853 5030 esset
2878 4973 3142 5041 traditus,
3171 4971 3277 5026 nisi
3306 4986 3483 5041 opera

1852 5116 2188 5250 de(t§)2,)a£dit.
2218 5186 2362 5247 Am.,'
2391 5195 2682 5234 arumnam
2723 5188 2967 5246 precatus
3002 5185 3092 5230 est.
3131 5179 3255 5230 Era.
3295 5184 3351 5230 et
3389 5180 3482 5231 alii

1853 5259 2300 5318 emendarunt...,
2329 5257 2640 5320 deprecatus
2669 5260 2758 5306 est.
2791 5255 2908 5304 Non
2944 5251 3104 5311 male,
3137 5252 3182 5300 si
3213 5252 3299 5301 vel
3338 5265 3488 5301 unus

1852 5344 1883 5382 e
1921 5343 2050 5381 mss.
2097 5329 2504 5392 astipularetur.
2551 5325 2646 5377 Sic
2698 5325 2867 5375 etiam
2919 5322 3060 5371 infra
3105 5334 3360 5372 sermone
3411 5323 3488 5380 l7,

1851 5417 2006 5453 num.
2045 5401 2125 5462 22,
2167 5400 2296 5450 edit.
2340 5398 2566 5459 habent,
2600 5399 2768 5459 Quam
2804 5397 2935 5458 jure
2979 5398 3222 5458 precatus
3259 5399 3348 5454 est,
3391 5394 3487 5443 ubi

1850 5488 2003 5533 mss.,
2042 5474 2208 5534 Quam
2236 5472 2367 5535 jure
2403 5469 2673 5534 praecavit.
2713 5466 2877 5530 Quod
2916 5468 3154 5530 utroque
3190 5467 3312 5516 loco
3357 5479 3488 5516 con-

1850 5547 2018 5598 cinne
2046 5545 2157 5594 dici
2191 5557 2357 5595 nemo
2386 5555 2500 5591 non
2529 5539 2730 5589 videat.

1915 5617 2009 5679 (63)
2054 5617 2261 5666 Omnes
2309 5612 2460 5672 edit.,
2501 5611 2725 5661 tradidit
2763 5610 2978 5660 Satanae
3018 5606 3317 5679 Apostolus.
3359 5609 3485 5658 Mss.

1849 5678 1960 5737 non
1989 5687 2213 5750 pauci...
2248 5691 2303 5734 ut
2327 5685 2453 5734 dicit
2481 5679 2778 5745 Apostolus.
2810 5681 2920 5730 Alii
2949 5680 3166 5743 partim,
3194 5678 3337 5728 tradi
3381 5681 3480 5728 Sa-

1850 5763 1988 5807 tanae
2024 5757 2152 5806 dicit
2197 5754 2506 5819 Apostolus;
2541 5753 2761 5816 partim,
2804 5751 3028 5809 tradidi,
3071 5754 3201 5813 etc.,
3248 5763 3484 5816 quorum

1848 5828 2147 5880 lectionem
2175 5827 2269 5880 hic
2297 5826 2630 5879 arbitramur
2654 5823 3118 5892 anteponendam.
