3930 6168
448 199 583 251 1503

2001 189 2316 246 AMBROSII

3641 203 3757 257 1504

438 321 661 376 fecisset
695 319 928 376 diaboli.
963 321 1123 376 Unde
1163 337 1280 377 non
1328 321 1617 378 immerito
1664 322 1890 376 recusat
1936 333 2066 390 pro-
2094 317 2266 400 Aqui
2316 319 2500 373 totam
2551 317 2792 374 irritavit
2841 323 3074 387 terram,
3122 318 3399 374 concussit
3453 337 3628 392 reges,
3673 341 3762 396 po-

444 415 620 485 pheta
676 414 1006 470 nocentibus
1051 415 1220 482 tradi,
1275 415 1372 486 qui
1427 415 1640 486 allegat
1696 431 1814 468 non
1861 412 2070 468 diaboli

445 524 619 581 opera
656 525 716 564 se
753 508 972 577 fecisse,
1015 508 1113 563 sed
1151 509 1378 564 Christi.
1410 509 1662 564 Christus
1692 508 1845 562 enim
1888 506 2022 561 dicit
2055 524 2067 558 :

443 624 474 653 ι‹
489 601 745 658 Judicate
767 601 1006 673 pupillo,
1029 607 1086 657 et
1094 601 1403 672 justiﬁcate
1426 601 1657 656 viduam
1677 604 1831 671 (Isa.,
1852 617 1887 668 ι,
1913 602 2019 667 t7).
2043 621 2070 648 »

443 697 560 752 Hoc
590 698 676 749 est
703 710 839 766 ergo
876 718 885 746 :
917 697 1037 750 Feci
1054 695 1334 764 judicium
1368 702 1419 750 et
1447 696 1742 764 justitiam,
1777 695 1834 748 in
1861 691 2075 764 judicio

446 805 562 844 non
609 788 922 860 contempsi
967 804 1300 860 pauperem,
1348 805 1462 843 non
1516 788 1767 860 oppressi
1815 786 2070 853 viduam,

443 897 746 956 personam
784 881 971 938 divitis
1007 899 1123 938 non
1160 883 1369 953 recepi,
1419 882 1475 936 in
1507 881 1770 937 omnibus
1809 878 2075 951 operibus

437 976 718 1046 justitiam
744 976 1044 1030 reservavi.

520 1070 604 1124 l4.
643 1069 844 1125 Judicii
891 1068 1018 1124 ﬁnis
1055 1068 1278 1141 justitia
1327 1073 1430 1124 est.
1482 1071 1540 1123 ln
1594 1068 1775 1123 altero
1825 1065 2076 1121 veritatis

445 1163 714 1230 custodia,
763 1163 822 1217 in
864 1164 1040 1218 altero
1087 1162 1301 1218 fructus
1351 1169 1436 1218 est
1483 1161 1784 1235 aequitatis,
1833 1165 2076 1232 utraque

451 1255 499 1328 1
517 1254 566 1328 1
583 1255 711 1328 ’74
732 1257 922 1312 tamen
951 1273 1067 1312 non
1091 1255 1313 1327 privata
1336 1256 1526 1323 virtus,
1554 1256 1649 1311 sed
1678 1254 2077 1326 publica.Nam

445 1349 882 1404 immaculatum
914 1365 1118 1420 corpus
1158 1365 1192 1402 a
1229 1348 1372 1404 virili
1411 1349 1789 1420 permistione
1831 1363 2075 1414 servare,

450 1445 510 1497 et
536 1442 786 1513 palmam
817 1443 1169 1498 castimoniae
1209 1442 1412 1498 limoso
1449 1443 1506 1497 in
1535 1457 1768 1514 corpore
1796 1457 1979 1512 usque
2005 1439 2079 1495 ad

449 1535 788 1606 angelorum
855 1537 1347 1592 conversationem
1416 1536 1672 1592 custodia
1736 1534 2080 1606 integritatis

447 1628 720 1696 evehere,
776 1628 988 1684 utilitas
1037 1631 1283 1701 privata,
1335 1631 1454 1685 laus
1501 1629 1724 1701 publica
1768 1634 1883 1698 est;
1927 1627 2082 1698 frugi

449 1738 570 1777 esse
600 1738 664 1777 ac
689 1723 1031 1790 modestum,
1062 1726 1121 1778 et
1147 1724 1353 1779 sobriae
1378 1723 1673 1795 parcitatis
1698 1726 1898 1778 tenere
1924 1737 2081 1776 men-
2099 1695 2156 1766 Β

450 1831 645 1870 suram
693 1815 968 1887 probatur
1010 1833 1043 1870 a
1085 1817 1361 1888 pluribus,
1405 1818 1503 1872 sed
1552 1817 1654 1871 sibi
1695 1816 1799 1871 soli
1834 1814 2074 1887 proﬁcit.

453 1908 740 1963 Fortitudo
781 1910 841 1963 in
885 1910 1094 1981 praeliis
1140 1911 1374 1980 eminet,
1417 1911 1475 1964 in
1521 1910 1634 1965 otio
1675 1909 1888 1981 friget:
1921 1908 2080 1980 cujus

441 2019 593 2073 opus
636 2003 696 2057 in
738 2005 996 2076 tempore
1035 2005 1432 2073 necessarium,
1471 2003 1532 2058 in
1572 2009 1705 2059 voto
1745 2003 2077 2069 adversum;

452 2097 679 2150 malunt
708 2096 859 2151 enim
891 2097 1158 2152 homines
1183 2115 1300 2153 non
1329 2114 1606 2170 pugnare,
1635 2113 1810 2168 quam
1833 2095 2076 2151 vincere.

454 2189 581 2244 Sola
628 2189 848 2260 justitia
899 2194 985 2245 est
1038 2207 1166 2263 quas
1214 2190 1474 2246 omnibus
1523 2190 1905 2262 temporibus,
1957 2188 2082 2244 aliis

454 2283 640 2353 potius
692 2287 822 2338 nata
872 2301 1042 2354 quam
1088 2284 1214 2351 sibi,
1262 2284 1599 2356 quotidiano
1645 2301 1751 2339 usu
1795 2287 1854 2338 et
1894 2283 2080 2338 fructu

457 2376 704 2446 publico,
735 2393 838 2432 suo
868 2377 1080 2433 damno
1111 2379 1321 2434 alienas
1350 2378 1591 2434 custodit
1625 2378 1913 2445 utilitates,
1955 2393 2082 2449 quas

455 2468 599 2523 nihil
648 2469 855 2524 habeat
898 2470 1157 2525 utilitatis
1214 2475 1272 2525 et
1316 2472 1630 2543 plurimum
1665 2471 1877 2545 laudis.
1928 2471 2083 2524 Hanc

455 2563 631 2634 igitur
656 2564 944 2635 Pr0pheta
967 2565 1274 2635 praetendit
1297 2566 1368 2622 ad
1394 2566 1481 2620 sui
1508 2565 1696 2621 meriti
1717 2565 2083 2620 commenda-

455 2655 707 2726 tionem,
766 2657 959 2712 dicens
1007 2675 1022 2712 :
1075 2661 1192 2714 Feci
1235 2659 1504 2730 judicium
1561 2665 1612 2715 et
1653 2660 1962 2729 justitiam,
2018 2673 2084 2713 ne

457 2750 646 2806 tradas
673 2766 755 2805 me
783 2752 1096 2808 nocentibus
1125 2768 1225 2808 me.
1254 2752 1357 2808 Ubi
1382 2752 1624 2824 justitia,
1659 2751 1736 2807 ibi
1768 2752 2085 2807 misericor-

457 2842 567 2897 dia.
602 2843 976 2899 Misericordia
1014 2863 1048 2899 a
1087 2850 1319 2916 peccato
1358 2846 1582 2900 liberat.
1616 2845 1911 2910 Quomodo
1947 2862 2083 2918 ergo

457 2938 846 3006 peccatoribus
903 2937 1143 2992 trador?
1202 2938 1399 2994 Simile
1462 2938 1603 2993 illud
1659 2939 1718 2993 in
1771 2938 2012 2994 Canticis
2067 2955 2080 2992 :

2172 412 2282 466 suit
2329 412 2656 468 universum
2707 412 2904 468 orbem
2951 412 3266 478 desertum,
3305 418 3361 468 et
3401 413 3637 470 civitates
3676 419 3759 473 de-

2172 506 2394 574 struxit,
2428 521 2523 560 eos
2560 507 2656 578 qui
2684 507 2744 561 in
2781 506 3120 561 abductione
3154 509 3336 572 erant,
3380 523 3488 562 non
3513 509 3703 564 solvit?

2248 601 2331 654 16.
2360 601 2670 656 Caveamus
2707 615 2844 670 ergo
2885 616 2955 655 ne
2989 615 3181 654 muros
3214 599 3419 654 animas
3454 605 3650 657 nostrae
3679 603 3764 658 de-

2174 695 2372 761 struat,
2413 710 2486 747 ne
2523 693 2957 766 propugnacula
2991 695 3196 748 nostras
3237 694 3442 748 mentis
3485 693 3677 763 diruat,
3709 714 3768 752 ne

2176 803 2346 858 super
2394 787 2581 842 sidera
2629 787 2902 842 thronum
2951 803 3119 842 suum
3169 791 3363 858 ponat.
3413 788 3571 843 Ponit
3618 805 3771 860 super

2176 880 2383 947 sidera,
2439 881 2666 952 quando
2719 882 2966 935 electum
3022 880 3250 951 decipit,
3301 880 3530 952 quando
3575 883 3769 952 justum

2175 973 2561 1041 circumvenit,
2615 975 2774 1045 cujus
2836 990 3009 1046 opera
3068 974 3264 1029 lucent
3330 974 3470 1028 sicut
3521 976 3682 1030 stellae
3723 977 3772 1031 in

2175 1067 2335 1122 ccelo.
2369 1069 2567 1123 Nonne
2597 1072 2656 1123 et
2680 1071 2706 1123 J
2714 1068 2849 1123 udas
2877 1067 3136 1139 proditor
3169 1067 3316 1123 inter
3345 1071 3572 1123 caeteros
3601 1069 3771 1125 audie-

2174 1160 2272 1216 bat
2309 1178 2322 1216 :
2364 1163 2467 1217 Vos
2509 1165 2634 1218 estis
2683 1163 2782 1216 tua:
2825 1162 2986 1231 hujus
3030 1161 3225 1217 mundi
3267 1161 3510 1232 (Matth.,
3556 1178 3605 1232 v,
3657 1163 3774 1232 lt)?

2178 1255 2378 1310 Nonne
2421 1255 2674 1310 diabolus
2703 1256 2898 1310 lumen
2939 1257 3061 1326 ejus
3107 1254 3422 1310 exstinxit?
3449 1255 3590 1319 Quin
3624 1257 3775 1322 etiam

2180 1365 2321 1420 quos
2356 1365 2468 1404 non
2511 1349 2763 1420 potuerit
2803 1349 3236 1418 circumvenire,
3279 1347 3673 1417 calumniatur,
3712 1350 3778 1404 in-

2177 1441 2377 1497 videns
2421 1443 2588 1514 regni
2635 1441 2874 1498 caelestis
2920 1443 3158 1514 gloriam
3194 1460 3207 1498 :
3240 1445 3308 1497 ut
3344 1458 3489 1514 quos
3531 1442 3780 1498 illecebris

2179 1536 2292 1590 suis
2329 1552 2363 1590 a
2404 1535 2622 1592 Christo
2657 1552 2771 1590 non
2817 1537 3004 1607 potuit
3047 1552 3336 1607 separare,
3379 1551 3476 1591 eos
3516 1536 3780 1592 calumniis

2179 1629 2296 1684 suis
2342 1629 2517 1685 debiti
2561 1629 2795 1685 honoris
2844 1629 3034 1684 fructu
3078 1630 3346 1685 fraudare
3390 1633 3640 1684 conetur.
3690 1632 3779 1684 Fu-

2182 1722 2404 1795 giamus
2453 1739 2594 1795 ergo
2647 1724 2828 1778 malos
2873 1723 3330 1791 calumniatores,
3375 1723 3474 1795 qui
3519 1728 3781 1794 peccatum

2181 1819 2487 1888 operantur
2525 1817 2584 1871 in
2623 1817 2790 1872 nobis
2836 1822 2893 1872 et
2932 1817 3039 1889 ipsi
3081 1816 3247 1872 nobis
3284 1816 3596 1872 calumnias
3631 1817 3780 1871 infes-

2179 1909 2400 1965 tissima
2436 1909 2693 1982 1175
2739 1909 3093 1965 accusatione
3127 1913 3514 1982 componunt,
3557 1909 3610 1964 id
3650 1909 3781 1980 quod

2180 2002 2289 2074 ipsi
2327 2002 2568 2058 fecerint
2599 2008 2922 2075 arguentes.
2955 2005 3097 2059 Ecce
3133 2019 3338 2057 manus
3366 2002 3587 2058 Domini
3613 2006 3783 2074 parata

2181 2101 2282 2165 est,
2331 2113 2462 2169 quae
2512 2101 2567 2152 te
2610 2097 2924 2168 fugientem
2973 2096 3043 2150 ab
3085 2096 3426 2152 adversariis
3475 2099 3692 2151 tueatur
3729 2111 3782 2149 ac

2180 2193 2456 2263 protegat.
2502 2190 2716 2246 Pharao
2757 2195 2811 2245 te
2852 2191 2908 2245 in
2949 2189 3204 2261 patribus
3239 2190 3474 2245 tenebat
3517 2190 3781 2261 superbus,

2182 2284 2460 2354 immitis;
2489 2284 2686 2356 fugisti
2719 2284 2791 2338 ab
2829 2300 2922 2352 eo,
2955 2282 3206 2356 suscepit
3230 2287 3288 2338 te
3328 2300 3529 2338 manus
3565 2281 3782 2346 Domini,

2183 2379 2241 2432 et
2267 2377 2340 2432 de
2376 2377 2636 2448 periculis
2666 2376 2946 2432 liberavit.
2977 2377 3101 2432 Non
3133 2375 3445 2433 dimisisset
3480 2379 3536 2430 te
3568 2377 3781 2444 Pharao,

2185 2471 2290 2526 nisi
2325 2476 2385 2527 tu
2424 2471 2496 2526 ad
2535 2471 2843 2526 Dominum
2881 2470 3249 2542 confugisses.
3285 2471 3519 2526 Dicebat
3547 2470 3781 2525 Pharao:

2187 2587 2213 2614 ‹‹
2259 2564 2566 2620 Dominum
2607 2565 2818 2630 nescio,
2853 2569 2911 2619 et
2958 2565 3126 2620 Israel
3176 2581 3291 2618 non
3331 2564 3553 2619 dimitto
3593 2562 3784 2631 (Exod,

2183 2675 2236 2726 v,
2285 2658 2361 2728 2).
2412 2681 2441 2710 »
2493 2657 2657 2714 Vides
2698 2674 2868 2730 quam
2911 2657 3238 2729 superbus?
3267 2659 3469 2713 Merito
3514 2673 3644 2728 ergo
3689 2672 3784 2709 sus-

2183 2756 2379 2825 ceptus
2421 2753 2478 2807 in
2515 2752 2666 2807 bono
2713 2755 2817 2819 est,
2849 2751 2948 2823 qui
2986 2750 3205 2806 malum
3243 2751 3419 2824 fugit.
3450 2753 3568 2807 Non
3603 2750 3788 2822 patitur

2185 2862 2324 2918 ergo
2367 2849 2510 2902 Deus
2558 2846 2618 2900 in
2667 2846 2814 2900 malo
2867 2861 2979 2900 non
3031 2861 3192 2912 esse;
3243 2845 3481 2916 suscipit
3534 2845 3591 2899 in
3637 2844 3785 2908 bono,

2183 2957 2289 2995 nec
2316 2941 2526 3012 patitur
2548 2956 2676 2995 suos
2699 2938 2997 2994 calumniis
3026 2938 3346 3009 subjacere.

459 3046 492 3079 κ
541 3029 682 3085 Exui
730 3030 982 3085 tunicam
1026 3048 1236 3099 meam,
1284 3032 1576 3103 quomodo
1619 3031 1850 3086 induam
1904 3031 2159 3134 eam?c
2259 3038 2343 3088 t7.
2384 3035 2557 3102 (Vers.
2606 3033 2748 3104 123.)
2789 3033 2943 3088 Oculi
2988 3035 3091 3088 mei
3135 3033 3444 3098 defecerunt
3485 3035 3542 3085 in
3575 3032 3788 3086 salutare

458 3123 590 3176 Lavi
616 3123 794 3194 pedes
822 3139 998 3190 meos,
1021 3125 1308 3195 quomodo
1336 3124 1648 3197 inquinabo
1677 3141 1775 3180 eos
1803 3126 2006 3197 (Cant.,
2030 3142 2082 3196 v,

459 3215 547 3282 3)?
571 3237 598 3264 »
629 3216 771 3270 Επιιί
801 3216 1054 3271 tunicam
1084 3217 1408 3288 peccatoris,
1436 3219 1807 3290 velamenque
1830 3219 2042 3274 terreni
2069 3236 2082 3274 :

459 3325 560 3363 cur
597 3309 755 3380 quasi
795 3313 1062 3382 peccator
1093 3315 1263 3383 atque
1305 3315 1568 3368 terrenus
1596 3312 1926 3382 adjudicor?
1957 3313 2083 3367 Lavi

458 3402 632 3473 pedes
676 3418 852 3471 meos,
900 3421 974 3459 ne
1008 3420 1123 3475 qua
1161 3403 1352 3459 delicti
1398 3421 1520 3459 sors
1563 3410 1751 3476 posset
1789 3406 2085 3462 adhaerere

459 3496 698 3568 vestigio
746 3514 759 3552 :
802 3514 903 3552 cur
964 3497 1061 3553 das
1123 3497 1182 3552 in
1236 3514 1328 3556 me
1379 3498 1839 3570 delinquentibus
1893 3505 2082 3571 potes-

460 3593 632 3646 tatem
650 3589 678 3644 ?

533 3687 615 3738 15.
661 3685 837 3753 (Vcrs.
887 3686 1028 3758 122.)
1073 3686 1338 3759 Sequitur
1375 3703 1387 3741 :
1422 3689 1642 3758 Suscipe
1682 3703 1894 3743 servum
1933 3695 2087 3744 tuum

456 3779 514 3831 in
567 3779 728 3846 bona;
779 3795 887 3834 non
933 3782 1339 3838 calumnientur
1385 3797 1467 3837 me
1508 3782 1743 3852 superbi.
1787 3783 1954 3846 Quasi
1997 3784 2086 3853 ju-

457 3870 585 3926 dicii
641 3874 697 3926 et
739 3873 972 3944 justitiai
1022 3874 1308 3944 conscius,
1367 3875 1700 3930 auctoritate
1757 3875 2086 3948 prophetica

456 3965 850 4035 progreditur,
909 3973 969 4022 ut
1034 3984 1258 4024 servum
1319 3968 1545 4024 Domini
1602 3985 1661 4023 se
1729 3969 1916 4025 dicere
1971 3986 2082 4024 non

458 4058 828 4128 reformidet;
865 4077 1060 4116 servus
1097 4062 1251 4117 enim
1298 4063 1521 4117 Domini
1561 4062 1702 4116 nihil
1741 4062 1913 4119 debet
1949 4063 2082 4118 alie-

460 4151 569 4204 nis.
632 4153 876 4208 Pretiosa
938 4154 1059 4209 haec
1125 4160 1212 4209 est
1272 4156 1549 4223 servitus,
1615 4172 1741 4228 quin
1811 4156 2084 4212 virtutum

462 4248 682 4300 constat
709 4247 991 4318 expensis.
1018 4249 1132 4303 Cur
1149 4254 1342 4303 autem
1367 4249 1532 4303 timet
1558 4249 1890 4304 nocentibus
1916 4250 2081 4319 tradi,

462 4339 648 4409 aperit
698 4340 1023 4410 evidenter,
1085 4342 1216 4414 quia
1277 4342 1717 4398 calumniatores
1771 4347 1930 4410 sunt,
1986 4344 2085 4416 qui

2190 3135 2363 3190 tuum,
2421 3133 2472 3181 et
2520 3129 2578 3181 in
2627 3128 2897 3197 eloquium
2937 3127 3172 3195 justitiae
3227 3132 3356 3181 tua.
3409 3125 3513 3191 Qui
3563 3125 3670 3179 sint
3713 3123 3788 3177 isti

2187 3221 2333 3278 oculi
2384 3219 2692 3288 considera,
2742 3219 2841 3292 qui
2887 3219 2944 3273 in
2993 3218 3281 3274 Christum
3333 3218 3617 3287 deﬁciunt,
3669 3217 3785 3272 dum

2187 3317 2307 3388 ejus
2333 3315 2735 3388 prasstolantur
2759 3313 3088 3379 adventum,
3119 3312 3333 3368 anime
3365 3312 3621 3368 videlicet
3643 3309 3788 3375 oculi,

2188 3426 2300 3465 non
2352 3407 2624 3480 corporis,
2671 3412 2794 3462 tota
2836 3406 2971 3461 fidei
3013 3405 3334 3462 intentione
3386 3405 3582 3475 deﬁxi;
3631 3406 3683 3460 in
3733 3419 3788 3456 eo

2187 3504 2341 3559 enim
2385 3518 2558 3574 quem
2594 3500 2907 3573 diligimus,
2940 3501 3072 3556 totis
3104 3499 3281 3555 oculis
3322 3514 3679 3572 occupamur,
3704 3512 3791 3552 nec

2185 3597 2494 3670 quidquam
2539 3595 2695 3651 aliud
2746 3594 2937 3649 videre
2985 3593 3249 3648 delectat.
3305 3595 3428 3650 Non
3477 3597 3658 3665 potest
3701 3591 3789 3645 hoc

2187 3692 2376 3746 dicere
2407 3689 2512 3745 nisi
2554 3689 2653 3760 qui
2693 3705 2728 3743 a
2766 3687 3075 3743 mundanis
3113 3686 3586 3743 sollicitudinibus
3617 3691 3670 3741 et
3699 3700 3788 3738 sa:-

2187 3785 2469 3841 cularibus
2515 3782 2903 3854 voluptatibus
2968 3781 3354 3836 intentionem
3413 3796 3639 3836 omnem
3692 3793 3793 3831 sua

2187 3879 2394 3934 mentis
2425 3876 2644 3934 avertit.
2685 3877 2820 3930 Nam
2858 3874 3152 3946 quomodo
3189 3875 3294 3930 hoc
3333 3875 3491 3942 dicit,
3527 3874 3620 3946 qui
3652 3873 3790 3927 thea-

2188 3972 2421 4028 tralibus
2470 3969 2727 4026 ludibriis
2776 3968 3120 4040 occupatur?
3164 3967 3276 4023 Sed
3332 3968 3427 4024 ille
3481 3969 3586 4024 hoc
3641 3964 3790 4027 dicit,

2185 4067 2282 4139 qui
2309 4082 2476 4138 supra
2504 4064 2648 4120 dixit
2677 4081 2689 4118 :
2727 4065 2921 4119 Averte
2947 4063 3144 4124 oculos,
3174 4077 3239 4116 ne
3263 4063 3489 4117 uideant
3520 4063 3794 4116 vanitatem

2189 4162 2397 4231 (supra,
2439 4174 2578 4214 vers.
2618 4158 2726 4228 37).
2771 4155 2878 4221 Qui
2918 4158 3109 4210 autem
3155 4160 3286 4209 sunt
3335 4155 3485 4210 oculi
3535 4154 3632 4227 qui
3669 4151 3790 4207 deﬁ-

2184 4255 2338 4308 ciunt
2376 4254 2434 4307 in
2472 4250 2764 4322 eloquium
2797 4249 2912 4317 Dei,
2954 4248 3058 4304 nisi
3103 4248 3248 4303 oculi
3298 4248 3584 4303 interioris
3629 4242 3790 4302 homi-

2184 4347 2291 4415 nis,
2337 4346 2680 4416 obtutusque
2720 4343 2946 4411 animae,
2987 4342 3086 4413 qui
3125 4341 3443 4397 tenduntur
3488 4346 3546 4396 ut
3592 4339 3794 4394 videant

461 4432 686 4488 oderint
739 4435 1063 4504 veritatem;
1111 4435 1453 4507 impugnent
1495 4436 1901 4505 innocentiam,
1953 4429 2280 4509 quiaDDei
2324 4439 2579 4506 verbum,
2627 4441 2683 4492 et
2723 4436 2896 4492 nimia
2935 4435 3253 4492 intentione
3298 4442 3354 4490 et
3397 4431 3792 4506 exspectatione

457 4526 685 4596 superbi
732 4535 880 4583 sunt.
925 4529 1116 4593 Qualis
1152 4530 1303 4584 enim
1345 4531 1647 4586 adversum
1690 4533 1945 4586 servulos
1987 4531 2084 4586 Dei

461 4621 651 4691 potest
688 4622 962 4692 superbus
999 4640 1140 4688 esse,
1181 4625 1279 4696 qui
1311 4625 1579 4679 adversus
1615 4627 1792 4680 Deum
1835 4642 1891 4680 se
1931 4627 2082 4681 exal-

463 4717 564 4783 tat,
605 4719 663 4769 et
701 4715 836 4770 dicit
876 4733 887 4770 :
927 4738 953 4764 ‹‹
989 4719 1046 4772 ln
1084 4718 1289 4773 ccelum
1326 4719 1650 4788 ascendam,
1698 4735 1870 4791 super
1899 4721 2086 4775 sidera

461 4808 582 4864 coeli
630 4825 838 4880 ponam
883 4811 1077 4866 sedem
1119 4828 1334 4882 meam,
1385 4813 1596 4868 sedebo
1641 4814 1698 4868 in
1748 4817 1944 4870 monte
1988 4831 2082 4869 ex-

461 4903 633 4970 celso,
680 4921 855 4976 super
903 4910 1128 4961 montes
1176 4908 1320 4962 altos
1366 4908 1464 4979 qui
1505 4913 1637 4962 sunt
1679 4907 1750 4962 ab
1789 4908 2085 4979 Aquilone,

461 4997 759 5053 ascendam
809 5015 980 5070 super
1025 4999 1238 5065 nubes,
1293 5006 1348 5056 et
1401 5017 1498 5055 cro
1558 5001 1757 5055 similis
1807 5001 2088 5056 Altissimo

462 5093 616 5161 (Isa.,
645 5109 750 5160 xw,
785 5095 870 5160 l3,
908 5094 1030 5163 14)?
1062 5115 1087 5142 η
1121 5094 1264 5158 Quid
1307 5094 1483 5166 igitur
1513 5094 1742 5162 mirum,
1776 5095 1820 5148 si
1853 5111 2088 5165 gravare

462 5185 720 5240 homines
783 5187 988 5257 possit,
1049 5188 1145 5259 qui
1213 5188 1488 5260 pervicaci
1541 5189 1746 5260 spiritu
1817 5205 1921 5244 nec
1975 5189 2090 5243 Deo

463 5278 656 5332 cedit?
694 5281 988 5342 Quomodo
1030 5297 1358 5337 mensuram
1406 5281 1672 5352 veritatis,
1716 5286 1773 5337 et
1813 5281 1984 5336 ﬁdem
2031 5282 2089 5335 in

464 5369 755 5426 hominem
807 5374 1134 5446 reservabit,
1187 5375 1285 5448 qui
1337 5375 1608 5447 sacrilego
1660 5375 2091 5446 impudentique

464 5463 765 5520 mendacio
821 5469 1200 5541 omnipotenti
1266 5486 1323 5524 se
1376 5469 1618 5524 Domino
1671 5468 2092 5541 adaequandum

467 5574 585 5612 esse
615 5561 931 5628 promittit?
957 5564 1251 5628 Quomodo
1282 5563 1664 5619 calumniatur
1695 5562 1933 5634 singulis
1961 5562 2091 5633 (64),

535 5681 630 5744 {64)
656 5680 861 5732 Omnes
888 5683 1039 5743 edit.,
1069 5686 1334 5746 Quomodo
1358 5699 1466 5737 non
1501 5685 1870 5736 calumniatur
1911 5686 2095 5749 singu-

471 5755 572 5812 los;
603 5767 794 5804 omnes
823 5768 973 5815 mss.,
1009 5755 1270 5815 Quomodo
1299 5757 1658 5808 calumniatur
1684 5756 1910 5823 singulis
1928 5754 1958 5808 ?
1978 5758 2095 5807 Non

2188 4534 2456 4590 deﬁciunt
2498 4533 2557 4586 in
2597 4531 2845 4586 salutare
2886 4529 3013 4596 Dei,
3059 4529 3339 4585 defectum
3386 4529 3471 4583 sui
3514 4526 3793 4599 patientes,

2189 4634 2249 4683 ut
2279 4630 2572 4683 assumant
2600 4625 2750 4696 quod
2778 4622 2932 4680 verbi
2965 4623 3088 4678 est?
3207 4694 3217 4702 _

2263 4724 2346 4777 18.
2379 4721 2442 4774 Et
2471 4719 2604 4791 quia
2632 4717 2921 4788 eloquium
2956 4715 3050 4771 Dei
3084 4717 3386 4787 plerosque
3429 4727 3652 4769 movere
3694 4723 3795 4763 non

2189 4819 2392 4886 potest,
2430 4813 2558 4868 ideo
2592 4811 2812 4866 addidit
2844 4827 2857 4864 :
2892 4810 3182 4879 Eloquium
3199 4809 3454 4878 justitia,
3497 4811 3557 4861 ut
3594 4815 3796 4859 movere

2189 4925 2301 4964 non
2341 4906 2560 4963 debeat.
2602 4905 2821 4960 Movere
2866 4905 3059 4958 autem
3099 4905 3338 4972 poterat,
3370 4901 3508 4972 quia
3547 4898 3794 4968 scriptum

2189 5006 2274 5057 est
2302 5019 2314 5055 :
2353 5022 2380 5048 «
2410 5000 2588 5071 Major
2614 4997 2814 5054 serviet
2845 4996 3054 5051 minori
3090 4995 3266 5067 (Gem,
3302 5011 3427 5061 xxv,
3470 4995 3578 5064 23).
3606 5011 3632 5042 ν
3671 4989 3792 5044 Nam

2191 5095 2298 5150 nisi
2355 5094 2423 5148 ad
2477 5090 2809 5164 mysterium
2861 5089 3123 5161 accipias,
3183 5093 3400 5144 naturae
3454 5083 3656 5156 injuria
3703 5081 3792 5133 est.

2193 5191 2275 5255 Et,
2323 5209 2350 5236 ι(
2403 5187 2534 5242 Dedi
2580 5185 2733 5240 vobis
2773 5188 3057 5256 praecepta
3096 5199 3208 5236 non
3259 5182 3409 5236 bona
3449 5178 3672 5250 (Ezech.,
3715 5186 3792 5234 xx,

2193 5281 2301 5350 25).
2351 5303 2375 5327 ››
2426 5281 2572 5351 Ergo
2618 5280 2767 5334 Deus
2815 5277 2959 5332 mala
2997 5277 3094 5331 dat
3137 5277 3440 5348 praecepta.
3485 5273 3579 5338 Et,
3629 5287 3655 5317 (ι
3690 5267 3794 5334 Ego

2193 5374 2468 5430 Dominus
2511 5389 2706 5430 creans
2746 5371 2893 5428 mala
2938 5372 3090 5441 (Isa.,
3137 5385 3257 5436 XLV,
3305 5367 3379 5439 7).
3428 5388 3455 5416 ι»
3497 5363 3603 5420 Sed
3637 5364 3690 5416 et
3729 5357 3791 5411 de

2193 5467 2489 5541 praeceptis
2527 5467 2606 5521 sic
2642 5466 2896 5535 solvitur,
2930 5463 3064 5536 quia
3101 5460 3341 5517 inﬁrmis
3385 5475 3497 5514 non
3543 5457 3665 5511 dare
3700 5449 3786 5504 de-

2193 5561 2319 5617 buit
2348 5561 2594 5632 perfecta
2622 5563 2926 5631 praecepta,
2960 5573 3090 5629 quae.
3118 5555 3392 5611 sustinere
3422 5569 3534 5608 non
3564 5544 3785 5621 possent.

2197 5682 2360 5745 male,
2388 5683 2432 5732 si
2462 5695 2558 5746 per
2588 5681 2819 5734 ironiam
2849 5678 3062 5730 dictum
3091 5676 3406 5742 accipiatur.
