3930 6168
188 286 287 338 1505
1235 249 1595 336 Ἐχροδιτιο
1636 281 1701 334 IN

1904 279 2055 336 .MUM
2093 281 2318 336 CXVIII.
3322 283 3456 335 1506

180 402 358 470 Quando
395 398 599 456 audiret
642 398 867 454 Judasus
909 417 921 454 :
966 419 993 451 ‹‹
1038 401 1270 456 Dimitte
1317 402 1511 457 omnia
1555 407 1719 458 tua...
1747 417 1804 487 Α
1895 406 1986 459 2t.
2033 402 2209 458 Habet
2253 418 2393 473 ergo
2441 402 2636 456 oculos
2681 400 2962 456 columbae
3003 400 3074 456 ad
3123 401 3451 457 similitudi-

179 504 217 552 et
241 509 440 566 sequere
471 510 557 548 me
582 493 826 563 (Matth,
859 509 969 562 xIx,
998 492 1130 565 2t)?
1162 518 1188 543 ››
1233 495 1474 559 Quando
1501 497 1726 552 audiret
1825 513 1960 551 nem
1998 497 2228 566 Christi,
2268 495 2403 567 quia
2444 501 2501 550 et
2541 495 2612 549 de
2656 494 2776 566 ipso
2816 494 3023 549 lectum
3064 499 3150 548 est
3183 517 3194 547 :
3235 514 3262 546 α
3297 496 3456 550 Oculi

174 590 390 644 ludens:
425 608 452 636 «
495 587 599 651 Qui
638 603 753 642 non
793 587 990 642 tulerit
1033 603 1259 643 crucem
1303 605 1484 656 suam,
1531 594 1588 645 et
1632 607 1720 644 se-
1827 591 1906 644 tui
1959 591 2105 644 sicut
2155 590 2436 644 columbae
2483 605 2653 660 super
2704 587 3115 642 abundantiam
3174 604 3455 659 aquarum

171 688 289 737 cutus
311 697 390 736 me
409 680 586 747 fuerit,
609 696 727 735 non
747 686 830 736 est
851 697 944 735 me
966 681 1175 753 dignus
1199 683 1438 751 (Matth,
1469 698 1522 750 Χ,
1548 686 1632 751 38)
1649 683 1676 737 ?
1692 706 1720 733 »
1827 684 1954 738 lotae
1979 683 2040 738 in
2068 685 2230 751 lacte,
2253 683 2507 737 sedentis
2535 698 2708 753 super
2733 680 3154 753 plenitudinem
3179 681 3380 749 (Cant.,
3404 699 3456 749 ν,

172 776 248 830 Sed
272 776 376 829 haec
415 774 742 845 perfectiora
774 778 1058 846 praecepta
1088 776 1394 847 Evangelia
1437 780 1727 832 reservata
1831 779 1934 846 l2).
1977 799 2004 825 »
2043 775 2289 847 Baptizat
2318 776 2373 830 in
2414 777 2560 831 lacte
2605 776 2894 842 Dominus,
2927 775 2983 829 id
3024 777 3128 842 est,
3171 774 3229 828 in
3273 773 3454 828 since-

170 873 280 923 sunt.
315 869 370 922 Et
402 869 542 922 mala
577 884 692 922 non
727 869 944 923 creavit
979 869 1141 936 Deus,
1181 869 1278 924 sed
1323 870 1446 924 hinc
1480 887 1608 941 quae
1642 870 1723 924 vi-
1827 870 2012 924 ritate.
2063 871 2127 923 Et
2165 869 2261 923 isti
2299 874 2433 924 sunt
2476 869 2572 940 qui
2616 885 2743 923 vere
2783 868 3152 939 baptizantur
3189 868 3249 922 in
3290 867 3456 934 lacte,

167 965 329 1017 dentur
350 960 504 1016 nobis
531 965 774 1027 austera,
815 961 1069 1028 verbera,
1112 978 1265 1016 mors
1305 968 1361 1017 et
1399 962 1728 1034 hujusmodi
1828 963 1926 1034 qui
1950 964 2072 1018 sine
2101 963 2234 1018 dolo
2257 962 2523 1028 credunt,
2556 968 2613 1017 et
2642 978 2844 1033 puram
2874 961 3050 1016 ﬁdem
3075 961 3364 1026 deferunt,
3396 966 3456 1014 ut

167 1057 245 1109 alia
281 1071 393 1126 quae
436 1059 665 1125 propter
711 1055 1172 1110 emendationem
1217 1056 1548 1128 praescripta
1595 1059 1729 1111 sunt
1827 1056 2248 1111 immaculatam
2268 1057 2513 1110 induant
2532 1056 2796 1128 gratiam.
2821 1054 2952 1111 Ideo
2977 1054 3219 1109 candida
3239 1054 3460 1124 Sponsa

167 1148 446 1216 noxiorum;
481 1148 649 1217 justis
677 1147 830 1202 enim
869 1165 982 1202 non
1024 1153 1111 1203 est
1149 1149 1237 1203 lex
1276 1149 1477 1220 posita,
1512 1150 1607 1205 sed
1649 1149 1729 1204 in-
1827 1150 2082 1204 ascendit
2119 1149 2191 1203 ad
2230 1149 2538 1217 Christum,
2576 1148 2710 1220 quia
2748 1148 2808 1203 in
2847 1148 2992 1204 lacte
3029 1147 3310 1219 baptizata
3350 1152 3455 1202 est.

156 1241 301 1310 justis.
350 1243 481 1296 Nam
536 1242 583 1294 si
637 1242 790 1296 noxii
841 1241 984 1296 nihil
1038 1243 1342 1310 timerent,
1393 1244 1728 1300 innocentes
1828 1242 1956 1298 Ideo
2000 1242 2286 1298 mirantur
2328 1259 2458 1298 eam
2504 1242 2748 1297 Virtutes
2797 1247 2853 1297 et
2897 1243 3224 1305 Potestates,
3274 1241 3461 1296 dicen-

159 1351 341 1406 semper
364 1334 644 1390 timerent.
1829 1340 1951 1392 tes:
1989 1358 2016 1385 ‹‹
2047 1336 2184 1400 Qua:
2225 1341 2311 1391 est
2347 1335 2468 1390 hinc
2506 1351 2634 1406 quae
2673 1335 2923 1390 ascendit
2956 1334 3224 1389 dealbata
3253 1334 3462 1406 (Cant.,

213 1430 279 1481 l9.
319 1427 415 1491 Qui
459 1435 590 1482 sunt
635 1428 811 1498 igitur
855 1428 946 1482 isti
998 1429 1146 1484 oculi
1199 1430 1298 1500 qui
1345 1429 1621 1485 deficiunt
1665 1431 1722 1484 in
1829 1445 1944 1496 VIII,
1990 1429 2081 1498 5)?
2126 1449 2152 1480 »
2194 1434 2338 1484 Ante
2386 1429 2679 1498 paululum
2723 1426 2943 1482 dicebat
2986 1446 2997 1481 :
3050 1449 3078 1476 ι(
3126 1427 3293 1497 Nigra
3336 1442 3460 1480 sum

157 1523 350 1576 salutare
388 1521 523 1575 Dei?
561 1520 814 1575 Diximus
861 1523 1088 1576 oculum
1135 1523 1543 1594 suppliciorum
1586 1516 1734 1590 esse,
1828 1524 2096 1593 (Cant.,1,
2123 1523 2208 1591 4);
2241 1543 2268 1572 ››
2302 1538 2455 1576 nunc
2495 1521 2754 1576 dealbata
2791 1520 3066 1589 cernitur,
3106 1525 3164 1574 et
3205 1520 3463 1575 ascendit

157 1616 230 1685 qui
253 1614 544 1684 praevidens
581 1614 771 1668 futura
796 1615 1075 1686 supplicia
1106 1621 1490 1686 peccatorum,
1521 1633 1726 1686 geren-
1829 1617 1898 1671 ad
1937 1615 2164 1681 coelum,
2195 1620 2255 1670 et
2288 1615 2483 1670 innixa
2515 1614 2612 1670 Dei
2645 1614 2848 1683 Verbo,
2877 1615 2988 1668 alta
3012 1612 3133 1683 jam
3177 1618 3460 1684 penetrat.

159 1707 256 1761 dam
297 1707 591 1763 annuntiet
636 1707 1055 1778 paenitentiam.
1109 1710 1526 1764 Demonstravit
1576 1711 1729 1765 hunc
1831 1710 1939 1765 Nec
1969 1709 2256 1764 immerito
2284 1708 2397 1763 illic
2423 1724 2704 1780 aquarum
2730 1707 3106 1775 abundantia,
3142 1705 3235 1761 ubi
3267 1705 3430 1762 Chris

157 1801 334 1855 oculum
362 1801 603 1872 Baptista
640 1802 886 1856 Joannes
917 1801 1111 1857 dicens
1140 1819 1153 1856 :
1187 1823 1214 1851 ‹‹
1242 1803 1539 1858 Generatio
1570 1803 1727 1876 vipe-
1752 1780 1808 1851 Β
1830 1809 1942 1870 tus,
1972 1807 2034 1857 ut
2057 1818 2222 1857 mens
2248 1802 2509 1857 humana
2534 1802 2740 1872 repleri
2766 1801 2977 1873 cupiat.
3009 1801 3117 1855 Has
3143 1798 3262 1855 sitit
3288 1815 3464 1870 aquas

158 1911 321 1963 rarum,
349 1895 468 1965 quis
505 1894 759 1949 ostendit
795 1895 950 1950 vobis
987 1895 1188 1967 fugere
1217 1896 1288 1950 ab
1328 1897 1412 1951 ira
1451 1898 1730 1952 ventura?
1831 1913 2052 1963 cervus,
2100 1911 2239 1967 quas
2288 1911 2418 1951 cum
2465 1895 2691 1962 biberit,
2739 1894 2896 1949 sitire
2947 1910 3064 1949 non
3113 1893 3312 1965 possit.
3358 1895 3464 1947 Has

160 1987 296 2041 Facite
321 2003 446 2058 ergo
475 1989 698 2042 fructus
735 1988 939 2060 dignos
969 1990 1318 2060 prnuitentiae
1346 1991 1643 2059 (Luc.,-m,
1676 1995 1728 2057 7,
1833 2007 2010 2062 aquas
2050 1990 2223 2044 sitivit
2263 1989 2570 2061 Propheta,
2611 2005 2743 2043 eum
2783 1988 2928 2043 dixit
2963 2007 2978 2043 :
3019 2010 3045 2036 ‹‹
3080 1987 3266 2042 Sitivit
3308 1987 3366 2040 in
3407 1993 3463 2042 te

159 2082 212 2149 8).
246 2104 267 2128 η
304 2081 378 2136 Ad
420 2081 776 2153 baptismum
826 2083 980 2137 enim
1030 2083 1260 2138 Joannis
1307 2083 1588 2151 veniebat,
1633 2084 1732 2156 qui
1831 2085 2023 2138 anima
2070 2099 2198 2138 mea
2246 2084 2415 2154 (Psat.
2462 2099 2570 2150 xLI,
2618 2082 2691 2154 3).
2738 2105 2765 2131 ››
2811 2082 2980 2137 Sedet
3025 2097 3164 2152 ergo
3211 2080 3467 2136 Christus

160 2173 349 2229 habebat
391 2176 626 2230 oculum
680 2175 1110 2247 suppliciorum,
1155 2177 1228 2232 ad
1279 2177 1486 2233 Christi
1536 2181 1728 2232 autem
1831 2194 2003 2249 super
2038 2177 2448 2232 abundantiam
2489 2192 2790 2248 aquarum,
2835 2180 2892 2230 et
2937 2191 3109 2246 super
3152 2173 3461 2246 plenitudi-

159 2267 442 2338 laptismum
496 2269 691 2336 venit,
741 2270 842 2341 qui
893 2270 1046 2325 videt
1100 2270 1362 2341 gratiam.
1420 2271 1520 2325 llic
1578 2271 1732 2325 enim
1834 2287 1989 2326 nem.
2033 2271 2100 2325 Et
2146 2269 2275 2324 ideo
2317 2271 2416 2342 qui
2455 2270 2773 2340 baptizatur
2808 2268 2868 2323 in
2911 2269 3051 2324 lacte
3094 2270 3226 2338 (65),
3271 2267 3408 2322 dicit
3449 2285 3462 2321 :

162 2361 302 2415 oculus
323 2366 401 2416 est
424 2378 607 2433 quem
639 2361 946 2426 Dominica:
983 2363 1263 2434 passionis
1292 2363 1502 2418 umbra
1539 2367 1734 2419 tuetur
1835 2387 1862 2415 ι(
1916 2365 1982 2419 Et
2031 2380 2132 2418 nos
2184 2380 2381 2418 omnes
2439 2364 2508 2418 de
2560 2362 2916 2434 plenitudine
2971 2363 3094 2433 ejus
3147 2361 3466 2432 accepimus

163 2459 198 2507 et
214 2456 444 2527 protegit.
473 2455 644 2512 Aliud
671 2472 808 2528 ergo
837 2458 1062 2526 Ennon,
1096 2457 1248 2512 aliud
1274 2457 1403 2513 Ain.
1437 2459 1498 2510 In
1533 2459 1730 2512 Ennon
1833 2458 2031 2528 (Joan.,
2073 2474 2112 2525 1,
2156 2460 2261 2524 l6).
2301 2479 2327 2506 ››
2361 2454 2523 2511 Unde
2567 2459 2624 2510 et
2662 2457 2858 2510 oculus
2896 2454 3302 2526 suppliciorum
3349 2471 3462 2509 non

167 2545 414 2616 baptizatur
437 2548 706 2604 conscius
732 2548 990 2620 gravium
1019 2549 1384 2619 delictorum;
1414 2550 1513 2622 qui
1537 2555 1732 2605 autem
1835 2551 2054 2606 alienus
2079 2557 2162 2606 est
2190 2550 2260 2604 ab
2285 2550 2549 2616 Ecclesia,
2579 2548 2714 2620 quia
2744 2549 2847 2604 etsi
2873 2548 3196 2619 baptizabat
3218 2550 3465 2604 Joannes

171 2655 310 2707 purum
347 2643 583 2697 oculum
622 2641 810 2710 habet,
845 2643 1086 2713 gratiam
1125 2642 1361 2714 suscipit
1396 2642 1730 2714 spiritalem.
1835 2644 1893 2697 in
1933 2645 2156 2710 Ennon,
2193 2642 2520 2713 baptizabat
2547 2643 2711 2712 juxta
2749 2641 2949 2709 Salim,
2989 2641 3084 2696 ubi
3125 2644 3250 2696 erat
3283 2656 3462 2713 aqua-

179 2730 221 2784 D
249 2734 572 2806 imperfectae
625 2735 862 2790 fortasse
913 2735 1122 2791 animae
1177 2736 1373 2791 oculus
1423 2735 1732 2808 supplicio-
1832 2753 1962 2793 rum
2002 2737 2366 2805 abundantia,
2410 2735 2716 2791 duodecim
2758 2734 2966 2801 fontes,
3007 2741 3062 2790 et
3102 2736 3464 2806 septuaginta

180 2839 254 2879 rum
293 2835 396 2898 est;
457 2827 725 2901 1176
787 2828 1052 2900 perfecta
1109 2833 1302 2884 autem
1355 2830 1548 2885 oculus
1598 2846 1731 2900 gra-
1834 2831 2157 2903 palmarum
2186 2829 2459 2884 arborum
2491 2831 2800 2898 (Joan.,1u,
2828 2830 2938 2899 23).

171 2917 312 2974 tiaram
344 2927 425 2976 est
457 2921 666 2993 purior
702 2925 873 2992 atque
914 2922 1205 2989 sincerior,
1241 2923 1341 2994 qui
1382 2921 1736 2994 significatur
1902 2927 1993 2980 22.
2023 2925 2132 2978 Hos
2164 2923 2347 2978 fontes
2385 2921 2562 2976 habet
2590 2921 2853 2988 Ecclesia,
2892 2921 2999 2976 hoc
3039 2925 3143 2990 est,
3184 2923 3244 2977 in
3284 2923 3463 2978 veteri

167 3009 234 3065 hac
269 3013 452 3083 littera,
505 3015 588 3070 ad
635 3031 809 3086 quam
853 3016 990 3086 justi
1036 3015 1219 3070 forma
1267 3015 1552 3086 dirigitur,
1603 3016 1736 3088 quia
1833 3020 2192 3074 Testamento
2224 3016 2522 3072 duodecim
2556 3014 2924 3086 patriarchas,
2954 3019 3013 3070 et
3040 3017 3099 3070 in
3139 3032 3283 3071 novo
3321 3018 3465 3073 duo-

166 3102 432 3174 imperfecta
460 3108 687 3180 peccati
713 3108 1115 3164 tantummodo
1137 3107 1422 3179 judicium
1449 3109 1735 3165 declinare
1758 3149 1812 3223 C
1839 3111 2026 3167 decim
2052 3110 2359 3182 apostolos.
2391 3110 2641 3181 Ideoque
2669 3109 2884 3165 dictum
2911 3113 2996 3164 est
3023 3127 3036 3164 :
3071 3131 3100 3160 ιι
3129 3112 3191 3165 In
3220 3112 3469 3167 Ecclesia

166 3196 370 3223 ML“.
463 3202 714 3223 _-_.u._
774 3219 896 3223 ____
959 3203 1222 3223 ____:.___-
1287 3203 1446 3223 μμ,
1837 3205 1854 3223 ι
1963 3221 1974 3223 _
1999 3204 2238 3223 ,μμ---η
2295 3203 2591 3223 ..ωε-,ω
2653 3205 2818 3223 ..μω
2884 3204 2939 3223 ,,
2997 3204 3242 3223 ..ηιειμ
3299 3206 3398 3223 ..δέ
3428 3208 3466 3223 Α.

161 3196 406 3269 desiderat,
462 3202 723 3274 perfecta
773 3219 904 3258 vero
958 3203 1231 3258 meritum
1287 3203 1449 3274 regni
1497 3203 1736 3258 ccelestis
1759 3196 1812 3223 υ
1836 3204 2244 3260 benedicamus
2291 3203 2598 3260 Dominum
2653 3205 2827 3259 Deum
2876 3204 2945 3258 de
2995 3204 3252 3259 fontibus
3299 3206 3470 3261 Israel

160 3291 404 3361 acquirere.
435 3297 853 3352 Prmsumimus
880 3302 1072 3352 tamen
1097 3296 1251 3368 quod
1277 3302 1586 3369 utrumque
1611 3313 1738 3352 ocu-
1840 3300 2008 3369 (Psul.
2056 3314 2218 3367 van,
2265 3298 2377 3367 27).
2423 3319 2450 3346 »
2496 3297 2588 3351 His
2637 3297 2886 3352 fontibus
2927 3300 3060 3352 ante
3107 3298 3471 3369 perfunditur

160 3381 244 3439 lum
264 3403 362 3442 una
388 3390 589 3445 anima
614 3389 841 3458 habeat,
873 3394 930 3445 et
959 3391 1190 3445 oculum
1219 3390 1649 3462 suppliciorum,
1682 3393 1740 3445 et
1841 3392 2168 3464 quicunque
2215 3391 2422 3446 Christi
2468 3391 2733 3462 mysteria
2776 3394 3134 3446 sacrosancta
3179 3392 3472 3463 consequi-

161 3479 335 3536 oculum
359 3484 556 3553 gratim
591 3500 605 3538 :
638 3483 844 3538 laevum
875 3485 1102 3538 oculum
1132 3483 1568 3556 suppliciorum,
1597 3484 1735 3538 dex-
1838 3491 1961 3554 tur;
2011 3485 2100 3540 isti
2146 3485 2302 3540 enim
2350 3485 2538 3539 fontes
2580 3500 2644 3538 ex
2691 3487 2904 3539 esterno
2950 3484 3108 3539 fonte
3154 3489 3469 3555 manantes,

161 3577 301 3629 terum
329 3578 554 3647 gratias;
590 3578 730 3648 quia
759 3594 878 3633 non
906 3593 940 3631 a
979 3578 1166 3648 primo
1207 3577 1468 3633 homines
1504 3582 1741 3649 possunt
1839 3583 1958 3634 toto
2007 3579 2140 3633 orbe
2183 3577 2494 3632 ﬁnxerunt.
2542 3576 2644 3632 Ubi
2695 3576 2784 3631 isti
2837 3577 3044 3647 fontes,
3090 3578 3168 3632 ibi
3221 3579 3472 3634 ascensio

161 3679 246 3720 esse
265 3669 503 3738 perfecti,
528 3669 637 3725 sed
666 3686 767 3741 per
785 3686 1118 3742 processum
1149 3671 1372 3726 virtutis
1403 3670 1738 3726 ascendunt.
1841 3672 2180 3726 animarum.
2241 3669 2493 3742 1177
2563 3669 2814 3741 Denique
2876 3669 3055 3725 Salim
3115 3670 3472 3742 interpretati

159 3761 265 3814 Ante
287 3762 446 3832 igitur
483 3780 846 3835 unaquaeque
873 3763 1064 3818 anima
1094 3765 1254 3836 quasi
1293 3764 1368 3818 ad
1391 3763 1742 3835 baptismum
1842 3770 1993 3832 sunt,
2036 3768 2215 3835 Ipsum
2257 3763 2646 3819 ascendentem.
2690 3762 2785 3817 Ille
2825 3761 2981 3817 enim
3028 3779 3157 3818 vere
3197 3764 3470 3832 ascendit,

159 3850 348 3910 Joannes
387 3857 564 3925 venit,
605 3862 671 3911 ut
713 3857 1022 3928 prtemittat
1063 3858 1458 3929 paenitentiam
1502 3857 1738 3912 delicto-
1843 3859 1942 3930 qui
1977 3859 2200 3930 propria
2227 3859 2452 3929 peccata
2478 3855 2730 3928 deponit.
2764 3857 2877 3911 Hoc
2907 3857 3081 3927 igitur
3108 3857 3281 3912 verbo
3311 3857 3470 3928 puri—

158 3959 274 4013 rnm;
297 3953 348 4004 et
373 3951 425 4004 in
452 3966 730 4022 processu
759 3951 1033 4021 paulatim
1062 3951 1160 4005 ubi
1191 3954 1420 4022 peccata
1445 3967 1546 4005 sua
1574 3950 1744 4006 deﬂe—
1844 3951 2111 4007 ﬁcatoriaa
2178 3949 2643 4006 sanctiﬁcationis
2703 3966 2842 4004 usus
2907 3949 3260 4022 exprimitur.
3316 3951 3471 4006 Unde

161 4040 288 4109 verit,
333 4043 564 4113 spiritali
619 4043 810 4098 abluta
859 4044 1226 4115 baptismate,
1278 4045 1486 4100 Christi
1538 4045 1745 4115 accipit
1846 4045 2021 4100 etiam
2078 4045 2222 4099 bene
2272 4043 2329 4098 in
2385 4042 2628 4098 Canticis
2673 4043 2926 4100 Christus
2979 4043 3116 4099 dicit
3163 4044 3230 4098 ad
3286 4045 3471 4100 Eccle-

158 4141 550 4192 sacramentum.
590 4137 749 4192 Unde
779 4137 1004 4193 videtur
1039 4143 1096 4193 et
1131 4138 1185 4192 in
1219 4138 1464 4192 Canticis
1493 4138 1740 4193 cantico-
1845 4140 1986 4194 siam
2043 4156 2055 4192 :
2111 4160 2139 4187 ι(
2198 4139 2400 4192 Dentes
2450 4137 2533 4191 tui
2588 4136 2733 4192 sicut
2781 4153 2912 4208 grex
2970 4141 3294 4206 tonsarum,
3351 4155 3475 4210 qua:

159 4238 258 4278 rum
280 4228 530 4286 Ecclesiae
559 4229 882 4302 praedicari,
911 4231 1000 4286 cui
1025 4231 1230 4287 dicitur
1257 4248 1270 4286 :
1302 4252 1330 4280 «
1353 4233 1462 4289 Cor
1485 4236 1744 4287 nostrum
1847 4232 2228 4287 ascenderunt
2253 4248 2285 4286 a
2309 4231 2547 4298 lavacro,
2577 4247 2704 4302 quas
2729 4247 2927 4286 omnes
2955 4232 3230 4303 gemellos
3257 4234 3475 4300 creant,

157 4320 330 4390 cepisti,
360 4339 520 4378 soror
547 4339 682 4379 mea
707 4326 942 4395 Sponsa,
976 4341 1075 4379 cor
1105 4330 1366 4380 nostrum
1395 4325 1593 4397 cepisti
1629 4341 1746 4380 uno
1848 4331 1907 4382 et
1938 4325 2248 4380 infecunda
2287 4341 2402 4380 non
2444 4332 2529 4380 est
2569 4325 2628 4380 in
2671 4325 2749 4379 eis
2789 4324 2994 4395 (Cant,
3026 4341 3100 4395 ιν,
3143 4326 3220 4395 2).
3255 4347 3281 4374 υ
3320 4326 3478 4389 Quod

159 4408 210 4463 ab
239 4415 393 4470 oculis
419 4417 535 4472 tuis
569 4416 770 4484 (Cant.,
803 4434 876 4485 IV,
909 4418 994 4486 9);
1031 4440 1058 4468 ››
1085 4424 1149 4472 ut
1187 4418 1289 4473 iste
1323 4419 1516 4473 oculus
1549 4420 1748 4490 gratiae
1849 4419 2033 4491 specie
2080 4426 2246 4474 tenus
2285 4419 2352 4474 de
2393 4419 2577 4490 capris
2619 4418 2845 4483 dicitur,
2892 4419 3128 4489 mystice
3175 4423 3368 4473 autem
3409 4418 3478 4473 de

161 4503 225 4567 sit,
245 4509 332 4578 qui
366 4510 576 4566 Christi
611 4511 715 4566 sibi
746 4511 1068 4582 pleniorem
1109 4511 1472 4582 acquisiverit
1499 4512 1746 4568 charita-
1771 4519 1829 4592 D
1853 4514 2114 4569 Ecclesiae
2145 4529 2343 4584 grege.

162 4597 267 4652 lem.
1920 4610 2010 4662 23.
2058 4608 2168 4662 Nec
2217 4606 2346 4660 vilia
2397 4606 2496 4660 tibi
2543 4606 2844 4661 videantur
2886 4607 2999 4660 ista
3039 4605 3326 4661 animalia.
3379 4608 3479 4662 De-

209 4693 282 4746 20.
306 4696 564 4770 Plerique
593 4701 790 4753 tamen
819 4699 924 4753 hoc
963 4699 1088 4753 loco
1123 4698 1410 4770 accipiunt
1437 4698 1582 4754 duos
1622 4715 1748 4755 ocu-
1848 4702 2021 4772 nique
2056 4700 2190 4754 audi
2230 4715 2356 4771 quas
2398 4699 2469 4754 de
2512 4699 2598 4753 his
2637 4704 2864 4754 sanctus
2893 4700 3151 4771 loquitur
3190 4700 3431 4772 Spiritus
3463 4717 3476 4752 :

161 4779 222 4836 los
246 4787 734 4846 Ecclesiaszunum
758 4791 855 4862 qui
885 4792 1126 4863 mystica
1152 4791 1360 4858 videat,
1381 4792 1622 4846 alterum
1652 4793 1747 4864 qui
1852 4816 1878 4842 ί(
1934 4793 2411 4864 Capillamentum
2462 4798 2626 4847 tuum
2683 4797 2744 4846 ut
2792 4809 2928 4864 grex
2983 4797 3299 4860 tonsarum,
3351 4808 3480 4864 qua

160 4880 376 4950 moralia;
406 4901 475 4940 eo
502 4885 657 4956 quod
689 4889 878 4940 sancta
908 4886 1158 4941 Ecclesia
1193 4902 1308 4940 non
1338 4885 1523 4940 solum
1554 4902 1747 4941 mora-
1851 4887 2111 4942 revelata:
2149 4889 2282 4940 sunt
2309 4902 2341 4939 a
2376 4891 2569 4941 monte
2613 4886 2840 4941 Galaad.
2879 4889 3086 4942 Dentes
3123 4887 3204 4941 tui
3243 4891 3309 4940 ut
3344 4901 3481 4956 grex

161 4966 265 5027 lium
287 4979 473 5034 teneat
512 4979 896 5050 disciplinam,
925 4979 1026 5034 sed
1060 4979 1234 5034 etiam
1274 4979 1513 5034 caelestis
1552 4979 1752 5035 doceat
1850 4984 2165 5048 tonsarum,
2208 4995 2336 5050 quae
2378 4980 2757 5034 ascenderunt
2797 4980 2867 5034 de
2909 4981 3130 5036 lavacro
3167 4982 3370 5046 (Cant.,
3409 4995 3481 5044 γι,

163 5072 330 5123 Secreta
350 5072 623 5141 mysterii.
655 5072 815 5128 Unde
838 5073 1049 5128 dictum
1077 5077 1162 5128 est
1187 5073 1257 5128 de
1285 5089 1390 5128 ea:
1425 5094 1452 5122 ‹‹
1477 5074 1636 5128 Oculi
1668 5073 1750 5127 tui
1853 5076 1904 5140 4,
1957 5077 2028 5142 7).
2077 5095 2103 5121 η
2162 5072 2324 5128 Vides
2371 5073 2524 5144 quod
2574 5074 2631 5128 in
2681 5074 2808 5127 altis
2865 5090 3004 5145 grex
3056 5073 3159 5127 iste
3213 5071 3481 5143 pascitur,

165 5155 272 5212 sicut
311 5164 606 5231 columbae,
657 5168 816 5221 extra
855 5165 1306 5241 taciturnitatem
1352 5171 1510 5220 tuam
1558 5167 1746 5236 (Ibid.,
1851 5168 2033 5222 audax
2079 5168 2136 5220 in
2188 5172 2404 5221 monte.
2461 5169 2654 5238 Itaque
2701 5167 2799 5221 ubi
2848 5167 2974 5221 aliis
3029 5164 3357 5237 praecipitia,
3408 5165 3481 5220 ibi

173 5251 264 5316 1).»
290 5258 434 5326 quod
471 5264 529 5313 et
569 5259 904 5330 spiritaliter
932 5260 1143 5330 videat,
1178 5267 1232 5316 et
1265 5261 1486 5315 noverit
1529 5264 1753 5332 tempus
1853 5261 2035 5331 capris
2080 5261 2302 5314 nullum
2345 5261 2692 5331 periculum;
2737 5260 2830 5312 ubi
2867 5259 2990 5313 aliis
3033 5258 3366 5328 periculum,
3406 5257 3483 5312 ibi

170 5345 348 5402 tacendi
387 5367 531 5419 esse,
575 5357 630 5407 et
678 5356 900 5425 tempus
938 5353 1241 5426 loquendi;
1288 5357 1350 5407 ut
1393 5353 1452 5408 in
1492 5357 1753 5425 tempore
1856 5354 2046 5425 gregis
2111 5355 2280 5422 hujus
2348 5353 2706 5419 alimentum,
2767 5351 2842 5405 ibi
2906 5351 3063 5405 cibus
3120 5350 3357 5418 dulcior,
3409 5351 3485 5405 ibi

173 5449 440 5499 Sermonem
465 5463 631 5501 suum
654 5447 921 5518 proferat,
946 5464 1015 5504 ne
1039 5447 1467 5519 importunitate
1485 5446 1755 5519 loquendi
1855 5447 2070 5504 fructus
2116 5447 2360 5502 electior.
2405 5448 2744 5517 Spectantur
2779 5463 2810 5498 a
2858 5444 3174 5515 pastoribus
3217 5444 3332 5500 suis
3375 5445 3482 5499 du-

176 5541 414 5593 Peccatum
446 5542 626 5611 possit
651 5541 970 5598 incurrere.
1857 5557 2010 5596 mosa
2063 5540 2132 5595 de
2185 5557 2324 5611 rupe
2386 5541 2718 5609 pendentes;
2775 5537 2851 5592 ibi
2909 5539 3172 5608 luporum
3226 5538 3488 5594 incursus

220 5682 295 5743 £65)
321 5686 393 5736 Ita
434 5702 570 5739 mss.
613 5691 1052 5755 quatuordecim.
1099 5691 1285 5741 Editio
1330 5691 1488 5741 Rom.
1530 5690 1668 5752 sola,
1695 5691 1757 5741 Et
1855 5693 2096 5755 jungunt
2128 5706 2138 5738 :
2175 5689 2317 5739 Unde
2345 5694 2391 5738 et
2416 5701 2512 5738 nos
2537 5699 2713 5737 omnes
2737 5686 2800 5736 de
2827 5686 3155 5750 plenitudine
3196 5689 3312 5750 ejus
3345 5701 3489 5739 acce-

183 5747 264 5799 ’άεο
299 5759 385 5820 qui
425 5747 662 5824 baptizdt
708 5766 764 5810 in
811 5775 978 5826 aqua.
1023 5762 1162 5812 Aliae
1202 5761 1330 5812 edit.
1371 5766 1427 5812 et
1472 5761 1582 5811 duo
1623 5747 1755 5810 mss.
1855 5747 2051 5824 pimus.

187 5826 370 5890 Lm'aque
429 5833 628 5882 omissa
686 5834 959 5896 lectione,
1012 5833 1135 5882 voci
1192 5831 1569 5896 plenitudinem
1627 5831 1759 5882 sub-
