3930 6168
462 265 596 318 1507

1943 259 1997 312 S.
2040 255 2356 312 AMBROSII
2381 281 2384 284 ·

3646 267 3759 322 1508

458 401 577 440 esse
630 401 747 439 non
797 388 1056 456 possunt,
1108 383 1185 437 ibi
1241 381 1501 437 fecundas
1556 380 1789 437 arbores
1839 380 2089 435 fructum
2111 385 2271 465 Ates
2320 395 2442 436 non
2493 395 2616 435 esse
2664 379 3112 451 prietereundos,
3154 377 3254 434 ubi
3303 379 3371 435 de
3419 383 3580 438 oculis
3625 385 3760 442 dixe-

458 479 749 550 integrum
789 477 1239 532 subministrant.
1276 479 1526 533 Cernere
1565 475 1696 530 licet
1741 474 1906 530 uberi
1942 475 2086 529 lacte

457 571 728 628 distentas
770 587 939 643 super
980 577 1238 626 teneram
1282 570 1533 625 sobolem
1577 575 1838 624 materna
1877 568 2088 638 pietate

457 665 740 720 sollicitas.
788 664 921 720 Ideo
969 663 1142 736 elegit
1185 680 1298 719 eas.
1325 663 1565 734 Spiritus
1614 667 1838 718 sanctus
1883 660 2090 732 quibus

457 763 666 813 coetum
695 757 1036 814 venerabilis
1069 757 1327 812 Ecclesiae
1359 759 1740 827 compararet.

526 852 614 907 24.
659 853 726 906 Et
767 858 832 906 ut
872 851 1106 922 mystice
1147 850 1366 918 audias,
1411 849 1877 921 capillamentum
1925 847 2089 902 Verbi

459 951 543 1000 est
572 945 811 1000 altitudo
841 949 898 1000 et
926 944 1237 1000 eminentia
1265 944 1526 1014 quaedam
1544 943 1834 1013 justarum
1865 941 2086 996 anima-

458 1055 606 1107 rum,
650 1038 922 1109 quoniam
964 1054 1159 1093 sensus
1199 1037 1470 1108 sapientis
1513 1037 1573 1090 in
1615 1035 1799 1105 capite
1843 1034 1985 1106 ejus.
2026 1036 2090 1090 In

458 1133 757 1187 altitudine
810 1133 964 1187 enim
1015 1131 1373 1202 cogitationis
1426 1131 1692 1184 humanae
1742 1133 1961 1184 certum
2007 1132 2091 1182 est

459 1242 580 1281 esse
625 1225 984 1296 sapientiam.
1026 1228 1092 1280 Et
1133 1223 1609 1295 quemadmodum
1648 1222 1959 1278 tondentur
1997 1237 2086 1275 ca-

460 1337 598 1390 prae,
648 1324 709 1373 ut
750 1318 1039 1390 superﬂua
1088 1319 1400 1388 deponant,
1450 1318 1528 1372 ita
1571 1316 1742 1371 etiam
1789 1319 2087 1370 tonsarum

457 1413 776 1467 animarum
819 1428 1073 1483 gregem,
1113 1413 1219 1466 hoc
1260 1416 1362 1480 est,
1408 1410 1724 1465 multarum
1761 1409 2088 1463 animarum

459 1506 692 1560 virtutes
729 1506 908 1560 habet
947 1509 1141 1560 sancta
1178 1504 1444 1572 Ecclesia,
1477 1504 1535 1558 in
1574 1520 1688 1575 quo
1733 1518 1907 1575 grege
1946 1501 2088 1556 nihil

460 1599 636 1670 possis
681 1599 1010 1654 insensibile
1053 1599 1166 1668 (66)
1213 1598 1482 1668 reperire,
1527 1596 1671 1651 nihil
1714 1596 2086 1666 superﬂuum,

458 1693 729 1764 quoniam
753 1693 894 1748 fides
929 1692 1214 1763 sapientes
1242 1691 1395 1757 fecit,
1427 1689 1693 1760 spiritalis
1724 1695 1916 1744 autem
1953 1705 2088 1758 gra-

457 1786 537 1841 tia
562 1787 633 1840 ab
663 1786 821 1841 omni
852 1785 1273 1855 superﬂuarum
1301 1784 1424 1838 labe
1453 1783 1766 1838 mundavit.

532 1884 620 1934 25.
658 1880 854 1934 Merito
884 1878 1060 1949 igitur
1088 1878 1345 1932 revelatae
1374 1882 1505 1931 sunt
1543 1876 1753 1932 animus
1775 1876 2087 1947 justorum,

458 1979 516 2029 et
543 1974 802 2028 revelata;
829 1989 862 2026 a
889 1976 1078 2027 monte
1109 1971 1344 2037 Galaad,
1373 1971 1480 2025 hoc
1509 1975 1612 2037 est,
1639 1987 1671 2024 a
1701 1968 2090 2040 transmigra-

459 2067 615 2121 tione
644 2066 989 2132 testimonii;
1021 2082 1090 2121 eo
1118 2064 1272 2136 quod
1298 2080 1331 2118 a
1356 2065 1658 2134 Synagoga
1684 2064 1755 2118 ad
1786 2063 2087 2118 Ecclesiam

461 2159 853 2215 testimonium
885 2159 1112 2214 caeleste
1141 2158 1430 2229 migravit.
1458 2157 1517 2212 1n
1546 2158 1654 2212 hoc
1683 2157 1871 2228 itaque
1898 2160 2090 2211 monte

458 2253 705 2308 nascitur
743 2252 1078 2324 thymiama,
1111 2253 1319 2320 resina,
1351 2255 1411 2306 et
1453 2250 1645 2306 caeteri
1687 2250 1914 2317 odores,
1946 2266 2088 2321 quos

458 2347 845 2418 negotiatores
870 2347 952 2401 illi
985 2345 1304 2413 Ismaelitae,
1333 2348 1397 2400 ut
1422 2345 1595 2400 habes
1631 2344 1689 2398 in
1723 2343 1914 2415 primo
1939 2343 2087 2398 libro

455 2441 802 2495 Testamenti
849 2440 1076 2509 veteris,
1121 2439 1456 2495 deferebant
1499 2437 1677 2510 (Gen,
1722 2454 1924 2504 xxxvu,
1973 2436 2081 2506 25).

455 2535 564 2589 llos
592 2534 790 2589 odores
819 2533 995 2588 habet
1025 2533 1287 2598 Ecclesia,
1315 2547 1456 2603 quos
1484 2535 1822 2586 mercatores
1846 2547 1912 2585 ex
1944 2545 2084 2600 gen-

454 2628 606 2683 tibus
630 2626 980 2698 congregati,
1009 2626 1119 2682 ﬂde
1153 2631 1210 2681 et
1233 2626 1532 2680 devotione
1573 2628 1866 2680 vexerunt.
1895 2625 2086 2694 Itaque

455 2720 598 2776 sicut
624 2737 807 2791 caprae
841 2721 1004 2775 bonis
1033 2720 1257 2774 refectae
1296 2719 1456 2788 cibis,
1495 2721 1552 2774 et
1581 2718 1710 2772 solis
1741 2718 1929 2772 calore
1960 2733 2083 2772 ver-

456 2819 678 2882 nantes,
710 2815 966 2868 lavantur
1001 2813 1060 2868 in
1093 2812 1352 2879 ﬂumine,
1381 2817 1437 2867 et
1474 2811 1823 2867 exsultantes
1856 2811 2087 2866 mundae

458 2913 769 2978 resurgunt
801 2909 870 2962 de
907 2906 1164 2974 ﬂumine,
1207 2907 1287 2960 ita
1323 2905 1529 2960 animae
1563 2906 1848 2975 justorum
1889 2920 2082 2960 ascen-

461 3002 607 3058 dunt
633 3002 704 3057 ab
733 3001 974 3072 spiritali
1003 3001 1244 3055 lavacro.

2190 489 2396 530 rimus.

2259 571 2348 623 28.
2384 567 2491 632 Qui
2525 573 2657 623 sunt
2693 569 2872 640 igitur
2908 568 3194 639 justarum
3237 568 3427 623 dentes
3456 571 3761 640 animarum,

2188 661 2297 717 nisi
2327 664 2425 734 qui
2450 663 2757 717 informem
2789 679 2853 717 ac
2888 663 3095 717 durum
3121 661 3449 733 accipientes
3475 663 3668 731 cibum,
3694 666 3768 720 vel

2187 755 2460 828 frigidum
2505 757 2862 827 plerumque,
2907 756 2996 811 vel
3040 772 3208 827 supra
3251 755 3480 811 modum
3520 757 3768 812 calentem

2187 866 2340 905 nunc
2397 850 2826 917 comminuunt,
2881 866 3034 905 nunc
3096 850 3321 914 fovent,
3375 865 3517 902 nunc
3579 853 3767 920 tempe-

2188 947 2349 1011 rant,
2401 950 2574 1014 prout
2631 943 2877 1015 qualitas
2941 944 3112 998 fuerit
3169 943 3596 998 alimentorum?
3647 945 3774 998 Dura

2189 1037 2612 1105 comminuunt,
2655 1054 2727 1092 ne
2766 1037 3038 1107 asperitas
3075 1035 3276 1091 litterae
3313 1036 3372 1089 in
3409 1036 3578 1090 veteri
3612 1037 3772 1091 Testa-

2188 1136 2402 1200 mento,
2451 1135 2508 1185 et
2558 1130 2845 1184 saecularis
2899 1130 3224 1185 intellectus.
3267 1128 3438 1198 rigor,
3483 1128 3586 1181 nisi
3633 1128 3779 1183 fuerit

2190 1224 2424 1295 spiritali
2490 1223 2659 1278 dente
2710 1223 3030 1292 resolutus,
3082 1222 3274 1276 vitalia
3333 1221 3451 1292 ipsa
3499 1220 3778 1275 interclusis

2189 1318 2440 1372 ciborum
2479 1316 2807 1372 salutarium
2842 1316 3148 1383 meatibus,
3191 1320 3248 1368 et
3285 1313 3477 1385 gulam
3509 1315 3778 1385 quamdam

2190 1411 2396 1466 animm
2436 1409 2718 1464 incuriosa
2756 1409 3032 1464 edacitate
3075 1407 3332 1462 sutfocet.
3373 1409 3474 1461 Par
3513 1410 3594 1460 est
3632 1407 3781 1476 igitur

2191 1501 2254 1559 ut
2282 1504 2493 1559 dividas
2527 1503 2799 1574 primum,
2833 1503 2878 1556 si
2915 1501 3092 1557 solida
3126 1501 3231 1556 tibi
3271 1500 3492 1555 videtur
3527 1515 3646 1554 esca
3677 1516 3782 1570 qua:

2190 1598 2453 1665 sumitur,
2487 1600 2547 1651 et
2584 1597 2904 1667 distinguas
2945 1611 3093 1661 eam,
3129 1600 3302 1666 atque
3340 1593 3644 1649 emollitam
3682 1592 3782 1646 sine

2191 1707 2337 1746 noxa
2360 1690 2552 1761 aliqua
2576 1691 2780 1745 animae
2808 1689 2868 1743 in
2905 1689 3100 1744 omnia
3127 1689 3251 1759 ejus
3289 1687 3544 1743 membra
3569 1684 3786 1740 naturali

2115 1757 2166 1829 Β
2191 1784 2463 1839 divisione
2516 1782 2909 1851 transfundas;
2964 1787 3028 1836 ut
3081 1781 3315 1836 vitalem
3369 1796 3592 1835 succum
3643 1794 3786 1833 omne

2191 1878 2313 1948 ejus
2374 1894 2576 1948 corpus
2629 1877 2910 1948 epuletur.
2967 1875 3118 1930 Nihil
3177 1875 3615 1941 cadaverosum,
3662 1871 3788 1926 nihil

2189 1975 2484 2026 mortuum
2509 1987 2607 2026 ore
2636 1976 2736 2026 tuo
2775 1986 2986 2036 sumas,
3023 1986 3094 2024 ne
3125 1968 3350 2024 dicatur
3384 1985 3397 2022 :
3431 1989 3460 2018 «
3487 1966 3787 2037 Sepulcrum

2189 2068 2394 2136 patens
2421 2070 2505 2120 est
2534 2068 2734 2136 guttur
2760 2080 2960 2119 eorum
2989 2064 3154 2133 (Psal.
3182 2078 3302 2130 xm,
3335 2065 3420 2132 3);
3448 2082 3476 2110 ››
3507 2060 3596 2115 sed
3630 2059 3788 2112 vivum

2189 2158 2421 2214 haurias
2448 2159 2710 2225 verbum,
2745 2161 2811 2214 ut
2835 2159 2896 2212 in
2937 2164 3048 2212 tuas
3075 2156 3289 2212 mentis
3321 2154 3618 2210 visceribus
3643 2150 3792 2224 possit

2189 2253 2434 2322 operari.

2258 2349 2348 2400 29.
2382 2346 2448 2400 Hi
2487 2345 2685 2401 dentes
2721 2361 2893 2416 super
2922 2346 3006 2400 lac
3047 2343 3427 2412 candidiores,
3459 2341 3587 2414 quia
3621 2340 3793 2394 dentes

2182 2439 2470 2509 justorum
2497 2447 2648 2494 sunt.
2677 2439 2934 2510 Denique
2959 2455 3090 2493 cum
3115 2453 3318 2492 omnes
3345 2437 3402 2491 in
3430 2437 3608 2507 Moyse
3632 2433 3790 2504 bapti-

2188 2533 2295 2587 zati
2336 2532 2394 2587 in
2425 2532 2577 2588 nube
2619 2537 2676 2588 et
2713 2533 2773 2586 in
2815 2531 2964 2586 mari
3003 2536 3196 2603 patres
3231 2531 3418 2586 nostri
3453 2529 3673 2594 fuerint,
3697 2541 3794 2581 non

2190 2627 2367 2682 otiose
2403 2631 2597 2681 tamen
2637 2626 2911 2697 scriptum
2942 2631 3046 2693 est,
3088 2624 3224 2695 quia
3250 2644 3282 2673 ‹‹
3317 2625 3529 2680 Omnes
3563 2621 3793 2676 eamdem

2189 2735 2376 2775 escam
2416 2719 2732 2791 spiritalem
2775 2719 3288 2788 manducaverunt,
3337 2721 3396 2772 et
3431 2732 3623 2772 omnes
3655 2729 3792 2769 eum-

2190 2813 2323 2868 dem
2354 2818 2553 2884 potum
2584 2812 2900 2884 spiritalem
2931 2811 3204 2867 biberunt
3241 2811 3287 2881 (Ι
3327 2810 3476 2875 Cor.,
3504 2827 3556 2878 v,
3594 2811 3643 2875 3,
3669 2809 3746 2878 4);
3773 2829 3793 2852 »

2188 2913 2252 2961 ut
2287 2907 2409 2961 istis
2451 2911 2781 2961 sanctorum
2823 2905 3093 2960 dentibus
3137 2904 3325 2975 major
3367 2903 3597 2976 quidam
3633 2901 3798 2970 fulgor

2186 3000 2498 3067 accederet,
2521 3015 2662 3071 quos
2682 3002 2808 3070 post
2827 2999 3134 3053 transitum
3155 2999 3334 3053 maris
3355 2997 3551 3063 Rubri,
3575 2993 3798 3066 myrrhae

525 3100 616 3154 26.
645 3098 931 3195 blaesum
953 3109 1085 3195 vere
1113 3109 1240 3195 quae
1270 3093 1526 3195 geminos
1553 3097 1765 3160 creant,
1882 3091 2086 3195 quibus
2106 3121 2160 3195 Ο
2187 3093 2361 3148 fontis
2408 3092 2789 3149 amaritudine
2850 3108 2952 3162 per
3002 3091 3146 3162 ligni
3205 3092 3458 3162 gratiam
3511 3092 3800 3195 temperata

453 3209 570 3247 non
600 3194 684 3244 est
714 3187 1091 3242 infecunditas
1117 3186 1310 3257 aliqua
1345 3186 1641 3251 virtutum,
1675 3184 1939 3238 sterilitas
1965 3185 2086 3239 ulla
2111 3179 2160 3195 “
2186 3187 2404 3258 (Ea-od”
2431 3203 2520 3254 xv,
2550 3187 2656 3258 25),
2687 3185 3090 3258 cognoscimus
3117 3201 3239 3240 esse
3268 3185 3592 3251 mundatus,
3621 3179 3802 3236 deinde

455 3284 818 3339 meritorum.
862 3282 1007 3335 Bene
1053 3279 1316 3349 geminos
1355 3283 1571 3347 creant,
1614 3277 1747 3348 quia
1788 3277 2082 3348 congemi-

456 3381 596 3434 nant
629 3391 828 3430 sensus
856 3389 1006 3428 suos.
1046 3373 1202 3428 Unde
1241 3371 1412 3426 habes
1453 3372 1512 3425 in
1551 3371 1868 3426 Proverbiis
1905 3371 2082 3441 scrip-

455 3476 578 3528 tum
608 3488 622 3525 :
653 3491 680 3518 ‹‹
714 3471 780 3524 Et
810 3473 867 3522 tu
895 3466 1078 3521 scribe
1108 3467 1231 3520 hac
1259 3465 1360 3520 tibi
1393 3464 1712 3536 tripliciter,
1741 3465 1801 3518 in
1829 3464 2082 3530 consilio,

454 3571 512 3621 et
538 3565 599 3619 in
637 3562 961 3634 cognitione
993 3562 1193 3631 (Prov.,
1229 3575 1363 3626 xxn,
1400 3561 1508 3628 20).
1545 3577 1572 3610 ι)
1605 3558 1906 3629 Triplicem
1939 3574 2080 3628 prae-

457 3658 612 3714 misit
660 3656 1048 3727 scriptionem,
1097 3657 1154 3708 et
1204 3652 1316 3707 duo
1365 3651 1630 3720 subdidit,
1677 3651 1978 3706 consilium
2027 3655 2085 3706 et

456 3750 872 3823 cognitionem;
903 3749 998 3802 sed
1036 3746 1284 3819 cognitio
1322 3746 1552 3818 gemina
1584 3749 1670 3801 est
1700 3763 1713 3800 :
1743 3761 1857 3801 una
1895 3746 2081 3801 incor-

454 3847 756 3918 poralium,
783 3843 961 3897 altera
987 3839 1390 3912 corporalium.

524 3944 613 3994 27.
654 3937 912 3992 Diximus
951 3936 1020 3990 de
1049 3933 1397 3990 fecunditate
1436 3950 1450 3988 :
1487 3932 1740 3988 dicamus
1781 3932 1853 3987 de
1897 3933 2082 3988 denti-

455 4034 577 4088 bus.
626 4033 766 4086 Nam
817 4033 874 4083 et
920 4029 1250 4098 navigantes
1297 4026 1572 4098 plerique,
1619 4031 1677 4081 et
1717 4032 2085 4098 properantes

458 4121 716 4197 1178
766 4123 971 4177 itinere
1021 4128 1270 4187 terreno,
1325 4120 1419 4174 ubi
1471 4119 1717 4175 viderint
1765 4120 2085 4190 speciosum

453 4220 704 4289 aliquem
751 4217 961 4283 locum,
1013 4214 1403 4269 delectationis
1455 4213 1641 4284 gratia
1686 4213 2081 4280 demorantur,

453 4314 689 4384 pascunt
745 4310 956 4377 oculos,
1013 4307 1381 4379 animumque
1435 4308 1706 4377 allevant;
1761 4323 1868 4363 nec
1919 4323 2086 4361 mora

2184 3281 2486 3336 duodecim
2520 3281 2767 3335 fontium
2807 3285 2942 3351 potu
2967 3279 3148 3349 (Ibid.,
3179 3279 3296 3350 27),
3327 3283 3614 3350 postremo
3643 3277 3800 3346 petra:

2184 3374 2498 3445 spiritalem
2531 3374 2748 3429 undam
2777 3373 3056 3428 vomentis
3093 3372 3316 3444 irriguo
3345 3373 3555 3444 (Num,
3586 3386 3671 3436 xx,
3702 3369 3801 3437 ll);

2185 3474 2350 3540 petra
2396 3467 2555 3522 enim
2605 3473 2727 3522 erat
2775 3467 3036 3524 Christus
3081 3466 3122 3535 (Ι
3171 3468 3323 3531 Cor.,
3369 3482 3424 3533 x,
3469 3466 3546 3536 4).
3589 3463 3712 3518 Ideo
3754 3464 3802 3512 et

2186 3578 2394 3616 manna
2448 3561 2954 3626 manducaverunt,
3012 3563 3074 3614 ut
3124 3558 3295 3614 toties
3347 3559 3529 3615 abluti
3580 3554 3803 3612 mandu-

2184 3661 2375 3710 carent
2417 3671 2646 3726 panem,
2689 3661 2751 3710 ut
2793 3654 3069 3725 scriptum
3113 3656 3218 3723 est,
3269 3654 3616 3725 angelorum
3657 3647 3802 3719 (Psal.

2184 3765 2381 3816 Lxxvn,
2436 3750 2548 3819 25).
2606 3750 2766 3804 Nunc
2833 3764 3060 3820 quoque
3125 3747 3185 3802 in
3252 3745 3554 3818 Evangelii
3610 3748 3804 3815 myste-

2184 3843 2282 3897 riis
2343 3842 2725 3913 recognoscis,
2780 3841 2914 3912 quia
2973 3840 3286 3912 baptizatus
3354 3840 3490 3895 licet
3537 3836 3648 3910 (67)
3701 3839 3806 3888 toto

2183 3952 2436 4007 corpore,
2470 3940 2667 4006 postea
2700 3939 2894 3990 tamen
2923 3949 3052 3990 esca
3078 3934 3326 4006 spiritali
3357 3939 3617 4005 potuque
3651 3943 3804 3984 mun-

2185 4029 2353 4084 daris.

2254 4126 2342 4179 30.
2371 4122 2564 4179 Merito
2589 4139 2728 4194 ergo
2761 4121 2939 4177 David
2974 4127 3031 4178 et
3065 4123 3254 4177 oculos
3285 4122 3594 4178 interiores
3622 4113 3806 4190 puriﬁ-

2183 4222 2359 4287 catos,
2407 4221 2464 4270 et
2513 4217 2707 4272 dentes
2751 4220 3026 4287 tanquam
3072 4215 3439 4270 illuminatos
3484 4211 3806 4285 spiritalium

2183 4311 2439 4366 dentium
2482 4310 2730 4365 candore
2775 4326 3070 4365 sermones
3115 4309 3361 4380 profert,
3407 4309 3606 4364 dicens
3653 4322 3666 4360 :
3705 4301 3810 4357 Feci

456 4409 567 4461 ulla
611 4403 975 4460 commeandi
1017 4405 1272 4473 putatur,
1312 4401 1413 4455 sed
1454 4401 1658 4471 gratia,
1702 4401 1780 4454 ita
1821 4405 1877 4455 et
1921 4400 2083 4455 nobis
2171 4404 2445 4474 judicium
2475 4411 2526 4458 et
2553 4404 2836 4472 justitiam
2856 4405 3065 4474 (supra,
3087 4419 3230 4458 vers.
3260 4403 3410 4473 121).
3434 4401 3533 4456 llle
3560 4403 3644 4455 est
3670 4396 3808 4452 enim

450 4499 866 4572 pulcherrimos
900 4497 1098 4552 dentes
1131 4496 1420 4565 justarum
1457 4495 1783 4549 animarum
1825 4495 2080 4549 conside-
2103 4493 2162 4565 D
2184 4514 2350 4553 verus
2375 4497 2632 4553 dentium
2659 4497 2872 4569 fulgor,
2901 4497 2999 4552 ubi
3025 4497 3175 4552 bene
3204 4497 3310 4550 sibi
3340 4496 3587 4551 conscias
3618 4488 3810 4547 mentis

452 4607 578 4648 rare
610 4592 764 4648 cordi
791 4597 892 4646 est.
923 4589 1118 4644 Docuit
1145 4589 1300 4643 enim
1335 4588 1632 4659 Scriptura
1672 4589 2084 4659 pulcherrimos

453 4689 653 4744 dentes
702 4702 820 4740 esse
863 4685 1173 4755 justorum,
1226 4682 1422 4737 dicens
1472 4683 1785 4737 secundum
1836 4682 2084 4737 litteram

451 4781 684 4856 quidem
751 4779 822 4833 de
891 4777 1213 4850 patriarcha
1273 4776 1448 4846 Juda,
1502 4776 1829 4847 spiritaliter
1889 4780 2080 4831 autem

452 4878 522 4932 de
568 4875 790 4932 Christo
832 4890 844 4927 :
893 4891 920 4924 α
961 4872 1176 4926 Hilares
1218 4870 1364 4925 oculi
1407 4869 1529 4940 ejus
1573 4887 1604 4923 a
1642 4870 1798 4939 vino,
1843 4875 1902 4924 et
1943 4870 2079 4924 den-

453 4975 536 5026 tes
578 4971 723 5024 sicut
767 4967 852 5022 lac
899 4967 1075 5036 (Gem,
1121 4981 1261 5033 xLix,
1310 4966 1416 5033 12).
1468 4986 1493 5011 ››
1546 4964 1608 5018 In
1654 4979 1766 5034 quo
1810 4979 1924 5018 non
1971 4963 2081 5017 uti-

454 5079 562 5136 que
618 5062 806 5118 carnis
865 5061 1134 5116 humanae
1191 5058 1407 5123 officia,
1467 5058 1561 5112 sed
1617 5057 1823 5111 divinas
1886 5057 2082 5128 gratiae

449 5173 690 5213 munera
732 5153 1079 5227 praedicavit.
1124 5153 1288 5207 Docet
1326 5152 1503 5222 igitur
1549 5151 1898 5220 exemplum,
1943 5150 2078 5204 den-

518 5327 612 5390 (66)
657 5321 978 5382 Insensibile,
1016 5321 1070 5372 id
1105 5325 1207 5383 est,
1244 5335 1275 5370 a
1318 5331 1488 5370 sensu
1516 5318 1782 5382 sapientis
1815 5317 2080 5380 alienum,

449 5402 512 5447 ut
535 5402 650 5448 tota
678 5397 847 5447 series
873 5395 1137 5445 orationis
1167 5391 1428 5443 declarat.

517 5470 614 5530 (67)
681 5468 850 5527 Edit.,
917 5465 1236 5530 recognoscis
1304 5463 1602 5526 baptizatos
1663 5460 1878 5510 Πυθίη...
1935 5473 2084 5508 mun-

449 5541 590 5592 dar-i.
642 5539 772 5588 Mss.
827 5550 956 5588 vero
1011 5536 1175 5587 nobis
1226 5535 1532 5586 concinunt
1574 5531 1824 5594 exceptis
1869 5532 2081 5605 paucis,

450 5611 548 5663 ubi
589 5623 705 5674 pro,
752 5614 856 5659 toto
900 5621 1136 5672 corpore,
1178 5606 1398 5670 legitur,
1435 5606 1588 5654 tincto
1619 5615 1854 5666 corpore.
1885 5603 2086 5674 Potest

451 5672 638 5734 autem
691 5680 953 5730 utrolibet
1005 5678 1172 5728 modo
1224 5678 1347 5728 haec
1396 5677 1591 5726 ultima
1655 5686 1780 5737 pars
1833 5672 2078 5731 admitti;

450 5756 629 5819 potior
665 5757 851 5802 tamen
876 5750 1098 5800 videtur
1139 5749 1312 5813 prima
1351 5748 1532 5797 lectio.
1571 5745 1794 5819 Etenim
1835 5757 1944 5819 non
1993 5755 2083 5819 80-

450 5815 566 5876 lum
616 5839 678 5873 ea
731 5822 1066 5885 baptismum
1117 5833 1215 5882 per
1255 5819 1667 5868 immersionem
1714 5815 2082 5865 administrari

2184 4595 2407 4647 resonat
2466 4607 2672 4646 canora
2737 4590 3037 4646 confessio.
3108 4591 3206 4646 Ille
3270 4589 3530 4645 mundus
3593 4584 3806 4648 oculus,

2184 4703 2359 4758 quem
2401 4688 2764 4756 peccatorum
2805 4684 3064 4756 gravium
3103 4684 3291 4739 trabes
3331 4684 3499 4739 nulla
3538 4683 3811 4752 depresse-

2183 4779 2288 4849 rit;
2337 4795 2507 4851 quem
2565 4783 3081 4850 purgamentorum
3131 4777 3342 4832 levium
3402 4778 3621 4832 festuca
3669 4770 3810 4826 nulla

2183 4873 2510 4928 turbaverit.
2556 4873 2661 4926 Iste
2707 4872 2905 4927 oculus
2955 4871 3012 4926 in
3057 4872 3290 4926 verbum
3329 4870 3572 4942 justitia:
3621 4863 3812 4922 defecit

2184 4988 2211 5016 ‹‹
2255 4968 2362 5031 Qui
2405 4966 2608 5037 (enim)
2657 4965 2878 5021 Christo
2927 4965 3198 5033 adhaeret,
3254 4979 3407 5020 unus
3461 4967 3550 5019 est
3596 4958 3811 5033 spiritus

2185 5061 2224 5130 (Ι
2276 5062 2418 5123 θον..
2464 5077 2536 5127 vn,
2591 5061 2698 5131 l7).
2750 5080 2778 5108 »
2829 5059 2894 5112 Et
2949 5059 3174 5114 Balaam
3224 5057 3467 5130 petebat
3515 5063 3581 5111 ut
3629 5051 3809 5109 anima

2183 5171 2284 5209 sua
2349 5153 2614 5208 deﬁceret
2674 5152 2731 5206 in
2787 5152 2994 5208 animis
3051 5153 3339 5223 justorum
3399 5153 3607 5220 (Num,
3660 5157 3806 5204 xxm,

2182 5321 2408 5372 solitum
2463 5319 2767 5384 signiﬁcat;
2831 5319 2930 5371 sed
2997 5320 3165 5371 etiam
3225 5318 3529 5383 opponitur
3597 5311 3810 5384 ineptiae

2183 5383 2550 5456 quorumdam
2622 5391 3040 5452 haereticorum,
3101 5391 3198 5455 qui
3271 5393 3512 5440 cunctas
3577 5383 3810 5448 corporis

2183 5466 2363 5524 partes
2392 5461 2788 5512 inﬁciabantur
2819 5474 2939 5511 esse
2974 5461 3306 5519 abluendas;
3335 5465 3400 5509 ut
3435 5457 3808 5509 Theodoretus

2183 5533 2279 5582 lib.
2307 5544 2365 5583 IV
2394 5533 2578 5582 ﬂeret.
2606 5532 2774 5596 fabul.
2807 5537 3001 5584 auctor
3035 5537 3135 5584 est.
3171 5533 3251 5582 De
3288 5530 3652 5580 immersione
3685 5531 3807 5596 vero

2184 5603 2364 5652 fusius
2387 5607 2516 5654 tom.
2548 5591 2615 5653 II'
2636 5603 2986 5665 Ambrosius,
3011 5603 3106 5654 lib.
3157 5604 3231 5653 De
3263 5600 3560 5664 Mysteriis,
3603 5609 3719 5660 cap.
3759 5591 3803 5665 3,

2183 5678 2239 5724 et
2281 5679 2476 5724 auctor
2521 5679 2782 5727 tractatus
2822 5675 2886 5726 de
2930 5664 3304 5735 sacramentis,
3350 5671 3452 5722 lib.
3503 5681 3562 5731 η,
3599 5680 3712 5729 cap.
3758 5664 3801 5720 7,

2185 5758 2326 5808 quos
2352 5747 2600 5798 consule.
