3930 6168
206 260 220 309 1
229 257 311 309 509

1273 253 1623 311 EXPOSITIO
1662 255 1730 310 lN
1771 255 2081 312 PSALMUM
2121 255 2349 312 CXVIII.

3357 259 3493 313 1510

203 382 290 446 10),
348 379 396 432 id
459 380 570 447 est,
638 382 700 432 ut
757 378 970 450 proprii
1036 378 1459 435 oblivisceretur
1517 382 1760 448 erroris;
1789 385 1980 466 Atur,
2021 381 2152 452 quia
2195 397 2369 436 nemo
2411 396 2633 435 servum
2674 380 2886 435 habens
2920 384 3196 463 arentem,
3225 387 3324 438 aut
3362 401 3497 441 oves

199 469 413 544 1179
453 472 598 543 quod
636 489 804 528 suum
843 477 981 540 erat,
1025 474 1368 544 deponeret;
1412 476 1566 545 quod
1602 475 1767 545 justi-

193 568 262 620 tie
290 569 341 619 et
370 565 658 636 aequitatis,
685 568 1022 622 assumeret.
1064 567 1174 622 Sed
1224 567 1660 638 progrediamur
1695 568 1766 622 ad

191 664 378 713 cetera.

239 756 313 806 31.
360 753 525 818 (Vers.
582 755 723 824 124.)
773 754 1044 826 Sequitur
1083 773 1098 810 :
1155 757 1261 811 Fac
1307 770 1426 810 cum
1475 770 1625 810 servo
1675 760 1766 810 tuo

185 846 425 901 secundum
457 848 879 903 misericordiam
918 852 1087 912 tuam,
1119 854 1171 904 et
1188 849 1437 917 justitias
1474 853 1596 904 tuas
1638 849 1767 904 doce

185 956 259 993 me.
282 940 582 993 Praestruxit
607 941 779 1008 viam,
810 946 865 996 et
901 942 1410 997 commendationis
1432 958 1549 997 sum
1577 942 1761 998 incre-

184 1036 344 1086 menta
383 1033 758 1104 praesumpsit.
801 1033 982 1105 Supra
1015 1035 1274 1106 peposcit
1313 1050 1385 1089 ne
1432 1035 1766 1091 nocentibus

183 1125 460 1180 traderetur
484 1127 689 1197 (supra,
729 1143 872 1182 vers.
908 1129 1060 1198 124);
1102 1128 1312 1182 iterum
1349 1129 1512 1199 petiit
1543 1133 1606 1183 ut
1641 1145 1762 1183 sus-

180 1219 426 1289 ciperetur
465 1220 522 1274 in
561 1219 741 1286 bono;
785 1236 856 1276 ne
890 1221 1381 1277 calumniarentur
1418 1222 1469 1277 ei
1513 1222 1762 1293 superbi,

181 1315 263 1367 hoc
301 1316 380 1367 est
419 1332 432 1367 :
475 1315 598 1369 Non
655 1314 877 1369 decline
920 1315 1219 1385 judicium,
1265 1315 1368 1370 sed
1419 1316 1764 1371 calumniam

180 1405 513 1476 perﬁdorum;
538 1407 616 1461 illi
644 1409 801 1462 enim
822 1408 1084 1479 judicare
1116 1409 1396 1476 nesciunt,
1425 1409 1765 1464 calumniari

178 1503 340 1555 sciunt.
366 1501 443 1555 Ad
480 1506 536 1555 te
579 1502 869 1573 confugio,
904 1502 1004 1573 qui
1048 1502 1193 1557 nosti
1233 1503 1760 1573 repraesentareju-

177 1593 347 1648 dicium
401 1594 524 1664 (68).
585 1597 653 1650 Et
711 1595 854 1650 bene
916 1611 1030 1650 non
1083 1596 1203 1650 vult
1261 1595 1765 1651 calumniatoribus

179 1687 319 1753 tradi;
346 1687 518 1742 multa
550 1688 706 1742 enim
743 1688 844 1743 Job
881 1705 1078 1759 passus
1105 1693 1190 1744 est
1221 1690 1430 1760 justus,
1464 1692 1762 1760 postquam

1867 479 2213 544 pascentem,
2258 473 2394 529 dicit
2428 474 2508 528 illi
2542 491 2555 528 :
2588 495 2616 523 ι(
2643 473 2861 543 Transi,
2894 460 3180 543 recumbe,
3222 477 3322 531 sed
3358 477 3495 533 dicit

1868 568 1947 622 illi
1977 591 1987 621 :
2019 569 2164 623 Para
2193 549 2342 639 quod
2367 584 2605 635 coenam,
2636 573 2692 623 et
2719 568 3004 639 praecinge
3033 573 3110 634 te,
3141 572 3198 622 et
3236 569 3495 626 ministra

1866 662 2080 716 mihi...
2111 661 2399 733 Numquid
2427 662 2671 734 gratiam
2704 661 2880 716 habet
2907 677 3102 716 servus
3132 662 3263 733 (7t),
3292 663 3337 716 si
3361 664 3497 719 fecit

1866 755 2016 826 quod
2061 754 2401 826 imperatum
2444 759 2527 810 est
2557 755 2608 809 ei
2644 758 2814 825 (Luc.,
2842 772 2969 824 xvn,
2998 760 3051 823 7,
3079 756 3170 825 8)?
3195 776 3224 804 »
3256 757 3404 827 Ergo
3441 762 3498 811 et

1866 864 1996 903 cum
2027 848 2332 904 fecerimus
2359 849 2513 920 quod
2546 848 2706 904 nobis
2736 849 3090 919 imperatum
3119 853 3222 918 est,
3255 865 3370 904 non
3391 854 3496 904 sta-

1868 941 1969 996 tim
2018 958 2123 997 nos
2166 942 2412 998 exaltare
2456 942 2756 1010 debemus,
2795 943 2894 997 sed
2942 943 3123 1012 magis
3165 943 3495 1010 humiliare,

1864 1035 1999 1106 quia
2055 1052 2168 1090 non
2215 1036 2410 1090 statim
2455 1036 2503 1089 si
2554 1036 2770 1106 aliquid
2820 1035 3076 1103 fecimus,
3132 1035 3497 1108 implevimus

1865 1129 2060 1183 omnia
2099 1129 2386 1184 servitutis
2425 1129 2718 1200 obsequia.
2759 1129 2893 1193 Quis
2932 1133 3087 1184 tanta
3127 1133 3348 1186 natura:
3378 1148 3500 1186 mu-

1864 1238 2020 1288 nera,
2049 1222 2177 1277 vitae
2204 1223 2518 1294 salutisque
2541 1226 2779 1277 servata:
2805 1222 2993 1277 divina
3018 1223 3292 1278 beneﬁcia
3323 1225 3499 1296 digno

1865 1316 2040 1386 possit
2085 1331 2312 1386 sequare
2361 1315 2626 1371 servitio?
2671 1315 2806 1380 Quis
2857 1318 3040 1386 potest
3081 1318 3297 1372 solvere
3345 1319 3498 1390 quod

1865 1409 2121 1480 accepit?
2141 1409 2391 1480 Ideoque
2420 1410 2605 1464 sciens
2631 1410 2840 1476 omnia,
2874 1410 3327 1466 misericordiam
3355 1412 3498 1482 petit

1865 1502 2050 1573 potius
2090 1519 2263 1573 quam
2305 1503 2652 1558 audientiam
2690 1503 2801 1574 (72)
2833 1520 2846 1558 :
2893 1525 2920 1551 «
2948 1504 3250 1573 Quoniam,
3288 1505 3496 1575 inquit,

1865 1611 1979 1650 non
2012 1594 2271 1668 1180
2306 1597 2714 1667 justiﬁcabitur
2741 1597 2802 1650 iu
2844 1599 3150 1668 conspectu
3177 1603 3274 1652 tuo
3312 1598 3497 1653 omnis

1865 1690 2040 1744 homo
2068 1691 2260 1745 vivens
2291 1691 2458 1761 (Psal.
2487 1707 2648 1758 cun,
2681 1692 2754 1760 2).
2790 1711 2818 1743 »

180 1779 375 1833 traditus
424 1786 508 1836 est
555 1781 778 1836 nocenti
826 1782 964 1852 (Job,
1003 1799 1067 1849 ιι,
1109 1783 1181 1854 6).
1225 1782 1335 1838 Sed
1383 1782 1613 1837 difﬁcile
1659 1763 1840 1837 fuitB
1933 1785 2031 1838 34.
2091 1783 2261 1851 (Vers.
2317 1783 2460 1853 125.)
2509 1784 2749 1847 Quintus
2800 1784 3108 1839 versiculus
3169 1785 3424 1856 sequitur
3475 1803 3492 1841 :

181 1873 286 1926 illud
313 1876 363 1927 et
386 1875 604 1944 grande
633 1880 942 1944 certamen,
980 1875 1138 1947 quod
1173 1876 1281 1930 nisi
1318 1875 1418 1930 Job
1456 1875 1633 1930 nimia
1660 1893 1757 1946 pa-

179 1966 332 2020 tientia
372 1967 527 2021 haud
579 1968 747 2023 facile
792 1969 1098 2040 quisquam
1146 1985 1414 2040 superare
1454 1970 1759 2040 potuisset;

179 2063 324 2114 tamen
348 2060 438 2114 ille
463 2077 584 2116 non
615 2065 764 2116 totus
791 2067 876 2117 est
894 2063 1157 2131 traditus,
1180 2063 1279 2118 sed
1305 2063 1540 2118 meliore
1567 2079 1763 2133 excep-

180 2157 243 2205 tus
267 2158 339 2206 est
374 2156 656 2224 portione.
689 2157 798 2220 Qui
836 2156 1015 2211 dicit:
1056 2160 1176 2213 Non
1211 2159 1401 2212 tradas
1438 2173 1521 2212 me
1549 2157 1760 2227 (supra,

179 2262 286 2300 vers.
331 2251 462 2317 121),
509 2265 645 2320 qua:
691 2250 908 2320 majora
948 2255 1083 2305 sunt
1123 2251 1582 2321 comprehendit.
1634 2250 1763 2304 Plus

179 2344 322 2394 autem
343 2343 396 2395 in
425 2342 649 2410 anima,
681 2359 855 2414 quam
885 2345 943 2398 in
973 2359 1144 2399 carne
1168 2361 1396 2412 sumus;
1419 2344 1586 2414 justis
1608 2343 1762 2399 enim

181 2433 334 2488 dicitur
369 2452 382 2489 :
423 2438 594 2490 «Vos
640 2442 831 2492 autem
875 2454 988 2493 non
1040 2437 1176 2492 estis
1221 2439 1280 2492 in
1319 2454 1513 2504 carne,
1556 2437 1656 2492 sed
1703 2439 1761 2492 in

183 2527 332 2595 spiritu
368 2529 574 2599 (Rom.,
608 2545 725 2598 vm,
756 2531 830 2601 9).
867 2554 895 2580 »
922 2531 1086 2586 Tradi
1126 2547 1265 2602 ergo
1307 2532 1560 2586 animam
1603 2548 1762 2586 suam

190 2627 360 2689 recusat,
389 2623 487 2693 qui
537 2639 776 2694 corpore
817 2625 962 2679 sicut
996 2641 1210 2680 aranea
1243 2624 1566 2680 tabescebat
1590 2624 1756 2695 (Psal.

197 2727 354 2781 imm,
387 2719 494 2785 12).

229 2811 290 2862 3'2.
325 2811 434 2866 Hoc
480 2810 672 2879 igitur
723 2811 867 2879 loco,
913 2811 1133 2882 majore
1171 2813 1419 2884 quodam
1463 2811 1757 2867 familiari-

182 2900 269 2953 tatis
300 2919 395 2958 usu
439 2904 675 2975 potiora
718 2921 1088 2976 praesumens,
1133 2906 1213 2960 ait
1249 2923 1262 2961 :
1303 2908 1412 2960 Fac
1451 2921 1570 2960 cum
1611 2921 1761 2961 servo

181 2999 244 3047 tuo
274 2999 558 3053 secimdum
595 2999 1016 3054 misericordiam
1059 3004 1227 3063 tuam,
1261 3005 1313 3054 et
1346 3000 1594 3069 justitias
1642 3007 1763 3054 tuas

175 3086 264 3142 doce
283 3107 370 3146 me.
402 3091 858 3146 Misericordiam
897 3092 1002 3146 sibi
1033 3091 1242 3148 deferri
1283 3093 1480 3163 poscit,
1508 3093 1759 3162 justitias

176 3179 331 3237 doceri.
377 3185 538 3239 Alibi
589 3201 845 3256 quoque,
904 3186 1010 3240 hoc
1059 3191 1172 3253 est,
1223 3186 1283 3240 in
1349 3186 1758 3257 posterioribus

175 3273 305 3330 hebes
340 3278 485 3334 hunc
543 3295 775 3334 sensum
819 3296 831 3333 :
873 3299 902 3328 «
935 3280 1003 3334 Et
1046 3295 1119 3335 ne
1158 3281 1336 3335 intres
1381 3280 1440 3334 in
1476 3280 1761 3350 judicium

175 3383 270 3423 cum
291 3389 436 3427 servo
475 3379 584 3429 tuo
614 3372 780 3443 (Psal.
821 3388 975 3440 cxm,
1004 3376 1077 3445 2).
1108 3394 1135 3422 »
1179 3373 1404 3428 Etenim
1434 3378 1759 3429 nostrorum

176 3465 334 3518 conscii
379 3469 769 3537 peccatorum,
826 3466 1276 3522 misericordiam
1328 3467 1512 3538 magis
1565 3469 1760 3538 petere

176 3555 245 3610 Dei
282 3561 484 3628 nostri,
542 3576 722 3632 quam
765 3560 1049 3630 justitiam
1103 3561 1413 3632 implorare
1465 3561 1756 3616 debemus.

173 3649 265 3702 Alia
301 3653 511 3708 veniam
562 3654 829 3725 largitur,
876 3654 987 3708 alia
1033 3670 1275 3708 examen
1324 3654 1582 3725 impertit
1627 3654 1756 3726 (69).

173 3741 277 3803 Qum
321 3763 441 3817 spes
482 3746 820 3802 hominibus
865 3747 1125 3802 certandi
1174 3747 1326 3818 apud
1377 3764 1533 3816 eum,
1585 3764 1760 3819 quem

173 3838 343 3892 occulta
365 3856 476 3894 non
518 3841 743 3909 fallunt,
779 3856 954 3911 quem
981 3841 1158 3896 latere
1197 3844 1430 3911 peccata
1471 3857 1588 3896 non
1628 3858 1755 3912 pos-

171 3932 300 3985 sunt?
324 3933 568 4006 ideoque
599 3934 778 3988 sciens
807 3934 932 4005 ejus
958 3935 1304 4006 potentiam,
1337 3936 1435 4006 qui
1465 3935 1758 3990 hominem

170 4037 254 4076 non
289 4027 523 4093 timeret,
554 4028 638 4082 ait
669 4044 681 4081 :
715 4048 742 4075 «
773 4027 894 4083 Tibi
937 4028 1042 4083 soli
1084 4028 1315 4098 peccavi
1346 4029 1508 4093 (Psal.
1538 4045 1590 4096 ι,
1620 4029 1696 4097 6).
1728 4048 1755 4077 ››

171 4113 258 4169 Non
306 4125 482 4188 potest
535 4121 646 4175 hoc
694 4122 883 4190 justus
939 4137 1182 4192 negare,
1225 4121 1360 4192 quia
1414 4137 1588 4176 nemo
1637 4122 1756 4175 sine

170 4216 376 4279 pemto,
417 4231 532 4269 non
575 4219 758 4284 potest
800 4231 918 4282 rex,
960 4214 1089 4286 quia
1134 4215 1240 4269 etsi
1286 4215 1442 4286 leges
1480 4215 1538 4268 in
1580 4219 1760 4284 potes-

171 4307 259 4358 tate
288 4307 466 4376 habet,
499 4314 562 4362 ut
606 4309 843 4378 impune
882 4308 1197 4379 delinquat,
1230 4309 1347 4362 Deo
1387 4313 1580 4364 tamen
1622 4308 1755 4364 sub-

170 4393 289 4450 ditus
323 4407 402 4456 est
427 4402 570 4473 (70);
611 4403 731 4457 imo
774 4402 900 4472 plus
935 4402 1054 4473 ipse
1097 4401 1287 4468 debet,
1319 4403 1408 4456 cui
1447 4403 1572 4473 plus
1599 4419 1755 4457 com-

173 4490 368 4547 missum
392 4501 492 4550 est.

223 4586 296 4640 33.
320 4587 424 4642 Hoc
460 4605 602 4660 ergo
641 4588 777 4644 dicit
809 4606 823 4644 :
852 4590 959 4643 Fac
996 4605 1116 4644 cum
1147 4605 1298 4644 servo
1343 4594 1431 4645 tuo
1468 4589 1760 4645 secundum

171 4679 556 4737 misericordiam
585 4689 769 4747 tuam;
797 4682 935 4753 quia
962 4683 1066 4739 etsi
1099 4684 1238 4754 quid
1267 4682 1404 4738 boni
1433 4683 1564 4751 feci,
1593 4685 1760 4753 plura

173 4768 316 4827 debeo
352 4777 508 4846 quasi
547 4791 762 4831 servus.
802 4777 920 4831 Non
959 4793 1072 4831 uno
1101 4777 1249 4832 facto
1287 4793 1482 4832 servus
1519 4775 1758 4831 absolvi-

219 4946 298 5010 (68)
340 4950 720 5016 Βῳνωεθηιανσ
750 4952 1018 5015 judicium
1058 4951 1205 5003 idem
1255 4956 1340 5002 est
1385 4956 1554 5016 atque
1595 4954 1762 5004 exhi—

177 5010 292 5079 bere,
322 5010 416 5072 seu
453 5025 511 5072 in
546 5010 803 5086 presenti
847 5024 989 5075 ferre
1021 5023 1314 5087 judicium.
1349 5010 1482 5075 Cod:
1527 5025 1760 5085 Theod.,

179 5094 276 5160 viii,
296 5092 369 5140 tit.
397 5095 474 5156 18,
500 5095 624 5160 lege
649 5095 730 5145 42.

205 5157 302 5234 (69)
324 5161 482 5225 Edit.,
511 5157 648 5216 Aliis
669 5167 879 5218 veniam
903 5165 1152 5230 largitur,
1175 5166 1299 5217 aliis
1327 5180 1545 5216 examen
1571 5169 1764 5233 imper-

179 5229 249 5288 m;
276 5245 395 5284 mss.
435 5237 670 5302 aliquot,
699 5237 865 5288 Alii...
894 5229 1013 5300 alii,
1045 5243 1148 5289 etc.
1177 5239 1370 5289 Caneri
1414 5253 1616 5304 magno
1643 5229 1761 5290 nu-

182 5307 316 5362 mero,
340 5310 396 5355 ut
419 5307 475 5357 in
502 5311 676 5359 textu.

226 5371 303 5430 (τοι
329 5375 401 5427 Ita
429 5391 556 5429 mss.
589 5382 663 5430 At
686 5379 821 5431 edit.
849 5380 1138 5444 adjiciunt,
1175 5381 1278 5431 Deo
1315 5387 1490 5432 tamen
1521 5381 1764 5434 subditus

183 5446 259 5516 est.
273 5453 380 5507 post
407 5463 586 5513 voces,
622 5453 717 5516 qui
740 5451 879 5502 nulli
905 5452 1068 5510 debet,
1092 5453 1219 5508 imo,
1249 5455 1356 5503 etc.

227 5514 302 5579 (Ἠ)
343 5519 479 5571 Edit.
523 5529 578 5574 et
617 5514 782 5588 pauci
828 5538 982 5586 mss,
1022 5524 1289 5587 Numquid
1335 5525 1569 5588 gratiam
1611 5525 1764 5576 habet

188 5595 316 5646 ωηο,
342 5593 426 5641 cui
468 5593 686 5646 lectioni
724 5597 956 5646 Gracus
999 5599 1184 5646 textus
1223 5599 1279 5645 et
1316 5596 1525 5646 Latinae
1556 5597 1763 5647 versio-

190 5664 261 5703 nes
297 5661 663 5726 suffragantur.
719 5667 826 5717 Alii
873 5681 1046 5716 mss...
1093 5680 1291 5718 servus.
1341 5668 1460 5717 Non
1507 5669 1668 5727 male,
1715 5667 1762 5716 si

192 5730 376 5782 matiam
418 5733 505 5785 hic
544 5738 691 5788 idem
749 5751 870 5789 esse
913 5752 977 5788 ac
1025 5741 1284 5789 meritum
1339 5739 1759 5789 animadvertas.

195 5793 243 5843 Et
274 5800 360 5852 hoc
394 5807 548 5856 modo
585 5823 710 5858 eum
756 5809 1127 5874 Evangelistae
1179 5811 1360 5859 locum
1405 5808 1636 5859 reddidit
1677 5811 1759 5858 in-

1863 1875 2061 1932 Servus
2107 1883 2233 1931 tuus
2282 1894 2402 1932 sum
2440 1893 2536 1946 ego
2567 1897 2584 1932 :
2625 1878 2699 1932 da
2731 1878 2866 1932 mihi
2904 1879 3248 1941 intellectum,
3280 1886 3330 1933 et
3355 1880 3496 1935 scibo

1864 1972 2168 2025 testimonia
2209 1976 2323 2024 tua.
2373 1971 2694 2026 Intellectus
2736 1971 2982 2042 spiritale
3031 1988 3242 2026 munus
3287 1977 3395 2041 est,
3439 1979 3498 2028 et

1865 2063 1994 2117 ideo
2025 2063 2181 2133 quod
2211 2062 2308 2118 Dei
2335 2067 2436 2130 est,
2471 2080 2506 2118 a
2547 2065 2786 2119 Domino
2826 2065 3166 2135 postulatur.
3195 2065 3308 2120 Nec
3332 2065 3496 2137 quasi

1863 2163 2172 2211 extraneas
2216 2156 2412 2227 poscit,
2454 2157 2552 2228 qui
2599 2174 2826 2212 servum
2869 2174 2929 2212 se
2978 2158 3298 2214 conﬁtetur.
3349 2160 3495 2215 Bene

1863 2250 1943 2305 ait
1971 2269 1984 2304 :
2016 2252 2212 2308 Servus
2238 2255 2359 2306 tuus
2394 2266 2535 2306 sum.
2571 2251 2773 2306 Servus
2800 2252 2957 2306 enim
2997 2253 3356 2308 voluntatem
3387 2253 3492 2309 do-

1862 2343 2002 2398 mini
2041 2345 2128 2398 sui
2167 2343 2321 2400 facit.
2363 2345 2569 2399 Servus
2617 2345 2825 2416 quaerit
2864 2345 3152 2401 servitutis
3188 2347 3494 2417 stipendia,

1865 2437 2394 2492 remunerationem
2434 2442 2622 2509 sperat
2667 2439 2798 2509 (75).
2848 2441 3052 2494 Servus
3101 2440 3329 2494 Domini
3377 2457 3494 2495 non

1861 2535 2046 2600 potest
2082 2530 2237 2585 idem
2276 2547 2398 2585 esse
2441 2547 2636 2586 servus
2676 2532 2926 2602 peccati;
2959 2535 3015 2587 et
3059 2532 3188 2586 ideo
3230 2533 3488 2588 intellec-

1860 2625 1981 2677 tum
2009 2622 2114 2677 sibi
2141 2623 2276 2678 dare
2307 2624 2502 2694 poscit,
2533 2629 2593 2680 ut
2629 2624 2771 2680 sciat
2808 2640 3006 2681 cavere
3034 2630 3353 2696 peccatum.
3384 2628 3490 2681 Ha-

1859 2715 2031 2771 bebat
2072 2715 2303 2787 quidem
2351 2716 2729 2787 intellectum,
2759 2718 2858 2772 sed
2903 2734 3021 2774 non
3071 2722 3134 2773 ut
3169 2718 3492 2775 redundare

1862 2809 1972 2864 sibi
1998 2810 2290 2878 crederet;
2313 2809 2640 2866 uberiorem
2667 2811 2924 2882 requirit.

1929 2906 2022 2958 35.
2054 2905 2150 2959 Est
2173 2908 2362 2959 autem
2405 2909 2461 2960 et
2488 2905 2806 2960 intellectus
2835 2907 3077 2974 naturae,
3108 2908 3164 2961 et
3201 2911 3288 2962 est
3322 2907 3489 2961 intel-

1860 2998 2042 3053 lectus
2083 3014 2200 3053 non
2233 2998 2437 3053 bonus.
2478 2999 2611 3054 Ideo
2642 3003 2698 3052 et
2724 2999 2991 3054 Salomon
3019 2999 3099 3052 ait
3127 3016 3140 3054 :
3173 3021 3199 3047 ‹‹
3237 3001 3495 3054 Intellec-

1860 3095 1953 3146 tus
1996 3094 2192 3146 autem
2240 3092 2423 3147 bonus
2464 3091 2563 3147 dat
2615 3092 2853 3164 gratiam
2900 3093 3102 3163 (Prov.,
3143 3109 3262 3162 xm,
3315 3097 3418 3164 15).
3463 3116 3489 3143 ››

1859 3186 2000 3240 Nam
2052 3186 2098 3240 si
2149 3186 2335 3241 omnis
2381 3186 2701 3242 intellectus
2741 3187 2925 3241 bonus
2973 3192 3139 3254 esset,
3192 3203 3308 3242 non
3351 3204 3494 3260 opus

1858 3278 2058 3335 fuisset
2083 3279 2495 3336 additamento.
2525 3280 2658 3334 lure
2697 3280 2940 3351 gratiam
2968 3280 3190 3335 Domini
3227 3281 3314 3336 sui
3341 3298 3495 3352 qua:-

1858 3373 1954 3440 rit,
1993 3373 2162 3428 aliter
2207 3375 2362 3429 enim
2412 3373 2555 3428 scire
2598 3389 2713 3428 non
2763 3377 2954 3444 potest
2987 3380 3208 3429 secreta
3246 3375 3493 3443 Domini,

1859 3467 1967 3521 nisi
2021 3467 2344 3524 intellectus
2384 3467 2652 3539 spiritalis
2698 3484 2908 3522 munus
2963 3463 3268 3539 acceperit.
3316 3469 3493 3524 Habes

1859 3561 1968 3615 hoc
2013 3562 2073 3614 in
2119 3562 2364 3616 Jeremia
2404 3577 2417 3613 :
2468 3582 2495 3612 (ι
2533 3562 2741 3615 Notum
2788 3561 2928 3615 mihi
2975 3561 3083 3628 fac,
3129 3562 3390 3629 Domine,
3440 3569 3496 3618 et

1859 3654 2012 3709 scibo
2043 3655 2279 3732 (Jerem.,
2306 3671 2382 3722 ιιι,
2419 3656 2534 3725 18);
2569 3677 2596 3704 ››
2625 3655 2760 3725 quia
2792 3654 2900 3708 nisi
2928 3656 3074 3709 Deus
3101 3659 3305 3710 notum
3339 3656 3489 3711 fece-

1859 3748 1934 3802 rit
1977 3747 2306 3804 hominibus
2345 3747 2678 3819 mysterium
2721 3764 2907 3816 suum,
2947 3749 3089 3804 scire
3130 3765 3244 3804 non
3292 3766 3490 3819 possu-

1859 3857 2009 3896 mus.

1930 3937 2018 3990 36.
2076 3935 2250 4003 (Vers.
2317 3938 2457 4005 126.)
2525 3933 2796 4006 Sequitur
2857 3934 3165 3989 versiculus
3228 3937 3417 3990 sextus
3477 3951 3490 3992 :

1863 4031 2089 4098 Tempus
2147 4029 2424 4094 faciendi,
2494 4031 2712 4084 Domine
2778 4047 2792 4081 :
2855 4029 3258 4098 dissipaverunt
3331 4031 3492 4097 legem

1859 4126 2011 4176 tuam
2034 4123 2230 4191 iniqui.
2277 4123 2423 4176 Bene
2457 4121 2538 4176 ait
2578 4127 2805 4194 tempus
2846 4122 3094 4176 faciendi
3131 4139 3252 4177 esse
3287 4140 3300 4176 :
3337 4144 3365 4171 ‹‹
3399 4125 3494 4178 Est

1863 4215 2056 4285 (enim)
2083 4220 2314 4286 tempus
2349 4215 2599 4282 tacendi,
2632 4219 2689 4270 et
2720 4222 2944 4287 tempus
2973 4215 3244 4288 loquendi
3277 4218 3491 4287 (Eccle.,

1859 4325 1936 4377 ιιι,
1970 4310 2044 4378 7).
2075 4330 2102 4357 ››
2138 4308 2248 4364 Sed
2291 4308 2565 4380 loquendi
2606 4315 2835 4380 tempus
2872 4309 3124 4378 advenit,
3156 4327 3218 4364 ac
3258 4327 3360 4380 per
3387 4311 3494 4366 hoc

1861 4402 2144 4456 Dominici
2187 4402 2462 4456 adventus
2502 4406 2726 4472 tempus
2761 4403 2882 4472 jam
2926 4418 3048 4456 esse
3094 4408 3391 4469 memorat,
3428 4410 3494 4457 ut

1777 4499 1836 4572 D
1860 4495 1990 4566 quia
2015 4496 2158 4566 legis
2185 4495 2336 4550 facta
2375 4499 2461 4549 est
2499 4495 2911 4565 praevaricatio,
2942 4494 3130 4549 veniat
3172 4495 3298 4548 finis
3326 4496 3490 4566 legis,

1861 4595 1917 4644 et
1952 4589 2368 4644 consummatio
2403 4588 2546 4657 ejus,
2575 4592 2632 4642 et
2672 4588 2967 4658 plenitudo
3006 4589 3280 4643 Dominus
3306 4591 3489 4655 Jesus,

1862 4683 1960 4754 qui
2003 4683 2178 4737 donet
2223 4681 2552 4736 hominibus
2591 4683 2850 4737 universa
2900 4682 3136 4750 delicta;
3181 4688 3236 4737 et
3283 4684 3490 4738 abolito

1861 4776 2245 4848 chirographo
2275 4775 2620 4842 debitorum,
2661 4776 2914 4831 absolvat
2953 4792 3153 4831 omnes
3192 4780 3249 4830 et
3286 4778 3490 4831 liberet

1863 4954 2179 5017 terpretatio
2212 4954 2426 5017 persica
2461 4956 2628 5017 atque
2662 4952 2976 5018 mthiopica,
3014 4967 3156 5018 quas
3198 4953 3254 5002 in
3288 4951 3489 5017 Polygl.

1860 5024 2013 5087 Angl.
2041 5024 2302 5075 consulas
2322 5024 2468 5074 licet.

1924 5096 2019 5155 (72)
2066 5097 2194 5146 Mss.
2249 5097 2479 5160 aliquot,
2531 5109 2692 5159 quam
2738 5096 3073 5160 sapientiam.
3119 5096 3275 5146 Rom.
3336 5098 3490 5162 edit.,

1861 5181 2024 5231 quam
2074 5168 2476 5218 excusationem.
2525 5168 2720 5217 Melius
2773 5168 2866 5217 alii
2908 5180 3036 5217 mss.
3096 5171 3149 5216 et
3200 5173 3306 5218 vet.
3357 5171 3486 5221 edit.

1862 5253 2022 5304 quam
2053 5240 2418 5300 audientiam;
2448 5238 2557 5288 hoc
2582 5243 2683 5300 est,
2713 5251 2881 5301 quam
2920 5237 3106 5289 locum
3132 5238 3237 5288 sibi
3266 5239 3380 5290 dari
3423 5242 3491 5290 ad

1862 5325 2087 5364 causam
2117 5310 2540 5362 defendendam.

1924 5383 2021 5445 (73)
2068 5382 2392 5446 Superiores
2433 5380 2585 5440 edit.,
2637 5379 3107 5429 remunerationem
3148 5393 3255 5430 non
3290 5388 3488 5446 sperat.

1861 5454 2062 5504 Melius
2119 5453 2240 5503 cod.
2289 5466 2439 5513 mss,
2487 5453 2965 5501 remunerationem
3016 5456 3213 5514 sperat.
3269 5453 3489 5504 Etenim

1862 5539 2059 5577 servus
2088 5527 2284 5588 praeter
2308 5524 2498 5583 diaria,
2529 5522 2809 5584 peculium
2840 5525 2893 5571 et
2922 5521 3028 5571 alia
3051 5522 3328 5585 stipendia
3366 5538 3491 5575 ser-

1863 5597 2070 5656 vitutis,
2129 5595 2197 5644 ad
2251 5594 2743 5643 manumissionem
2798 5606 3020 5656 quoque
3071 5595 3293 5657 aspirat.
3346 5597 3490 5646 Infra

1864 5681 1994 5718 vero
2020 5666 2113 5716 ubi
2144 5679 2298 5725 mss,
2323 5679 2376 5715 se
2412 5677 2519 5713 non
2555 5669 2610 5712 ut
2638 5663 2961 5720 redundare,
2988 5664 3118 5714 edit.
3151 5666 3280 5717 inde
3314 5680 3491 5731 nega—-

1864 5739 2071 5788 tionem
2110 5736 2474 5787 detraxerant.
2510 5733 2692 5784 Minus
2731 5734 3021 5786 commode
3064 5735 3119 5785 id
3154 5737 3400 5801 quidem,
3427 5744 3489 5789 ut

1865 5808 2070 5870 patebit
2100 5808 2283 5856 locum
2315 5807 2580 5856 attenlius
2608 5805 2995 5856 consideranti.
