3930 6168
336 279 462 330 1511

1803 279 1859 333 S.
1901 277 2216 334 AMBROSH

3559 275 3691 326 4512

328 404 666 474 peccatores.
705 403 930 473 Tempus
959 409 1037 458 est
1061 403 1322 470 faciendi.
1355 407 1417 458 ut
1445 404 1493 458 si
1525 404 1958 475 ingravescente
1980 403 2286 490 Aadvenit
2314 403 2459 475 (76);
2503 418 2674 458 omne
2717 401 2869 457 enim
2909 405 3138 474 tempus
3180 400 3571 471 opportunum
3610 414 3692 452 sa-

328 493 667 566 segritudine
714 495 954 566 alicujus
998 496 1372 564 incommodi,
1417 513 1613 552 curras
1655 497 1729 552 ad
1773 497 1954 552 medi-

2060 498 2186 566 luti,
2215 497 2356 553 nihil
2393 512 2823 570 pracproperum
2855 511 2960 568 pro
3002 494 3180 549 salute
3223 491 3688 566 periclitantium,

328 605 478 656 cum,
537 594 601 642 ut
651 589 818 643 citius
869 589 1078 657 veniat,
1128 607 1201 644 ne
1247 594 1444 662 postea
1495 591 1796 646 subvenire
1842 607 1956 646 non
2060 592 2155 647 sed
2186 591 2406 646 volebat
2446 592 2772 662 exspectare
2815 587 3003 643 adhuc
3043 590 3360 658 Synagogaa
3402 585 3696 640 correctio—

328 682 521 754 possit.
574 681 819 737 Medicus
865 682 1017 737 enim
1066 686 1203 738 tunc
1255 683 1498 754 amplius
1558 683 1957 750 desideratur,

330 794 460 831 cum
509 776 691 848 gravis
740 775 1066 830 incubuerit
1109 775 1389 847 aegritudo
1437 777 1754 848 languenti.
1810 778 1962 847 Ergo

332 887 463 926 cum
504 869 691 924 videat
732 869 792 923 in
842 869 1051 940 Spiritu
1097 874 1322 924 sanctus
1364 870 1646 941 Propheta
1690 870 1958 941 praevari-

333 965 584 1019 cationes
619 963 834 1034 populi,
875 962 1182 1029 luxuriam,
1214 963 1460 1029 delicias,
1499 963 1680 1031 dolos,
1714 963 1959 1032 fraudes,

332 1057 646 1122 avaritiam,
694 1056 1111 1123 temulentiam,
1165 1057 1328 1127 quasi
1372 1073 1477 1128 pro
1526 1056 1687 1111 nobis
1726 1058 1964 1112 interve-

336 1152 474 1218 niat,
509 1149 684 1204 currit
724 1149 796 1203 ad
837 1149 1146 1216 Christum,
1179 1166 1352 1221 quem
1395 1150 1583 1204 solum
1632 1150 1803 1206 tantis
1830 1151 1963 1205 scie-

330 1245 427 1299 bat
456 1242 752 1298 subvenire
793 1259 960 1314 posse
999 1243 1262 1314 peccatis,
1305 1249 1475 1314 urget
1513 1249 1572 1298 ut
1606 1243 1817 1310 veniat,
1859 1260 1963 1299 nec

335 1337 549 1408 patitur
588 1335 711 1390 fieri
749 1351 957 1390 moras.
1004 1338 1249 1407 Tempus,
1297 1336 1503 1408 inquit,
1553 1337 1820 1404 faciendi,
1867 1341 1964 1392 Do-

334 1434 494 1493 mine,
528 1431 637 1484 hoc
665 1433 768 1495 est,
805 1433 869 1483 ut
899 1445 1001 1500 pro
1042 1430 1206 1484 nobis
1235 1446 1463 1485 crucem
1490 1431 1776 1495 ascendas,
1811 1447 1961 1485 mor-

337 1529 451 1579 tem
483 1524 702 1579 subeas.
742 1522 911 1578 Totus
941 1523 1000 1576 in
1042 1523 1363 1594 periculum
1405 1523 1676 1580 ultimum
1718 1524 1966 1579 mundus

338 1622 606 1688 urgetur;
655 1617 783 1671 veni
832 1621 893 1670 ut
939 1616 1105 1671 tollas
1154 1622 1450 1688 peccatum
1493 1617 1714 1672 mundi.
1769 1617 1968 1671 Veniat

336 1711 448 1765 vita
490 1710 893 1776 morientibus,
933 1711 1123 1765 veniat
1164 1711 1500 1764 resurrectio
1539 1711 1658 1779 jam
1707 1710 1961 1781 sepultis.

2063 703 2217 740 nem.
2247 685 2378 740 Ideo
2405 689 2538 740 ante
2581 687 2808 754 tempus
2841 681 2914 736 ad
2954 682 3255 736 ﬁculneam
3297 679 3451 735 venit
3474 679 3693 749 (Marc,

2062 796 2134 845 x1,
2194 781 2300 847 i3),
2360 779 2468 833 hoc
2519 782 2632 843 est,
2689 777 2800 830 cito
2849 774 3060 830 ludatis
3122 773 3308 841 venit,
3375 776 3692 844 opportune

2063 872 2356 943 gentibus;
2409 872 2516 926 cito
2568 869 2724 924 venit
2771 868 3056 939 perituris,
3105 865 3404 921 commode
3457 863 3698 919 creditu-

2063 983 2154 1021 1'18.

2133 1063 2218 1113 39.
2247 1059 2422 1130 (Vers.
2463 1059 2604 1127 l27.)
2643 1057 2909 1128 Sequitur
2941 1071 3136 1110 versus
3172 1054 3445 1125 septimus
3477 1069 3488 1106 :
3537 1055 3698 1120 Prop-

2063 1159 2142 1206 ter
2186 1154 2281 1207 hoc
2323 1153 2494 1206 dilecti
2535 1151 2798 1206 mandata
2857 1155 2954 1204 tua
2999 1164 3160 1218 super
3204 1163 3398 1201 aurum
3443 1151 3493 1200 et
3543 1151 3694 1214 topa-

2063 1248 2207 1301 zion.
2251 1248 2360 1300 Lex
2407 1244 2797 1300 annuntiatrix
2829 1242 3036 1299 Christi
3074 1245 3193 1309 est;
3235 1243 3518 1312 przecepta
3558 1255 3694 1310 ergo

2064 1339 2204 1410 legis
2239 1355 2398 1410 spem
2438 1339 2765 1394 futurorum
2803 1337 3086 1392 bonorum
3129 1333 3431 1399 deferunt;
3466 1332 3699 1386 manda-

2064 1439 2185 1487 tum
2231 1436 2314 1487 est
2365 1433 2520 1487 enim
2560 1432 2782 1486 Domini
2830 1448 2842 1484 :
2891 1451 2918 1478 «
2961 1429 3201 1484 Attende
3242 1427 3364 1494 tibi,
3413 1443 3485 1480 ne
3531 1427 3695 1480 dere-

2067 1522 2287 1594 linquas
2313 1521 2539 1577 levitem
2572 1537 2673 1592 per
2701 1536 2874 1576 omne
2900 1525 3128 1590 tempus
3157 1534 3271 1589 quo
3296 1517 3501 1571 vixeris
3527 1531 3701 1586 super

2066 1621 2278 1670 terram
2307 1614 2506 1685 (Deut.,
2557 1631 2648 1681 xu,
2699 1615 2867 1682 19).»
2901 1613 3038 1678 Quis
3079 1618 3162 1668 est
3205 1611 3308 1667 iste
3349 1609 3589 1666 levites?
3617 1610 3702 1663 ln-

2066 1711 2276 1782 telligis
2302 1711 2349 1765 si
2389 1711 2715 1766 consideres
2761 1710 2890 1781 quis
2929 1709 3002 1763 sit
3041 1709 3138 1764 ille
3177 1708 3275 1779 qui
3313 1706 3468 1762 venit
3508 1704 3704 1760 minis-

339 1806 566 1858 Factum
598 1808 759 1858 tuum
790 1803 1104 1871 subveniat,
1129 1803 1401 1874 quoniam
1428 1819 1533 1857 nec
1553 1807 1651 1858 tua
1677 1807 1967 1874 prmcepta
1988 1781 2043 1852 B
2067 1806 2242 1874 trare,
2276 1805 2373 1876 qui
2427 1805 2687 1859 sacerdos
2729 1809 2816 1859 est
2858 1804 2916 1858 in
2968 1807 3266 1858 aeternum.
3322 1801 3486 1854 Aliud
3539 1815 3702 1853 man-

336 1898 600 1969 prodesse
649 1899 979 1967 potuerunt.
1034 1898 1094 1950 In
1148 1897 1294 1968 Lege
1348 1903 1696 1968 praeceptum
1747 1903 1858 1963 est,
1907 1898 1963 1950 in

335 1991 644 2061 Evangelio
670 1989 1055 2044 ministerium
1089 1991 1220 2060 (74),

407 2087 495 2138 37.
525 2084 719 2139 Caecus
757 2083 942 2137 omnis
982 2085 1225 2154 populus
1260 2083 1554 2154 proprium
1601 2100 1716 2138 non
1743 2084 1969 2140 videbat

337 2180 646 2231 auctorem.
679 2176 924 2230 Claudus
969 2181 1093 2230 erat
1132 2176 1400 2245 mundus,
1431 2179 1489 2230 et
1527 2177 1812 2232 titubante
1844 2194 1965 2231 ves-

336 2270 480 2342 tigio
506 2269 637 2325 fidei
666 2269 996 2324 ﬂuctuabat.
1030 2271 1152 2324 Non
1188 2274 1307 2324 erat
1333 2271 1620 2342 malagma
1648 2271 1968 2342 imponere,

338 2380 524 2435 neque
565 2364 774 2433 oleum,
822 2379 1011 2434 neque
1052 2363 1436 2433 alligaturam.
1479 2363 1660 2419 Omne
1700 2364 1971 2435 patrimo-

341 2459 501 2512 nium
570 2473 736 2511 suum
791 2457 848 2510 in
914 2457 1159 2511 medicos
1215 2463 1554 2527 erogaverat
1617 2457 1824 2512 mulier
1878 2457 1971 2512 illa

343 2551 666 2622 evangelica
703 2550 881 2621 (Luc.,
913 2566 1032 2618 vm,
1062 2552 1174 2620 43),
1209 2550 1456 2621 speciem
1489 2550 1708 2605 habens
1737 2567 1971 2623 congre-

343 2644 584 2715 gationis
619 2642 667 2714 1
684 2641 732 2714 1
749 2641 865 2715 81
905 2643 1198 2710 humanae,
1222 2659 1348 2714 quas
1375 2643 1560 2698 coibat
1583 2659 1648 2698 ex
1684 2644 1968 2714 gentibus,

343 2754 449 2792 nec
491 2737 766 2792 ﬂuentem
816 2736 1178 2807 sanguinem,
1223 2741 1282 2791 et
1326 2737 1654 2792 inveteratae
1699 2736 1972 2808 passionis

340 2831 552 2886 lethale
606 2829 948 2902 proﬂuvium
999 2833 1266 2900 poterant
1315 2831 1502 2886 saeculi
1549 2831 1719 2901 hujus
1767 2831 1971 2886 medici

340 2925 705 2995 restringere.
749 2923 1023 2995 Principis
1064 2923 1256 2995 populi
1301 2925 1603 2994 posteritas
1648 2924 1969 2993 interierat,

341 3021 397 3072 et
449 3017 632 3072 omnis
695 3016 980 3071 occiderat
1042 3015 1164 3086 ejus
1212 3016 1537 3070 basreditas.
1593 3015 1797 3072 Videns
1850 3017 1973 3071 haec

340 3112 637 3181 Propheta,
697 3109 834 3163 dicit
879 3109 951 3162 ad
1003 3109 1292 3164 Christum
1346 3127 1360 3162 :

342 3205 597 3267 Domine;
647 3218 758 3256 non
799 3201 1060 3272 jubendi,
1110 3201 1315 3272 inquit,
1368 3203 1464 3256 sed
1511 3203 1785 3269 faciendi;
1837 3203 1972 3274 quia

340 3312 459 3350 non
490 3295 712 3365 legatus
738 3309 926 3365 neque
954 3294 1207 3356 nuntius,
1237 3295 1334 3348 sed
1360 3295 1634 3349 Dominus
1662 3296 1972 3351 salvaturus

339 3393 465 3444 erat
491 3388 768 3459 populum
799 3403 985 3441 suum.
1017 3388 1085 3441 Et
1113 3387 1203 3442 ille
1230 3388 1465 3458 quidem
1495 3393 1718 3460 tempus
1744 3389 1969 3458 sciebat,

340 3487 396 3536 et
425 3497 539 3536 non
571 3480 894 3550 differebat,
925 3479 1024 3536 sed
1055 3497 1159 3536 nos
1196 3482 1581 3536 nesciebamus
1621 3499 1732 3554 quo
1771 3483 1973 3537 melius

340 3582 600 3647 tempore
633 3574 959 3630 subveniret
987 3574 1120 3645 (75).

412 3671 497 3724 38.
554 3673 664 3723 Aut
718 3669 955 3723 fortasse
1002 3669 1122 3722 vult
1171 3686 1204 3723 a
1257 3669 1420 3724 nobis
1479 3669 1800 3740 admoneri,
1856 3673 1975 3725 vult

338 3763 559 3835 rogari;
609 3763 724 3816 imo
774 3762 818 3815 si
856 3768 1084 3833 rogatus
1129 3761 1322 3830 fuerit,
1361 3765 1489 3818 ante
1532 3769 1758 3835 tempus
1799 3765 1968 3818 venit.

337 3856 504 3911 Venit
534 3855 605 3909 ad
650 3854 975 3922 ticulneam,
1009 3861 1065 3910 et
1109 3860 1241 3910 ante
1282 3856 1480 3910 horam
1520 3856 1699 3926 venit,
1739 3861 1804 3911 ut
1841 3857 1975 3911 dicit

338 3951 407 4004 ad
438 3953 699 4003 matrem.
734 3949 834 4003 Illa
877 3949 1114 4019 rogabat
1149 3965 1252 4019 pro
1287 3948 1473 4017 nobis,
1515 3949 1610 4004 illa
1646 3949 1970 4019 festinabat,

339 4044 528 4098 dicens
572 4059 584 4096 :
635 4064 660 4089 ‹‹
689 4041 895 4095 Vinum
941 4058 1057 4096 non
1102 4042 1338 4109 habent,
1378 4041 1456 4096 ﬁli
1495 4044 1691 4114 (Joan.,
1739 4060 1792 4109 u,
1834 4047 1908 4109 3).
1945 4067 1971 4093 »

341 4134 651 4205 Respondit
691 4136 890 4189 lesus:
923 4155 950 4182 «
979 4135 1125 4198 Quid
1167 4135 1308 4189 mihi
1347 4139 1404 4190 et
1442 4136 1543 4190 tibi
1588 4139 1691 4199 est,
1727 4137 1973 4191 mulier?

342 4227 606 4282 Nondum
635 4227 788 4281 venit
819 4228 956 4281 hora
985 4243 1114 4282 mea
1145 4229 1327 4297 (Ibid.,
1361 4231 1434 4299 4).
1470 4251 1496 4279 ››
1528 4231 1595 4284 Et
1627 4235 1814 4284 mater
1845 4245 1972 4300 quae

339 4321 550 4376 sciebat
585 4321 708 4392 ejus
743 4320 1030 4389 affectum,
1075 4321 1210 4376 dicit
1245 4322 1516 4378 ministris
1552 4343 1562 4378 :
1613 4345 1640 4372 ‹‹
1670 4323 1969 4388 Quodcun-

341 4431 450 4487 que
491 4415 699 4470 dixerit
745 4414 900 4470 vobis
943 4415 1110 4470 facite
1152 4415 1338 4486 (Ibid.,
1377 4416 1450 4486 5).
1484 4438 1510 4466 »
1539 4419 1701 4471 lesus
1744 4433 1971 4489 quoque

1419 3113 1645 3179 Tempus
1694 3111 1968 3176 faciendi,
1993 3147 2047 3221 Ο

2069 1900 2265 1955 datum
2303 1898 2424 1952 ait:
2472 1918 2499 1946 «
2528 1897 2760 1952 Custodi
2800 1911 3060 1951 mensem
3097 1910 3390 1959 novorum,
3431 1899 3488 1947 et
3531 1891 3701 1946 facies

2068 1993 2276 2048 Pascha
2307 1990 2548 2046 Domino
2582 1991 2695 2046 Deo
2731 1997 2828 2047 tuo
2863 1991 3062 2060 (Deut.,
3101 2005 3209 2056 xv1,
3254 1987 3326 2058 l).
3361 2009 3388 2037 »
3419 1987 3484 2041 Et
3505 1987 3654 2040 infra
3686 2003 3698 2039 :

2071 2109 2097 2136 ‹‹
2143 2089 2201 2140 In
2227 2087 2348 2141 loco
2389 2101 2560 2157 quem
2603 2084 2843 2156 elegerit
2874 2084 3146 2140 Dominus
3185 2084 3330 2137 Deus
3370 2086 3500 2136 tuus
3536 2082 3699 2134 invo-

2069 2175 2186 2229 cari
2226 2190 2439 2230 nomen
2485 2189 2671 2240 suum,
2725 2173 2805 2228 ibi
2849 2171 3070 2227 occides
3115 2171 3326 2225 Pascha
3354 2185 3588 2241 vespere
3629 2169 3702 2221 ad

2069 2284 2328 2322 occasum
2374 2267 2504 2322 solis
2555 2267 2613 2321 in
2667 2273 2930 2338 tempore
2975 2281 3088 2337 quo
3133 2263 3299 2319 existi
3348 2263 3418 2317 de
3463 2264 3703 2334 Egypto

2072 2363 2254 2432 (Ibid,
2295 2361 2424 2431 6).»
2465 2363 2614 2432 Ergo
2658 2360 2922 2414 mandata
2969 2359 3066 2414 Dei
3112 2358 3328 2412 habent
3368 2357 3575 2411 futurae
3615 2372 3706 2409 re-

2073 2453 2418 2525 demptionis
2466 2453 2703 2520 indicia,
2761 2451 3191 2507 resurrectionis
3245 2449 3522 2522 insignia;
3572 2447 3705 2503 ideo

2071 2564 2243 2619 super
2294 2563 2498 2602 aurum
2544 2552 2600 2602 et
2645 2546 2903 2617 topazion
2963 2549 3255 2599 memorat
3302 2543 3409 2598 sibi
3453 2559 3574 2597 esse
3623 2541 3709 2596 di-

2071 2639 2238 2695 lecta.
2264 2640 2411 2704 Quid
2439 2639 2594 2695 enim
2630 2640 2809 2694 salute
2854 2638 3092 2710 gratius,
3125 2636 3534 2694 resurrectione
3569 2652 3702 2706 pre-

2072 2734 2270 2788 tiosius
2285 2733 2313 2787 ‘?

2143 2828 2230 2882 40.
2276 2826 2374 2880 Vel
2423 2827 2557 2897 quia
2599 2842 2725 2898 quae
2770 2826 2940 2880 stulta
2991 2831 3124 2880 sunt
3173 2823 3390 2891 mundi,
3449 2822 3707 2880 Christus

2072 2920 2272 2991 elegit;
2321 2923 2385 2973 ut
2437 2919 2708 2990 quoniam
2754 2935 2859 2990 per
2903 2919 3242 2990 sapientiam
3289 2915 3538 2972 mundus
3589 2932 3706 2980 non

2073 3013 2339 3084 cognovit
2375 3015 2572 3082 Deum,
2621 3029 2724 3084 per
2763 3011 3058 3068 stultitiam
3104 3011 3525 3083 praedicationis
3562 3011 3708 3064 salu-

2072 3113 2190 3163 tem
2233 3107 2466 3162 afferret
2505 3105 2896 3173 credentibus;
2945 3107 3186 3178 ideoque
3231 3106 3350 3160 ait:
3400 3105 3582 3176 Super
3617 3120 3706 3158 sa-

2072 3201 2351 3273 pientiam
2395 3199 2742 3272 operationis
2775 3199 3036 3267 caelestis,
3070 3205 3128 3254 et
3171 3199 3472 3254 mundanae
3507 3197 3713 3252 consti-

2072 3295 2325 3362 tutionis,
2365 3301 2421 3349 et
2463 3310 2631 3366 super
2666 3297 3008 3349 ornamenta
3049 3292 3178 3348 solis
3217 3298 3275 3348 et
3313 3293 3484 3360 lunae,
3524 3291 3712 3346 stella-

2075 3405 2316 3461 rumque
2379 3389 2626 3460 pretiosa
2701 3387 2973 3455 monilia,
3036 3386 3208 3442 dilexi
3283 3385 3710 3441 obaudientiam

2076 3483 2380 3537 Dominicae
2411 3481 2705 3554 passionis.
2737 3482 2864 3536 Plus
2890 3481 3045 3536 enim
3076 3479 3414 3535 redimendo
3446 3477 3494 3551 1
3513 3475 3709 3551 182

2074 3576 2215 3631 mihi
2247 3576 2506 3644 contulit,
2538 3591 2709 3647 quam
2741 3575 3020 3641 creando;
3044 3579 3179 3630 tunc
3209 3574 3366 3628 enim
3397 3573 3517 3627 sine
3537 3588 3712 3627 sensu

2074 3672 2242 3724 natus
2266 3686 2414 3738 sum,
2455 3686 2606 3724 nunc
2647 3685 2776 3724 cum
2814 3669 3100 3723 voluntate
3131 3671 3405 3722 servatus.
3444 3666 3548 3720 Sed
3591 3681 3712 3720 non

2073 3762 2398 3834 quicunque
2426 3763 2602 3818 dicit:
2647 3764 2824 3816 Dilean‘
2862 3762 3126 3817 mandata
3172 3767 3268 3816 tua
3305 3775 3468 3830 super
3514 3775 3712 3814 aurum

2073 3861 2124 3912 et
2163 3859 2434 3926 topazion.
2466 3857 2588 3911 Non
2619 3855 2755 3910 dicit
2787 3871 3004 3923 avarus,
3041 3854 3138 3926 qui
3169 3870 3310 3909 auro
3338 3853 3588 3922 incubat,
3622 3853 3712 3907 di-

2074 3954 2222 4009 vitiis
2267 3951 2467 4019 inhiat,
2513 3953 2849 4004 ornamenta
2898 3948 3209 4013 desiderat;
3261 3948 3355 4003 sed
3403 3947 3497 4002 ille
3545 3946 3710 4014 dicit,

2074 4048 2171 4120 qui
2204 4047 2394 4118 potest
2417 4044 2607 4098 dicere
2641 4059 2655 4096 :
2681 4062 2709 4094 ιι
2736 4046 3050 4113 Argentum
3077 4047 3134 4096 et
3160 4057 3366 4095 aurum
3386 4057 3499 4095 non
3523 4040 3713 4094 habeo

2075 4143 2242 4212 (Act,
2267 4156 2348 4206 ιιι,
2374 4141 2446 4208 6),
2481 4159 2508 4187 ››
2538 4135 2814 4207 quoniam
2842 4152 2957 4190 non
2984 4136 3238 4207 requiro,
3261 4135 3532 4206 quoniam
3563 4133 3714 4187 nihil

2074 4234 2213 4290 mihi
2246 4248 2450 4287 aurum
2488 4231 2748 4302 prodest;
2777 4233 3120 4300 prmeeptum
3160 4235 3352 4284 autem
3382 4233 3440 4283 et
3477 4227 3714 4282 manda-

2073 4334 2196 4383 tum
2229 4328 2452 4382 caeleste
2481 4340 2572 4380 me
2604 4324 2867 4379 redemit.

2145 4423 2233 4476 41.
2265 4419 2520 4475 Diximus
2557 4418 2968 4473 continentiam
3007 4432 3220 4485 sensus,
3248 4433 3399 4472 nunc
3442 4416 3512 4470 de
3552 4422 3713 4486 topa-

340 4509 436 4580 qui
464 4509 660 4564 horam
691 4525 855 4564 suam
888 4510 1104 4564 venisse
1133 4517 1459 4582 negaverat,
1491 4511 1624 4565 fecit
1652 4511 1802 4582 quod
1831 4515 1962 4566 ante
1983 4515 2042 4586 Ι)
2065 4516 2149 4571 zio
2186 4514 2374 4586 lapide
2419 4512 2808 4583 exprimamus
2849 4511 3164 4567 historiam.
3199 4512 3272 4565 De
3320 4527 3434 4582 quo
3475 4509 3707 4564 inveni-

339 4596 672 4665 diﬂ‘erebat;
723 4614 856 4652 nam
911 4598 1109 4653 omnia
1158 4599 1301 4652 Deus
1345 4615 1444 4652 suo
1504 4604 1761 4670 tempore
1817 4599 1969 4654 fecit.

339 4685 618 4756 Quidquid
668 4687 820 4755 facit,
869 4703 980 4740 non
1031 4695 1112 4742 est
1152 4693 1313 4742 extra
1350 4693 1595 4758 tempus,
1642 4687 1739 4743 sed
1788 4692 1969 4743 totum

342 4779 732 4848 opportunum
763 4780 867 4843 est,
896 4776 1050 4846 quod
1077 4777 1296 4846 fecerit,
1326 4783 1382 4834 et
1411 4778 1552 4832 mihi
1581 4783 1839 4851 tempore
1872 4797 1972 4836 suo

403 4899 501 4961 (74)
528 4896 673 4948 Edit.
698 4909 912 4957 omnes,
935 4899 989 4947 et
1025 4910 1155 4947 mss.
1198 4912 1307 4948 non
1352 4900 1536 4963 pauci,
1575 4901 1634 4950 in
1681 4900 1972 4966 Evangetio

338 4972 663 5036 mysterium.
697 4968 896 5020 Melius
934 4970 1056 5020 cod.
1087 4969 1270 5030 Rom,
1309 4971 1494 5034 Corb.,
1537 4972 1701 5022 Vind.
1745 4977 1798 5023 et
1837 4974 1968 5023 Nav.

338 5056 568 5101 unus...,
592 5041 964 5090 ministerium.
1003 5040 1364 5105 Significatur
1400 5044 1550 5092 enim
1588 5045 1644 5093 in
1673 5044 1975 5108 Evangelio

337 5113 650 5164 exhibitum
675 5112 794 5162 sive
838 5111 1126 5176 impletum
1172 5113 1342 5162 fuisse
1379 5127 1408 5164 a
1449 5113 1691 5176 Christo,
1725 5114 1874 5178 quod
1919 5117 1972 5164 in

336 5185 459 5250 lege
482 5185 661 5236 fuerat
687 5189 1050 5249 prmeeptum.

401 5258 480 5318 (75
525 5257 672 5308 Edit.
727 5260 849 5320 post
890 5255 1120 5306 verbum
1169 5255 1487 5315 subveniret,
1533 5256 1812 5309 addebant
1857 5273 1868 5306 :
1909 5259 1972 5308 Et

324 5332 444 5395 jam
485 5330 641 5386 venit,
680 5335 726 5377 et
765 5328 916 5387 abiit,
945 5334 992 5379 et
1038 5329 1227 5378 iterum
1276 5328 1389 5378 vult
1431 5329 1633 5390 venire,
1679 5335 1725 5379 et
1773 5334 1974 5394 tempus

335 5402 553 5450 nescire.
611 5399 901 5450 Glossema
956 5401 1252 5460 insulsum,
1303 5399 1453 5464 quod
1511 5400 1566 5448 in
1621 5413 1754 5450 mss.
1804 5399 1972 5450 nullis

340 5472 581 5536 reperire
611 5475 712 5522 est.

399 5542 493 5606 (76)
524 5543 693 5592 Paris.
731 5543 990 5607 quadam
1029 5543 1181 5606 edit,
1215 5543 1278 5592 Et
1315 5542 1449 5592 nihil
1483 5543 1588 5593 nisi
1623 5548 1854 5608 tempore
1877 5556 1972 5594 suo

339 5614 572 5666 advenit.

396 5686 494 5748 (77)
537 5685 664 5736 Mss.
712 5686 936 5750 aliquot,
985 5687 1149 5747 Quasi
1198 5685 1574 5750 lithoynomon.
1622 5686 1809 5736 Lectio
1856 5699 1969 5736 non

332 5755 758 5808 contemnenda.
818 5755 958 5818 Quis
1007 5761 1193 5806 autem
1249 5756 1413 5807 fuerit
1460 5757 1553 5806 ille
1607 5757 1971 5818 Xenocrates,

333 5840 460 5879 cum
509 5828 627 5891 ejus
673 5826 912 5873 nominis
960 5826 1146 5888 plures
1199 5827 1524 5884 exstiterint,
1580 5841 1689 5876 non
1747 5829 1972 5879 omnino

2075 4622 2204 4660 mus
2244 4604 2520 4675 scriptum
2565 4603 2623 4658 in
2669 4602 2909 4658 historia
2951 4602 3298 4668 Xenocratis,
3338 4601 3437 4673 qui
3482 4600 3715 4671 scripsit

2074 4695 2232 4768 quasi
2285 4694 2676 4749 lithosnomon
2727 4692 2868 4762 (77),
2923 4691 3076 4746 nasci
3129 4706 3260 4744 eum
3313 4691 3401 4744 vel
3461 4690 3714 4744 inveniri

2076 4785 2222 4839 circa
2255 4782 2561 4838 Thebaidis
2603 4782 2882 4836 civitatem
2923 4779 3270 4834 alabastrum
3299 4779 3384 4834 vel
3421 4779 3711 4850 topazion,

2074 4906 2252 4971 liquet
2290 4921 2300 4954 :
2355 4918 2486 4955 vero
2530 4908 2720 4954 tamen
2762 4902 3043 4953 videretur
3089 4901 3328 4951 similius
3378 4901 3469 4951 hic
3510 4902 3597 4965 agi
3639 4900 3715 4951 de

2077 4977 2321 5027 Platonis
2361 4975 2655 5039 discipulo,
2697 4987 2863 5038 quem
2907 4973 3069 5037 Diog.
3111 4973 3360 5022 Laertius
3400 4984 3497 5022 sex
3539 4972 3717 5021 libros

2073 5047 2136 5097 de
2182 5049 2394 5098 Natura
2445 5047 2736 5109 scripsisse
2783 5048 3182 5096 commemorat
3226 5059 3236 5092 :
3282 5056 3423 5107 quos
3464 5042 3714 5093 historia

2075 5118 2238 5168 titulo
2283 5118 2576 5181 designare
2623 5118 2895 5180 potuisset
2936 5115 3282 5166 Ambrosius.
3332 5115 3540 5166 Verum
3576 5129 3716 5166 cum

2075 5189 2288 5239 Plinius
2345 5187 2746 5240 recentioribus
2785 5187 2932 5238 hanc
2980 5187 3299 5250 opinionem
3351 5186 3445 5236 lib.
3497 5197 3719 5237 xxxvu

2074 5261 2193 5311 Nat.
2234 5259 2373 5318 hist,
2419 5273 2538 5324 cap.
2585 5261 2636 5317 8,
2680 5258 2902 5318 tribuat,
2951 5262 3212 5322 putamus
3248 5270 3372 5307 eam
3422 5256 3717 5308 historiam

2073 5331 2364 5381 Xenocrati
2422 5330 2659 5390 medico,
2709 5331 2805 5394 qui
2853 5331 3002 5379 circa
3057 5328 3152 5378 illa
3205 5333 3450 5392 tempore
3501 5327 3718 5389 ﬂoruit,

2073 5401 2504 5452 attribuendam.
2537 5401 2700 5464 Quod
2726 5405 2912 5452 autem
2941 5400 3011 5450 de
3047 5399 3400 5464 Troglodytis
3432 5398 3718 5461 subditur,

2073 5473 2129 5522 id
2157 5474 2322 5523 etiam
2350 5487 2418 5523 ex
2444 5473 2603 5523 Plinii
2635 5474 2803 5523 citato
2833 5473 2956 5522 loco
2980 5471 3211 5534 petitum
3238 5475 3354 5530 est;
3387 5470 3482 5520 ubi
3521 5475 3719 5520 tamen

2073 5557 2187 5594 non
2237 5543 2408 5602 Philo,
2456 5543 2552 5594 sed
2597 5543 2848 5594 Philemo
2895 5541 3156 5594 eumdem
3205 5542 3442 5605 lapidem
3506 5542 3727 5593 emisse

2073 5618 2430 5665 memoratur.
2461 5616 2626 5666 Porro
2655 5613 3000 5679 Troglodytas
3040 5627 3108 5664 ex
3147 5611 3344 5664 eodem
3384 5613 3524 5663 Plin.
3567 5613 3602 5663 l.
3651 5625 3716 5672 ν,

2073 5700 2123 5737 c.
2168 5687 2216 5746 8,
2260 5685 2528 5737 discimus
2571 5686 2866 5750 EthiOpiaa
2913 5685 3147 5750 p0pulos
3190 5685 3363 5736 fuisse
3405 5683 3718 5734 admodum

2072 5757 2354 5819 barbaros,
2383 5759 2478 5823 qui
2509 5759 2568 5808 in
2593 5757 2876 5822 specubus
2918 5770 3031 5808 non
3072 5757 3237 5820 longe
3278 5770 3309 5807 a
3341 5755 3533 5808 Rubro
3568 5759 3718 5808 mari

2073 5829 2411 5882 habitarent.
