3930 6168
163 289 250 342 1513

156 415 193 463 ut
216 406 347 478 aliqui
379 406 588 477 putant;
629 402 784 458 unde
823 405 880 456 et
908 403 1240 458 nominatus
1279 408 1363 458 est
1399 405 1470 458 ab
1513 421 1578 460 eo
1610 404 1669 459 in
1694 417 1750 489 Α

153 519 225 574 quo
256 501 537 572 gigneretur
580 497 728 553 loco.
778 497 922 552 Sunt
965 500 1157 553 autem
1201 499 1297 569 qui
1344 499 1673 568 putaverint

151 596 314 650 insulam
357 593 652 663 nuncupari
715 591 997 663 Topazion
1054 592 1124 645 ad
1181 608 1354 662 quam
1407 592 1672 664 appulsos

152 688 471 759 Troglodytas:
517 689 638 740 orta
689 685 874 740 subito
929 687 1313 740 commotione
1362 686 1669 752 maritima,

148 801 186 837 eo
214 781 330 852 quod
359 781 568 834 navium
606 796 774 834 usum
809 796 926 834 non
969 780 1264 847 haberent,
1307 780 1536 851 regredi
1569 796 1669 835 ne-

146 877 332 947 quivisse.
364 874 554 928 Deinde
595 873 843 944 plurimo
881 874 1261 928 immorantes
1293 878 1572 945 tempore,
1613 874 1670 926 in

145 970 264 1022 insula
293 967 547 1021 invenisse
577 967 844 1038 lapidem,
887 973 942 1021 et
981 967 1295 1022 delectatos
1325 969 1510 1022 colore
1552 968 1673 1037 ejus

142 1062 353 1132 repetiisse
391 1063 634 1126 domum,
679 1065 735 1114 et
775 1060 973 1115 Arabis
1019 1060 1473 1131 negotiatoribus
1511 1060 1673 1114 adve-

137 1155 343 1209 nientibus
382 1153 690 1209 vendidisse
733 1171 744 1208 :
793 1155 862 1207 ab
914 1154 1025 1208 illis
1082 1155 1289 1208 emisse
1343 1154 1671 1222 Philonem,

137 1257 169 1301 et
214 1249 267 1302 ad
321 1256 542 1302 matrem
609 1248 900 1302 Ptolomaei
963 1248 1233 1315 secundi,
1298 1249 1387 1302 cui
1454 1263 1669 1302 nomen

135 1348 216 1395 erat
237 1343 484 1407 Berenice,
524 1342 594 1395 ab
623 1342 745 1412 ipso
787 1357 904 1396 esse
935 1343 1243 1412 perlatum,
1286 1341 1671 1400 illamautem

133 1435 322 1505 quamvis
370 1435 643 1505 regalibus
694 1435 1044 1490 ornamentis
1096 1435 1448 1503 abundaret,
1504 1451 1674 1506 supra

131 1530 296 1582 modum
325 1533 499 1583 tamen
546 1529 735 1583 colore
777 1529 899 1598 ejus
939 1529 1318 1600 stupefactam
1359 1528 1672 1583 elaborasse

131 1628 168 1673 ut
186 1622 354 1676 diutius
377 1623 582 1693 species
618 1627 738 1677 tam
779 1621 1009 1693 pretiosi
1050 1622 1254 1694 lapidis
1293 1639 1408 1677 non
1451 1622 1670 1686 lateret,

129 1716 301 1786 ideoque
341 1717 512 1771 studio
569 1718 691 1787 ejus
743 1717 1047 1788 quaesitum
1102 1717 1374 1788 lapidem,
1429 1715 1486 1769 in
1537 1731 1672 1769 usus

129 1809 456 1880 frequentiores
477 1811 722 1865 venisse.

172 1905 235 1957 ii.
259 1904 480 1958 Diximus
520 1904 810 1976 quomodo
840 1904 1159 1959 innotuerit
1197 1904 1458 1975 topazion
1509 1903 1671 1973 lapis,

131 2013 230 2050 nunc
249 1998 535 2068 expressius
565 1998 636 2052 de
665 1999 788 2069 ejus
815 1998 1084 2069 qualitate
1109 1998 1387 2052 dicamus.
1417 1999 1673 2052 Duorum

129 2091 306 2145 colorum
357 2096 433 2146 est
490 2093 555 2146 in
608 2093 712 2146 hoc
763 2092 948 2163 lapide
1002 2103 1168 2163 κρᾶσις
1224 2093 1354 2162 (78),
1410 2092 1520 2146 hoc
1567 2093 1670 2157 est,

132 2183 314 2250 quadam
358 2188 668 2256 temperata
715 2185 1031 2256 permistio.
1083 2193 1355 2256 Πρασοιδὴς
1403 2189 1459 2238 et
1506 2185 1668 2253 chry-

132 2293 218 2347 sopa
248 2279 414 2333 similis
453 2281 851 2350 chrysoprase,
884 2279 1199 2332 secundum
1235 2282 1545 2348 utrumque
1572 2294 1669 2330 ve-

135 2371 182 2422 lut
197 2373 421 2440 quasdam
450 2373 770 2427 extendens
811 2373 1066 2427 colorum
1101 2371 1337 2442 ﬁguras,
1369 2376 1426 2425 et
1455 2371 1674 2442 plenius

136 2464 284 2531 quidem
317 2483 345 2520 a
381 2467 588 2537 peritis
629 2467 813 2520 fertur
850 2466 1182 2521 extendere.
1214 2467 1307 2520 Est
1343 2469 1535 2519 autem
1566 2481 1669 2534 pa-

137 2555 292 2625 riclirus,
321 2566 372 2614 et
410 2561 548 2615 satis
583 2577 779 2631 purus,
809 2565 865 2614 et
895 2560 1291 2630 chrysochrus,
1333 2563 1392 2613 et
1420 2558 1668 2629 pinguis,

141 2652 417 2719 resplendenti
457 2653 686 2721 similis,
734 2653 983 2708 maxime
1029 2669 1158 2707 cum
1198 2653 1330 2708 solis
1366 2652 1669 2724 splendore

150 2747 371 2809 percutitur.
426 2749 525 2802 Est
588 2748 760 2802 etiam
811 2747 1232 2818 pulcherrimus
1286 2752 1342 2799 et
1397 2745 1673 2800 mirabilis

144 2850 240 2904 super
274 2857 456 2895 omnes
519 2840 928 2911 chrysoprasos
982 2839 1411 2910 magnitudine,
1471 2842 1557 2903 et,
1612 2844 1670 2890 ut

135 2928 215 2996 dixi,
234 2931 326 2986 visu
352 2934 650 3006 pinguior.
682 2935 892 2988 Natura
925 2933 1277 3003 hujusmodi,
1310 2938 1371 2986 ut
1412 2932 1456 2985 si
1491 2931 1670 3002 polire

128 3027 158 3072 et
193 3023 403 3098 levigare
457 3045 599 3083 cum
648 3027 805 3095 velis,
859 3031 1153 3098 asperetur
1202 3027 1404 3097 magis,
1463 3031 1518 3080 et
1567 3042 1668 3078 usu

124 3116 335 3173 minuitur.
377 3123 466 3176 Est
520 3127 726 3176 autem
778 3120 1032 3191 quodam
1080 3119 1317 3191 genitali
1363 3135 1533 3190 opere
1578 3134 1671 3173 na-

123 3211 214 3263 tura
249 3216 578 3287 euglyphus,
629 3216 734 3269 hoc
789 3217 893 3282 est,
944 3214 1094 3268 bene
1146 3213 1451 3285 insignitus
1502 3219 1672 3283 atque

120 3303 312 3360 mirabilis
348 3311 472 3380 (79),
522 3312 592 3362 et
643 3314 708 3363 ut
754 3324 978 3362 summo
1029 3307 1212 3362 studio
1256 3307 1463 3378 dignus
1499 3306 1668 3361 habe-

119 3401 238 3466 retur,
268 3401 473 3458 difﬁcile
523 3403 841 3468 invenitur,
889 3404 948 3454 et
992 3408 1269 3472 repertus,
1313 3416 1442 3455 raro
1479 3402 1670 3454 tamen

121 3488 154 3540 in
183 3507 260 3546 usu
293 3496 591 3553 hominum
631 3499 738 3566 est,
781 3496 940 3567 quasi
983 3496 1031 3550 is
1063 3511 1238 3567 quem
1279 3494 1434 3550 dives
1474 3494 1673 3564 regina

120 3584 265 3641 mirata
288 3592 368 3644 sit.

163 3677 226 3733 t3.
262 3683 356 3737 Sed
397 3686 516 3756 jam
567 3685 714 3739 sicut
755 3684 1117 3755 Troglodytas
1163 3683 1242 3737 illi
1294 3682 1454 3754 quasi
1493 3681 1674 3752 pretio

116 3787 190 3824 sua
219 3779 562 3834 remansionis
604 3778 858 3846 invento,
901 3779 1254 3849 repetierant
1295 3777 1552 3843 domum,
1594 3774 1674 3828 ita

117 3869 149 3914 et
179 3882 253 3921 nos
276 3872 659 3928 emolumento
689 3888 868 3926 mora:
908 3871 1078 3941 hujus
1117 3876 1344 3943 recepto
1376 3870 1674 3924 redeamus

114 3973 156 4009 ειυ
187 3963 308 4017 unde
350 3966 708 4022 divertimus.
757 3967 868 4019 Nec
913 3981 1018 4035 par
1056 3970 1139 4019 est
1181 3981 1280 4018 nos
1323 3965 1672 4018 ornamentis

113 4053 230 4120 regiis
273 4057 472 4113 diutius
523 4060 809 4114 sermonis
867 4059 1040 4113 nostri
1095 4058 1359 4129 quaedam
1413 4055 1670 4129 1183

110 4144 338 4205 admovere
395 4153 668 4220 brachia;
727 4169 857 4207 cum
919 4152 1233 4206 habeamus
1297 4151 1353 4204 in
1409 4152 1672 4206 manibus

109 4251 273 4296 crucem
314 4246 538 4315 Christi,
601 4262 779 4316 quam
831 4245 1105 4300 admonet
1167 4245 1448 4316 Propheta
1502 4261 1674 4315 super

107 4345 249 4390 aurum
291 4346 341 4394 et
385 4340 656 4412 tOpazion
711 4339 1152 4411 praeferendam,
1203 4355 1330 4410 qum
1386 4339 1455 4393 ab
1515 4339 1674 4392 omni

109 4439 242 4483 more
289 4434 565 4506 culpaque
619 4437 847 4488 revocat
902 4436 960 4487 et
1004 4433 1262 4504 corrigit.
1317 4432 1450 4496 Quis
1518 4431 1674 4486 enim

106 4518 321 4613 iustorum
386 4544 506 4582 non
586 4527 803 4582 ambiat
867 4526 1071 4584 Christi
1144 4527 1202 4580 in
1276 4529 1459 4581 morte
1525 4527 1750 4613 sola-D

110 4610 233 4683 tillm,
289 4619 340 4673 in
407 4621 830 4677 resurrectione
904 4620 1293 4676 consortium?
1355 4621 1490 4684 Quis
1556 4637 1672 4674 non

111 4707 296 4766 reflectat
344 4716 626 4786 gradum,
683 4715 918 4786 quando
973 4714 1167 4770 audiat
1219 4713 1321 4767 sibi
1387 4713 1675 4784 superiora

115 4806 243 4858 omnia
266 4815 485 4877 peccata
516 4809 764 4864 donari?
800 4811 1036 4881 Propter
1079 4809 1184 4862 hoc
1220 4807 1373 4861 enim
1413 4806 1672 4878 plerique

1697 1791 1751 1862 B

1693 3168 1747 3241 C

151 4981 219 5039 {78)
259 4984 366 5037 Sex
406 5002 568 5050 mss.,
617 4989 854 5039 Duarum
898 4987 1133 5039 colorum
1169 4992 1242 5037 est
1287 4986 1578 5036 similitudo
1620 4988 1677 5034 in

116 5048 170 5100 λῦε
203 5055 372 5121 lapide,
424 5048 618 5126 κᾳῑσίς,
666 5066 775 5112 etc.
817 5061 922 5111 Ubi
969 5063 1153 5110 autem
1196 5072 1389 5108 omnes
1433 5071 1566 5107 mss.
1613 5072 1678 5108 ac

117 5129 181 5195 ‘Fl-
217 5129 351 5190 edit.,
397 5137 442 5180 et
481 5131 768 5195 chrysopa,
807 5131 966 5180 Rom.
1016 5145 1086 5180 ex
1136 5129 1315 5179 Plinio
1363 5129 1678 5179 emendavit

117 5188 440 5266 fJV'ysocteron;
479 5188 600 5252 sed'
623 5188 722 5266 pro
749 5188 950 5251 similis
991 5201 1370 5265 chrysopraso;
1401 5205 1462 5249 ut
1504 5200 1676 5250 habe—

119 5263 229 5348 Eﬁrin
249 5271 365 5348 edit.
392 5279 452 5348 et
483 5263 944 5348 mss—plerisque,
971 5263 1354 5335 repanendum
1385 5284 1452 5320 ex
1483 5270 1678 5348 eodem

123 5340 249 5399 iuerat,
272 5342 454 5393 similis
492 5343 856 5407 chrysopasto.
887 5343 956 5392 Et
1001 5343 1148 5392 hanc
1183 5342 1477 5391 lectionem
1516 5340 1680 5390 vehe-

126 5411 268 5483 tenter
308 5416 655 5478 suspicamur
701 5427 1021 5478 germanam
1071 5426 1214 5474 esse,
1261 5425 1389 5462 cum
1439 5414 1496 5461 in
1545 5425 1674 5461 mss.

131 5476 374 5532 mibnsdam
401 5476 928 5548 —legamus,'similis
973 5485 1356 5547 chrysopasso;
1397 5483 1494 5533 sed
1535 5484 1679 5533 inte-

204 5552 256 5626 ab
277 5555 410 5618 aliis,
437 5561 608 5619 atque
642 5556 773 5606 edit.
805 5570 914 5605 non
959 5555 1316 5605 discedimus.
1353 5555 1494 5626 Infra
1530 5567 1678 5626 vero,

137 5623 183 5663 ιω
205 5623 325 5683 edit.,
351 5626 670 5689 parychrus,
700 5626 998 5675 scribimus
1024 5639 1151 5675 cum
1196 5639 1326 5674 mss.
1370 5624 1680 5687 pario/Irus,

137 5691 225 5762 ssi!
245 5696 379 5744 color
402 5698 612 5760 parias,
639 5699 756 5747 sive
794 5698 976 5758 albus,
1009 5712 1037 5747 a
1078 5696 1446 5747 marmoribus
1481 5696 1680 5746 insulae

139 5763 203 5810 tui
225 5766 282 5814 ita
308 5769 502 5820 dictus.

168 5832 232 5894 '79)
257 5837 394 5889 Rom.
426 5841 561 5890 edit.
591 5843 728 5904 sola,
757 5842 882 5892 bene
913 5843 1232 5906 ﬁgurabih’s.
1262 5843 1330 5892 Et
1367 5855 1493 5892 cum
1539 5843 1678 5903 aliis,

374 5919 651 5987 PATROL.
697 5921 824 5987 XV.
873 5923 1053 6007 (XIV,
1104 5943 1257 5989 mas
1303 5923 1407 6004 Il.)

1088 269 1090 272 ’
1189 277 1548 336 EXPOSITIO
1587 278 1656 334 IN
1694 278 2011 338 PSALMUM
2047 284 2274 340 CXVIII.

3262 286 3398 340 1514

1770 423 1802 460 a
1869 408 2254 464 conversionis
2331 408 2516 463 studio
2597 407 2848 463 révocari
2928 401 3180 463 solebant
3249 409 3394 479 (80),

1774 502 1924 572 quod
1977 502 2316 557 delictorum
2368 517 2602 556 suorum
2656 500 2901 567 conscii,
2959 500 3176 554 nullam
3235 518 3394 572 spem

1773 595 1951 650 veniae
1995 599 2434 667 praesumerent,
2487 600 2543 650 et
2589 595 2647 649 in
2691 593 2936 650 Ecclesia
2981 598 3193 665 quanto
3236 611 3395 649 sanc-

1775 690 1920 744 tiora
1972 695 2288 762 praecepta,
2338 695 2500 744 tanto
2549 691 2669 744 sine
2725 688 2889 743 venia
2947 692 3215 759 putarent
3280 704 3398 742 esse

1772 787 2022 856 peccata.

1844 881 1933 933 44.
1986 880 2156 949 (Vers.
2214 879 2358 947 128.)
2406 878 2652 948 Ideoque
2701 877 2781 930 ait
2822 881 3016 930 octavo
3057 875 3334 929 versiculo
3385 893 3396 928 :

1773 976 2060 1042 Propterea
2100 980 2152 1027 et
2185 975 2367 1028 omnia
2399 971 2666 1026 mandata
2706 976 2804 1024 tua
2831 970 3169 1039 corrigebar;
3200 984 3404 1023 omnem

1773 1068 1918 1120 viam
1975 1067 2239 1136 injustam
2292 1066 2415 1120 odio
2467 1065 2656 1118 habui.
2720 1064 2916 1118 Merito
2978 1062 3398 1132 corrigebatur,

1776 1161 2047 1231 quoniam
2084 1160 2363 1231 diligebat
2395 1181 2403 1211 :
2441 1179 2468 1206 «
2499 1157 2760 1212 Charitas
2799 1157 2997 1228 (enim)
3030 1156 3216 1227 operit
3250 1156 3399 1209 mul-

1776 1253 2078 1308 titudinem
2105 1257 2468 1325 peccatorum
2499 1252 2538 1321 (I
2562 1255 2729 1312 Petra,
2761 1267 2832 1316 ιγ,
2863 1250 2935 1320 8).
2967 1272 2995 1299 ››
3029 1249 3164 1303 Vide
3191 1252 3403 1320 quanta

1776 1348 2014 1418 aperiat,
2071 1350 2283 1418 quanta
2330 1345 2597 1416 corrigat.
2659 1366 2687 1391 «
2734 1344 2989 1398 Charitas
3033 1343 3250 1414 patiens
3299 1346 3403 1407 est,

1774 1440 2022 1511 benigna
2051 1447 2152 1495 est.
2182 1441 2438 1497 Charitas
2475 1454 2591 1493 non
2631 1439 2950 1502 mmulatur,
2978 1452 3096 1490 non
3128 1435 3247 1506 agit
3270 1451 3403 1505 per-

1773 1550 1992 1604 peram,
2026 1551 2142 1589 non
2173 1533 2424 1599 inﬂatur,
2465 1549 2578 1586 non
2623 1535 2709 1585 est
2748 1530 3070 1594 ambitiosa,
3104 1545 3220 1583 non
3249 1544 3401 1598 quaa-

1775 1628 1850 1682 rit
1874 1644 2002 1700 qua:
2031 1645 2129 1682 sua
2156 1633 2306 1694 sunt,
2338 1643 2454 1681 non
2483 1626 2758 1692 irritatur,
2783 1640 2898 1678 non
2928 1623 3137 1694 cogitat
3165 1622 3402 1689 malum,

1775 1738 1890 1776 non
1961 1721 2176 1794 gaudet
2225 1737 2398 1792 super
2447 1720 2777 1790 iniquitate,
2842 1716 3157 1787 congaudet
3211 1719 3403 1770 autem

1776 1815 2014 1871 veritati.
2067 1815 2273 1869 Omnia
2313 1814 2528 1881 suffert,
2561 1813 2760 1867 omnia
2802 1810 3003 1878 credit,
3042 1809 3236 1864 omnia
3273 1824 3403 1878 spe-

1775 1916 1891 1976 rat,
1949 1909 2141 1963 omnia
2205 1908 2460 1962 sustinet.
2529 1907 2790 1962 Charitas
2838 1919 3136 1975 nunquam
3201 1901 3409 1956 excidit

1776 2005 1812 2070 (I
1859 2003 2003 2065 Cor.,
2051 2019 2162 2064 xm,
2206 2003 2346 2070 4-8).
2393 2021 2418 2052 ››
2470 2002 2528 2055 In
2580 1998 2949 2053 inferioribus
3003 1997 3108 2050 tria
3157 1994 3407 2066 perfecta

1775 2095 1985 2166 posuit,
2033 2112 2212 2166 spem,
2254 2095 2449 2161 ﬁdem,
2490 2093 2852 2158 charitatem,
2895 2091 3174 2161 majorem
3217 2095 3408 2142 autem

1774 2190 1912 2244 dixit
1940 2189 2300 2258 charitatem,
2331 2192 2388 2242 et
2412 2194 2563 2242 recte
2596 2204 2607 2242 :
2647 2208 2675 2235 ‹‹
2703 2185 2960 2243 Charitas
2993 2184 3185 2254 (enim)
3215 2182 3409 2236 omnia

1774 2289 1984 2354 sperat,
2026 2284 2217 2337 omnia
2261 2282 2445 2336 credit
2489 2282 2673 2353 (Ibid.,
2716 2282 2788 2349 7).
2821 2302 2848 2328 η
2876 2282 3018 2336 Cum
3064 2277 3242 2348 igitur
3281 2291 3410 2345 spes

1774 2381 1829 2430 et
1874 2376 2016 2430 ﬁdes
2060 2378 2117 2429 in
2170 2375 2447 2430 charitate
2499 2376 2629 2440 sint,
2685 2391 2797 2428 non
2847 2376 2931 2426 est
2975 2370 3212 2426 dubium
3256 2369 3410 2440 quod

1775 2470 1956 2539 major
1999 2469 2247 2524 charitas
2295 2469 2366 2524 sit
2411 2469 2602 2540 (Ibid.,
2664 2469 2766 2536 l3).
2817 2468 2882 2521 Et
2924 2466 3074 2519 bene
3132 2462 3238 2516 sibi
3290 2478 3407 2516 res-

1773 2563 1981 2634 pondit
2006 2564 2313 2633 Propheta.
2351 2563 2538 2633 Supra
2578 2562 2732 2615 enim
2771 2559 2911 2614 dixit
2945 2581 2954 2611 :
2991 2581 3019 2607 ‹‹
3045 2559 3156 2612 Lex
3189 2555 3412 2609 Domini

1775 2656 2310 2728 irreprehensibilis,
2354 2660 2690 2710 convertens
2737 2654 2991 2708 animam
3037 2651 3206 2721 (Paul.
3254 2664 3412 2715 xvui,

1773 2753 1846 2822 8).
1886 2772 1914 2799 »
1950 2750 2006 2806 Si
2053 2751 2141 2804 lex
2186 2749 2442 2803 animam
2483 2747 2780 2814 convertit,
2822 2746 3021 2817 utique
3063 2747 3160 2817 qui
3201 2745 3409 2817 diligit,

1774 2843 1916 2914 legis
1962 2843 2202 2896 dilector
2245 2847 2347 2896 est.
2395 2842 2612 2896 Deinde
2663 2841 2720 2894 in
2770 2841 2875 2893 hoc
2921 2839 3045 2911 ipso
3091 2839 3408 2894 centesimo

1774 2937 1997 2991 decimo
2042 2943 2238 2990 octavo
2279 2937 2502 3008 psalmo
2549 2934 2798 3006 primum
2841 2933 3070 3003 posuit:
3120 2935 3276 2989 Beati
3312 2936 3408 2987 im-

1770 3032 2037 3085 maculati
2052 3033 2113 3084 in
2141 3034 2252 3091 uia,
2281 3033 2379 3100 qui
2403 3030 2685 3084 ambulant
2719 3031 2777 3081 in
2807 3029 2917 3096 lege
2953 3030 3172 3082 Domini
3199 3028 3412 3097 (Supr.,

1771 3141 1916 3178 vers.
1951 3127 2021 3193 l).
2057 3124 2115 3178 Si
2144 3124 2540 3178 immaculatus
2568 3126 2654 3176 est
2691 3121 2789 3192 qui
2826 3121 2886 3176 in
2915 3122 3040 3191 lege
3078 3121 3178 3174 Dei
3206 3120 3405 3174 ambu-

1775 3220 1873 3286 lat,
1903 3219 2102 3288 utique
2132 3217 2486 3272 convertitur
2526 3215 2623 3287 qui
2663 3215 2849 3286 diligit
2884 3215 2984 3268 Dei
3020 3215 3233 3285 legem.
3263 3215 3412 3285 Ergo

1774 3313 1819 3366 si
1846 3313 1935 3366 lex
1966 3312 2399 3366 immaculatum
2424 3310 2580 3378 facit,
2609 3312 2762 3364 recte
2801 3309 3046 3363 charitas
3077 3307 3404 3363 multitudi-

1775 3421 1907 3459 nem
1934 3406 2117 3476 operit
2142 3410 2523 3477 peccatorum,
2572 3405 2710 3475 quia
2753 3401 3054 3474 plenitudo
3095 3402 3235 3473 legis
3275 3401 3408 3456 cha-

1774 3498 1908 3554 ritas
1937 3504 2041 3554 est.

1845 3593 1933 3647 45.
1964 3592 2205 3656 Omnem,
2247 3591 2452 3662 inquit,
2485 3592 2631 3644 viam
2655 3590 2916 3659 injustam
2952 3590 3075 3644 odio
3120 3590 3307 3644 habui.
3349 3590 3404 3644 Si

1776 3687 1822 3740 is
1849 3688 1946 3758 qui
1979 3689 2259 3757 praecepta
2293 3683 2527 3755 justitiaa
2566 3683 2768 3754 diligit,
2803 3684 2936 3738 facit
2975 3682 3070 3736 illa
3114 3699 3241 3753 quae
3278 3682 3408 3736 dili-

1774 3782 1881 3851 git,
1926 3782 2126 3851 utique
2155 3780 2203 3834 is
2242 3779 2343 3850 qui
2373 3779 2493 3832 odit
2533 3777 2917 3848 iniquitatem,
2948 3793 3064 3830 non
3092 3776 3229 3830 facit
3253 3776 3408 3846 quod

1773 3891 1975 3930 exosus
2008 3879 2110 3928 est.
2153 3874 2264 3927 Nec
2306 3870 2595 3925 immerito
2634 3871 2703 3924 ad
2742 3870 2934 3924 omnia
2970 3874 3253 3940 praecepta
3299 3869 3408 3922 Do-
3496 3902 3504 3909 -

1776 3968 1920 4022 mini
1960 3967 2293 4038 corrigitur,
2327 3966 2425 4036 qui
2457 3979 2684 4018 omnem
2726 3963 2876 4017 viam
2913 3963 3031 4017 odit
3071 3962 3408 4032 iniquitatis.

1772 4063 1914 4116 Nam
1947 4061 2054 4115 nisi
2083 4076 2313 4116 omnem
2344 4060 2491 4112 viam
2520 4057 2837 4128 iniquitatis
2867 4056 3074 4122 oderis,
3107 4071 3224 4109 non
3252 4058 3409 4125 potes

1773 4156 1832 4209 in
1862 4154 2128 4209 omnibus
2154 4152 2453 4224 praeceptis
2480 4151 2574 4205 Dei
2617 4150 2849 4222 corrigi.
2878 4152 3064 4204 Potest
3091 4149 3245 4203 enim
3287 4148 3408 4202 fieri

1774 4252 1836 4303 ut
1877 4249 2086 4320 aliquis
2125 4265 2182 4302 se
2231 4249 2518 4317 temperet
2555 4261 2587 4298 a
2627 4244 2980 4298 crudelitatis
3017 4243 3292 4310 horrore;
3326 4243 3408 4296 lu-

1773 4341 1929 4395 brico
1960 4346 2153 4395 tamen
2185 4341 2458 4410 deceptus
2490 4353 2688 4392 amore
2726 4336 3062 4402 meretricis,
3094 4341 3152 4389 et
3181 4336 3412 4389 semitas

1773 4433 2205 4489 incontinentiae.
2228 4432 2501 4502 juvenilis
2525 4431 2834 4501 ingressus,
2869 4430 3206 4500 impressum
3234 4428 3409 4481 semel

1775 4546 1888 4584 non
1937 4534 2104 4600 queat
2156 4543 2416 4582 revocare
2463 4524 2788 4593 vestigium.
2832 4523 3030 4577 Multos
3079 4522 3233 4575 enim
3275 4520 3412 4576 vitia

1773 4623 2068 4677 blandiora
2108 4620 2425 4691 decipiunt,
2475 4624 2530 4672 et
2572 4620 2767 4673 contra
2811 4616 3011 4671 avertit
3052 4632 3085 4669 a
3127 4632 3186 4670 se
3231 4615 3410 4686 pluri-

1775 4733 1898 4770 mos
1940 4716 2113 4770 tristis
2157 4717 2215 4767 et
2259 4712 2504 4766 nimium
2552 4729 2748 4767 severa
2785 4709 3110 4765 crudelitas.
3159 4709 3266 4765 Sed
3311 4709 3407 4779 ju-

1774 4820 1976 4869 ventus
2017 4815 2083 4868 ad
2134 4827 2384 4866 amorem
2430 4809 2682 4877 liberior,
2730 4809 2799 4864 ad
2840 4809 3062 4880 lapsum
3107 4806 3406 4876 incautior,

2205 4911 2221 4938 ο

1777 5008 1843 5045 ac
1869 5007 1997 5043 mss.
2030 4992 2260 5056 aliquot,
2291 4995 2351 5040 at
2375 5004 2576 5041 summo
2601 4990 2780 5040 studio
2805 4989 3000 5053 dignus
3023 4985 3260 5038 habetur.
3293 4985 3408 5047 Dif-

1775 5064 1909 5129 ﬁcile
1936 5065 2226 5113 invenitur.
2257 5063 2367 5113 Sed
2397 5075 2528 5111 mss.
2553 5062 2800 5111 melioris
2843 5073 3045 5110 manus
3085 5065 3147 5107 ut
3184 5060 3240 5106 in
3279 5070 3411 5107 con—

1778 5140 1951 5188 textu.
1981 5133 2146 5196 Quod
2183 5139 2370 5185 autem
2412 5133 2621 5183 habent
2655 5145 2850 5182 omnes
2889 5131 3043 5188 edit.,
3073 5131 3138 5179 Et
3173 5134 3411 5191 repertus

1777 5207 2086 5271 insignitur,
2127 5205 2317 5255 nullus
2353 5218 2488 5254 mss.
2521 5204 2756 5253 verbum
2797 5203 3100 5265 insignitur,
3139 5199 3404 5271 agnoscit.

1843 5269 1937 5341 (Βῦ)
1994 5276 2137 5326 Edit.
2190 5278 2313 5326 Am.
2366 5280 2422 5326 et
2467 5275 2617 5336 Gill.,
2670 5275 2742 5324 ad
2787 5272 3140 5323 conversionis
3180 5269 3410 5320 studium

1779 5362 2027 5400 revocare
2073 5347 2242 5410 (Gill.,
2293 5347 2556 5404 revocari)
2607 5343 2859 5396 solebant.
2924 5341 3122 5391 Melius
3169 5341 3408 5391 Rom.....

1778 5421 2021 5471 revocari
2045 5419 2311 5469 nolebant.
2345 5419 2569 5482 Optime
2593 5421 2779 5466 autem
2810 5415 3059 5464 omnium
3089 5413 3214 5462 Era.
3242 5425 3409 5475 quem

1780 5493 1949 5542 simul
1991 5497 2043 5542 et
2087 5493 2348 5554 majorem
2392 5503 2525 5539 mss.
2567 5491 2776 5551 partem
2821 5498 3017 5534 sumus
3063 5487 3257 5534 secuti.
3302 5485 3408 5534 Alii

1780 5577 1910 5613 vero
1956 5576 2087 5612 mss.
2126 5561 2321 5624 partim
2364 5560 2466 5617 his,
2506 5560 2703 5621 partim
2750 5558 2858 5606 illis
2897 5557 3021 5605 edit-
3071 5558 3412 5619 patrocinan-

1783 5641 1888 5684 tur.
1922 5635 2026 5684 Hic
2051 5646 2212 5696 porro
2250 5631 2539 5681 Novatiani
2585 5630 2760 5678 obiter
2791 5630 3245 5691 perstringuntur,
3274 5642 3412 5692 quos

1781 5704 1849 5755 de
1895 5705 2164 5755 industria
2226 5704 2513 5765 impugnat
2559 5704 2790 5749 sanctus
2832 5701 3035 5762 praesul
3086 5701 3137 5748 in
3193 5699 3290 5749 lib.
3343 5702 3414 5748 Dc

1778 5776 2108 5840 paenitentia,
2139 5786 2247 5838 qua
2279 5773 2347 5821 de
2374 5785 2432 5822 re
2461 5770 2573 5822 illic
2599 5785 2628 5821 a
2651 5771 2813 5821 nobis
2841 5770 3058 5821 dicetur
3082 5771 3328 5820 uberius.

3014 5928 3091 5985 48
