3930 6168
437 281 571 333 1515

1902 277 1957 331 s.
2001 252 2323 330 AMBRDSH

3651 271 3787 323 1516

432 401 503 455 ad
541 398 938 455 inﬁrmitatem
981 398 1260 471 fragilior,
1299 398 1373 453 ad
1414 399 1833 455 correctionem
1866 399 2067 453 durior
2087 409 2201 481 Aa
2243 396 2565 467 Babyloniis
2605 395 2823 451 illatam
2861 394 3073 450 deﬂere
3116 392 3403 458 videatur,
3430 394 3632 445 tamen
3672 405 3801 461 pro-

431 500 536 549 est.
586 493 741 549 Alius
788 509 848 549 se
896 492 1192 563 restringit
1251 509 1286 546 a
1332 492 1597 559 luxuria,
1648 494 1749 547 sed
1812 492 2064 547 avaritias

430 587 737 659 cupiditate
776 592 1050 658 raptatur.
1094 587 1436 657 Plerumque
1480 587 1635 642 enim
1680 591 1916 657 peccata
1956 586 2063 640 hu-

426 681 677 751 jusmodi
729 685 891 748 sunt,
949 682 1013 734 ut
1060 679 1107 734 si
1163 680 1405 735 alterum
1471 679 1756 744 declines,
1812 680 2066 734 incurras

430 776 711 842 alterum,
776 777 836 829 et
898 776 1119 828 naturas
1174 790 1309 828 usus
1359 773 1591 845 adjuvat
1648 772 2062 828 inﬁrmitatem.

431 867 611 923 Odisti
636 867 919 923 luxuriam
962 866 1126 938 quasi
1167 866 1341 939 frugi,
1370 867 1467 922 sed
1504 866 1847 938 frugalitatis
1876 866 2065 922 studio

429 960 686 1016 habendi
716 961 999 1032 cupiditas
1027 961 1362 1032 frequenter
1398 959 1619 1032 irrepit.
1660 960 1925 1015 Avaritia:
1959 959 2067 1030 ipsi

428 1054 636 1125 rapina
675 1060 762 1109 est
802 1054 1043 1109 subdita.
1086 1055 1151 1109 Et
1195 1059 1410 1124 quanto
1442 1053 1791 1109 tolerabilius
1821 1059 1905 1108 est
1931 1069 2065 1124 pro-

432 1147 560 1217 pria
602 1148 974 1218 profundere,
1020 1163 1196 1219 quam
1235 1146 1423 1201 aliena
1460 1147 1742 1218 diripere!
1785 1147 1931 1202 Sunt
1967 1147 2068 1218 qui

433 1243 754 1296 metuentes
811 1239 1069 1313 1184
1126 1240 1340 1311 aliquid
1392 1240 1624 1311 proprio
1689 1241 1944 1295 minuere
1998 1240 2067 1295 de

434 1349 630 1401 censu,
679 1333 853 1388 etiam
900 1333 1062 1405 inopi
1111 1336 1408 1404 sumptum
1460 1337 1694 1405 negent,
1737 1337 1796 1388 et
1840 1332 2066 1388 miseri-

432 1427 682 1481 cordiam
714 1426 1127 1482 detrimentum
1158 1429 1384 1499 putent.
1416 1427 1557 1483 Sunt
1589 1427 1687 1499 qui
1715 1427 2069 1498 degenerem

432 1520 675 1578 vitantes
714 1519 1158 1591 ignobilitatem,
1198 1520 1378 1576 ﬂabro
1418 1522 1704 1576 saecularis
1740 1520 2069 1576 ambitionis

432 1613 741 1683 agitentur,
781 1618 839 1669 et
877 1614 1023 1669 sicut
1061 1617 1341 1686 quassatae
1384 1614 1695 1670 arundines
1736 1615 1849 1670 huc
1892 1619 2067 1686 atque

433 1706 567 1760 illuc
604 1706 866 1762 ferantur
903 1708 1124 1763 incerti.
1164 1711 1304 1764 Sunt
1341 1710 1514 1764 etiam
1555 1709 1655 1780 qui
1697 1709 1836 1765 dum
1880 1709 2065 1779 majo-

2166 491 2396 563 phetico
2425 490 2627 562 spiritu
2646 490 2812 547 istam
2837 490 3018 561 magis
3043 488 3431 562 captivitatem
3450 484 3791 557 praevidens,

2166 602 2277 657 qua
2306 601 2400 641 eos
2430 584 2799 657 intelligibilis
2824 584 3167 656 Babylonius
3194 582 3253 637 in
3289 579 3553 652 perpetui
3580 578 3787 634 erroris

2164 679 2389 735 vincula
2438 679 2702 750 subjecit,
2759 683 2817 734 et
2877 676 3202 733 domesticas
3258 674 3484 730 virtutis
3546 676 3795 728 extorres

2168 774 2240 829 de
2276 776 2426 829 statu
2454 777 2709 845 paternae
2752 771 3066 828 devotionis
3110 770 3431 838 eliminans,
3463 767 3797 838 longinquae

2168 867 2357 922 affecit
2380 866 2854 939 peregrinationis
2878 865 3091 931 exsilio,
3123 860 3433 919 miserabili
3468 860 3664 915 dolore
3690 859 3795 914 de-

2165 962 2367 1032 plorat.
2401 961 2566 1016 Nulla
2606 960 2761 1015 enim
2800 959 2988 1031 patria
3025 958 3212 1013 verior
3252 972 3430 1028 quam
3464 954 3625 1023 ﬁdes,
3665 970 3799 1025 quae

2168 1071 2265 1111 eos
2290 1055 2387 1127 qui
2415 1055 2593 1126 longe
2617 1059 2798 1121 erant,
2823 1070 3002 1125 prope
3030 1067 3150 1107 esse
3182 1050 3336 1119 fecit,
3368 1053 3427 1104 et
3451 1047 3685 1103 advenis
3709 1050 3795 1101 at-

2167 1165 2279 1221 que
2305 1148 2621 1220 peregrinis
2639 1147 2882 1203 civitatis
2906 1145 3313 1217 supernasjura
3335 1141 3645 1198 connexuit
3663 1142 3798 1211 (81),

2167 1244 2311 1298 sicut
2350 1243 2624 1313 scriptum
2650 1244 2775 1298 est:
2814 1262 2842 1292 ‹‹
2868 1243 3019 1312 Ergo
3042 1240 3163 1311 jam
3203 1254 3323 1294 non
3367 1237 3501 1292 estis
3539 1235 3798 1303 advenae,

2170 1341 2339 1408 atque
2380 1335 2692 1408 peregrini,
2727 1335 2829 1391 sed
2875 1334 3011 1390 estis
3045 1334 3195 1388 cives
3229 1335 3555 1388 sanctorum
3595 1333 3653 1384 et
3691 1329 3799 1384 do-

2167 1430 2389 1485 mestici
2416 1430 2515 1485 Dei
2543 1430 2777 1500 (Equites,
2808 1446 2869 1497 ιι,
2901 1428 3007 1500 19).
3037 1448 3066 1478 ››

2240 1526 2292 1579 3.
2321 1523 2468 1578 Alibi
2507 1539 2732 1594 quoque
2769 1521 3046 1578 Jeremias
3088 1520 3226 1575 dicit
3266 1519 3371 1575 sub
3413 1520 3519 1573 hac
3561 1517 3750 1573 littera
3783 1533 3799 1571 :

2173 1637 2202 1668 «
2238 1620 2601 1688 Aperuerunt
2650 1617 2711 1671 in
2761 1619 2819 1670 te
2868 1632 2931 1670 os
2979 1630 3149 1670 suum
3192 1629 3393 1669 omnes
3436 1599 3651 1667 inimici
3695 1609 3803 1679 tui,

2171 1710 2554 1780 sibilaverunt,
2598 1711 2962 1765 fremuerunt
3019 1707 3304 1775 dentibus,
3357 1710 3415 1761 et
3465 1705 3734 1761 dixerunt
3785 1720 3798 1757 :

433 1816 563 1854 rum
594 1816 829 1855 suorum
874 1804 1086 1856 statum
1129 1804 1463 1873 sequuntur,
1492 1802 1667 1857 veluti
1708 1802 1887 1873 digna
1927 1818 2065 1858 con-
2089 1783 2146 1855 B
2171 1804 2578 1875 Deglutivimus
2607 1819 2764 1873 eam;
2800 1806 2997 1858 tamen
3040 1803 3165 1857 haec
3208 1806 3294 1856 est
3318 1799 3438 1855 dies
3464 1814 3641 1870 quam
3674 1814 3797 1868 spe-

432 1894 756 1949 versatione
817 1895 1088 1961 contenti,
1147 1912 1221 1949 ne
1275 1912 1499 1951 errores
1554 1896 1791 1967 quidem
1856 1897 2068 1968 patrios

435 1988 757 2042 existiment
812 1988 1216 2056 declinandos;
1271 1992 1333 2043 ut
1380 1990 1493 2044 ﬁde
1546 1990 1877 2045 mutandam
1931 2007 2063 2062 per-

432 2080 631 2136 ﬁdiam
685 2098 803 2136 non
860 2081 1231 2149 arbitrentur;
1288 2099 1422 2138 cum
1476 2082 1536 2137 in
1590 2084 1792 2139 melius
1843 2090 2066 2140 mutare

432 2175 792 2247 propositum
841 2191 956 2230 non
999 2176 1215 2246 levitas,
1255 2177 1356 2231 sed
1403 2177 1612 2244 virtus;
1658 2193 1843 2249 neque
1881 2179 2065 2249 culpa,

435 2269 531 2323 sed
577 2269 760 2339 gratia
810 2269 898 2323 sit.
952 2270 1106 2324 Alius
1148 2270 1495 2326 circensibus
1550 2271 1714 2337 ludis,
1758 2276 1858 2326 aut
1904 2272 2064 2327 thea-

437 2362 671 2416 tralibus
713 2362 1048 2418 sollicitatus
1099 2363 1504 2434 voluptatibus,
1556 2368 1658 2419 aut
1703 2365 1923 2420 caeteris
1968 2382 2065 2420 va-

435 2455 712 2511 nitatibus
773 2460 1102 2528 occupatus,
1156 2457 1463 2512 Ecclesiam
1516 2475 1634 2512 non
1699 2458 2066 2529 frequentat;

435 2549 611 2604 alium
675 2548 824 2603 ruris
887 2549 1082 2620 quieta
1138 2550 1455 2618 delectant,
1518 2567 1698 2623 eaque
1764 2568 1932 2606 causa
1997 2553 2069 2607 ad

436 2643 743 2698 Ecclesiam
813 2658 978 2697 rarus
1053 2659 1311 2698 accessus
1388 2649 1491 2700 est.
1568 2647 1766 2716 Itaque
1844 2645 2066 2701 diverso

437 2753 543 2791 usu
606 2736 663 2790 in
729 2736 999 2791 eumdem
1060 2736 1440 2793 indevotionis
1507 2755 1767 2794 errorem
1835 2744 2068 2810 uterque

435 2829 739 2885 concurrit.
785 2828 891 2885 Sed
934 2831 1033 2901 qui
1074 2847 1305 2887 omnem
1348 2831 1500 2887 viam
1549 2832 1869 2904 iniquitatis
1926 2832 2064 2901 odit,

434 2924 508 2978 ad
563 2923 820 2979 universa
867 2922 1178 2993 corrigitur
1239 2927 1295 2979 et
1363 2925 1729 2980 emendatur.
1789 2927 1858 2979 Et
1919 2924 2065 2980 bene

435 3015 661 3089 posuit,
716 3017 875 3073 Viam
922 3018 1271 3086 iniquitatis;
1320 3018 1410 3072 illc
1468 3019 1623 3072 enim
1685 3018 1902 3073 facilius
1954 3018 2065 3072 ini-

439 3110 715 3180 quitatem
748 3108 1015 3179 declinat,
1043 3109 1140 3180 qui
1175 3109 1294 3164 vias
1324 3110 1447 3181 ejus
1482 3127 1599 3166 non
1640 3111 1815 3166 fuerit
1838 3112 2064 3182 ingres-

442 3218 557 3257 sus"
787 3272 1014 3329 saeuo
1054 3273 1344 3330 DECIMUS
1381 3275 1729 3332 SEPTIMUS.

1149 3372 1189 3427 Ξ
1232 3357 1369 3420 Phe.

515 3490 563 3541 1.
614 3484 723 3540 Phe
769 3484 957 3540 littera
1003 3485 1225 3540 decima
1266 3484 1546 3556 septima,
1591 3501 1720 3557 quae
1770 3484 1944 3540 latine
1989 3486 2068 3540 si-

440 3580 694 3653 gniﬁcat,
756 3581 983 3642 Erravi,
1052 3579 1199 3649 sive,
1264 3580 1335 3635 Os
1396 3581 1605 3650 aperui.
1652 3579 1866 3635 .Merito
1932 3595 2070 3651 ergo

436 3673 816 3745 lacrymabilis
868 3672 1044 3727 series
1090 3671 1301 3744 psalmi
1343 3672 1597 3743 subjecta
1645 3678 1731 3727 est
1791 3672 1926 3728 huic
1974 3673 2066 3728 lit-

440 3769 576 3823 terae
612 3783 625 3821 :
671 3769 888 3837 Respice
930 3770 991 3820 in
1030 3781 1136 3829 me,
1188 3772 1241 3820 et
1284 3768 1530 3821 miserere
1572 3767 1823 3821 mihi.....
1867 3772 1917 3821 et
1959 3781 2071 3822 non

346 3897 359 3909 ο
437 3862 745 3917 dominetur
791 3864 896 3917 mei
939 3863 1111 3915 omnis
1149 3862 1438 3930 iniquitas.
1483 3861 1691 3915 Faciem
1743 3864 1894 3914 tuam
1945 3860 2071 3914 illu-

439 3953 594 4007 mina
639 3966 802 4021 super
852 3965 1068 4005 servum
1112 3954 1262 4004 tuum
1312 3950 1519 4017 (Infra,
1565 3964 1709 4003 vers.
1763 3951 1883 4016 132,
1946 3952 2067 4019 133,

443 4043 598 4112 13ὅ);
656 4045 716 4095 ut
771 4040 823 4094 ei
881 4039 979 4110 qui
1031 4044 1152 4094 erat
1203 4040 1262 4093 in
1318 4038 1523 4094 umbra
1570 4038 1801 4107 mortis,
1859 4039 2071 4109 populo

441 4129 683 4185 caelestis
734 4128 1141 4184 misericordiae
1189 4129 1386 4183 lumen
1446 4130 1725 4196 oriretur,
1782 4128 2073 4183 adveniret

441 4217 697 4273 Christus
757 4216 1016 4271 remissio
1084 4221 1484 4288 peccatorum,
1552 4217 1907 4288 captivorum
1976 4233 2068 4272 re-

444 4307 729 4379 demptio,
783 4305 1097 4362 subsidium
1146 4307 1546 4362 laborantium.
1599 4308 1709 4363 Sed
1773 4308 1911 4379 quia
1971 4323 2071 4361 ve-

440 4398 568 4454 nire
628 4397 845 4452 tardius
906 4397 1362 4453 desiderantibus
1426 4397 1723 4453 videbatur
1779 4415 1793 4452 :
1852 4400 2066 4463 Eccitus,

2167 1897 2449 1967 rabamus,
2508 1897 2830 1953 invenimus
2874 1913 3020 1964 eam,
3068 1895 3315 1951 vidimus
3365 1909 3495 1949 eam
3551 1891 3797 1962 (Thren.,

2170 2009 2228 2059 ll,
2266 1993 2372 2062 i6).
2401 2014 2430 2042 ››
2463 1993 2530 2046 Et
2554 1992 2649 2046 hic
2690 1992 2836 2046 sicut
2868 1990 3196 2045 Judmorum
3228 1988 3471 2059 populus
3494 2002 3555 2040 os
3577 1984 3807 2056 aperuit

2168 2086 2229 2139 in
2265 2086 2574 2153 Christum,
2610 2084 3096 2157 quemadmodum
3140 2079 3396 2154 1185
3434 2080 3495 2134 in
3526 2078 3804 2134 vicesimo

2168 2181 2359 2253 primo
2403 2181 2624 2252 psalmo
2668 2178 2741 2233 de
2782 2178 2904 2249 ejus
2942 2176 3208 2249 passione
3245 2173 3458 2246 legisti,
3498 2172 3646 2243 quod
3673 2186 3807 2242 ape-

2167 2279 2411 2329 ruerunt
2462 2289 2523 2328 os
2588 2288 2759 2327 suum
2819 2270 3226 2325 maledicentes
3281 2268 3448 2336 (Psal.
3502 2281 3610 2333 xxr,
3667 2263 3802 2335 li);

2170 2368 2361 2440 dignae
2387 2372 2600 2422 sortem
2638 2364 3117 2420 remunerationis
3142 2361 3402 2434 agnoscis
3432 2360 3559 2430 (82),
3591 2360 3659 2413 ut
3691 2357 3813 2428 ipsi

2168 2462 2239 2516 ab
2287 2459 2531 2515 inimicis
2575 2459 2689 2513 suis
2735 2457 2870 2512 talia
2908 2457 3273 2523 sustinerent,
3319 2459 3376 2509 et
3423 2454 3696 2509 fremeret
3744 2450 3813 2505 in

2170 2571 2263 2610 eos
2315 2554 2583 2609 dentibus
2634 2551 3008 2622 intelligibilis
3057 2550 3154 2604 ille
3202 2551 3464 2620 peccator
3516 2545 3811 2610 diabolus,

2170 2649 2316 2704 sicut
2340 2648 2428 2704 leo
2471 2646 2725 2718 rugiens,
2758 2651 2815 2699 et
2862 2644 3159 2716 requirens
3203 2658 3378 2714 quem
3419 2640 3671 2696 devoret.
3699 2638 3813 2693 lsti

2168 2742 2346 2814 igitur
2388 2756 2503 2796 non
2554 2739 2825 2794 dixerunt
2865 2761 2876 2792 :
2930 2759 2958 2789 «
2990 2737 3327 2793 Benedictus
3375 2734 3652 2790 Dominus
3698 2732 3811 2804 qui

2167 2853 2283 2891 non
2321 2835 2479 2890 dedit
2518 2850 2621 2889 nos
2664 2834 2726 2888 in
2764 2835 3060 2903 capturam
3095 2830 3361 2886 dentibus
3397 2843 3598 2883 eorum
3627 2826 3812 2896 (Psal.

2168 2946 2351 2998 cxxm,
2381 2930 2461 3000 6);
2484 2949 2512 2977 »ι
2543 2928 2679 2999 quia
2706 2926 3054 2998 sperandum
3085 2925 3158 2980 de
3199 2922 3443 2979 Domino
3485 2937 3600 2976 non
3638 2924 3819 2991 puta-

2166 3027 2387 3079 verunt.
2433 3023 2578 3093 Ergo
2615 3020 2900 3076 excidium
2942 3035 3145 3075 eorum
3183 3017 3438 3073 diabolus
3476 3014 3625 3086 quod
3653 3030 3814 3084 pra:-

2169 3116 2449 3183 sumebat,
2496 3115 2728 3170 invenit.
2772 3112 3081 3184 Deglutivit
3123 3128 3250 3180 eos;
3292 3109 3567 3182 quoniam
3607 3107 3825 3163 deerat

2171 3215 2363 3283 pastor
2391 3208 2657 3276 offensus,
2686 3207 2788 3280 qui
2818 3207 3146 3262 extraheret
3180 3206 3252 3261 de
3292 3220 3389 3259 ore
3431 3201 3607 3258 leonis
3633 3218 3823 3257 crura

2173 3304 2309 3372 ovis,
2341 3308 2438 3358 aut
2464 3301 2866 3373 cartilaginem
2900 3300 3028 3370 (83).

2241 3400 2295 3452 4.
2328 3397 2499 3469 Sequi
2524 3396 2856 3461 noluerunt,
2885 3393 3083 3449 audire
3106 3391 3437 3460 noluerunt,
3469 3388 3601 3445 ideo
3632 3389 3817 3445 dece-

2170 3493 2340 3547 dente
2360 3494 2608 3562 pastore,
2635 3488 2876 3559 vestigia
2905 3503 3107 3543 eorum
3133 3488 3305 3557 atque
3330 3501 3499 3541 aures
3517 3483 3639 3539 suis
3674 3484 3817 3539 fau-

2172 3586 2328 3641 cibus
2354 3583 2662 3655 occupavit,
2691 3584 2829 3654 quia
2858 3600 2885 3634 «
2914 3581 3118 3636 faciem
3148 3584 3477 3634 sanctorum
3504 3593 3627 3634 non
3655 3592 3817 3633 rece-

2170 3684 2397 3752 perunt,
2440 3683 2496 3734 et
2540 3676 2826 3733 nobilibus
2872 3674 3326 3730 misericordiam
3362 3688 3479 3727 non
3519 3671 3814 3727 dederunt

2171 3775 2412 3845 (Thren.,
2444 3788 2519 3841 IV,
2559 3772 2664 3843 l6),
2694 3790 2722 3821 ››
2756 3775 2818 3824 ut
2843 3770 3013 3826 tertio
3039 3766 3314 3824 Jeremias
3352 3766 3455 3821 sub
3482 3766 3585 3820 hac
3611 3765 3813 3820 littera

2172 3868 2307 3923 dicit
2348 3867 2406 3920 in
2444 3865 2705 3919 Threnis.
2750 3863 2857 3927 Qui
2909 3865 3073 3917 erant
3102 3861 3342 3927 nobiles,
3386 3859 3493 3913 nisi
3542 3858 3644 3929 qui
3687 3875 3813 3913 non

2171 3956 2482 4011 secundum
2536 3954 2830 4008 obscuram
2880 3952 3032 4006 hanc
3081 3951 3274 4017 vitam,
3320 3948 3416 4003 sed
3473 3947 3532 4002 in
3581 3947 3816 4003 lumine

2172 4044 2482 4100 sanctitatis
2509 4045 2770 4113 egerunt.
2801 4043 2869 4096 Et
2908 4039 3178 4104 omnibus
3213 4037 3445 4109 quidem
3482 4036 3817 4091 misericor-

2171 4136 2263 4192 dia
2290 4133 2555 4205 inopibus
2577 4133 2709 4203 jure
2739 4130 2999 4197 debetur,
3029 4129 3129 4184 sed
3161 4128 3345 4200 major
3383 4128 3638 4199 quidam,
3672 4144 3825 4184 cum

2174 4241 2243 4279 ex
2292 4223 2557 4279 divitibus
2607 4227 2779 4292 atque
2828 4220 3115 4275 nobilibus
3158 4218 3219 4273 in
3273 4218 3544 4274 ultimum
3589 4221 3827 4272 statum

2171 4319 2339 4384 atque
2361 4312 2631 4384 egestatis
2653 4309 3049 4365 necessitatem
3072 4307 3288 4379 aliquos
3308 4323 3565 4362 aerumna
3586 4304 3825 4376 dejicit,

2172 4401 2555 4457 miserationis
2590 4400 2771 4471 pulsat
2798 4398 3031 4453 affectus

442 4486 648 4560 inquit,
681 4502 952 4558 aquarum
984 4487 1326 4543 deduxerunt
1363 4488 1508 4543 oculi
1542 4490 1649 4543 mei
1685 4486 1879 4559 (Infra,
1923 4503 2068 4543 vers.
2090 4520 2151 4593 D
2245 4496 2297 4546 5.
2326 4490 2598 4546 Jeremias
2632 4505 2768 4559 ergo
2806 4487 3072 4542 ﬂebiliter
3105 4486 3242 4541 satis
3270 4486 3444 4556 dolet,
3481 4488 3679 4556 utpote
3711 4487 3827 4557 qui

449 4579 586 4647 136).

512 4671 568 4723 2.
604 4667 667 4720 In
690 4664 951 4722 Jeremite
980 4682 1213 4738 quoque
1251 4666 1495 4721 Threnis
1534 4666 1957 4739 lacrymabilior
1978 4684 2069 4722 se-

442 4755 557 4811 ries
597 4754 700 4809 sub
745 4755 853 4809 hac
902 4754 1088 4809 littera
1132 4759 1215 4809 est
1252 4772 1265 4810 :
1307 4776 1335 4805 ‹‹
1363 4756 1643 4827 Expendit
1685 4756 1824 4812 Sion
1870 4773 2072 4812 manus

444 4861 596 4914 suas,
626 4860 744 4900 non
780 4847 864 4898 est
905 4841 1002 4914 qui
1040 4844 1369 4898 consoletur
1402 4861 1532 4899 eam
1566 4845 1801 4915 (Thren.,
1834 4862 1873 4915 1,
1905 4848 2009 4917 17),
2039 4868 2067 4896 ››

442 4934 689 5006 Dignam
736 4933 1261 4988 remunerationem
1307 4935 1547 5006 recepit;
1587 4940 1648 4989 ut
1687 4952 1815 5007 quae
1856 4952 2070 5007 expan-

444 5024 678 5080 dentem
722 5038 928 5077 manus
977 5020 1178 5077 audire
1220 5021 1486 5093 neglexit,
1528 5026 1586 5078 et
1625 5024 1728 5078 sub
1783 5024 1901 5080 alas
1950 5026 2072 5095 ejus

442 5114 763 5182 succedere,
788 5113 913 5185 ipsa
952 5113 1151 5183 postea
1187 5111 1541 5183 expenderet
1570 5129 1792 5183 manus,
1832 5118 1889 5168 et
1933 5132 2069 5170 con-

443 5202 722 5258 solantem
757 5201 1015 5257 invenire
1053 5217 1168 5256 non
1216 5204 1424 5271 posset.
1467 5202 1605 5256 Nam
1644 5202 1745 5258 etsi
1792 5208 1925 5258 ante
1976 5204 2075 5258 ad-

442 5296 676 5350 ventum
723 5292 949 5348 Domini
997 5291 1267 5347 Jeremias
1314 5290 1695 5362 captivitatem
1746 5294 2072 5348 Judasorum

503 5417 602 5480 (81)
632 5415 865 5467 Cuncta
889 5414 1045 5477 edit.,
1076 5418 1125 5463 et
1156 5412 1393 5463 advenas
1416 5418 1576 5477 atque
1603 5415 1910 5477 peregrinos
1942 5415 2073 5465 civi-

441 5488 567 5537 tatis
593 5500 833 5551 superuae
847 5487 977 5550 jure
994 5485 1295 5537 connexuit.
1322 5484 1448 5534 Mss.
1474 5489 1539 5534 ut
1570 5486 1624 5535 in
1654 5490 1937 5549 contextu,
1965 5486 2071 5536 nisi

442 5556 592 5622 quod
620 5558 879 5608 nonnulli
901 5558 1113 5609 habent
1141 5570 1152 5605 :
1180 5563 1226 5606 et
1254 5570 1322 5606 ea:
1353 5556 1592 5616 advenis,
1622 5558 1725 5607 etc.

507 5626 606 5689 (82)
637 5627 766 5676 Mss.
795 5630 1048 5691 quatuor,
1075 5631 1268 5677 sortem
1288 5625 1674 5677 maledictionis
1701 5625 1961 5691 agnoscis.

509 5698 607 5759 (83)
646 5697 805 5747 Rom.
844 5697 995 5757 edit.,
1041 5703 1135 5748 aut
1181 5698 1335 5747 auris
1374 5696 1780 5760 cartilaginem;
1821 5701 1875 5749 et
1923 5701 2071 5749 certe

439 5780 569 5829 vox,
622 5769 794 5824 auris,
852 5769 906 5815 in
961 5768 1082 5817 aliis
1134 5772 1188 5817 et
1246 5781 1377 5818 mss.
1430 5768 1884 5831 subintelligitur,
1940 5782 2071 5819 cum

442 5844 630 5903 aperte
656 5838 933 5888 alludalur
967 5837 1035 5887 ad
1074 5840 1263 5900 Amos,
1300 5852 1376 5899 Ill,
1424 5839 1481 5888 12
1524 5854 1535 5887 :
1569 5839 1804 5901 Εκσπάσῃ
1838 5842 1865 5888 ὁ
1892 5841 2071 5903 ποιμὴν

2172 4582 2463 4652 perpetuae
2491 4579 2683 4633 aculeo
2712 4576 2908 4632 mortis
2948 4577 3274 4647 deploraret
3314 4576 3585 4644 amissos;
3633 4574 3827 4630 David

2171 4686 2305 4725 vero
2333 4667 2648 4735 moderate,
2680 4665 2839 4737 quasi
2869 4666 2965 4737 qui
2995 4664 3389 4736 obreptionem
3410 4665 3628 4720 doleret
3655 4681 3827 4719 erro.

2172 4760 2268 4827 ris,
2304 4758 2622 4814 remedium
2642 4773 2758 4810 non
2785 4755 3115 4827 desperaret
3144 4753 3543 4821 correctionis;
3577 4759 3642 4809 ut
3673 4770 3827 4809 con-

2172 4848 2509 4913 tristaretur,
2545 4862 2658 4899 non
2689 4843 3112 4899 absorberetur.

2244 4942 2296 4993 6.
2349 4937 2526 5009 (Vers.
2579 4934 2719 5002 l29.)
2763 4933 3019 5004 Denique
3067 4931 3441 4986 confirmatus
3492 4930 3826 4986 sobrietate

2172 5026 2545 5099 paenitentiae,
2588 5026 2647 5078 et
2693 5039 2792 5094 spe
2842 5021 3025 5075 veniae
3067 5024 3419 5092 provocatus,
3466 5019 3544 5074 sic
3584 5020 3774 5090 coepit
3812 5038 3829 5075 :

2171 5116 2454 5172 Mirabitia
2492 5114 2797 5168 testimonia
2837 5116 2953 5173 tua,
2997 5115 3284 5181 propterea
3330 5114 3575 5164 scrutata
3618 5114 3705 5164 est
3754 5125 3834 5165 ea

2173 5207 2360 5259 anima
2384 5219 2520 5258 mea.
2557 5200 2780 5258 Moralis
2818 5200 3021 5265 oratio,
3053 5205 3113 5253 ut
3153 5198 3429 5270 quoniam
3460 5213 3591 5252 eum
3618 5198 3829 5268 pude-

2171 5300 2261 5350 ret
2294 5292 2523 5359 erroris,
2566 5292 2744 5345 Deum
2790 5293 2983 5343 tamen
3020 5288 3262 5360 pr0priae
3288 5287 3677 5351 miserationis
3702 5293 3832 5342 tes-

2171 5412 2225 5462 ἐκ
2252 5414 2485 5476 στόματος
2512 5410 2597 5461 τοῦ
2628 5411 2814 5467 λέοντος
2840 5410 2926 5459 δύο
2953 5409 3098 5468 σκέλη
3135 5410 3166 5468 ἢ
3199 5410 3342 5458 λόεον
3365 5410 3528 5459 (lyrica.
3556 5409 3629 5458 Et
3666 5410 3835 5460 infra

2170 5485 2269 5535 ubi
2298 5485 2439 5546 aliae,
2472 5497 2537 5534 ac
2561 5496 2693 5533 mss.
2720 5495 2933 5541 omnes,
2962 5480 3151 5543 faciem
3187 5485 3513 5538 sanctorum,
3539 5478 3751 5530 eadem
3796 5494 3837 5531 θ

2170 5556 2363 5618 εδει-18,
2394 5554 2514 5606 cod.
2578 5555 2825 5618 reposuit
2879 5566 2891 5600 :
2945 5553 3133 5615 faciem
3190 5552 3559 5613 sacerdotum;
3608 5563 3839 5601 verum

2171 5626 2365 5678 eadem
2413 5627 2627 5676 ratione
2680 5623 2982 5675 mutandus
3027 5623 3207 5673 fuerat
3248 5627 3398 5673 totus
3443 5623 3618 5680 locus,
3678 5634 3841 5673 cum

2171 5700 2292 5761 ejus
2316 5698 2513 5748 ultima
2543 5710 2670 5760 pars
2700 5698 2755 5746 in
2788 5695 2987 5747 iisdem
3017 5696 3187 5745 sacris
3222 5695 3346 5744 cod.
3377 5695 3453 5743 ita
3494 5693 3740 5755 legatur,
3780 5700 3842 5744 et

2169 5768 2435 5833 prophetis
2460 5769 2609 5833 (alibi
2635 5768 2803 5818 etiam
2827 5767 3053 5827 senibus)
3080 5764 3498 5818 misericordiam
3520 5774 3629 5812 non
3657 5763 3843 5813 dada-

2171 5847 2315 5890 runt.
