3930 6168
185 282 276 334 1517

1215 273 1567 332 EXPOSITIO
1604 267 1684 331 IN,
1719 276 2035 334 PSALMUM
2073 277 2298 334 CXVIII.

3296 291 3432 343 1518

175 401 360 458 timoniis
382 397 700 453 conveniret.
733 398 846 454 Hoc
882 401 966 453 est
989 397 1181 454 dicere
1203 417 1216 454 :
1241 401 1359 471 Ego
1380 401 1437 454 in
1475 401 1702 455 exordio
1726 412 1783 485 Α
1804 400 2178 472 sapientibus,
2219 405 2275 456 et
2312 403 2562 472 parvulis
2596 403 2899 459 revelasset
2935 404 3171 475 (Matth,
3205 424 3281 477 ιι,
3309 412 3429 482 25);

174 496 378 551 sermonis
409 494 632 563 loquens
666 509 794 548 mea
837 498 1088 563 peccata,
1127 511 1244 548 non
1290 495 1470 549 audeo
1514 496 1700 549 levare

173 590 303 644 oculos
335 604 470 641 meos
509 585 574 640 ad
619 591 674 640 te
727 587 901 641 Deum
945 588 1160 656 vivum,
1191 588 1288 642 sed
1327 593 1410 656 tu,
1440 588 1700 656 Domine,

170 700 228 738 me
244 682 300 735 ad
321 679 624 751 sperandam
645 681 868 734 veniam
893 685 1189 736 tantarum
1213 681 1701 752 indulgentiarum

169 776 291 829 titulis
331 773 633 844 provocasti.
689 775 971 828 Mirabilia
1025 777 1330 830 testimonia
1385 781 1514 842 tua,
1569 792 1699 829 cum

167 872 202 922 in
230 868 465 922 Abraham
513 883 626 920 non
673 868 834 938 lapsu
871 868 1106 921 incuriae
1144 868 1408 938 juvenilis
1453 869 1701 922 offensus

165 981 220 1029 es;
240 962 350 1015 dum
373 960 622 1015 monuisti
653 966 714 1015 ut
742 961 1139 1016 Chaldaaorum
1167 978 1407 1029 errores,
1433 962 1696 1032 patriam,

163 1056 478 1126 cognationem
513 1053 881 1125 relinqueret,
926 1061 982 1109 et
1021 1060 1313 1110 evocatum
1341 1056 1452 1126 (84)
1477 1055 1698 1109 virtutis

159 1148 366 1202 exercitiis
412 1147 662 1202 erudisti.
720 1148 860 1202 Cum
916 1148 1284 1202 Hebraeorum
1341 1149 1616 1219 populum
1668 1166 1701 1202 a

157 1248 343 1312 paternae
382 1241 557 1294 studio
604 1241 914 1295 nobilitatis
961 1258 1242 1307 aversum,
1283 1245 1340 1296 et
1377 1241 1512 1296 viles
1551 1259 1701 1296 escas

156 1335 320 1404 .£gypti
359 1352 517 1405 super
561 1335 751 1388 divina
798 1351 1036 1390 munera
1092 1335 1530 1405 praeferentem,
1584 1352 1698 1391 non

154 1429 281 1481 solum
326 1429 608 1482 soliditatis
651 1429 827 1483 Rubri
884 1431 1063 1484 maris
1105 1429 1370 1484 ﬂuctibus
1421 1429 1695 1495 liberasti;

152 1538 291 1575 verum
308 1522 459 1576 etiam
481 1523 790 1592 triumphis
809 1523 1068 1593 plurimis
1089 1523 1319 1577 evexisti
1341 1523 1412 1578 ad
1432 1524 1696 1593 gloriam,

151 1623 186 1670 et
223 1615 374 1669 uberis
410 1621 577 1669 terrae
625 1616 974 1687 possessione
1019 1616 1243 1671 donasti
1301 1617 1370 1671 ad
1423 1617 1696 1688 quietem.

149 1711 196 1760 Te
213 1709 332 1762 fotus
355 1709 645 1764 securitate
674 1708 921 1764 deseruit
945 1726 958 1774 ;
995 1712 1046 1764 te
1075 1709 1356 1764 bellorum
1389 1709 1698 1764 acerbitate

1803 495 2110 550 ostendens
2157 495 2319 550 citius
2372 495 2600 566 plebem
2647 513 2714 551 ex
2767 497 3060 568 gentibus,
3115 503 3200 555 vel
3257 508 3432 559 status

1801 587 2086 644 inferioris
2116 589 2283 657 viros,
2319 605 2494 660 quam
2536 591 2744 645 scribas
2784 597 2840 646 et
2879 591 3166 663 principes
3205 596 3428 650 Iudaeo-

1800 697 1967 749 rum,
2023 688 2079 737 et
2140 683 2340 737 divites
2405 683 2575 753 hujus
2632 686 2821 739 saeculi
2879 686 3241 741 credituros?
3303 690 3431 745 Ideo

1803 795 1830 824 ‹‹
1861 776 2057 830 divites
2084 782 2366 847 eguerunt
2397 783 2452 831 et
2477 777 2803 833 esurierunt
2827 779 2999 849 (Psal.
3033 797 3223 847 χχχιιι,
3265 785 3370 852 11),
3400 804 3429 832 ››

1801 884 2017 938 pauper
2042 872 2231 923 autem
2262 869 2544 936 clamavit,
2573 876 2628 925 et
2655 870 2954 926 exauditus
2985 877 3085 927 est.

1871 964 1924 1016 9.
1992 962 2166 1031 (Vers.
2247 964 2390 1032 I3l.)
2456 964 2717 1034 Sequitur
2783 966 2982 1020 tertius
3055 968 3361 1023 versiculus
3415 987 3428 1023 :

1803 1055 1870 1109 Os
1916 1071 2091 1110 meum
2134 1059 2343 1126 aperui,
2392 1061 2444 1112 et
2481 1057 2618 1112 dumi
2659 1059 2948 1128 spiritum;
2995 1064 3250 1130 quoniam
3287 1078 3433 1132 pra-

1807 1154 1962 1218 cepta
2023 1155 2121 1203 tua
2175 1151 2626 1220 concupiscebam.
2684 1152 2969 1207 Habemus
3020 1154 3079 1208 in
3131 1155 3434 1226 Evangelia

1801 1242 1953 1313 quod
1981 1243 2258 1297 Dominus
2286 1246 2444 1299 Iesus
2471 1244 2696 1314 aperuit
2720 1262 2782 1299 os
2811 1263 2977 1302 suum
3008 1250 3244 1317 (Matth,
3275 1267 3326 1315 v,
3353 1249 3429 1320 2),

1801 1352 1932 1390 cum
1961 1336 2382 1391 benedictiones
2413 1337 2684 1392 ediceret.
2725 1339 2832 1393 Sed
2863 1340 2956 1394 ille
2995 1358 3055 1394 os
3093 1343 3333 1412 aperuit,
3371 1349 3432 1396 ut

1802 1429 1964 1484 daret
2007 1429 2131 1483 aliis
2172 1430 2432 1500 spiritum
2469 1448 2481 1484 :
2524 1431 2694 1485 David
2737 1433 2979 1502 aperuit,
3020 1437 3082 1487 ut
3129 1435 3430 1505 acciperet.

1801 1522 2053 1592 Denique
2093 1525 2253 1578 Iesus
2289 1523 2424 1577 dicit
2467 1546 2476 1577 :
2521 1546 2547 1572 ι(
2579 1525 2826 1594 Accipite
2864 1526 3135 1596 Spiritum
3172 1533 3429 1583 sanctum

1803 1618 2001 1684 (Joan.,
2051 1633 2138 1683 xx,
2180 1620 2298 1688 22);
2353 1639 2380 1666 ››
2427 1617 2602 1671 David
2653 1618 2792 1672 dicit
2841 1636 2856 1673 :
2911 1639 2939 1667 «
2979 1621 3160 1675 Dilata
3212 1622 3322 1692 (85)
3369 1639 3430 1675 os

1801 1712 1993 1778 tuum,
2039 1712 2096 1764 et
2135 1710 2458 1781 adimplebo
2497 1710 2641 1764 illud
2684 1712 2847 1779 (Psal.
2893 1729 3051 1783 Lxxx,
3104 1715 3209 1784 11),
3253 1737 3280 1764 ››
3322 1715 3432 1770 hoc

149 1802 376 1872 depressus
411 1801 717 1870 invocavit;
765 1806 822 1856 et
870 1808 931 1857 ut
976 1803 1211 1874 injurias
1255 1807 1380 1858 tuas
1416 1785 2027 1857 oblivisce-Bhomini
2074 1803 2244 1870 dicit;
2297 1803 2590 1874 plenitudo
2642 1804 2798 1858 enim
2855 1806 3110 1861 Christus
3164 1812 3267 1862 est.
3322 1809 3431 1871 Qui

146 1896 259 1960 reris,
296 1896 546 1951 emeruit.
596 1898 669 1951 Te
719 1898 874 1952 Iesus
921 1898 1066 1952 Nave
1115 1897 1320 1952 ducem
1371 1897 1474 1951 sibi
1515 1898 1703 1951 coeles-

146 1990 193 2040 tis
217 1988 393 2044 militiae
415 1990 638 2045 venisse
673 1991 956 2062 cognovit.
993 1992 1065 2046 Te
1093 1991 1339 2061 populus
1377 1991 1698 2062 triumpha-

145 2087 203 2134 tor
228 2086 279 2136 ut
310 2084 511 2138 Madian
562 2084 669 2138 sibi
711 2085 1130 2151 dominaretur,
1160 2083 1509 2153 offenderat;
1540 2091 1594 2139 te
1639 2089 1703 2138 ut

148 2175 302 2229 Madian
335 2177 669 2246 vinceretur,
717 2180 916 2233 oravit.
961 2178 1083 2232 Tibi
1123 2179 1182 2232 in
1230 2178 1365 2233 Saul
1411 2195 1548 2248 rege
1585 2195 1702 2232 non

149 2268 498 2340 obtemperavit,
540 2275 604 2325 ut
644 2271 714 2326 de
757 2289 825 2326 eo
873 2271 1209 2342 alienigenae
1251 2270 1700 2342 triumpharent,

149 2361 226 2428 tibi,
259 2364 404 2418 David
448 2369 768 2435 prteeunte,
826 2365 1079 2431 servivit,
1137 2370 1197 2419 ut
1249 2364 1320 2418 de
1369 2365 1702 2434 alienigenis

150 2455 359 2511 victoriam
397 2462 736 2528 reportaret.
762 2461 876 2529 Ego
914 2459 1128 2530 quippe
1165 2462 1363 2529 pastor
1384 2459 1701 2528 malignum

154 2548 242 2617 ieci,
293 2556 340 2605 et
397 2553 758 2607 confessione
820 2552 1041 2623 peccati
1106 2552 1333 2607 veniam
1399 2552 1698 2622 reportavi.

155 2643 484 2700 Pulcherrimus
531 2646 729 2717 itaque
771 2646 1076 2700 versiculus
1121 2646 1192 2700 ad
1238 2646 1577 2716 martyrium
1617 2662 1702 2700 co-

164 2733 472 2795 hortationem.
523 2737 789 2812 1186
831 2740 1086 2811 Denique
1131 2740 1464 2811 prophetica
1509 2740 1702 2794 anima

161 2829 204 2880 sic
217 2833 388 2899 proﬁcit
415 2834 473 2887 in
504 2833 736 2899 melius,
779 2833 918 2888 dum
958 2833 1218 2888 mirabile
1246 2833 1430 2888 credit
1470 2834 1570 2888 Dei
1597 2839 1702 2888 tes-

155 2922 400 2996 timonium;
423 2932 479 2982 et
505 2927 648 2998 quia
674 2927 934 2997 credidit,
965 2927 1226 2999 diligenti
1255 2927 1526 2998 indagine
1552 2944 1704 2998 qua:-

146 3016 239 3070 sirit.
273 3021 584 3076 Proiectum
629 3021 858 3092 quaeris,
900 3037 1144 3092 agnosce
1186 3038 1252 3076 ex
1290 3021 1378 3076 his
1417 3021 1703 3076 versiculis

145 3109 206 3176 qui
224 3118 526 3183 sequuntur.

1723 3156 1778 3229 C

1801 1897 2002 1967 implet
2040 1896 2251 1964 omnia,
2301 1897 2504 1967 implet
2542 1913 2605 1951 os
2649 1900 2831 1952 tuum.
2886 1899 3080 1954 Scribe
3126 1917 3264 1972 ergo
3301 1918 3431 1972 quae

1801 1990 1938 2045 dicit
1983 1990 2044 2044 in
2099 1990 2398 2045 latitudine
2450 1990 2634 2045 cordis
2687 1991 2792 2059 tui,
2841 1991 2949 2047 hoc
3002 1999 3103 2060 est,
3159 2011 3221 2049 os
3269 2000 3432 2050 tuum

1802 2083 2006 2138 clamet
2057 2083 2126 2137 ad
2181 2083 2506 2138 Dominum.
2564 2084 2783 2140 Clamat
2833 2101 2896 2139 os
2947 2088 3143 2155 tuum,
3194 2093 3250 2142 et
3302 2105 3431 2143 cum

1800 2180 1968 2244 tacet,
2009 2177 2154 2230 sicut
2195 2182 2250 2231 et
2291 2177 2504 2248 Moyses
2543 2193 2673 2232 cum
2715 2181 2927 2232 taceret
2965 2195 3121 2246 voce,
3155 2181 3436 2236 clamabat

1803 2269 2004 2340 spiritu
2045 2270 2264 2338 (Emod.,
2297 2287 2408 2338 xw,
2448 2271 2554 2342 l5).
2596 2270 2682 2325 Ab
2725 2271 3049 2326 hominibus
3084 2289 3199 2327 non
3237 2275 3431 2329 audie-

1801 2362 1982 2426 batur,
2021 2363 2172 2434 apud
2206 2365 2384 2418 Deum
2429 2364 2796 2434 personabat;
2833 2367 2918 2420 est
2958 2365 3114 2420 enim
3145 2368 3435 2423 interioris

1802 2456 2016 2510 clamor
2047 2456 2299 2525 affectus,
2339 2457 2436 2528 qui
2474 2457 2705 2512 auditur
2744 2475 2774 2512 e
2817 2459 2977 2513 caelo.
3017 2463 3176 2515 Anna
3210 2477 3436 2532 quoque

1803 2566 1934 2603 cum
1980 2556 2188 2617 oraret,
2241 2549 2412 2604 tacita
2448 2550 2732 2605 clamabat
2772 2552 2814 2623 (I
2863 2555 3017 2620 Reg.,
3059 2569 3096 2618 ι,
3143 2554 3248 2623 13);
3284 2553 3437 2608 labia

1804 2659 1918 2697 non
1944 2643 2235 2712 movebat,
2259 2647 2316 2697 et
2342 2643 2601 2698 interiori
2631 2660 2762 2699 voce
2787 2645 2897 2715 pias
2921 2645 3131 2700 mentis
3156 2647 3437 2702 excitabat

1802 2738 2014 2791 Iesum.
2045 2737 2299 2807 Denique
2329 2753 2459 2791 cum
2491 2737 2693 2792 effectu
2725 2738 2918 2808 rediit,
2951 2755 3078 2810 quae
3105 2756 3233 2794 cum
3263 2740 3433 2796 silen-

1803 2829 1882 2884 tio
1926 2829 2290 2900 precabatur;
2339 2830 2472 2900 quia
2516 2831 2796 2886 clamabat
2838 2833 2896 2886 in
2938 2849 3006 2887 ea
3047 2833 3278 2904 spiritus
3314 2835 3432 2903 Dei,

1803 2923 1899 2994 qui
1937 2923 2107 2977 etiam
2147 2922 2464 2978 tacentibus
2507 2924 2668 2978 nobis
2709 2925 2917 2980 clamat
2950 2947 2960 2978 :
3005 2947 3032 2974 ‹‹
3079 2926 3236 2982 Abba
3273 2933 3435 2999 pater

1803 3017 2000 3088 (Rom,
2034 3033 2146 3086 viu,
2182 3019 2288 3086 t5).
2323 3039 2350 3066 »

1877 3114 1962 3165 10.
2022 3111 2275 3181 lntellige
2327 3126 2466 3182 ergo
2515 3111 2650 3182 quid
2693 3127 2755 3166 os
2802 3111 2914 3167 sit:
2959 3116 3153 3168 utrum
3195 3130 3314 3182 cor,
3359 3131 3433 3169 an

185 3208 220 3256 7.
263 3207 409 3272 (vers.
473 3209 632 3277 130.)
695 3210 1066 3275 Manifestatio
1123 3223 1424 3264 sermonum
1489 3204 2090 3265 tuorumvinterioris
2154 3204 2403 3260 habitus.
2460 3205 2639 3260 Habet
2699 3221 2760 3259 os
2812 3205 3032 3276 anima,
3088 3224 3218 3278 quas
3265 3208 3439 3265 habet

139 3295 345 3353 illuminat
372 3319 470 3365 me,
503 3308 557 3357 et
588 3303 924 3357 intellectum
950 3303 1048 3357 dat
1071 3303 1337 3372 parvulis.
1372 3305 1434 3358 In
1462 3305 1706 3374 Evange-

134 3388 201 3456 lio,
232 3408 336 3448 cum
376 3397 640 3452 mitteret
675 3396 975 3467 discipulos
1014 3413 1146 3452 suos
1188 3398 1426 3451 Joannes
1471 3397 1540 3450 ad
1588 3399 1700 3452 Do-

137 3484 297 3540 minum
330 3491 541 3558 Iesum,
584 3489 810 3544 dicebat
849 3507 862 3544 :
897 3512 925 3539 «
963 3492 1045 3544 'l‘u
1089 3507 1148 3545 es
1185 3491 1282 3561 qui
1320 3496 1591 3545 venturus
1623 3507 1701 3560 es,

135 3591 182 3629 an
205 3580 345 3635 aliam
374 3588 774 3655 exspectamus
811 3584 1054 3653 (Matth.,
1087 3601 1165 3651 x1,
1207 3585 1302 3654 3)?
1328 3606 1355 3635 »
1399 3584 1706 3656 Respondit

134 3668 242 3724 Iasus
294 3691 458 3731 caecos
527 3677 762 3745 videre,
820 3677 1049 3733 claudos
1111 3678 1441 3747 ambulare,
1509 3678 1704 3733 audire

133 3766 306 3834 surdos;
337 3770 440 3825 hoc
480 3771 649 3826 enim
687 3771 961 3825 adventus
1003 3773 1088 3826 sui
1130 3771 1521 3826 testimonium
1559 3772 1702 3838 fore,

131 3869 203 3922 per
231 3861 410 3917 Isaiam
453 3864 805 3936 prophetam
846 3865 1261 3935 signiﬁcaverat
1303 3867 1450 3934 (1311.,
1482 3882 1589 3932 LXI,
1632 3867 1702 3933 1).

132 3947 219 4004 Hec
239 3970 356 4026 ergo
389 3975 520 4028 qua
548 3957 916 4012 annuntiavit
940 3975 1045 4028 per
1070 3959 1401 4029 prophetas,
1431 3959 1489 4012 in
1524 3960 1702 4013 Evan-

133 4043 239 4107 gelio
261 4050 661 4116 manifestavit,
685 4053 743 4104 et
767 4051 919 4121 quod
948 4051 1067 4121 ipse
1089 4052 1310 4106 locutus
1339 4056 1422 4106 est
1447 4068 1555 4123 per
1580 4068 1706 4122 pro-

129 4136 291 4207 phetas,
336 4144 393 4196 in
440 4144 759 4214 Evangelio
798 4144 920 4214 ipse
967 4145 1292 4215 complevit.
1340 4145 1521 4215 Ipsius
1567 4160 1705 4216 ergo

128 4241 262 4284 sermo
302 4242 417 4290 erat
465 4236 846 4308 propheticus
883 4253 1091 4306 sermo,
1129 4238 1271 4292 sicut
1312 4238 1491 4293 habes
1535 4239 1708 4310 scrip-

127 4327 248 4377 tum:
281 4349 305 4375 ‹‹
342 4331 511 4397 Audi,
562 4331 794 4396 coelum,
837 4337 895 4386 et
932 4331 1162 4402 percipe
1211 4332 1462 4399 auribus,
1512 4337 1701 4400 terra;

130 4419 339 4483 quoniam
373 4424 656 4478 Dominus
685 4425 903 4479 locutus
932 4431 1016 4480 est
1045 4425 1196 4495 (Isa.,
1227 4443 1266 4492 ι,
1295 4424 1368 4495 2).
1401 4447 1428 4474 ››

1805 3299 2084 3353 membra.
2142 3299 2254 3353 Hoc
2305 3315 2367 3353 os
2421 3298 2581 3369 aperi
2630 3315 2745 3354 non
2792 3301 2974 3355 solum
3027 3301 3282 3369 Christo,
3333 3302 3436 3357 sed

1804 3391 1978 3447 etiam
2021 3391 2227 3448 Christi
2273 3391 2563 3462 discipulo,
2610 3393 2708 3464 qui
2755 3411 2816 3448 os
2858 3411 3024 3449 suum
3063 3395 3288 3450 Christo
3325 3395 3434 3450 im-

1805 3485 2080 3556 plendum
2128 3484 2409 3556 praebuit;
2452 3491 2510 3542 et
2563 3485 2690 3542 ideo
2733 3486 2868 3542 dicit
2916 3505 2930 3542 :
2981 3509 3008 3537 «
3051 3488 3126 3542 Os
3169 3494 3434 3544 nostrum

1803 3582 1962 3650 patet
2003 3577 2257 3650 1187
2313 3579 2387 3633 ad
2432 3596 2559 3649 vos,
2607 3597 2640 3635 ο
2681 3580 2987 3650 Corinthii,
3034 3597 3130 3636 cor
3170 3588 3435 3639 nostrum

1805 3673 2101 3728 dilatatam
2134 3676 2221 3727 est
2253 3674 2316 3741 (II
2345 3675 2488 3735 Οοτ..
2516 3689 2592 3742 v1,
2628 3674 2734 3743 11).
2773 3695 2800 3724 ››
2830 3674 2961 3729 Ideo
2993 3673 3305 3731 imitatores
3336 3694 3438 3732 nos

1807 3768 1893 3821 sui
1954 3783 2074 3821 esse
2129 3765 2335 3821 debere
2390 3766 2684 3833 admonet,
2737 3767 2883 3822 sicut
2927 3768 3045 3838 ipse
3101 3769 3305 3824 Christi
3351 3774 3438 3824 est

1811 3860 1849 3930 (Ι
1895 3863 2041 3924 Cor.,
2083 3876 2155 3926 XI,
2193 3861 2260 3930 l).
2299 3860 2404 3922 Qui
2439 3860 2688 3915 sanctior
2716 3865 2821 3929 est,
2853 3860 3076 3916 Christo
3118 3863 3344 3932 aperuit
3377 3881 3437 3917 os

1809 3969 2003 4021 suum;
2039 3953 2135 4023 qui
2173 3952 2430 4021 inferior,
2461 3955 2750 4024 Apostolo.
2785 3953 2944 4008 Prius
2981 3955 3259 4025 propheta
3293 3956 3435 4027 legi-

1807 4050 1919 4113 tur,
1957 4051 2014 4100 et
2048 4046 2352 4116 apostolus,
2387 4051 2446 4100 et
2490 4047 2568 4101 sic
2608 4047 2999 4118 Evangelium,
3039 4048 3097 4102 in
3126 4065 3236 4120 quo
3267 4050 3439 4104 verba

1807 4140 2013 4206 lucida,
2045 4139 2147 4193 sed
2180 4140 2451 4194 validiora
2481 4145 2790 4212 praecepta.
2819 4143 2928 4196 Lex
2955 4141 3090 4196 dicit
3120 4161 3133 4196 :
3172 4163 3200 4192 ι(
3233 4143 3441 4213 Diliges

1807 4233 2131 4304 proximum
2168 4240 2331 4288 tuum
2373 4235 2584 4304 (Levit.,
2627 4252 2736 4302 xxx,
2772 4235 2879 4306 18);
2917 4257 2943 4284 η
2984 4239 3041 4290 et
3068 4236 3442 4306 Evangelium

1809 4327 1944 4381 dicit
1962 4328 2063 4382 tibi
2092 4347 2105 4382 :
2131 4348 2159 4376 ‹‹
2185 4328 2394 4399 Diliges
2421 4327 2717 4383 inimicum
2740 4333 2902 4382 tuum
2934 4331 3176 4397 (Matth.,
3200 4347 3253 4395 x,
3276 4330 3388 4401 44).
3410 4352 3438 4380 ››

1882 4425 1968 4476 11.
2037 4420 2205 4476 David
2269 4438 2407 4492 ergo
2463 4423 2628 4492 quasi
2694 4422 2974 4492 perfectus
3037 4422 3318 4491 propheta
3381 4439 3445 4477 os

173 4514 210 4564 8.
249 4515 562 4572 Intellectus
602 4533 739 4589 ergo
778 4518 943 4573 datus
985 4524 1070 4574 est
1109 4519 1285 4574 etiam
1319 4518 1408 4572 his
1444 4519 1542 4590 qui
1573 4535 1702 4589 per-
1725 4525 1784 4597 D
1807 4531 1974 4569 suum
2005 4515 2222 4570 Christo
2263 4515 2518 4586 aperuit;
2554 4520 2612 4569 et
2645 4515 2775 4570 ideo
2807 4515 2862 4568 in
2905 4514 3187 4585 parabolis
3216 4516 3444 4587 aperuit

130 4601 279 4661 tectam
299 4611 648 4681 sapientiam
676 4628 790 4666 non
820 4613 1114 4683 haberent,
1138 4614 1274 4668 dum
1299 4613 1447 4667 muti
1470 4614 1707 4683 loquun-

129 4701 203 4764 iur,
227 4705 421 4758 mortui
459 4705 896 4760 resuscitantur.
933 4706 1026 4761 His
1057 4707 1211 4761 enim
1240 4707 1417 4777 signis
1451 4707 1703 4762 intellec-

133 4793 212 4845 tum
238 4801 312 4849 est
343 4799 412 4852 ab
455 4800 523 4852 iis
556 4799 656 4869 qui
701 4799 870 4853 rudes
909 4805 1094 4868 erant,
1138 4804 1196 4855 et
1229 4801 1414 4856 adhuc
1443 4800 1605 4871 quasi
1648 4800 1708 4853 in

133 4889 362 4945 iuuabulis
389 4893 525 4947 fidei
559 4893 872 4962 constituti,
897 4899 960 4949 ut
986 4898 1106 4948 erat
1127 4895 1365 4966 populus
1388 4895 1705 4959 nationum,

135 4975 265 5043 ίῑιειιω
306 4986 528 5041 venisse
580 4986 679 5056 qui
727 4987 1174 5057 exspectabatur.
1209 4988 1494 5042 Illuminat
1533 4988 1710 5066 igitur

135 5071 218 5124 ﬁdei
256 5079 526 5146 claritate,
579 5080 1010 5134 resurrectionis
1055 5097 1172 5134 suae
1221 5082 1422 5152 gloria,
1471 5084 1528 5135 et
1566 5074 1708 5134 divii

139 5175 280 5221 norum
342 5188 592 5244 operum
657 5177 931 5242 potestate
1000 5193 1011 5228 ε
1077 5178 1146 5230 Et
1219 5177 1549 5229 intellectum
1615 5175 1711 5229 dat

137 5265 340 5318 Flauus.
385 5267 610 5329 Quibus
649 5267 870 5336 utique,
915 5267 1024 5321 nisi
1069 5268 1138 5322 de
1182 5268 1388 5339 quibus
1427 5269 1484 5322 in
1528 5271 1708 5323 Evan-

144 5351 242 5414 i’elio
269 5360 474 5426 gratias
503 5361 628 5430 agit
654 5362 825 5429 Patri,
855 5362 915 5415 in
949 5378 1016 5415 eo
1048 5362 1198 5432 quod
1226 5363 1346 5433 ipse
1372 5363 1713 5433 operabatur

145 5438 280 5518 ῖῖἶέιιδ,
329 5455 485 5524 quod
541 5454 813 5524 mysteria
867 5471 968 5509 sua
1031 5457 1178 5509 Deus
1231 5456 1620 5511 abscondisset
1681 5474 1714 5510 a

188 5617 250 5675 ibi",
293 5621 363 5670 Ita
412 5636 552 5671 mss.
597 5622 923 5684 complures.
971 5623 1078 5672 Alii
1116 5637 1242 5672 cum
1284 5623 1436 5683 edit.,
1485 5625 1613 5672 Cum
1657 5623 1716 5672 in

155 5680 345 5738 ttraham
395 5693 643 5754 collapsa
699 5680 1019 5744 incurias"...
1068 5695 1192 5744 dum
1241 5700 1294 5743 ut
1345 5680 1715 5744 Chaldaeorum

157 5763 310 5814 mm.
354 5769 682 5826 patrumque
728 5767 1089 5827 cognationem
1141 5765 1489 5829 relinqueret,
1535 5779 1713 5815 evoca-

165 5836 234 5870 sm.
258 5835 346 5879 etc.

1810 4626 1872 4663 os
1917 4625 2084 4663 suum
2131 4609 2302 4678 (Psal.
2338 4624 2535 4673 Lxxvu,
2576 4610 2651 4675 2).
2697 4607 2932 4678 Aperuit
2968 4625 3048 4674 os,
3084 4609 3246 4664 duxit
3281 4610 3446 4681 spiri-

1810 4708 1954 4757 tum.
1997 4701 2194 4757 Merito
2240 4717 2380 4771 ergo
2427 4701 2504 4755 ait
2545 4719 2556 4754 :
2604 4703 2776 4768 Quam
2817 4703 3002 4757 dulcia
3037 4705 3286 4770 faucibus
3316 4708 3445 4760 meis

1809 4797 2023 4865 eloquia
2059 4800 2185 4861 tua;
2223 4810 2386 4863 super
2429 4795 2532 4849 mel
2573 4796 2656 4849 ori
2693 4811 2806 4850 meo
2843 4795 3066 4866 (Supra,
3102 4814 3242 4854 vers.
3288 4798 3439 4866 t03)l

1811 4890 2027 4960 Sponsa
2064 4889 2267 4942 Christi
2307 4904 2369 4941 os
2409 4904 2575 4941 suum
2622 4889 2845 4958 Sponso
2889 4890 3143 4960 aperuit,
3187 4891 3443 4962 percepit

1812 4983 1970 5037 omni
2008 4981 2174 5036 melle
2213 4981 2466 5035 dulciora
2505 4988 2810 5053 praecepta.
2843 4984 2910 5037 Et
2943 4983 3072 5038 ideo
3106 4987 3306 5037 testata
3335 4990 3436 5053 est,

1811 5077 2044 5131 dicens:
2083 5096 2110 5124 ‹‹
2157 5076 2360 5129 Fauces
2399 5075 2519 5146 ejus
2563 5075 2896 5142 dulcedinis,
2939 5079 2994 5130 et
3029 5082 3178 5130 totus
3217 5077 3438 5132 deside-

1813 5169 1964 5224 rium
1997 5169 2200 5237 (Cant.,
2222 5185 2276 5235 v,
2303 5169 2457 5238 16).»
2486 5169 2774 5224 Delectata
2801 5169 2977 5240 igitur
3003 5170 3186 5223 tenuit
3210 5186 3364 5238 eum,
3387 5177 3446 5226 et

1814 5280 1931 5317 non
1979 5262 2194 5316 dimisit
2240 5278 2395 5330 eum,
2439 5283 2466 5311 ‹‹
2511 5264 2578 5317 Et
2621 5261 2934 5329 introduxi,
2975 5262 3180 5332 inquit,
3214 5280 3344 5318 eum
3383 5265 3440 5318 in

1815 5356 2051 5410 domum
2093 5355 2292 5409 matris
2330 5371 2493 5423 meae,
2533 5361 2589 5410 et
2627 5356 2683 5409 in
2720 5359 2996 5410 secretum
3040 5356 3161 5425 ejus
3191 5368 3318 5427 quin
3349 5374 3442 5412 me

1815 5450 2072 5520 concepit
2096 5450 2301 5519 (Cant.,
2333 5465 2410 5516 Ill,
2440 5448 2514 5518 4).
2546 5469 2572 5498 ››
2603 5449 2858 5502 Fortasse
2887 5449 3090 5502 domus
3119 5455 3222 5518 est,
3247 5454 3305 5506 in
3334 5468 3444 5522 qua

1879 5623 1974 5685 (85)
2005 5622 2163 5672 Rom.
2194 5620 2322 5672 edit.
2355 5621 2489 5680 sola,
2527 5621 2697 5670 David
2726 5621 2895 5670 dicit:
2930 5621 3132 5678 Dilata,
3168 5627 3272 5672 etc.
3309 5625 3444 5672 Pera

1816 5708 2034 5758 peram;
2063 5693 2223 5743 docet
2250 5693 2397 5741 enim
2427 5693 2613 5754 series,
2645 5692 2794 5742 hunc
2834 5706 3054 5743 versum
3081 5709 3193 5745 non
3224 5696 3442 5754 Davidi,

1817 5764 1912 5813 sed
1940 5765 2160 5816 Christo
2187 5764 2503 5813 convenire.
