3930 6168
497 264 630 318 1519

1965 260 2021 313 S.
2062 257 2379 315 AMBROSII
2416 342 2429 349 -

3678 265 3789 318 i520

494 385 800 455 praefulget
858 382 1158 439 moralium
1210 382 1507 454 disciplina
1532 426 1546 449 ,
1601 386 1880 438 secretum
1931 387 2122 438 autem
2142 396 2202 467 Α
2226 403 2254 431 ‹‹
2282 385 2479 436 Pacem
2508 396 2697 435 meam
2725 381 2798 435 do
2826 379 3001 445 vobis,
3029 394 3229 450 pacem
3254 394 3430 435 meam
3458 382 3692 456 relinquo
3715 404 3792 442 vo-

493 478 633 533 illud
665 483 767 545 est,
800 478 861 530 in
890 493 1003 549 quo
1030 481 1162 531 sunt
1196 477 1400 531 altiora
1437 478 1728 548 mysteria.
1758 478 1955 531 Merito
1986 492 2121 548 ergo

495 570 928 641 concupiscebat
972 574 1258 641 precepts
1302 571 1548 637 Domini,
1587 571 1642 624 in
1680 570 1885 641 quibus
1918 569 2120 624 divina:

494 664 692 734 gratiae
736 663 903 719 mella
942 663 1297 719 redolebant.
1345 668 1550 719 Annon
1591 664 1751 718 omni
1791 663 1961 717 melle
2005 663 2120 717 dul-

496 757 615 811 cior
642 760 1008 828 peccatorum
1046 757 1352 812 remissio?
1386 759 1582 812 Nonne
1616 757 1768 813 omni
1810 758 1946 811 ﬂore
1988 772 2117 828 gra-

495 849 608 905 tior
635 850 971 906 resurrectio
997 854 1355 906 mortuorum
1375 851 1401 904 ?

573 948 653 999 12.
700 944 876 1016 (Vers.
922 946 1063 1016 132.)
1108 945 1352 1009 Quartus
1391 944 1696 999 versiculus
1739 963 1751 998 :
1800 947 2016 1013 Respice
2065 947 2121 997 in

493 1054 595 1100 me,
634 1045 683 1092 et
726 1041 972 1094 miserere
999 1042 1123 1102 mei,
1162 1040 1452 1093 secundum
1468 1039 1739 1107 judicium
1778 1039 2123 1105 diligentiam

494 1147 686 1187 nomen
721 1138 890 1187 tuum.
922 1133 1161 1187 Pulchre
1201 1132 1423 1187 addidit
1451 1149 1463 1187 :
1496 1134 1711 1203 Respice
1740 1135 1801 1185 in
1828 1148 1911 1186 me
1940 1135 1991 1186 et
2018 1134 2117 1185 mi-

494 1240 666 1280 serere
702 1229 836 1292 mei;
882 1225 1019 1298 quia
1058 1225 1288 1296 respicit
1324 1230 1383 1280 et
1426 1225 1623 1292 iratus,
1661 1229 1727 1279 ut
1757 1225 2004 1296 respexit
2038 1242 2123 1278 su-

493 1335 599 1390 per
627 1324 811 1374 castra
844 1319 1258 1390 Egyptiorum,
1292 1323 1350 1373 et
1377 1318 1567 1390 ligatis
1598 1318 1799 1373 axibus
1825 1334 2119 1384 curruum,

493 1429 693 1467 omnes
734 1429 829 1467 eos
869 1412 1072 1483 dejecit
1116 1414 1174 1467 in
1212 1412 1417 1468 ﬂuctus
1463 1413 1681 1482 (Είιγοὰυ
1727 1429 1834 1479 xxv,
1875 1413 1963 1479 24,
2010 1411 2119 1482 25).

492 1504 757 1575 Respexit
774 1520 944 1576 super
964 1505 1275 1561 Sodomam
1295 1509 1351 1560 et
1369 1507 1752 1561 Gomorrham
1775 1507 1948 1575 (Gem,
1970 1520 2119 1570 xvm,

492 1597 601 1667 21),
653 1614 895 1669 quarum
938 1602 1179 1671 utraque
1223 1603 1587 1670 peccatorum
1639 1615 1870 1653 suorum
1912 1599 2122 1653 luitura

2221 476 2341 545 bis;
2386 492 2500 531 non
2544 475 2687 529 sicut
2735 474 2983 529 mundus
3029 473 3146 541 dat,
3192 489 3296 544 ego
3337 475 3404 529 do
3447 476 3589 531 vobis
3615 480 3789 549 (10am,

2224 586 2334 638 xw,
2376 570 2490 638 27);
2546 591 2574 619 »
2624 567 2928 624 ostendens
2974 583 3175 639 pacem
3228 583 3394 639 quam
3442 570 3668 625 mundus
3697 573 3792 640 dat,

2222 679 2369 719 verm
2395 662 2551 735 pacis
2577 662 2816 734 gratiam
2840 678 2960 717 non
2991 662 3220 716 habere.
3255 661 3488 734 Ideoque
3512 679 3617 719 non
3642 665 3693 718 in
3714 669 3796 721 ho-

2222 758 2380 811 mine
2417 773 2537 812 esse
2572 772 2769 828 pacem
2808 757 3004 811 volens
3036 755 3256 822 docere,
3293 755 3539 810 addidit:
3573 742 3598 806 έ(
3627 759 3796 814 Pacem

2221 867 2406 905 meam
2434 850 2697 922 relinquo
2726 850 2897 905 vobis.
2930 872 2958 898 »ι
2988 851 3055 903 Et
3081 849 3292 903 iterum
3323 865 3335 902 :
3368 867 3396 900 ι(
3424 850 3613 904 Pacem
3636 867 3799 907 meam

2223 945 2294 999 do
2319 944 2498 1000 vobis.
2533 966 2558 993 »
2594 944 2854 1014 Denique
2883 943 3165 1014 propheta
3195 941 3417 997 dicebat
3445 959 3458 996 :
3495 944 3664 1010 «Pax,
3691 962 3801 1015 pax,

2224 1041 2280 1092 et
2323 1037 2419 1091 ubi
2471 1040 2552 1092 est
2595 1055 2702 1108 pax
2750 1040 2982 1107 (Jerem.,
3016 1053 3089 1105 vr,
3142 1035 3268 1106 ili)?
3308 1057 3335 1085 »
3375 1035 3703 1091 Manifestum
3737 1042 3804 1092 est

2230 1130 2408 1201 igitur
2434 1147 2568 1185 eum
2594 1130 2665 1184 de
2698 1129 3042 1185 titubatione
3072 1145 3187 1184 suae
3217 1129 3421 1184 dixisse
3447 1129 3733 1199 sententias,
3757 1132 3802 1185 in

2222 1240 2331 1295 qua
2359 1224 2558 1291 animi,
2588 1240 2705 1278 non
2732 1223 2983 1295 corporis
3012 1222 3355 1278 titubaverat
3385 1239 3622 1293 gressus.

2298 1319 2406 1372 Μ’.
2438 1320 2505 1374 Et
2533 1320 2744 1389 Moyses
2768 1317 2846 1371 ait
2880 1340 2889 1371 :
2922 1338 2951 1366 ‹‹
2981 1316 3283 1372 Transiens
3307 1315 3505 1371 videbo
3533 1317 3631 1372 hoc
3656 1317 3804 1373 visum

2223 1428 2495 1483 magnum
2523 1412 2745 1482 (Exod,
2784 1427 2865 1481 III,
2896 1412 2971 1481 3).
3002 1432 3031 1462 ››
3056 1410 3282 1466 Etenim
3310 1415 3372 1465 ut
3406 1411 3579 1465 Deum
3605 1410 3806 1479 videret,

2220 1504 2616 1577 progressione
2642 1504 2897 1575 quadam
2918 1504 3143 1559 virtutis
3167 1503 3238 1558 ad
3261 1504 3531 1559 ulteriora
3552 1505 3807 1575 processit.

2222 1601 2418 1655 Pastor
2445 1604 2565 1654 erat
2594 1599 2808 1668 ovium,
2853 1600 2910 1652 et
2934 1597 3264 1653 dux'factus
3301 1603 3387 1652 est
3420 1598 3637 1653 civium.
3670 1599 3729 1653 Et
3752 1597 3811 1651 ad

491 1691 852 1762 supplicium,
876 1692 1081 1747 divinae
1102 1692 1349 1764 pretium
1378 1693 1541 1747 solvit
1561 1692 2121 1764 oﬁ‘ensae.Scriptnm
2224 1692 2503 1764 Sponsam
2548 1692 2754 1747 dicitur
2792 1691 2851 1746 in
2891 1691 3132 1747 Canticis
3163 1708 3177 1745 :
3213 1712 3240 1739 «
3271 1690 3519 1761 Speciosi
3557 1690 3678 1745 facti
3707 1695 3813 1745 sunt

491 1788 575 1838 est
601 1785 774 1839 etiam
808 1802 820 1838 :
857 1805 884 1834 «
909 1785 1120 1855 Aspicit
1146 1802 1319 1857 super
1344 1791 1576 1855 terram,
1607 1789 1662 1840 et
1689 1786 1824 1841 facit
1855 1802 1983 1841 eam
2013 1790 2124 1840 tre-
2143 1769 2199 1840 Β
2224 1802 2454 1856 gressus
2498 1785 2581 1840 tui
2625 1786 2685 1839 in
2727 1785 3145 1852 calceamentis,
3190 1784 3310 1839 ﬁlia
3348 1783 3656 1838 Aminadab
3685 1798 3812 1837 :me

490 1894 645 1932 mere
684 1879 853 1945 (Psul.
889 1873 996 1947 cm,
1028 1879 1137 1950 32).
1169 1901 1197 1929 »
1227 1880 1295 1933 Et
1321 1883 1521 1934 contra
1552 1896 1564 1934 :
1600 1900 1628 1928 «
1661 1880 1928 1951 Respexit
1951 1896 2123 1950 super
2223 1878 2339 1933 duli
2369 1878 2660 1934 femorum
2696 1880 2931 1933 tuorum
2959 1877 3176 1933 similes
3215 1878 3515 1950 torquibus
3552 1893 3712 1948 opere
3742 1893 3810 1930 ar-

490 1987 731 2026 munera
770 1971 935 2039 Abel;
972 1988 1146 2042 super
1187 1972 1325 2028 Cain
1366 1979 1557 2027 autem
1599 1990 1840 2028 munera
1880 1991 1994 2028 non
2027 1990 2119 2028 re-

434 2060 443 2065 ’
492 2066 677 2136 spexit
703 2064 879 2135 (Gem,
914 2081 985 2134 ιν,
1015 2067 1070 2133 4,
1103 2068 1177 2135 5).
1204 2089 1231 2115 ››
1261 2067 1380 2131 Quo
1409 2072 1771 2138 exasperatus
1798 2067 1959 2136 Cain,
1990 2084 2119 2139 par-

491 2157 710 2212 ricidali
740 2158 975 2213 crimine
1005 2175 1263 2213 cruorem
1288 2160 1480 2214 fratris
1508 2160 1725 2215 effudit.

567 2254 653 2306 13.
705 2251 849 2315 Quid
893 2252 964 2307 sit
1009 2256 1201 2307 autem
1248 2254 1527 2324 respicere
1574 2254 1773 2321 Deum,
1815 2254 2118 2309 evidentis-

492 2345 633 2399 sime
679 2345 775 2398 illo
826 2345 1152 2400 testimonio
1200 2346 1523 2402 declaratur
1562 2365 1574 2401 :
1619 2368 1647 2396 «
1688 2347 1831 2411 Quia
1879 2348 2123 2418 respexit

492 2454 661 2508 super
709 2438 856 2493 filios
906 2456 1259 2511 pauperum,
1323 2445 1380 2494 et
1433 2457 1550 2495 non
1610 2440 1870 2509 despexit
1924 2457 2122 2511 preces

492 2546 688 2586 eorum
715 2532 886 2603 (Psal.
920 2549 991 2599 Cl,
1022 2534 1129 2602 i8);
1160 2556 1188 2583 »
1222 2535 1417 2588 oculus
1444 2532 1598 2589 enim
1627 2534 1856 2589 Domini
1884 2550 2000 2590 non
2028 2551 2117 2589 as-

488 2628 762 2696 pernatur
779 2627 1069 2697 justorum
1102 2643 1360 2683 munera.
1391 2629 1642 2699 Denique
1675 2629 1867 2684 oculos
1897 2635 2121 2685 nostros

490 2735 618 2775 cum
651 2719 709 2773 in
738 2720 991 2792 aliquem
1017 2738 1334 2791 movemur,
1364 2723 1702 2787 avertimus;
1743 2723 1900 2795 quasi
1927 2724 2117 2794 indig-

492 2830 629 2867 num
652 2830 783 2868 eum
801 2818 1033 2885 aspectu
1041 2815 1290 2885 judicem
1300 2833 1383 2883 us,
1399 2832 1569 2888 quem
1588 2816 1876 2871 oderimus
1891 2818 2117 2872 affectu.

562 2908 648 2961 14.
727 2908 907 2971 (Vers.
989 2910 1138 2976 133).
1205 2908 1478 2979 Sequitur
1538 2925 1732 2964 versus
1807 2910 2035 2981 quintus
2104 2928 2116 2964 :

490 3000 711 3055 Gressus
790 3016 929 3054 meos
1007 3001 1182 3071 dirige
1251 3002 1546 3056 secundum
1638 3003 1854 3056 uerbum
1935 3010 2117 3065 tuum,

489 3098 540 3147 et
599 3108 705 3147 non
777 3094 1078 3147 dominetur
1147 3095 1285 3149 mihi
1355 3098 1527 3148 omnis
1598 3098 1880 3164 iniquitas.
1950 3096 2117 3150 Gres-

490 3202 581 3239 sus
636 3202 738 3254 pro
790 3185 1137 3257 profectibus
1192 3187 1401 3241 animae
1454 3187 1556 3257 (86)
1609 3188 1966 3259 accipiendos
2014 3190 2119 3244 fre-

487 3278 791 3349 quentibus
844 3278 1264 3350 Scripturarnm
1324 3280 1664 3336 testimoniis
1713 3282 2114 3338 admonemur.

485 3372 628 3428 Nam
665 3372 793 3443 quis
826 3378 943 3427 tam
976 3373 1179 3428 stolido
1212 3373 1438 3444 ingenio
1468 3381 1572 3443 est,
1612 3375 1709 3447 qui
1748 3382 1911 3448 putet
1940 3377 2117 3432 David

487 3466 557 3521 de
583 3466 798 3536 pedum
829 3482 1062 3521 suorum
1094 3468 1375 3538 corporali
1408 3485 1606 3539 gressu
1640 3486 1761 3524 esse
1787 3470 2116 3539 sollicitum,

488 3562 546 3613 et
587 3559 673 3614 his
715 3559 920 3614 divinm
963 3560 1293 3616 directionis
1331 3562 1607 3617 auxilium
1651 3565 1983 3634 postulare?
2020 3566 2117 3620 Ille

486 3668 643 3721 vero,
675 3658 739 3708 ut
767 3659 1010 3721 sanctus,
1043 3654 1172 3708 vitae
1203 3671 1319 3710 sua:
1351 3672 1579 3711 cursum
1609 3656 1777 3728 dirigi
1810 3658 2114 3729 gestiebat;

484 3748 629 3802 sicut
666 3753 722 3802 et
762 3747 895 3802 alibi
942 3748 1228 3819 Scriptura
1276 3752 1537 3817 testatur,
1588 3750 1825 3805 dicens:
1865 3773 1893 3801 «
1931 3755 1974 3805 A
2008 3753 2113 3807 Do-

484 3842 642 3896 mino
669 3840 999 3913 diriguntur
1025 3858 1251 3912 gressus
1276 3843 1384 3896 viri
1405 3843 1606 3911 (Prov.,
1637 3861 1730 3911 xx,
1757 3845 1866 3915 24).
1901 3864 1928 3897 »
1960 3845 2117 3900 Deni-

483 3951 594 4005 que
626 3936 802 4005 ipsius
840 3941 1068 3990 utamur
1097 3936 1441 4005 testimonio,
1475 3938 1573 4009 qui
1611 3938 1687 3992 ait
1719 3938 1777 3992 in
1814 3941 2116 4010 superiori-

484 4028 592 4081 bus
621 4046 635 4081 :
669 4050 697 4076 «
730 4029 901 4082 Paulo
942 4030 1132 4084 minus
1168 4029 1330 4084 eﬂ‘usi
1369 4034 1501 4084 sunt
1542 4047 1766 4102 gressus
1796 4033 1945 4101 mei;
1980 4033 2115 4103 quia

485 4119 660 4173 zelavi
693 4120 751 4173 in
793 4122 1186 4191 peccatoribus
1226 4139 1422 4193 pacem
1468 4124 1633 4193 (Psal.
1668 4140 1827 4194 Lxxu,
1868 4129 1920 4192 2,
1962 4128 2036 4195 3).
2087 4146 2112 4177 ι)

484 4211 673 4266 Animi
721 4212 917 4283 itaque
974 4213 1060 4268 sui
1107 4216 1355 4270 ostendit
1402 4216 1747 4271 claudicasse
1791 4218 2113 4289 vestigium,

483 4305 621 4359 dum
672 4322 866 4376 pacem
916 4313 1279 4378 peccatorum
1325 4308 1583 4382 1188
1630 4314 1793 4380 putat
1832 4328 1952 4366 esse
2004 4313 2113 4366 mi-

484 4399 746 4454 randam.
779 4400 1058 4455 Videntur
1095 4401 1328 4474 quidem
1366 4402 1579 4457 habere
1619 4405 2113 4475 tranquillitatem,

2141 3138 2195 3212 C

2223 1972 2386 2026 tiﬁcis
2418 1974 2619 2037 (Cant.,
2648 1988 2743 2039 vn,
2782 1974 2856 2041 1).
2900 1994 2926 2021 ››
2957 1973 3081 2027 Νοη
3118 1977 3204 2026 est
3238 1971 3479 2027 dubium
3512 1986 3719 2041 gressus
3744 1969 3813 2023 hic

2221 2082 2447 2137 quoque
2491 2065 2768 2132 Ecclesiae,
2800 2066 2887 2120 vel
2928 2066 3137 2119 animm
3179 2066 3471 2137 profectus
3500 2062 3812 2136 signiﬁcari:

2226 2180 2253 2207 ιι
2274 2160 2450 2222 Quam
2479 2158 2715 2229 speciosi
2739 2158 2917 2230 pedes
2939 2164 3070 2214 sunt
3090 2157 3607 2230 evangelizantium
3626 2172 3814 2228 pacem,

2224 2252 2729 2323 evangelizantium
2761 2252 2911 2307 bona
2940 2252 3091 2323 (Isa.,
3117 2269 3209 2320 Lu,
3240 2253 3325 2323 7)!
3357 2274 3383 2303 υ
3414 2252 3614 2323 Utique
3642 2250 3819 2321 specio-

2221 2361 2308 2399 sos
2348 2345 2483 2400 dicit
2523 2346 2870 2416 Evangelicaa
2908 2346 3331 2417 praedicationis
3366 2351 3422 2401 et
3461 2342 3819 2417 disputationis

2222 2455 2574 2510 progressus,
2605 2442 2667 2493 ut
2688 2440 2823 2494 alibi
2849 2440 3052 2494 dicitur
3081 2457 3092 2494 :
3118 2462 3144 2488 ‹‹
3167 2440 3586 2511 Transgredere
3616 2437 3821 2492 ﬂumina

2222 2534 2375 2600 (Ista,
2422 2548 2585 2601 van,
2618 2532 2694 2603 2),
2724 2555 2751 2582 »
2796 2533 2901 2587 hoc
2946 2537 3051 2602 est,
3096 2533 3335 2588 ﬂuentia
3367 2538 3423 2587 et
3452 2532 3658 2587 lubrica
3690 2528 3822 2584 istius

2222 2626 2424 2680 mundi
2464 2631 2789 2680 transcurre
2831 2626 3018 2680 stabili
3057 2626 3267 2681 mentis
3307 2628 3554 2682 incessu.
3584 2623 3728 2689 Quod
3765 2622 3821 2677 de

2221 2719 2427 2773 animas
2470 2736 2664 2790 gressu
2708 2719 2819 2774 dici
2858 2720 2915 2774 in
2952 2719 3366 2791 posterioribus
3396 2720 3488 2774 hic
3528 2720 3643 2790 ipse
3681 2714 3822 2771 David

2224 2814 2333 2881 (87)
2377 2812 2671 2868 evidenter
2717 2813 2987 2881 ostendit,
3035 2830 3298 2869 asserens
3347 2814 3502 2886 quod
3540 2815 3821 2867 torrentem

2219 2906 2579 2976 iniquitatum
2622 2923 2723 2961 sua
2758 2907 2953 2961 anima
2997 2908 3301 2963 transisset
3348 2908 3517 2979 (Psal.
3565 2920 3734 2971 cxxm,
3763 2904 3823 2965 5)-

2295 3002 2379 3053 15.
2443 3000 2548 3054 Sed
2596 3006 2950 3055 revertamur
2995 3001 3069 3056 ad
3121 3002 3366 3073 Sponsas
3416 3016 3656 3072 gressus.
3703 2994 3825 3060 Quid

2221 3091 2327 3146 sibi
2373 3093 2491 3147 vult
2542 3093 2693 3164 quod
2745 3094 2964 3149 addidit
3018 3095 3075 3148 in
3128 3095 3531 3151 calceamentis
3578 3091 3828 3165 speciosos

2223 3202 2345 3240 esse
2388 3202 2615 3257 gressus
2653 3187 2958 3242 Ecclesim?
2992 3188 3260 3260 Legimus
3298 3190 3493 3260 itaque
3530 3188 3733 3243 dictum
3770 3182 3826 3235 ad

2219 3280 2446 3350 Moysen
2503 3296 2517 3334 :
2572 3302 2600 3329 «
2654 3279 2816 3335 Solve
2863 3280 3312 3338 calceamentum
3368 3282 3586 3353 pedum
3628 3282 3825 3333 tuorum

2222 3373 2454 3441 (Eccam,
2523 3390 2615 3443 In,
2683 3378 2779 3445 5);
2844 3395 2872 3427 »
2941 3391 3052 3446 quo
3113 3375 3341 3431 videtur
3400 3375 3719 3431 admonitus
3771 3384 3828 3424 ne

2219 3466 2602 3536 corporalibus
2672 3468 2907 3523 vinculis
2978 3472 3270 3524 teneretur
3347 3470 3626 3525 astrictus.
3702 3465 3827 3533 Ergo

2219 3560 2533 3630 speciosam
2566 3561 2846 3632 signiﬁcat
2877 3562 2935 3616 in
2963 3563 3207 3617 Canticis
3235 3564 3452 3619 animas
3482 3556 3829 3635 pulchritudi-

2219 3670 2373 3720 nem,
2419 3670 2547 3725 qua:
2588 3670 2759 3710 carne
2806 3659 3075 3727 tanquam
3119 3657 3512 3712 calceamento
3554 3655 3743 3721 utitur,
3786 3651 3831 3703 et

2219 3747 2276 3800 in
2329 3748 2449 3817 ipso
2495 3748 2878 3803 calceamento
2923 3745 3411 3820 impedimentum
3460 3768 3579 3806 non
3622 3747 3830 3820 patitur;

2219 3840 2316 3895 sed
2382 3841 2632 3896 incessus
2695 3842 2894 3898 decore
2958 3844 3250 3913 praecellit.
3319 3846 3548 3901 Calceat
3611 3857 3740 3912 ergo
3786 3851 3832 3890 se

2217 3950 2449 3989 carnem
2509 3935 2738 4001 anima,
2803 3937 2889 3990 vel
2954 3937 3200 3991 Ecclesia
3267 3939 3519 4009 gratiam
3582 3939 3728 4007 (88);
3787 3934 3834 3983 ιιί

2217 4043 2445 4082 cursum
2477 4028 2604 4082 vitae
2646 4029 2814 4099 hujus
2860 4034 2916 4084 et
2955 4030 3253 4084 transitum
3292 4048 3426 4086 cum
3474 4032 3676 4085 decore
3714 4040 3834 4098 prte-

2218 4122 2415 4175 tereat.
2469 4120 2627 4184 Quod
2676 4120 2760 4189 ﬁt,
2809 4122 2856 4175 si
2901 4123 3356 4178 calceamentum
3401 4140 3571 4179 suum
3616 4119 3831 4189 nonin-

2219 4214 2416 4283 quinet
2450 4215 2568 4269 luto
2596 4214 2893 4286 corporali,
2928 4232 3032 4271 nec
3070 4216 3127 4269 in
3155 4217 3429 4272 vitiorum
3464 4220 3674 4273 mersat
3701 4226 3834 4267 vorao

2220 4307 2385 4378 gine,
2439 4308 2484 4361 si
2538 4308 2779 4379 castiget
2827 4325 3058 4363 carnem
3110 4326 3304 4381 suam;
3349 4328 3427 4367 ne
3478 4316 3731 4366 moretur
3775 4303 3833 4358 ad

2218 4416 2477 4470 cursum,
2533 4407 2592 4456 et
2640 4401 2851 4456 arvinae
2902 4403 3133 4474 pinguis
3180 4406 3441 4475 pondere
3495 4405 3832 4475 degravetur.

484 4492 749 4547 videntur
794 4495 986 4565 quiete
1028 4494 1162 4563 frui,
1205 4496 1301 4551 sed
1342 4512 1457 4550 non
1501 4500 1586 4551 est
1623 4497 1802 4568 quies,
1851 4499 1945 4553 ubi
1984 4500 2192 4577 ani-D
2218 4495 2440 4550 Bonum
2495 4495 2949 4550 calceamentum
2991 4497 3199 4551 animae
3254 4498 3537 4569 pudicitia
3591 4500 3689 4552 est.
3749 4494 3833 4545 Βο-

483 4601 611 4640 mus
640 4586 924 4658 inquietus
951 4592 1054 4656 est,
1085 4604 1200 4643 non
1230 4593 1312 4644 est
1342 4590 1723 4661 tranquillitas
1754 4592 1983 4661 mentis,
2014 4592 2112 4648 ubi

485 4679 711 4733 animus
762 4680 1087 4751 exagitetur
1129 4683 1390 4737 obnoxiae
1439 4684 1683 4739 stimulis
1730 4686 2108 4741 conscientias.

480 4774 778 4838 Quomodo
806 4774 1094 4842 securitas,
1122 4774 1222 4830 ubi
1257 4777 1605 4832 diversarum
1637 4794 1833 4849 pugna
1861 4783 1947 4833 est
1982 4797 2109 4851 pas-

480 4867 743 4935 sionum,
812 4867 934 4921 ubi~
968 4868 1264 4923 conﬂictus
1342 4871 1595 4941 gravium
1660 4871 2113 4943 cogitationum?

480 4961 640 5016 Unde
663 4962 941 5016 Dominus
962 4962 1239 5018 deﬁniens
1260 4964 1396 5035 quid
1417 4965 1489 5020 sit
1515 4982 1715 5036 pacem
1734 4966 1969 5035 habere,
1995 4968 2073 5022 ait
2094 4986 2106 5023 :

539 5094 636 5153 (86)
696 5092 889 5143 Plures
943 5106 1096 5154 mss.,
1147 5106 1247 5157 pro
1303 5093 1573 5158 affectibus
1623 5096 1832 5145 animas.
1887 5097 1999 5146 Alii
2048 5112 2112 5149 ac

477 5162 628 5221 edit,
686 5176 786 5225 pro
836 5161 1159 5226 profectibus
1205 5164 1412 5213 animas.
1468 5164 1641 5229 Magis
1695 5167 2006 5230 commode,
2050 5173 2110 5217 ut

474 5246 543 5282 ex
579 5234 945 5297 sequentibus
989 5234 1332 5297 intelligitur.
1361 5234 1503 5285 Vide
1540 5240 1707 5286 etiam
1750 5250 1878 5301 quae
1917 5239 1974 5288 in
2014 5239 2107 5288 lib.

476 5305 551 5353 De
599 5304 752 5354 Isaac
804 5310 849 5354 et
899 5306 1106 5361 anima.
1153 5319 1274 5368 cap.
1322 5306 1373 5367 6,
1425 5307 1493 5357 de
1555 5308 1720 5357 variis
1774 5309 2110 5372 profectibus

473 5375 676 5424 animm
705 5374 1076 5437 disputantur.

532 5444 632 5507 (87)
674 5445 795 5495 Vet.
838 5446 993 5507 edit.,
1043 5447 1190 5508 Quod
1239 5447 1302 5498 de
1344 5449 1536 5496 anima
1586 5448 1848 5512 gressibus
1890 5451 2018 5501 dicit
2055 5454 2113 5501 in

466 5516 868 5579 posterioribus,
904 5519 985 5567 hic
1034 5520 1144 5582 ipse
1189 5520 1384 5576 David,
1427 5525 1531 5570 etc.
1568 5520 1714 5570 Edit.
1750 5521 1933 5583 Rom,
1968 5521 2112 5582 Quod

469 5586 533 5636 de
583 5589 778 5636 animae
831 5589 1097 5652 gressibus
1142 5589 1227 5639 hic
1270 5591 1416 5647 dicit,
1465 5592 1521 5638 in
1569 5591 1946 5653 posterioribus
2004 5591 2113 5654 ipse

474 5657 666 5716 David,
703 5663 808 5707 etc.
850 5660 960 5709 Nec
999 5661 1105 5710 alia
1146 5661 1317 5724 hujus
1347 5661 1674 5710 inversionis
1712 5674 1898 5717 causa,
1942 5674 2111 5724 quam

466 5728 615 5792 quod
666 5730 961 5779 articulum
1018 5731 1131 5785 hic,
1176 5745 1275 5795 pro
1323 5731 1587 5781 adverbio
1632 5733 1894 5795 positum,
1944 5737 2111 5795 atque

469 5815 534 5853 eo
588 5801 862 5866 psalmum
922 5806 1172 5850 nostrum
1222 5814 1420 5863 cxvm,
1473 5805 1564 5851 cui
1625 5805 1768 5853 Psul.
1815 5814 1997 5854 CXXIII
2054 5806 2109 5853 in

2217 4605 2323 4643 nus
2379 4604 2601 4659 gressus
2655 4595 2738 4644 est
2799 4591 2858 4645 in
2914 4591 3151 4661 vestigio
3207 4592 3505 4647 castitatis.
3566 4584 3838 4661 Sapientia

2215 4684 2410 4737 autem
2464 4684 2707 4737 amictus
2761 4689 2848 4739 est
2896 4684 3105 4738 animae
3170 4686 3314 4751 (89);
3372 4685 3533 4740 unde
3583 4683 3835 4753 scriptum

2214 4780 2299 4831 est
2340 4792 2353 4829 :
2396 4798 2422 4825 «
2465 4777 2685 4831 Honora
2726 4794 2873 4845 eam,
2916 4781 2975 4832 et
3011 4779 3397 4849 amplectetur
3438 4784 3494 4834 te
3543 4781 3740 4847 (Prou.,
3775 4787 3835 4833 IV.

2215 4871 2290 4935 8).
2322 4891 2349 4918 ››
2391 4871 2630 4924 Utamur
2670 4886 2810 4941 ergo
2850 4887 3085 4943 corpore
3120 4877 3399 4944 tanquam
3439 4872 3835 4929 calceamento,

2216 4962 2291 5017 ad
2353 4962 2633 5018 inferioris
2700 4980 2875 5034 opera
2952 4965 3210 5034 virtutis;
3274 4966 3345 5021 ad
3426 4964 3834 5023 ministerium,

2212 5108 2387 5158 marg.
2447 5094 2577 5144 edit.
2638 5095 2880 5158 ejusdem
2942 5100 3239 5147 annotatus
3287 5099 3567 5161 posterior
3632 5099 3727 5153 est,
3777 5089 3836 5139 ab

2214 5169 2510 5221 Ambrosio
2567 5168 2841 5233 designari
2896 5170 3034 5220 falso
3077 5175 3356 5234 putarunt.
3410 5171 3600 5234 Quare
3657 5166 3835 5219 melius

2215 5252 2348 5289 mss.
2381 5244 2441 5290 ut
2469 5241 2525 5289 in
2553 5252 2797 5302 corpore.

2277 5312 2371 5373 (88)
2403 5311 2572 5371 Edit.,
2605 5310 2815 5361 Calceat
2837 5324 2892 5361 se
2919 5324 3044 5376 ergo
3070 5314 3252 5363 carnis
3275 5314 3467 5363 anima
3506 5308 3833 5364 ecclesiastica

2212 5382 2414 5443 gratia.
2469 5380 2595 5431 Mss.
2650 5380 2863 5443 aliquot
2916 5380 3025 5431 hoc
3076 5382 3200 5433 loco
3249 5382 3391 5433 nihil
3446 5384 3567 5434 sani
3618 5379 3828 5430 habent.

2213 5451 2341 5512 Alii,
2373 5464 2576 5515 magno
2600 5464 2852 5512 numero,
2885 5451 3094 5503 Calceat
3117 5466 3239 5518 ergo
3271 5467 3325 5504 se
3358 5456 3550 5505 anima
3580 5448 3830 5503 ecclesias-

2212 5521 2370 5571 ticam
2417 5523 2672 5586 gratiam.
2726 5523 2845 5573 Non
2898 5523 3059 5573 male.
3112 5524 3307 5575 Melius
3368 5529 3556 5575 tamen
3614 5523 3737 5585 Reg.
3782 5521 3827 5565 et

2215 5591 2400 5655 Corb.,
2426 5606 2570 5657 quos
2593 5593 2687 5644 hic
2715 5595 3023 5658 sequimur.

2275 5664 2373 5726 (89)
2432 5665 2700 5717 Nonnulli
2758 5678 2913 5727 mss.,
2972 5666 3248 5731 Sapientia
3313 5671 3500 5716 autem
3556 5664 3723 5714 amica
3773 5661 3834 5707 est

2213 5748 2425 5785 ammte.
