3930 6168
183 281 272 334 1521

1244 273 1595 329 EXPOSITIO
1636 273 1701 328 IN
1743 274 2058 330 PSALMUM
2098 275 2323 331 CXVIII.

3308 286 3441 339 i522

171 418 249 456 non
300 399 357 452 ad
416 399 749 468 praeceptum
813 398 956 464 (90);
1026 397 1095 451 ad
1160 396 1528 468 obsequium,
1594 413 1709 452 non
1732 396 2177 481 Abellatorum.
2223 399 2381 454 Unde
2422 401 2479 453 et
2522 400 2900 470 Symmachus
2940 410 3246 474 ὲπιτραχήλια
3285 406 3440 472 dicit,

168 494 216 547 ad
234 491 651 557 delectationem;
686 490 761 545 ad
799 489 1205 559 obedientiam,
1233 507 1347 545 non
1384 491 1456 545 ad
1493 490 1708 547 dissen-

167 591 345 651 sionem,
373 589 425 639 et
456 584 512 638 in
545 583 633 637 via
660 583 950 654 sapientite
988 584 1297 655 vestigium
1335 585 1706 655 collocemus;

163 697 211 735 ne
237 694 432 750 gressus
468 681 684 732 nostros
728 677 810 731 vis
850 678 1115 733 torrentis
1156 677 1348 749 aliqua
1390 677 1708 733 concludat.

207 770 421 845 1189
450 774 529 825 16.
561 771 691 826 Ideo
719 772 789 826 ad
812 772 1038 843 Moysen
1076 771 1293 827 dictum
1324 774 1410 826 est
1445 789 1457 826 :
1491 793 1517 821 α
1548 774 1710 827 Solve

158 867 532 921 calceamentum
598 867 789 934 (Josue,
853 883 913 931 v,
975 864 1082 937 16).
1141 888 1169 915 ››
1226 864 1446 921 Dictum
1508 871 1593 921 est
1653 868 1711 920 et

156 960 203 1014 ad
230 961 392 1013 Iesum
432 958 571 1013 Nave
604 976 619 1012 :
657 958 726 1011 ad
766 957 1054 1013 Christum
1094 963 1286 1013 autem
1326 975 1439 1013 non
1471 963 1555 1013 est
1591 958 1705 1014 dic-

155 1059 256 1117 tum,
296 1052 382 1105 sed
425 1051 603 1123 magis
650 1051 921 1122 scriptum
971 1056 1076 1121 est,
1120 1052 1345 1107 dicente
1396 1052 1643 1123 Baptista
1689 1069 1702 1107 :

154 1170 171 1194 ις
207 1146 311 1199 Post
358 1161 443 1200 me
490 1145 640 1200 venit
689 1145 886 1200 vir.....
941 1146 1102 1215 cuius
1155 1162 1271 1201 non
1323 1162 1447 1201 sum
1503 1146 1710 1217 dignus

150 1239 469 1294 calceamenta
533 1242 762 1309 portare
815 1220 1068 1309 (Matth,
1136 1256 1231 1305 ιιι,
1299 1240 1418 1309 ll);
1483 1261 1511 1289 »
1578 1238 1711 1311 quia

148 1333 201 1386 illi
242 1333 366 1387 bene
414 1332 809 1400 admonentur,
870 1337 931 1387 ut
979 1334 1203 1388 solvant
1256 1333 1709 1388 calceamentum

146 1441 285 1492 suum,
329 1426 417 1496 qui
470 1426 593 1480 sine
644 1431 872 1497 peccato
922 1443 1046 1481 esse
1101 1444 1218 1482 non
1272 1430 1553 1499 poterant.
1611 1427 1709 1482 Hic

144 1525 290 1574 autem
331 1536 435 1574 non
482 1520 670 1574 solum
718 1520 1165 1576 calceamentum
1212 1537 1330 1576 non
1380 1521 1564 1588 solvit,
1610 1522 1707 1576 sed

144 1612 271 1667 etiam
323 1613 694 1668 calceamenta
760 1614 1006 1669 aliorum
1076 1613 1345 1683 absolvit;
1407 1615 1544 1685 quia
1600 1614 1708 1685 (91)

144 1722 226 1759 non
268 1705 429 1759 solum
479 1722 691 1776 corpus
738 1723 904 1761 suum
954 1708 1174 1778 peccati
1219 1707 1478 1761 immune
1531 1722 1710 1763 serva-

143 1799 210 1865 vit,
246 1798 328 1852 sed
374 1799 544 1854 etiam
584 1774 847 1855 omnium
905 1774 1064 1855 dedit
1113 1800 1528 1870 indulgentiam
1573 1818 1704 1872 pec-
1729 1774 1784 1845 B

144 1895 357 1947 catomm.
407 1895 559 1965 Ergo
625 1893 865 1948 Ecclesia
925 1894 997 1947 ad
1060 1893 1438 1949 imitationem
1500 1894 1709 1950 Christi

144 1986 337 2055 speciosa
374 1992 474 2053 est,
519 1990 581 2041 et
629 1986 688 2042 in
733 1987 1129 2042 calceamentis
1173 1987 1329 2042 omni
1375 1987 1569 2042 abluta
1610 1988 1705 2043 de-

143 2080 251 2133 licio.

192 2176 253 2225 l7.
300 2174 357 2227 Et
401 2174 643 2230 fortasse
696 2174 927 2245 quando
980 2174 1316 2245 sapientiam
1367 2175 1516 2230 inter
1578 2192 1705 2246 per-

144 2265 265 2319 fectos
294 2266 562 2338 loquitur,
595 2267 846 2339 speciosa
881 2272 966 2321 est
1006 2267 1065 2321 in
1104 2268 1490 2339 superioribus
1518 2285 1703 2324 mem-

144 2358 243 2423 bris;
281 2360 497 2430 quando
556 2366 747 2415 autem
798 2361 975 2416 etiam
1027 2360 1315 2415 inferioris
1365 2367 1558 2430 status,
1607 2365 1708 2417 aut

148 2451 347 2508 doctrinae
382 2454 652 2509 homines
689 2453 927 2509 verbum
965 2456 1302 2525 sequuntur,
1334 2449 1467 2509 ﬁdei
1501 2455 1704 2511 seriem

148 2560 218 2598 non
244 2547 656 2616 obliviscuntur,
681 2548 989 2602 sacerdotis
1019 2551 1303 2619 praecepta
1341 2548 1700 2618 custodiunt;

152 2639 319 2707 speciosa
374 2649 457 2697 est
520 2642 589 2695 in
646 2641 1069 2696 calceamentis.
1124 2642 1464 2712 Plerumque
1523 2643 1705 2697 clerus

160 2734 297 2801 enavit,
336 2734 611 2790 Sacerdos
656 2735 897 2788 mutavit
942 2735 1282 2789 sententiam
1328 2736 1456 2805 (92),
1505 2735 1706 2790 divites

157 2840 228 2878 cum
251 2828 416 2882 seculi
451 2826 625 2881 istius
659 2831 887 2882 terreno
922 2844 1058 2898 rege
1095 2830 1418 2896 senserunt;
1460 2828 1705 2899 p0pulus

148 2916 258 2973 ﬁdem
288 2922 576 2993 propriam
604 2920 925 2976 reservavit.
959 2921 1118 2976 Unde
1156 2921 1329 2976 etiam
1362 2922 1434 2976 de
1461 2921 1703 2993 Domino

141 3010 225 3064 lesu
260 3012 384 3069 bene
426 3030 741 3085 possumus
787 3013 997 3083 dicere,
1048 3014 1182 3085 quia
1229 3021 1284 3069 et
1329 3016 1388 3068 in
1439 3014 1528 3069 his
1575 3031 1704 3086 quae

141 3108 379 3173 corporalia
407 3112 573 3170 sunt,
611 3107 897 3178 speciosos
932 3124 1155 3178 gressus
1188 3108 1431 3163 Verbum
1471 3108 1699 3175 habeat,

137 3213 225 3252 cum
247 3200 303 3254 de
338 3200 654 3256 moralibus
683 3201 1019 3272 disputatur.
1049 3203 1119 3255 Et
1150 3201 1392 3273 apostoli
1426 3202 1555 3256 ideo
1583 3202 1699 3257 for-

136 3296 233 3346 tasse
282 3295 434 3349 nudis
496 3294 820 3349 mittuntur
878 3294 1119 3365 pedibus
1177 3296 1413 3365 (Matth.,
1470 3312 1523 3362 x,
1582 3295 1698 3367 10);

133 3399 182 3437 ne
213 3385 519 3444 obumbrare
534 3392 630 3443 tur
670 3404 868 3443 eorum
912 3387 1239 3459 disputatio,
1281 3388 1379 3443 sed
1426 3388 1698 3443 eluceret.

137 3476 273 3549 Itaque
304 3482 542 3537 Ecclesia
577 3480 696 3535 filia
734 3480 1071 3550 Aminadab,
1106 3481 1215 3536 hoc
1255 3485 1356 3550 est,
1398 3481 1703 3536 voluntarii

134 3571 190 3624 vel
228 3573 578 3647 beneplaciti;
640 3573 778 3646 quia
833 3574 1183 3630 voluntarius
1235 3591 1359 3629 eam
1411 3580 1467 3630 et
1520 3574 1700 3630 bene-

133 3665 309 3730 placitus
356 3668 750 3741 congregavit,
780 3673 836 3723 et
887 3668 945 3723 in
1002 3668 1400 3725 calceamentis
1454 3669 1702 3740 speciosa

131 3764 199 3811 est.

181 3855 243 3908 18.
276 3856 575 3928 Meritoque
622 3855 883 3911 additum
927 3861 1013 3911 est
1056 3858 1117 3911 in
1163 3855 1406 3913 Canticis
1451 3872 1464 3908 :
1511 3878 1538 3903 ‹‹
1584 3857 1699 3912 Mo-

129 3943 211 3998 duli
259 3948 531 4005 femorum
599 3955 830 4003 tuorum
894 3948 1105 4004 similes
1166 3948 1465 4020 torquibus
1530 3964 1702 4019 opere

128 4053 343 4096 manuum
393 4043 637 4099 artiﬁcis
692 4043 897 4114 (Cant.,
954 4059 1049 4109 vn,
1114 4043 1160 4113 1)
1179 4060 1195 4111 ;
1254 4064 1277 4091 ι)
1342 4046 1405 4096 ut
1458 4042 1700 4112 posteri-

125 4132 217 4187 tatis
257 4136 503 4193 Ecclesias
555 4140 903 4191 ornamenta
951 4141 1311 4191 canerentur.
1362 4138 1469 4190 Per
1509 4135 1703 4190 femur

124 4226 236 4280 enim
260 4229 470 4301 insigne
502 4228 892 4302 generationis
917 4229 1303 4301 agnoscimus,
1327 4229 1490 4299 juxta
1515 4228 1657 4283 illud
1684 4245 1697 4283 :

126 4320 425 4395 tAccingere
458 4324 716 4397 gladium
748 4328 908 4377 tuum
938 4323 1151 4377 circum
1186 4323 1392 4389 femur,
1420 4322 1698 4394 potentis-

124 4411 225 4467 sime
253 4416 402 4481 (Psat.
430 4434 580 4485 xuv,
620 4418 696 4485 4),
736 4438 763 4465 ››
803 4432 917 4487 quo
956 4415 1310 4487 signiﬁcatur
1345 4416 1498 4487 quod
1534 4415 1703 4470 Filius

123 4502 187 4557 Dei
230 4525 346 4564 cum
400 4511 776 4582 semetipsum
836 4509 1209 4578 exinanisset,
1269 4508 1429 4564 Verbi
1481 4509 1778 4582 accinc-D

125 4600 184 4650 lus
208 4601 573 4669 divinitatem,
607 4607 665 4658 et
704 4601 1138 4675 generationem
1179 4603 1454 4656 calceatus
1493 4603 1696 4656 huma-

125 4705 236 4759 nam,
272 4699 519 4768 prodiret
559 4714 627 4754 ex
666 4697 919 4768 Virgine,
961 4695 1227 4751 omnibus
1270 4695 1506 4750 daturus
1547 4696 1696 4750 salu-

128 4784 225 4841 ίθω.
263 4790 460 4846 Moduli
511 4794 709 4846 autem
761 4790 1027 4846 dicuntur
1071 4792 1403 4844 ornamenta
1451 4790 1701 4859 pretiosa

127 4892 213 4945 qua
244 4886 499 4956 suspendi
548 4889 939 4939 matronarum
980 4883 1290 4938 cervicibus
1327 4882 1523 4937 solent.
1555 4884 1698 4936 Tan-

127 4976 187 5024 ωε
213 4991 332 5047 ergo
368 4995 667 5050 processus
716 4978 978 5035 Ecclesia":
1015 4976 1397 5048 significatur;
1429 4982 1489 5030 ut
1529 4992 1698 5030 orna-

130 5070 280 5123 mentis
326 5072 754 5143 pretiosissimis
804 5076 1165 5143 comparatus
1222 5070 1312 5137 sit,
1370 5073 1427 5125 et
1479 5070 1698 5141 torqui-

130 5152 199 5211 bus
238 5164 738 5238 triumphantium;
794 5166 913 5219 haec
968 5164 1124 5219 enim
1181 5167 1515 5219 ornamenta
1568 5167 1702 5218 sunt

173 5326 243 5385 (90)
276 5330 474 5383 Omnes
508 5331 642 5382 edit.
681 5346 747 5383 ac
787 5332 950 5395 pauci
990 5344 1145 5391 mss.,
1189 5343 1298 5380 non
1340 5330 1411 5379 ad
1454 5330 1699 5393 praecipi-

140 5396 252 5459 (ωιτη
284 5402 370 5452 alii
413 5416 621 5467 magno
656 5415 889 5453 numero
928 5403 1106 5466 magis
1139 5402 1434 5463 concinne,
1474 5413 1583 5450 non
1628 5401 1702 5450 ad

139 5476 400 5535 Pramum,
430 5476 489 5526 id
514 5481 613 5537 est,
644 5488 756 5525 non
782 5473 851 5523 ad
881 5473 1196 5536 imperium.

179 5540 248 5601 ἰ91)
282 5545 405 5596 Mss.
445 5546 760 5605 duodecim,
790 5545 885 5594 Hic
918 5549 1097 5594 autem
1133 5556 1241 5593 non
1276 5542 1446 5593 solum
1490 5542 1701 5593 calcea-

147 5618 324 5678 παίωνι,
352 5618 438 5668 sed
479 5617 633 5667 etiam
667 5615 1023 5667 calceamenta
1052 5627 1163 5664 non
1200 5614 1388 5676 solvit;
1419 5614 1570 5678 quia,
1595 5617 1700 5665 etc.

150 5676 331 5734 1110mm
367 5692 550 5737 tamen
591 5702 657 5739 ac
694 5687 825 5738 edit.
869 5687 1035 5737 lectio
1074 5700 1206 5735 cum
1252 5676 1519 5735 orationis
1559 5685 1702 5736 serie

152 5754 270 5825 uagis
300 5761 562 5822 congruit.
598 5760 743 5809 Intra
786 5770 917 5809 vero
961 5771 1060 5822 pro
1093 5758 1328 5807 omnium
1365 5756 1525 5816 dedit,
1566 5770 1697 5807 mss.

154 5815 301 5884 Iliquot
325 5815 529 5879 habent
554 5828 792 5883 omnibus
812 5815 982 5881 dedit:
1001 5828 1125 5881 Non
1154 5815 1523 5880 incommode.

1811 490 1921 546 hoc
1965 496 2067 559 est,
2107 508 2235 563 quae
2280 496 2410 546 sunt
2450 491 2599 547 circa
2637 493 2867 549 collum.
2914 494 3043 549 Sive
3084 512 3223 567 ergo
3264 515 3439 568 gene-

1812 583 1953 637 ratio
1986 584 2190 639 Christi
2234 601 2301 639 ex
2343 584 2594 655 Virgine,
2627 585 2742 640 sive
2783 587 3041 642 Ecclesia:
3077 592 3439 659 propagatio,

1812 678 1999 749 specie
2046 678 2279 749 quidem
2326 684 2599 750 tanquam
2645 696 2824 735 manu
2871 680 3100 735 artiﬁcis
3147 683 3442 753 torquibus

1812 771 2115 841 adornatis,
2161 789 2306 828 verm
2354 775 2548 827 autem
2596 772 2816 828 virtutis
2860 774 3178 847 insignibus
3217 775 3441 847 spirita-

1810 864 1955 920 libus
1981 865 2223 920 cervices
2252 866 2507 921 ﬁdelium
2533 867 2840 921 coronavit.

1886 962 1968 1013 19.
2022 960 2277 1031 Denique
2330 964 2447 1014 tota
2509 960 2615 1015 ista
2677 960 2980 1032 descriptio
3048 961 3441 1018 membrorum

1810 1052 2070 1107 Ecclesiae
2102 1053 2269 1124 plena
2298 1052 2514 1108 decoris
2549 1057 2606 1108 et
2633 1053 2817 1108 laudis
2855 1057 2957 1110 est.
2988 1056 3128 1109 Nam
3158 1060 3215 1110 et
3254 1056 3440 1111 umbi-

1810 1146 1950 1200 licus
2011 1147 2132 1217 ejus
2187 1152 2462 1218 tanquam
2521 1150 2709 1201 crater
2761 1148 3042 1202 tornatilis
3097 1148 3444 1219 praedicatur

1809 1239 2014 1309 (Cant.,
2066 1257 2158 1307 vu,
2208 1244 2282 1308 2),
2337 1240 2502 1295 misto
2551 1257 2664 1295 non
2714 1241 3017 1311 deficiens;
3067 1258 3134 1296 eo
3180 1243 3333 1313 quod
3381 1243 3442 1297 in

1811 1334 1970 1388 omni
2029 1332 2287 1387 doctrina
2336 1337 2613 1403 tornatus,
2667 1334 3026 1404 plenitudine
3077 1335 3438 1406 cognitionis,

1812 1429 1870 1481 et
1912 1431 2051 1497 potu
2093 1442 2207 1480 non
2250 1426 2475 1482 deﬁciat
2512 1426 2779 1497 spiritali;
2822 1432 2881 1481 et
2919 1429 3118 1482 venter
3157 1428 3280 1499 ejus
3327 1446 3439 1483 non

1810 1520 1995 1574 solum
2058 1535 2257 1575 acervo
2320 1520 2529 1588 tritici,
2600 1520 2655 1574 id
2719 1524 2837 1587 est,
2902 1520 3041 1576 cibis
3110 1520 3440 1576 fortioribus

1809 1612 2048 1668 caelestis
2111 1614 2364 1684 mysterii
2429 1614 2753 1684 saginatur,
2810 1630 3008 1668 verum
3074 1614 3249 1669 etiam
3309 1620 3435 1669 tan-

1809 1723 1979 1778 quam
2018 1694 2150 1760 liliis
2191 1707 2552 1777 quibusdam,
2585 1706 2883 1763 moralium
2914 1708 3189 1763 suavitate
3224 1708 3439 1779 replea-

1810 1806 1920 1854 tur.

1881 1892 2139 1967 1190
2174 1897 2263 1950 20.
2304 1895 2461 1949 Unde
2501 1899 2557 1949 et
2589 1895 2709 1965 ipsa
2742 1899 3018 1966 tanquam
3046 1895 3193 1949 bene
3232 1896 3438 1949 merita

1809 1988 2006 2059 regina
2044 1988 2249 2045 Christi
2287 1988 2565 2059 sanguine
2602 1991 2937 2057 coronatur,
2977 1988 3122 2044 sicut
3163 1989 3435 2060 scriptum

1809 2086 1895 2136 est
1931 2104 1941 2135 :
1985 2103 2012 2131 α
2041 2083 2109 2136 Et
2148 2088 2380 2136 ornatus
2420 2082 2622 2152 capitis
2665 2082 2745 2135 tui
2783 2080 2927 2136 sicut
2968 2097 3220 2153 purpura
3246 2082 3435 2149 (Ibid.,

1809 2176 1881 2245 5).
1924 2196 1950 2224 »
1990 2175 2231 2245 Sanguis
2259 2174 2464 2228 Christi
2496 2190 2749 2245 purpura
2783 2180 2883 2244 est,
2914 2174 3013 2246 qui
3050 2174 3231 2229 inficit
3269 2191 3434 2229 sanc-

1810 2271 1995 2323 torum
2025 2268 2265 2336 animas,
2300 2284 2415 2322 non
2454 2268 2635 2321 solum
2678 2270 2866 2323 colore
2910 2268 3302 2339 resplendens,
3340 2269 3437 2323 sed

1809 2361 1980 2415 etiam
2008 2364 2319 2432 potestate;
2341 2362 2477 2432 quia
2504 2376 2669 2431 reges
2697 2361 2850 2431 facit,
2875 2365 2931 2415 et
2958 2361 3223 2416 meliores
3246 2378 3433 2433 reges,

1805 2454 2009 2527 quibus
2033 2471 2279 2526 regnum
2309 2455 2481 2509 donet
2508 2458 2808 2510 aeternum.

1878 2553 1967 2603 21.
2000 2549 2311 2620 Meritoque
2350 2549 2420 2602 ad
2460 2551 2682 2603 tantum
2724 2548 2989 2602 Ecclesiae
3025 2548 3311 2617 decorem,
3343 2548 3434 2602 cui

1803 2642 2009 2697 Christi
2061 2642 2291 2712 sanguis
2341 2642 2619 2707 irrutilat,
2672 2640 2912 2712 Spiritus
2966 2643 3192 2695 sanctus
3245 2642 3431 2695 excla-

1806 2740 1922 2789 mat
1956 2750 1967 2787 :
2006 2757 2033 2785 ‹‹
2070 2735 2253 2798 Quam
2284 2735 2523 2804 pulchra
2563 2738 2620 2788 et
2654 2734 2840 2788 suavis
2878 2734 3024 2787 facta
3060 2750 3138 2799 es,
3169 2734 3432 2801 charitas,

1804 2830 1862 2883 in
1892 2828 2109 2882 deliciis
2138 2827 2249 2881 tuis
2279 2828 2462 2897 (Ibid.,
2488 2827 2571 2896 6)!
2604 2849 2631 2877 ››
2670 2827 2907 2881 Pulchra
2946 2827 3149 2882 decore
3187 2826 3431 2894 virtutis,

1805 2922 1987 2977 suavis
2039 2920 2396 2991 jucunditate
2458 2920 2684 2991 gratiae,
2745 2920 3075 2976 remissione
3132 2920 3431 2988 vitiorum,

1805 3032 1976 3087 quam
2020 3016 2174 3070 nulla
2219 3020 2386 3069 vexat
2422 3014 2738 3069 amaritudo
2777 3013 3021 3085 peccati;
3060 3019 3118 3068 et
3151 3014 3276 3085 ipsa
3308 3015 3432 3084 jam

1803 3110 2069 3177 Charitas,
2117 3125 2243 3180 qua:
2298 3108 2590 3179 diligendo
2641 3108 2843 3174 Deum,
2892 3107 3069 3178 ipsius
3114 3111 3169 3162 et
3216 3123 3433 3162 nomen

1804 3201 2114 3273 acceperit;
2174 3201 2308 3271 quia
2370 3221 2397 3250 «
2448 3202 2593 3256 Deus
2654 3201 2898 3254 charitas
2962 3204 3048 3255 est
3103 3201 3302 3270 (Joan.,
3361 3217 3432 3266 iv,

1808 3298 1912 3367 16).
1944 3317 1971 3345 ,ι

1872 3392 1961 3443 22.
2011 3389 2177 3443 Recte
2222 3404 2361 3459 ergo
2403 3387 2574 3443 David
2627 3388 2769 3458 petit
2818 3403 3044 3458 gressus
3090 3404 3221 3442 suos
3265 3386 3437 3457 dirigi

1802 3481 2113 3538 secundum
2160 3482 2397 3535 verbum
2442 3482 2572 3548 Dei;
2622 3486 2682 3535 ut
2731 3481 2875 3535 ﬁant
2921 3486 2977 3536 et
3018 3481 3125 3551 ipsi
3170 3466 3447 3551 speciosi,

1804 3579 1861 3630 et
1890 3592 2005 3630 non
2043 3574 2375 3652 dominetur
2411 3574 2464 3629 ei
2502 3573 2802 3645 iniquitas;
2838 3589 3009 3645 quam
3043 3574 3174 3644 jure
3214 3590 3432 3643 praeca-

1802 3669 1881 3724 vit
1925 3670 2056 3740 (93).
2105 3668 2324 3723 Sciebat
2374 3667 2528 3721 euim
2581 3674 2638 3721 et
2686 3667 2972 3721 Abraham
3026 3683 3258 3737 gressus
3308 3682 3435 3720 suos

1802 3763 2117 3817 secundum
2150 3762 2438 3832 praecepta
2475 3760 2706 3815 Domini
2746 3759 3120 3831 dirigentem,
3159 3764 3217 3813 et
3256 3775 3433 3830 appe-

1802 3856 1903 3911 tito
1958 3855 2231 3927 speciosae
2291 3854 2479 3909 uxoris
2534 3853 2747 3924 pudore
2807 3856 3108 3920 tentatum,
3163 3852 3261 3905 sed
3314 3867 3432 3905 non

1802 3949 2130 4018 confusum;
2165 3951 2223 4002 et
2256 3947 2317 4001 in
2354 3947 2508 4002 unici
2549 3946 2947 4000 immolatione
2986 3944 3088 3999 ﬁlii
3128 3944 3431 4015 postulata,

1801 4044 1999 4115 patria:
2047 4041 2254 4096 mentis
2300 4042 2512 4112 pietate
2557 4042 2835 4095 luctatum
2878 4039 3005 4110 (94),
3053 4039 3151 4094 sed
3194 4053 3431 4093 corona-

1802 4144 1952 4203 tum;
1994 4152 2054 4190 se
2098 4151 2320 4206 quoque
2364 4134 2423 4188 in
2467 4134 2657 4189 furore
2701 4134 2856 4200 Saul,
2900 4133 3117 4189 incestu
3164 4134 3431 4197 Ammon,

1800 4230 2111 4285 Abessalon
2140 4227 2460 4299 parricidio,
2492 4227 2814 4298 iniquitatis
2850 4226 3127 4299 improba:
3163 4225 3434 4281 feralibus

1804 4322 2212 4379 tentationibus
2262 4321 2601 4393 appetitum,
2650 4322 2757 4376 hoc
2805 4321 2921 4375 solo
2973 4320 3235 4385 evasisse,
3280 4319 3434 4389 quod

1804 4417 2055 4488 dirigens
2096 4432 2319 4487 gressus
2359 4431 2492 4469 suos
2527 4415 2836 4470 secundum
2875 4414 3145 4484 pietatem
3188 4411 3430 4474 Domini,

1800 4526 1832 4563 a
1876 4512 2117 4581 paterno
2170 4525 2283 4563 non
2332 4508 2564 4562 recessit
2605 4506 2809 4561 affectu
2824 4523 2840 4574 ;
2886 4505 3036 4559 intra
3083 4521 3142 4559 se
3194 4519 3433 4574 gemens

1801 4603 2017 4658 crimen
2084 4602 2317 4667 incesti,
2375 4617 2406 4653 a
2469 4616 2529 4653 se
2592 4599 2857 4669 relegans
2919 4597 3049 4652 odia
3113 4596 3430 4668 parricidas.

1803 4718 1831 4745 ιι
1868 4696 2038 4751 Filius
2072 4712 2231 4749 meus
2267 4693 2592 4759 Abessalon,
2625 4692 2774 4745 ﬁlius
2803 4708 2984 4759 meus,
3018 4691 3224 4762 inquit,
3256 4689 3431 4745 Abes-

1801 4789 1984 4855 salon,
2039 4788 2165 4859 quis
2217 4787 2372 4842 dabit
2422 4786 2565 4840 mihi
2617 4790 2859 4841 mortem
2913 4802 3015 4856 pro
3062 4789 3118 4839 te
3167 4784 3233 4855 (ll
3276 4786 3428 4853 Reg.,
3514 4774 3519 4777 ⁸

1802 4899 1955 4950 XVIII,
1991 4881 2107 4951 33)!
2142 4903 2170 4930 »
2211 4896 2434 4935 memor
2472 4885 2690 4934 natura».
2723 4878 2920 4949 pietas,
2954 4878 3183 4933 offensae
3225 4876 3427 4929 imme-

1802 4993 1948 5045 mor,
1979 4976 2047 5031 de
2084 4991 2197 5047 quo
2235 4978 2367 5029 ante
2407 4973 2667 5045 quaesivit
2705 4989 2719 5027 :
2762 4994 2789 5022 «
2818 4974 3037 5027 Puerne
3078 4969 3213 5024 vivit
3242 4969 3429 5038 (Ibid,

1802 5070 1931 5141 29)?
1958 5092 1983 5119 η

1872 5166 1959 5218 23.
1996 5164 2060 5217 Et
2095 5163 2332 5216 fortasse
2364 5160 2740 5232 quaerendum
2779 5158 2849 5212 sit
2889 5174 3002 5228 qua
3044 5155 3263 5210 ratione
3296 5160 3430 5208 ante

1864 5331 1962 5392 (92)
2001 5329 2125 5379 νει.
2164 5328 2319 5387 edit.,
2367 5326 2663 5378 sacerdotes
2710 5327 3048 5374 mutaverunt
3093 5321 3429 5381 sententiam;

1803 5401 1982 5462 Rom.,
2037 5399 2326 5451 sacerdotis
2373 5398 2594 5447 mutavit
2660 5395 2987 5446 sententiam.
3042 5392 3170 5443 Mss.
3229 5405 3434 5456 magno

1802 5484 2082 5523 consensu
2107 5470 2403 5520 nobiscum
2430 5469 2658 5519 faciunt.

1868 5543 1966 5607 (93)
1998 5543 2118 5592 Vet.
2163 5541 2292 5592 edit.
2334 5554 2463 5591 cum
2499 5538 2693 5602 paucis
2726 5549 2877 5597 mss.,
2906 5547 3067 5599 quam
3095 5536 3222 5597 jure
3254 5548 3435 5597 preca-

1803 5618 2088 5748 ωῗθῗῗιᾟθ
2127 5697 2283 5742 mss;
2336 5682 2468 5732 edit.
2518 5693 2668 5741 vero,
2708 5683 2755 5727 et
2794 5678 2850 5726 in
2894 5677 3040 5727 unici
3080 5676 3435 5727 immolatione

1799 5755 1927 5821 ﬁlii;
1958 5755 2188 5821 postlata
2215 5754 2408 5820 patriae
2432 5750 2617 5802 mentis
2643 5751 2858 5816 pietate,
2889 5749 3152 5800 lactatum.
