3862 6166
481 214 501 264 l
516 212 615 295 523

1952 208 2006 261 S.
2049 205 2364 262 AMBROSII

3648 216 3755 272 1524

477 346 721 404 puerum
753 330 912 398 dixit,
945 333 1143 400 postea
1177 330 1365 385 filium
1394 330 1734 397 nominavit;
1766 347 1868 385 cur
1899 346 2019 385 non
2045 330 2104 384 in
2129 327 2545 414 Aopprimitur
2593 325 2897 393 calumnia,
2946 341 3064 381 non
3114 326 3274 380 facile
3317 331 3493 396 potest
3529 336 3759 393 custodire

478 428 744 497 utroque,
773 427 872 477 aut
906 440 1151 494 puerum
1186 423 1348 490 dixit,
1384 427 1482 477 aut
1516 424 1740 479 ﬁlium?
1778 424 1835 480 Si
1877 424 2106 490 viveret,

478 534 622 591 puer
670 520 822 586 erat;
873 518 1008 588 quia
1053 516 1359 588 parricidio
1411 517 1643 587 petebat
1696 521 1939 587 patrem.
1987 519 2109 570 Non

479 627 618 682 ergo
647 611 872 682 pietatis
909 627 1120 665 nomen
1149 609 1404 681 accipere
1434 609 1697 680 debebat,
1733 610 1835 664 sed
1865 610 2107 665 inﬁrmi-

481 704 629 758 tatis.
658 702 907 774 Ideoque
933 704 1018 758 vir
1034 704 1223 775 justus
1249 703 1403 775 quod
1428 703 1719 775 religionis
1745 704 1875 771 fuit,
1905 703 2107 771 tacuit;

480 797 637 869 quod
675 796 1043 865 inﬁrmitatis,
1084 797 1343 869 aspersit.
1386 797 1492 852 Ubi
1528 812 1660 852 vero
1699 800 1785 852 est
1826 802 2107 865 mortuus,

2210 423 2480 477 mandata
2530 422 2742 475 divina.
2787 419 3051 475 Tristities
3100 435 3324 474 necesse
3366 426 3445 475 est
3483 423 3761 500 plerumque

2211 522 2308 569 aut
2346 515 2536 571 timori
2567 515 2748 582 cedat,
2777 517 2835 569 et
2870 514 3162 585 afﬂigatur
3201 514 3288 567 vel
3324 520 3472 570 metu
3498 518 3762 591 calumniae,

2209 610 2296 664 vel
2327 609 2547 664 dolore.

2281 705 2368 758 26.
2413 703 2591 774 (Vers.
2639 702 2783 773 l35.)
2816 700 3089 772 Sequitur
3118 699 3386 771 septimus
3421 717 3599 759 versus
3626 721 3639 761 :
3665 710 3768 763 Vul-

2213 803 2327 852 tum
2362 801 2515 851 tuum
2556 797 2811 851 illumina
2851 809 3015 866 super
3052 809 3262 850 servum
3300 799 3462 858 tuum,
3492 804 3537 850 et
3573 798 3680 853 doce
3710 819 3772 858 me

482 891 637 962 apud
665 890 824 962 pium
850 894 1073 962 patrem
1100 907 1359 962 personae
1390 891 1605 947 crimen
1635 890 1861 959 defecit,
1889 892 2111 945 naturae
2201 891 2454 960 justitias
2495 895 2637 944 tuas.
2685 888 2973 951 llluminat
3015 888 3285 943 Dominus
3328 892 3536 943 sanctos
3571 906 3697 959 suos,
3733 900 3776 949 et

480 1000 699 1040 nomen
728 984 1018 1040 remansit.

554 1080 643 1134 24.
690 1078 869 1150 (Vers.
921 1077 1065 1148 134.)
1112 1078 1380 1149 Sequitur
1422 1096 1437 1133 :
1483 1097 1513 1127 ί(
1558 1077 1759 1133 Libera
1807 1093 1899 1133 me
1942 1094 1977 1132 a
2015 1093 2111 1134 ca-

482 1170 703 1228 lumnia
745 1170 1080 1240 hominum;
1123 1176 1189 1225 ut
1233 1171 1547 1227 custodiam
1597 1171 1875 1227 mandata
1916 1176 2035 1227 tua.
2083 1192 2113 1223 »

482 1267 608 1321 Non
639 1280 818 1320 unum
850 1281 1031 1336 genus
1056 1267 1142 1320 est
1164 1269 1376 1320 nostra:
1403 1264 1754 1333 afﬂictionis;
1779 1268 1866 1319 est
1893 1268 1951 1320 et
1981 1270 2113 1321 ten-

483 1359 647 1428 tatio,
670 1361 758 1413 est
784 1363 841 1414 et
866 1357 1183 1427 calumnia;
1210 1358 1313 1413 sed
1341 1358 1583 1414 tentatio
1611 1359 1804 1429 levior,
1831 1358 2117 1413 calumnia

486 1452 736 1524 gravior;
783 1451 1065 1523 siquidem
1114 1452 1353 1507 tentatio
1396 1455 1587 1524 potest
1635 1468 1759 1507 esse
1804 1452 2113 1521 calumnia,

2211 984 2366 1038 lucet
2412 984 2475 1037 in
2523 983 2694 1038 corde
2739 983 3049 1054 justorum.
3098 984 3293 1052 Itaque
3340 997 3465 1036 cum
3514 984 3775 1055 sapientem

2212 1077 2442 1145 videris,
2495 1092 2775 1147 cognosce
2830 1076 2961 1147 quia
3012 1074 3302 1130 descendit
3348 1091 3511 1146 super
3553 1093 3668 1132 eum
3703 1081 3781 1135 Dei

2216 1170 2418 1241 gloria,
2456 1169 2800 1224 illuminavit
2843 1169 2966 1240 ejus
3011 1171 3267 1223 mentem
3312 1167 3546 1224 scientiis
3584 1170 3778 1242 fulgore,

2215 1263 2673 1336 cognitionisque
2729 1263 2954 1317 divinae.
3010 1261 3353 1316 llluminavit
3408 1269 3589 1317 autem
3647 1266 3782 1319 etiam

2217 1357 2590 1429 corporaliter
2624 1356 2827 1411 faciem
2857 1356 3049 1427 Moysi,
3076 1362 3133 1410 et
3168 1355 3566 1426 transﬁgurata
3596 1364 3668 1411 est
3691 1359 3784 1428 glo-

2214 1451 2299 1506 ria
2324 1451 2509 1505 vultus
2535 1451 2675 1521 ejus,
2705 1466 2879 1521 quam
2907 1449 3160 1504 videntes
3181 1448 3365 1504 Judaei
3392 1449 3786 1521 trepidaverunt;

485 1544 768 1599 calumnia
793 1544 853 1599 in
878 1561 936 1599 se
964 1548 1022 1600 et
1048 1544 1423 1600 tentationem
1448 1545 1637 1601 habet.
1666 1547 1763 1601 Est
1787 1548 1844 1601 et
1869 1546 2120 1600 humana
2219 1548 2277 1599 et
2314 1544 2440 1600 ideo
2478 1545 2690 1599 factum
2737 1547 2823 1599 est
2869 1549 2929 1598 ut
2968 1545 3183 1615 Moyses
3225 1543 3488 1597 velamen
3526 1542 3791 1613 imponeret

485 1638 751 1705 tentatio,
797 1654 974 1709 quam
1014 1637 1165 1693 ferre
1219 1654 1549 1709 possumus;
1596 1624 1881 1694 calumnia
1925 1645 2120 1694 autem
2154 1708 2169 1709 η
2218 1654 2392 1709 super
2429 1638 2632 1692 faciem
2673 1653 2865 1704 suam;
2892 1652 2965 1691 ne
3000 1637 3060 1690 in
3092 1651 3217 1690 eam
3247 1635 3351 1690 ﬁlii
3380 1636 3543 1691 Israel
3580 1635 3787 1691 intende-

490 1731 675 1803 gravis
725 1708 833 1787 est.
876 1732 944 1786 Et
991 1731 1118 1787 ideo
1168 1708 1456 1799 Dominus,
1505 1748 1635 1804 quae
1685 1739 1817 1787 sunt
1863 1708 2195 1804 gravioraB
2220 1708 2368 1802 rent,
2403 1735 2460 1786 et
2504 1731 2977 1803 perturbarentur
3004 1729 3226 1802 (Emod.,
3267 1746 3449 1799 xxxrv,
3490 1733 3575 1797 29,
3609 1733 3703 1799 30).
3732 1731 3784 1786 Si.

490 1824 755 1895 suscepit,
803 1828 860 1880 et
906 1824 1206 1879 calumniis
1258 1826 1543 1896 appetitus
1592 1825 1877 1881 silentium
1922 1826 2122 1881 detulit
2222 1826 2341 1881 mul
2383 1824 2785 1880 declarabatur
2824 1824 3179 1895 mysterium,
3217 1824 3373 1894 quod
3410 1823 3543 1878 illud
3585 1824 3791 1878 velamen

489 1918 837 1988 triumphale
889 1916 1131 1989 (Matth,
1184 1934 1346 1986 nvr,
1399 1917 1512 1990 63).
1568 1919 1863 1974 Calumnia
1927 1925 2121 1975 autem
2221 1919 2376 1991 quod
2404 1920 2466 1973 in
2494 1918 2633 1973 facie
2656 1917 2834 1990 Moysi
2870 1917 3241 1989 corporaliter
3268 1917 3605 1988 ponebatur,
3631 1917 3682 1970 in
3706 1933 3793 1970 cor-

496 2027 564 2066 eo
608 2010 838 2081 gravior
891 2016 995 2079 est,
1046 2011 1179 2082 quia
1222 2028 1337 2066 non
1393 2012 1576 2067 solum
1625 2012 1766 2066 falsa
1808 2015 2121 2085 componit,
2224 2013 2388 2068 dibus
2412 2012 2739 2067 Iudaeorum
2766 2011 2999 2083 mystice
3026 2013 3366 2082 poneretur;
3391 2027 3457 2065 eo
3482 2011 3627 2082 quod
3649 2025 3798 2063 veram

494 2120 696 2159 verum
749 2103 925 2158 etiam
971 2120 1100 2176 qua:
1148 2105 1244 2175 pie
1293 2108 1451 2177 gesta
1502 2110 1637 2160 sunt
1684 2106 2009 2176 decolorat;
2067 2111 2127 2162 ut
2222 2105 2367 2177 legis
2407 2105 2722 2160 claritatem
2765 2104 2953 2159 videre
2996 2120 3111 2158 non
3157 2106 3413 2175 possent.
3460 2104 3645 2158 Vultus
3686 2102 3802 2156 enim

495 2198 705 2270 Ioseph
746 2214 865 2252 non
903 2198 1086 2253 solum
1125 2198 1394 2254 adulterii
1435 2199 1719 2254 oblatione
1760 2203 2005 2255 tentatus
2044 2204 2127 2256 est
2225 2199 2395 2271 Moysi
2434 2198 2624 2269 fulgor
2665 2202 2749 2253 est
2787 2197 2961 2269 legis;
2998 2198 3190 2269 fulgor
3227 2202 3423 2253 autem
3462 2197 3599 2268 legis
3639 2196 3804 2251 nonin

496 2290 633 2363 (95),
685 2294 743 2346 et
792 2290 1164 2346 invitamento
1217 2292 1413 2347 herilis
1460 2292 1740 2349 illecebrae
1793 2293 1903 2365 (96)
1955 2294 2123 2362 (Gen.,
2225 2293 2435 2361 littera,
2475 2292 2573 2346 sed
2610 2292 2669 2345 in
2702 2290 2993 2346 intellectu
3023 2296 3109 2346 est
3148 2290 3415 2362 spiritali.
3448 2292 3634 2362 ltaque
3670 2306 3808 2360 quan-

497 2398 685 2454 χχχιιι,
718 2385 837 2455 lO);
878 2400 1076 2440 verum
1114 2386 1288 2440 etiam
1327 2389 1580 2441 tentatus
1618 2387 1933 2455 calumniis,
1966 2403 2124 2442 com-
2229 2387 2328 2442 diu
2366 2386 2579 2440 vixerat
2614 2386 2847 2456 Moyses,
2876 2388 2934 2440 et
2961 2384 3361 2454 alloquebatur
3399 2383 3708 2438 Iudaeorum
3733 2399 3808 2452 po-

498 2478 705 2551 posito,
737 2478 894 2550 quod
931 2479 1052 2550 ipse
1090 2480 1433 2535 adulterium
1477 2480 1723 2535 domina
1763 2497 1880 2536 suae
1915 2481 2129 2536 inferre
2229 2480 2464 2551 pulum,
2516 2479 2777 2533 velamen
2830 2478 3080 2533 habebat
3128 2478 3187 2532 in
3246 2476 3399 2533 facie
3453 2494 3581 2544 sua;
3633 2481 3814 2530 mortuo

497 2572 797 2639 voluisset,
849 2572 1410 2644 comprehensusque
1464 2574 1686 2628 exuerit
1748 2580 1961 2630 vestem
1982 2617 1996 2642 ,
2056 2592 2129 2629 ne
2231 2576 2425 2627 autem
2453 2573 2654 2643 Moyse,
2683 2574 2839 2628 Jesus
2863 2572 3011 2626 Nave
3030 2572 3157 2643 jam
3185 2589 3307 2627 non
3336 2588 3440 2643 per
3463 2572 3717 2634 velamen,
3742 2566 3813 2621 sed

498 2665 713 2721 fraudis
742 2666 1039 2734 indicium,
1065 2673 1236 2737 atque
1269 2666 1491 2738 insigne
1520 2667 1777 2722 criminis
1804 2673 2128 2737 teneretur;
2231 2666 2370 2721 facie
2396 2666 2664 2733 revelata,
2697 2671 2753 2721 et
2782 2665 3143 2736 presbyteros
3171 2665 3566 2736 alloquebatur
3599 2670 3650 2718 et
3678 2678 3816 2733 popu-

502 2774 632 2813 cum
676 2758 870 2830 utique
910 2758 1182 2814 amictum
1226 2750 1359 2815 ideo
1404 2760 1518 2831 (97)
1565 2762 1792 2833 fugiens
1837 2760 2134 2833 reliquerit
2232 2761 2374 2827 lum,
2403 2765 2459 2815 et
2492 2776 2663 2814 nemo
2692 2759 3019 2830 trepidabat
3046 2759 3244 2829 (Josue,
3275 2776 3313 2827 1,
3351 2762 3472 2828 lO);
3508 2772 3632 2812 cum
3664 2756 3817 2825 utique

502 2852 684 2924 (Ibid.,
727 2856 811 2920 l2,
851 2854 957 2924 l3),
991 2851 1239 2926 1191
1290 2858 1351 2909 ut
1389 2854 1624 2925 laqueos
1660 2855 1775 2909 vim
1817 2855 2131 2924 inferentis,
2235 2858 2292 2909 et
2321 2854 2427 2925 ipsi
2456 2852 2662 2908 dixerit
2699 2853 2863 2920 Deus,
2893 2853 3050 2923 quod
3086 2869 3216 2907 cum
3255 2853 3384 2924 ipso
3417 2852 3499 2906 ita
3535 2855 3675 2905 esset
3702 2849 3821 2902 futu-

503 2950 562 3003 et
608 2962 791 3002 nexus
836 2945 1182 3002 illecebrosas
1244 2948 1379 3002 artis
1442 2949 1730 3004 evaderet.
1782 2950 1905 3019 Ipse
1957 2950 2135 3004 David
2236 2964 2351 3015 rus,
2394 2953 2458 3001 ut
2503 2946 2615 3000 fuit
2655 2962 2786 3001 cum
2835 2947 3018 3017 Moyse
3063 2945 3253 3019 (Ibid.,
3300 2946 3382 3019 5),
3431 2949 3488 3001 et
3533 2961 3659 2999 eum
3701 2940 3821 2996 simi-

504 3046 791 3107 senserat,
843 3040 1002 3112 quod
1055 3039 1293 3096 timebat
1345 3042 1475 3112 (98).
1529 3042 1742 3106 Quibus
1792 3043 1945 3097 enim
2000 3042 2366 3148 SaulCliter
2424 3039 2812 3109 illuminaret,
2868 3044 3156 3111 gestorum
3218 3040 3463 3112 utique,
3517 3055 3631 3093 non
3682 3036 3827 3090 vultus

504 3133 657 3205 regis
682 3133 981 3188 calumniis
1014 3133 1319 3188 laboravit!
1359 3135 1676 3190 Perterritis
1713 3136 1978 3191 omnibus
2002 3137 2133 3209 (99),
2162 3131 2212 3148 ν
2239 3134 2449 3207 gloria;
2482 3135 2588 3189 hoc
2628 3133 2983 3205 signiﬁcante
3022 3133 3237 3206 Spiritu
3280 3136 3507 3202 sancto,
3546 3131 3689 3204 quod
3723 3145 3824 3181 ven-

508 3226 781 3298 allophyli
829 3227 1113 3298 impetum
1163 3227 1332 3297 lusit,
1388 3232 1443 3283 et
1496 3229 1767 3300 singulari
1823 3231 2136 3285 certamine
2238 3235 2401 3284 turus
2440 3232 2589 3283 esset
2625 3243 2790 3282 verus
2829 3229 3008 3298 Iesus,
3051 3228 3124 3282 ad
3165 3244 3343 3299 quem
3386 3228 3435 3282 si
3480 3226 3604 3299 quis
3642 3236 3826 3279 conver-

508 3335 801 3375 summam
847 3319 1000 3388 belli,
1054 3324 1113 3375 et
1163 3320 1334 3375 totius
1381 3321 1564 3392 praelii
1614 3322 1839 3392 pondus
1899 3324 2136 3394 excepit,

508 3413 716 3468 virtute
765 3429 865 3467 sua
916 3414 1065 3467 solus
1116 3430 1419 3469 commune
1473 3415 1691 3470 crimen
1740 3415 2031 3485 refellens,
2085 3421 2142 3471 et

509 3506 681 3561 totius
728 3511 1069 3577 retorquens
1118 3507 1177 3561 in
1229 3507 1451 3563 hostem
1500 3508 1682 3579 plebis
1733 3510 2137 3583 opprobrium;

513 3603 573 3656 et
606 3605 803 3655 tamen
842 3600 972 3672 quia
998 3601 1319 3671 juvenculaa
1357 3601 1623 3656 dixerunt
1653 3620 1665 3656 :
1699 3622 1727 3651 «
1765 3602 1896 3657 Saul
1938 3604 2140 3658 trium-

512 3693 710 3764 phavit
733 3693 793 3749 in
818 3693 1091 3761 millibus,
1118 3694 1294 3749 David
1326 3694 1385 3748 in
1411 3695 1612 3750 decem
1640 3696 1893 3750 millibus
1920 3697 1963 3767 (Ι
1989 3699 2142 3764 Reg.,

2240 3326 2475 3393 teretur,
2518 3326 2574 3377 et
2611 3337 2745 3378 eum
2782 3321 2953 3377 vellet
2994 3322 3209 3388 audire,
3252 3323 3327 3377 de
3374 3322 3550 3376 corde
3592 3336 3684 3374 suo
3718 3316 3826 3369 vela-

2240 3433 2377 3471 men
2418 3416 2690 3484 auferret,
2728 3419 2786 3472 et
2821 3416 3074 3472 revelata
3109 3415 3255 3471 facie
3284 3430 3496 3471 verum
3538 3414 3828 3471 Salvatorem

2242 3511 2482 3567 videret.

2313 3608 2402 3659 27.
2446 3605 2594 3675 Ergo
2635 3604 2784 3659 Deus
2827 3603 3191 3675 omnipotens
3238 3604 3437 3669 Pater,
3480 3601 3580 3673 qui
3619 3600 3675 3655 in
3704 3594 3834 3666 Moysi

2246 3697 2386 3753 facie
2429 3698 2728 3753 excaecavit
2772 3696 3048 3768 populum
3089 3697 3450 3764 Judaeorum,
3496 3712 3610 3749 non
3652 3689 3830 3750 duritia,

512 3803 664 3855 xvm,
710 3787 787 3859 7),
837 3810 865 3838 n
918 3787 1098 3859 gloria
1140 3788 1199 3842 in
1247 3788 1519 3842 invidiam
1568 3805 1744 3859 versa,
1797 3790 1928 3844 odio
1977 3791 2147 3862 coepit
2245 3792 2346 3847 sed
2390 3790 2774 3862 praescientia;
2820 3806 2925 3845 nec
2968 3789 3201 3857 malitia,
3248 3790 3355 3844 sed
3405 3790 3669 3861 aequitate
3708 3790 3834 3865 atque

514 3879 728 3953 urgeri.
783 3882 851 3935 Et
904 3886 963 3936 ut
1015 3882 1085 3936 de
1141 3882 1553 3952 posterioribus
1606 3884 1911 3954 loquamur
1963 3901 1976 3938 :
2036 3884 2143 3939 Su-

515 3991 696 4029 sanna
744 3975 893 4029 bene
941 3974 1050 4028 sibi
1104 3976 1325 4029 conscia
1375 3980 1526 4044 erat;
1580 3980 1637 4030 et
1688 3977 1837 4047 apud
1886 3977 2147 4032 homines

518 4067 625 4121 sibi
663 4066 859 4121 adesse
903 4084 1019 4122 non
1057 4071 1297 4138 poterat.
1340 4070 1460 4124 Duo
1504 4070 1815 4141 presbyteri
1854 4086 2015 4126 senes
2051 4071 2150 4126 fal-

519 4176 647 4214 sum
676 4160 1069 4215 testimonium
1093 4160 1458 4230 deferebant,
1489 4179 1760 4218 numerus
1785 4164 2148 4219 sacerdotum

519 4260 690 4324 atque
721 4257 979 4308 senectus
1012 4270 1209 4309 vocem
1240 4254 1574 4309 auferebam
1604 4257 1836 4326 puellae;
1870 4258 1983 4312 sola
2010 4274 2147 4313 con-

2239 3884 2493 3957 justitia;
2543 3885 2650 3955 ipsi
2709 3883 2865 3939 enim
2918 3883 3025 3938 sibi
3080 3884 3351 3938 velamen
3405 3882 3724 3954 posuerunt,
3768 3872 3834 3945 qni

2246 3980 2433 4049 legem
2466 3978 2786 4053 intelligere
2822 3979 3128 4032 noluerunt
3157 3994 3169 4031 :
3202 3997 3231 4025 ‹‹
3265 3978 3391 4032 Lex
3429 3976 3588 4031 enim
3624 3968 3834 4045 spiritalis

2249 4075 2351 4142 est,
2393 4093 2422 4122 »
2463 4071 2605 4126 sicut
2645 4071 2784 4126 dixit
2815 4071 3080 4125 Hebraeus
3109 4072 3305 4140 (Rom.,
3340 4087 3445 4139 vn,
3484 4070 3590 4133 14).
3621 4070 3668 4121 Is
3691 4065 3834 4131 utique

2251 4166 2561 4221 secundum
2586 4165 2724 4219 illud
2751 4165 2898 4236 quod
2926 4166 3021 4219 dat
3048 4164 3361 4235 unicuique
3388 4168 3665 4228 nostrum,
3688 4161 3735 4213 in
3758 4168 3834 4227 qna

2250 4276 2363 4314 non
2394 4259 2715 4327 tribuentis,
2740 4258 2843 4313 sed
2864 4274 2977 4313 non
3006 4257 3298 4327 diligentis
3328 4262 3420 4311 est
3449 4258 3617 4326 culpa
3637 4254 3652 4323 (
3665 4256 3721 4323 l);
3744 4252 3834 4313 istc:

518 4347 754 4402 scientia
780 4351 903 4402 erat
939 4348 1089 4418 apud
1121 4348 1301 4402 Deum
1330 4347 1526 4403 libera.
1564 4349 1813 4421 Denique
1844 4351 2151 4406 hominum
2252 4353 2513 4424 inquam,
2558 4352 2825 4407 Dominus
2864 4350 3121 4424 1192
3164 4350 3520 4406 illuminavit
3563 4363 3657 4403 cor
3692 4338 3834 4416 populi

522 4441 790 4496 damnata
825 4440 1060 4511 judicio,
1113 4447 1255 4497 nutu
1306 4444 1389 4496 est
1434 4441 1690 4497 absoluta
1735 4442 1923 4498 divino
1967 4445 2150 4515 (Dan.,
2173 4442 2233 4514 D
2255 4446 2551 4502 nationum
2586 4446 2647 4500 in
2672 4445 2811 4500 facie
2837 4445 3040 4499 Christi
3066 4447 3213 4511 Jesu,
3246 4461 3360 4515 per
3398 4445 3525 4516 ejus
3555 4444 3833 4497 adventum:

521 4551 641 4603 xm,
671 4537 737 4589 34
767 4535 933 4605 seq.).

2255 4540 2410 4613 quod
2471 4540 2761 4595 evidenter
2821 4538 3140 4610 Apostolico
3207 4538 3538 4594 declaratur
3602 4529 3834 4601 exemplo)

591 4631 682 4683 25.
731 4628 861 4683 Ideo
905 4628 983 4681 ait
1032 4628 1312 4699 Propheta
1359 4646 1372 4684 :
1426 4630 1620 4684 Libera
1663 4646 1746 4685 me
1795 4648 1830 4684 (ι
1878 4633 2157 4688 calumnia
2257 4634 2402 4689 sicut
2431 4634 2705 4705 scriptum
2732 4632 3057 4688 habemus:
3091 4633 3435 4696 «Quoniam
3471 4633 3614 4687 Deus
3637 4620 3834 4699 quidixi1

521 4723 831 4785 hominum,
878 4726 939 4776 ut
992 4722 1295 4777 custodiam
1348 4724 1613 4778 mandata
1670 4729 1796 4792 tua;
1846 4726 1945 4797 qui
1998 4726 2158 4781 enim
2259 4728 2329 4783 de
2360 4726 2603 4783 tenebris
2637 4728 2831 4782 lumen
2869 4725 3287 4798 splendescere,
3328 4724 3607 4780 illuxitin
3640 4715 3834 4777 cordibw

585 4899 686 4961 (95)
714 4898 835 4948 νει.
866 4896 998 4948 edit.
1032 4910 1163 4947 cum
1190 4898 1389 4960 paucis
1412 4909 1566 4961 mss.,
1597 4899 1857 4949 adulterii
1880 4899 2163 4964 objections

524 4973 757 5023 tentatus
779 4972 871 5017 est.

587 5041 683 5100 (96)
726 5040 871 5090 Edit.
914 5042 1049 5099 ant,
1087 5043 1134 5088 et
1166 5039 1422 5089 invitatus
1465 5040 1535 5090 ad
1576 5042 1777 5089 crimen
1818 5041 1999 5093 herilis
2038 5042 2163 5092 ille-

525 5111 705 5163 cebrae.
744 5111 923 5171 Rom.,
963 5110 1121 5159 herili
1158 5110 1420 5161 illecebra.
1468 5112 1595 5161 Mss.
1639 5113 1912 5174 nonnulli,
1944 5119 1991 5162 et
2028 5115 2164 5165 inci-

528 5188 757 5232 tamento
825 5181 1047 5246 puerilis
1107 5180 1378 5230 illecebrae.
1430 5182 1540 5231 Alii
1598 5183 1949 5246 frequentes;
1994 5188 2054 5233 ut
2105 5186 2163 5234 in

528 5259 704 5304 textu.
765 5253 930 5316 Quod
987 5257 1173 5304 autem
1219 5254 1342 5304 voci
1388 5254 1669 5317 composito
1720 5255 1775 5302 in
1828 5254 2165 5317 quibusdam

531 5325 662 5376 edit.
690 5326 971 5389 adjectum
998 5329 1099 5384 est,
1126 5324 1313 5388 elogio,
1346 5325 1455 5375 hoc
1487 5327 1689 5375 frustra
1725 5326 1848 5386 fuit,
1886 5326 2168 5377 subintel-

530 5397 722 5459 llgitur
758 5398 908 5446 enim
948 5396 1242 5455 mendacio,
1284 5397 1372 5446 vel
1409 5396 1650 5455 crimine,
1693 5396 1751 5446 id
1789 5400 1888 5458 est,
1929 5411 2167 5448 accusa-

536 5468 705 5517 tione.

2260 4904 2418 4962 eium,
2445 4902 2804 4967 subintellige
2836 4902 2893 4952 in
2923 4902 3035 4966 ipso
3063 4900 3470 4966 comprehenso,
3498 4905 3547 4949 et
3572 4910 3673 4948 non
3696 4894 3833 4967 ειαρξο

2329 4960 2423 5037 (98)
2462 4975 2621 5024 Rom.
2661 4960 2812 5033 edit,
2847 4960 2962 5037 Ipse
2999 4960 3192 5023 David'
3216 4960 3467 5023 senserat
3504 4969 3641 5036 quod
3688 4960 3834 5014 timeba

2264 5045 2398 5094 Saul
2422 5051 2468 5093 et
2492 5045 2682 5108 quibus
2716 5044 2997 5094 calumniis
3030 5043 3331 5093 laborabat.
3380 5042 3495 5094 Sed
3534 5042 3628 5105 qui
3664 5040 3727 5086 ita
3761 5042 3834 5079 cor

2264 5117 2423 5178 rexit,
2468 5106 2698 5166 sensum
2751 5116 2994 5166 auctoris
3036 5115 3266 5165 minime
3311 5113 3612 5163 intellexit.
3652 5109 3725 5157 Tu
3753 5106 3834 5177 vel)

2266 5186 2525 5239 eumdem
2568 5189 2924 5252 interpretare
2974 5185 3043 5236 ad
3091 5200 3220 5236 eum
3268 5186 3511 5235 modum
3541 5200 3554 5233 :
3583 5179 3834 5252 Ipseme‘fl

2265 5265 2513 5322 expertus
2553 5265 2670 5310 erat
2710 5245 3027 5313 calumnias,
3068 5270 3205 5320 quas
3244 5255 3471 5306 timebat
3503 5245 3624 5304 dum
3665 5245 3819 5299 dicere!

2268 5329 2455 5379 Libera
2480 5344 2560 5378 me
2584 5344 2619 5379 α
2645 5328 2933 5387 calumnia,
2959 5332 3063 5378 etc.

2333 5400 2425 5462 (99)
2471 5402 2599 5450 Mss.
2644 5414 2757 5451 non
2794 5400 2980 5464 pauci,
3024 5398 3309 5461 praeteritis
3348 5396 3607 5449 omnibus.
3645 5393 3790 5445 Bene.
3824 5392 3834 5430 θ

2268 5474 2453 5522 mente
2476 5471 2755 5535 suppleas,
2778 5472 2903 5522 aliis
2926 5470 3221 5521 calumniis.
3590 5533 3597 5535 Α
3722 5530 3749 5535 γ’

599 5536 862 5609 (97)Edit.
907 5537 1087 5609 Rom,
1128 5551 1195 5587 ne
1226 5538 1338 5601 ipse
1372 5542 1429 5587 ut
1458 5537 1671 5601 fraudis
1702 5539 1979 5595 indicium,
2010 5544 2171 5603 atque
2273 5592 2279 5598 ,
2336 5544 2400 5602 (1)
2444 5533 2747 5593 νθῐΪθᾱίιέ
2795 5555 2925 5594 cum
2976 5544 3130 5605 parte
3177 5552 3334 5600 mss,
3381 5537 3475 5590 sed
3525 5533 3770 5609 diligath

530 5606 740 5677 insigne
768 5606 1007 5677 criminis
1043 5599 1308 5657 teneretur
1330 5623 1347 5658 :
1374 5599 1730 5673 amictumque
1758 5610 1890 5667 ideo,
1924 5614 2030 5661 etc.
2059 5599 2172 5661 Nos
2271 5599 2450 5676 culpa,
2481 5614 2830 5667 commodius
2871 5599 3030 5668 Rom.
3074 5626 3202 5665 cum
3230 5611 3381 5677 aliis,
3411 5609 3503 5662 sed
3535 5619 3639 5658 non
3673 5599 3834 5662 dilige"

535 5689 668 5725 vero
710 5676 767 5724 in
804 5676 1042 5725 lectione
1080 5691 1212 5727 mss.
1255 5692 1320 5729 ac
1363 5683 1469 5729 vet.
1510 5679 1641 5730 edit.
1684 5679 1826 5729 nihil
1870 5683 2167 5730 mutamus.
2274 5684 2361 5743 tis,
2388 5690 2498 5737 etc.

538 5745 667 5817 Sed,
692 5749 754 5795 ut
790 5747 1115 5819 perspicuus
1152 5749 1224 5799 sit
1258 5763 1475 5823 sensus,
1511 5756 1637 5823 post
1670 5764 1735 5801 ne
1776 5750 1990 5821 fraudis
2028 5752 2173 5810 indiv
