3930 6168
170 265 264 320 1525

1225 255 1582 314 EXPOSITIO
1621 255 1689 311 ΙΝ
1726 248 2047 314 ΡΞᾹΙΜΗΜ
2085 258 2313 315 CXVIII.

3302 268 3437 321 1526

161 385 315 443 nostris
339 382 401 437 ad
425 380 891 436 illuminatianem
923 379 1178 435 scientite
1218 379 1489 435 claritatis
1523 379 1622 434 Dei
1654 378 1711 434 in
1735 388 1793 465 Α
1813 378 2024 449 (σαητυ
2050 397 2124 448 ιν,
2157 381 2264 453 15).
2294 402 2323 432 ››
2354 383 2467 438 llas
2505 381 2752 453 impetus
2778 383 3023 439 Ecclesia
3050 385 3281 441 deduxit
3308 388 3386 459 (3)
3410 406 3445 443 a

157 480 260 536 facie
282 476 463 535 Christi
485 475 602 529 Iesu
628 474 696 545 (ll
728 476 872 536 σον..
907 490 981 542 iv,
1015 476 1087 541 ὃ).
1120 495 1148 524 ››

198 575 267 628 28.
304 569 425 626 Idea
458 585 592 640 ergo
634 568 772 623 dicit
810 568 984 622 David
1021 567 1093 622 ad
1124 568 1430 623 Dominum
1468 570 1660 623 Jesum
1692 586 1707 622 :

156 668 327 722 Vultum
352 671 496 718 tuum
526 663 778 717 iuumina
816 676 980 731 super
1014 677 1223 717 seruum
1268 667 1444 716 tuum.
1484 662 1709 716 Faciem

149 759 302 817 Christi
337 757 521 812 videre
566 755 861 827 cupiebat;
902 758 968 809 ut
1008 770 1169 810 mens
1217 755 1343 826 ejus
1392 754 1711 809 illuminari

148 858 305 925 posset.
339 852 403 905 Et
436 850 745 905 secundum
782 848 1236 904 incarnationem
1277 852 1466 919 potest
1508 847 1705 919 accipi.

147 970 163 995 ιι
184 946 306 1001 llulti
321 944 467 999 enim
487 944 779 1015 prophetas
792 948 851 997 et
861 942 1001 1014 justi
1013 942 1206 998 videre
1218 942 1517 997 valuerunt
1531 945 1706 1009 (Luc.,

144 1057 178 1103 ι,
203 1040 293 1103 24),
316 1060 342 1086 η
380 1043 438 1092 ut
476 1038 593 1108 ipse
633 1037 905 1091 Dominus
948 1036 1275 1091 declaravit.
1317 1036 1477 1100 Quod
1513 1040 1708 1091 autem

142 1135 359 1203 negatum
379 1130 544 1201 Moysi
567 1130 758 1185 fuerat
782 1130 1005 1202 (Exod,
1036 1145 1221 1198 xxxm,
1255 1130 1365 1199 20),
1393 1145 1511 1184 nan
1547 1144 1704 1200 qua:-

138 1225 257 1279 rebat
279 1241 291 1278 :
315 1231 374 1278 ut
406 1224 775 1295 corporaliter
807 1223 903 1279 Dei
938 1224 1161 1277 vultum
1201 1222 1418 1278 videret
1439 1222 1704 1293 incorpo-

138 1321 219 1383 rei;
260 1317 300 1371 si
329 1323 509 1372 tamen
551 1323 608 1372 et
653 1318 886 1389 Moyses,
928 1320 1049 1371 tam
1090 1316 1316 1389 sapiens
1357 1319 1416 1371 et
1448 1315 1707 1371 eruditus

137 1411 460 1481 bocpatuerit
493 1410 829 1481 simpliciter
871 1410 1075 1482 magis,
1117 1425 1291 1481 quam
1327 1410 1389 1463 in
1432 1410 1705 1480 mysteria

134 1504 391 1575 postulare;
418 1504 743 1559 humanum
772 1508 964 1560 tamen
991 1507 1077 1559 est
1097 1503 1380 1559 desideria
1403 1518 1575 1573 supra
1601 1519 1706 1557 nos

134 1598 394 1652 extendere.
438 1598 557 1652 Nec
603 1598 892 1653 immerita
939 1598 1144 1652 faciem
1185 1597 1308 1667 ejus
1357 1595 1704 1651 advenientis

132 1708 179 1747 ex
215 1692 417 1763 Virgine
462 1692 760 1763 quaerebat
800 1692 1028 1759 videre;
1074 1695 1135 1745 ut
1175 1690 1600 1744 illuminaretur
1644 1690 1704 1744 in

1812 473 2048 541 Libano,
2087 476 2197 530 hac
2224 476 2446 547 impetu
2482 476 2779 532 diluuntur
2807 480 3060 548 peccata,
3091 478 3197 532 hac
3224 480 3443 552 impetu

1810 568 1942 638 puri
1970 568 2020 641 1
2038 567 2229 642 193
2257 569 2449 637 fontis,
2480 575 2540 624 et
2564 570 2805 641 Spiritus
2840 570 3024 625 sancti
3064 571 3251 626 afﬂuit
3284 591 3318 627 a
3350 575 3437 629 Li-

1809 660 1960 715 bano
1989 663 2224 733 Sponsa,
2256 668 2316 717 et
2341 679 2373 716 a
2399 662 2677 735 principia
2700 664 2835 719 fidei
2859 662 3122 719 transivit
3147 668 3438 734 saeculum,

1808 757 1870 808 et
1904 756 2271 825 pertransivit
2305 756 2374 811 ad
2410 772 2675 828 regnum.
2710 758 2843 812 Aliis
2882 758 3013 812 fons
3047 760 3153 823 est,
3181 757 3310 813 aliis
3342 775 3442 830 pu-

1808 852 1936 903 teus
1976 864 2081 919 pra
2122 855 2291 921 captu
2321 854 2511 906 nostra
2545 851 2730 922 gratia
2768 851 3059 921 spiritalis;
3088 850 3210 906 aliis
3244 851 3442 908 hortus

1807 942 2049 1010 clausus,
2096 944 2224 998 fans
2272 944 2556 1016 signatus;
2604 944 2728 999 aliis
2774 944 3073 999 hortorum
3128 946 3280 1013 fans,
3334 948 3438 1018 qui

1808 1035 1869 1090 in
1906 1036 2167 1091 Ecclesiae
2191 1038 2323 1092 date
2362 1040 2735 1105 numeratur;
2767 1038 2894 1093 aliis
2918 1038 3169 1109 impetus
3197 1039 3437 1095 descen-

1808 1128 1953 1184 dens
1983 1146 2017 1182 a
2061 1130 2297 1198 Libano,
2339 1136 2396 1186 et
2433 1147 2677 1202 magnus
2715 1131 2961 1203 impetus
2996 1131 3097 1203 qui
3138 1148 3436 1204 nunquam

1807 1222 2018 1277 deficit.
2046 1224 2168 1278 Non
2210 1224 2365 1279 enim
2400 1225 2673 1279 deﬁciunt
2711 1224 2781 1280 de
2823 1230 2986 1296 petra
3021 1226 3217 1294 ubera,
3248 1242 3437 1299 neque

1805 1314 1901 1370 nix
1930 1333 1965 1371 a
1990 1317 2221 1383 Libano,
2250 1334 2435 1389 neque
2462 1334 2615 1389 aqua
2655 1333 2786 1389 qum
2827 1319 3013 1373 fertur
3040 1320 3230 1375 valida
3267 1324 3436 1376 vento

1804 1409 2042 1481 virginis
2070 1411 2381 1466 Jerusalem
2403 1411 2636 1481 (Jerem.,
2666 1427 2818 1478 xvm,
2856 1412 2964 1483 l4).
2993 1413 3298 1468 Descendit
3324 1414 3435 1468 im-

1804 1509 1971 1573 petus
1994 1521 2024 1557 a
2073 1504 2311 1572 Libano,
2339 1505 2567 1575 quando
2599 1504 2847 1560 collectis
2886 1505 2948 1559 in
2988 1522 3167 1560 unum
3210 1511 3435 1578 aposta-

1804 1597 1875 1651 lis
1923 1602 1981 1651 et
2022 1596 2288 1668 plurimis
2333 1598 2716 1666 credentibus,
2756 1598 2940 1653 factus
2994 1601 3080 1653 est
3128 1599 3315 1654 subita
3363 1600 3434 1655 de

1804 1690 1944 1744 caelo
1976 1705 2165 1757 sanus,
2198 1693 2469 1761 tanquam
2496 1690 2547 1745 vi
2577 1706 2786 1762 magna
2817 1689 3047 1762 spiritus
3077 1691 3350 1761 ferretur,
3378 1695 3436 1747 et

133 1784 272 1852 corde,
298 1760 431 1839 sicut
455 1760 929 1840 iiluminabantur
957 1785 1130 1839 etiam
1159 1784 1243 1839 illi
1269 1784 1368 1856 qui
1399 1782 1698 1838 dicebant:
1725 1760 1780 1832 Β
1806 1783 2006 1854 repleti
2048 1789 2180 1837 sunt
2218 1760 2423 1838 omnes
2459 1760 2894 1855 Spiritu—sancta
2932 1784 3290 1840 diversitates
3329 1760 3432 1840 da-

137 1902 155 1925 ίι
182 1879 342 1933 Nonne
366 1895 460 1933 cor
484 1884 753 1934 nostrum
777 1878 1009 1933 ardebat
1032 1878 1091 1932 in
1117 1877 1391 1933 nabis.....
1421 1893 1550 1932 cum
1577 1892 1703 1947 ape-

135 1972 233 2025 riret
264 1972 409 2026 nobis
452 1972 771 2043 Scripturas
811 1973 984 2040 (Luc.,
1031 1987 1172 2037 xm,
1220 1970 1347 2042 32)?
1385 1990 1412 2021 ››
1455 1970 1615 2035 Quod
1657 1969 1702 2024 si

135 2067 224 2135 quis
261 2067 323 2121 ad
366 2068 545 2121 Deum
592 2067 817 2120 Patrem
858 2065 1074 2120 dictum
1115 2066 1237 2119 vult
1280 2064 1475 2130 videri,
1515 2067 1705 2135 potest

134 2160 258 2229 acripi
287 2160 460 2214 vultus
498 2160 699 2229 Patris,
731 2160 936 2229 Filius;
978 2158 1077 2230 qui
1103 2158 1259 2213 enim
1285 2158 1436 2213 videt
1479 2158 1700 2227 Filium,

137 2253 244 2307 videt
266 2259 313 2307 et
340 2255 589 2308 Patrem.

183 2347 246 2399 29.
274 2347 553 2401 llluminat
599 2338 795 2400 tamen
835 2345 1019 2399 vultus
1060 2344 1157 2401 Dei
1195 2344 1509 2400 secundum
1547 2345 1704 2416 quad

140 2439 236 2492 oculi
269 2440 379 2510 ejus
410 2455 593 2511 super
626 2441 814 2509 justas
847 2438 1155 2493 habentur.
1187 2438 1350 2502 Quod
1376 2453 1505 2492 cum
1538 2437 1701 2508 spiri-

143 2532 266 2585 aliter
286 2534 348 2587 sit
372 2533 766 2605 probandum;
798 2535 990 2586 tamen
1021 2531 1157 2603 quia
1181 2531 1382 2586 incidit
1409 2530 1700 2585 illumina-

144 2626 253 2679 tiouis
274 2626 447 2682 vultus
476 2627 652 2697 Moysi
681 2625 938 2693 historia,
966 2642 1038 2681 ne
1078 2626 1206 2697 quis
1240 2641 1357 2679 nan
1385 2628 1550 2695 putet
1578 2640 1699 2679 cor-

153 2719 337 2785 poraliter
378 2720 433 2774 id
472 2719 604 2774 fieri
648 2720 919 2790 patuisse,
966 2722 1287 2789 cognoscat.
1330 2717 1553 2772 Etenim
1598 2733 1703 2771 usu

150 2813 229 2865 solis
249 2813 425 2867 multis
463 2812 645 2867 etiam
681 2812 893 2883 pallore
937 2811 1213 2867 confectis
1245 2810 1417 2865 totius
1455 2808 1704 2880 corporis

142 2902 263 2972 ﬁgura
299 2910 573 2972 mutatur,
616 2909 675 2960 et
714 2906 863 2976 ignis
906 2922 1117 2977 vapore
1160 2904 1444 2959 calefactis
1489 2902 1703 2974 species

140 2997 266 3052 mltos
309 2999 596 3055 rutilantis
636 2999 973 3054 ostenditur.
1033 2998 1266 3053 Oriente
1316 2998 1439 3065 die,
1494 2996 1703 3051 rubent

138 3096 251 3145 teme
274 3108 454 3148 croceo
473 3092 675 3147 colare
700 3092 970 3163 perfusas,
990 3091 1304 3162 imaginem
1329 3091 1400 3145 de
1421 3090 1703 3146 beneficia

136 3190 338 3240 mutuatae
363 3186 456 3259 (2),
486 3202 862 3258 gemmarum
882 3202 1112 3257 quoque
1140 3184 1377 3240 monilia
1404 3200 1704 3240 coruscan-

136 3276 188 3329 tia
216 3280 604 3335 transfunduut
647 3280 927 3348 finitimis,
968 3280 1117 3350 quod
1158 3279 1282 3350 ipsa
1326 3278 1701 3345 radiaverint;

134 3374 172 3422 et
199 3372 384 3427 miraris
410 3375 457 3428 si
495 3372 706 3444 Maysis
734 3373 922 3426 vultus
965 3372 1172 3426 divinae
1208 3372 1446 3427 infectus
1484 3370 1556 3424 sit
1591 3371 1701 3425 cla-

137 3462 251 3519 ritate
283 3466 630 3537 przesentiaal
670 3465 885 3521 Miraris
926 3466 975 3519 si
1014 3465 1336 3535 refulgente
1373 3465 1472 3518 Dei
1520 3464 1707 3535 gratia

132 3556 228 3625 justi
250 3566 538 3632 vaporetur
582 3559 913 3631 ingenium!
944 3561 1070 3613 Non
1096 3558 1374 3613 dubitavit
1400 3558 1701 3627 propheta,

136 3652 203 3719 qui
234 3655 467 3725 poposcit
504 3652 824 3709 illuminari
866 3653 1047 3723 prius,
1089 3658 1149 3707 ut
1179 3651 1431 3723 justiﬁes
1478 3652 1706 3707 Domini

134 3753 272 3811 posset
292 3749 601 3803 addiscere.

181 3840 246 3892 30.
275 3842 432 3907 (Vers.
472 3840 618 3910 136.)
658 3840 927 3910 Sequitur
954 3856 1149 3895 versus
1188 3844 1414 3895 octavus
1446 3856 1460 3894 :
1503 3842 1702 3896 Decur-

133 3944 195 3983 ms
217 3949 457 4002 aquarum
491 3934 890 3989 descenderunt
927 3934 1069 3988 oculi
1106 3937 1230 3996 mei,
1260 3937 1392 4003 quia
1430 3949 1537 3988 non
1580 3948 1703 3988 cus-

132 4023 256 4077 todiri
300 4028 458 4095 legem
509 4034 685 4082 tuam.
738 4026 1040 4082 Granditer
1095 4026 1364 4081 affectum
1416 4027 1704 4098 paeniten-

130 4113 228 4171 tiam
249 4121 487 4189 gerentis
526 4120 828 4191 expressit,
862 4120 1058 4175 dicens
1092 4120 1250 4192 quad
1293 4136 1573 4191 aquarum
1603 4119 1704 4175 de-

130 4224 278 4265 cursus
315 4214 458 4269 oculi
506 4214 599 4268 sui
652 4213 1063 4281 descenderint,
1115 4213 1229 4268 sive
1277 4214 1409 4285 quia
1456 4230 1560 4283 per
1609 4229 1706 4268 eos

129 4304 346 4375 tanquam
385 4312 616 4363 meatus
655 4305 996 4362 undantium
1036 4306 1407 4375 ﬂuentorum,
1447 4305 1527 4361 ita
1567 4322 1703 4361 exu-

128 4392 393 4455 berantiam
425 4404 812 4472 lacrymarum
841 4416 898 4455 se
926 4400 1162 4471 quidam
1190 4400 1391 4455 ductus
1417 4399 1705 4468 effuderit,

1805 1880 1979 1931 nante
2011 1875 2338 1947 linguarum
2365 1877 2534 1948 (Act.,
2565 1893 2624 1945 ιι,
2660 1879 2789 1949 1-3).
2824 1880 3013 1932 Bonus
3040 1878 3305 1949 impetus,
3335 1880 3433 1949 qui

1803 1970 2008 2025 laedere
2038 1970 2271 2038 nesciat,
2299 1970 2454 2025 norit
2490 1970 2752 2042 implere.

1877 2066 1965 2119 32.
1998 2062 2055 2119 Si
2092 2064 2219 2135 quis
2262 2064 2440 2134 igitur
2479 2064 2633 2119 hunc
2668 2065 2949 2136 impetum
2985 2065 3436 2137 supervenientis

1805 2174 1836 2211 e
1874 2157 2015 2212 caelo
2060 2156 2261 2227 gratias
2306 2158 2425 2211 vult
2468 2158 2699 2226 mereri,
2746 2158 3055 2214 descendat
3100 2159 3271 2214 etiam
3311 2161 3434 2231 ipse

1806 2250 1980 2305 oculis
2005 2251 2065 2304 in
2096 2250 2366 2305 decursus
2393 2266 2696 2321 aquarum.
2726 2251 2831 2314 Qui
2868 2251 3020 2306 hunc
3048 2252 3300 2323 primum
3323 2254 3433 2308 im-

1803 2350 2001 2415 petum
2040 2344 2272 2413 fuderit,
2320 2344 2480 2399 illum
2532 2343 2864 2399 merebitur.
2917 2346 3219 2401 Descendit
3260 2347 3436 2401 oculis

1803 2438 1918 2493 suis
1954 2438 2013 2492 in
2057 2439 2161 2492 has
2190 2438 2390 2492 ductus
2433 2454 2735 2508 aquarum,
2768 2454 2896 2509 quae
2926 2438 3191 2510 lacrymis
3226 2440 3429 2510 irriga-

1801 2532 1882 2586 vit
1922 2532 1983 2585 in
2030 2531 2336 2602 Evangelia
2375 2531 2598 2587 Domini
2642 2532 2816 2603 pedes
2849 2533 3020 2599 (Luc.,
3073 2549 3169 2599 vn,
3213 2532 3334 2602 38);
3376 2539 3436 2588 et

1804 2624 1933 2679 ideo
1965 2624 2099 2679 ﬁdei
2129 2641 2247 2679 suae
2271 2625 2457 2696 pretia
2501 2624 2641 2679 emit
2675 2625 2884 2679 animae
2924 2641 3042 2679 suae
3080 2628 3140 2679 et
3177 2626 3434 2695 carparis

1804 2719 2107 2773 sanitatem
2130 2718 2254 2788 jam
2280 2734 2397 2772 non
2433 2719 2724 2789 sanguinis
2757 2716 2977 2789 proﬂua
3004 2718 3179 2788 (Luc.,
3208 2734 3289 2788 ιιι,
3320 2718 3432 2788 44),

1804 2812 1902 2866 sed
1931 2811 2131 2882 gratiae
2153 2810 2442 2883 spiritalis.

1872 2908 1960 2961 33.
1990 2905 2292 2960 Descendit
2317 2920 2453 2975 ergo
2488 2904 2663 2960 David
2698 2904 3008 2976 propheta;
3035 2904 3165 2959 ideo
3192 2905 3264 2959 de
3297 2921 3430 2975 pec-

1805 3004 1931 3053 cata
1960 2998 2204 3070 gratiam
2235 2998 2443 3053 retulit.
2476 2997 2782 3052 Descendit
2810 2997 2869 3052 in
2900 3013 3179 3069 aquarum
3210 2998 3431 3065 ductus,

1804 3093 1912 3149 hoc
1940 3099 2043 3161 est,
2074 3092 2316 3164 replevit
2341 3108 2457 3159 eos,
2488 3098 2544 3146 et
2579 3092 3021 3146 decurrentium
3037 3108 3314 3163 aquarum
3349 3093 3431 3146 la-

1804 3186 2011 3258 crymis
2041 3186 2157 3240 suis
2181 3186 2396 3241 ﬂuenta
2422 3186 2753 3255 cumulavit,
2786 3190 2886 3240 aut
2910 3185 3114 3240 inanes
3144 3191 3202 3241 et
3228 3201 3434 3240 vacuas

1804 3280 2008 3334 ductus
2038 3280 2169 3334 solis
2211 3279 2455 3350 replevit
2479 3278 2729 3346 ﬂetibus,
2767 3284 2868 3333 aut
2909 3279 3058 3349 quod
3095 3279 3433 3334 elocutionis

1804 3373 2036 3428 moralis
2065 3373 2301 3444 quidam
2332 3389 2528 3427 sensus
2554 3371 2821 3439 ostendit,
2848 3372 3141 3427 descendit
3170 3373 3229 3426 in
3254 3389 3430 3444 aqua-

1804 3483 1933 3521 rum
1980 3466 2203 3534 ductus,
2250 3466 2512 3520 transivit
2558 3481 2673 3520 eos.
2731 3467 2795 3520 Et
2846 3481 3141 3536 possemus
3186 3466 3375 3521 dicere
3417 3484 3431 3522 :

1803 3558 2173 3614 Transcendit
2219 3574 2332 3625 eos,
2381 3565 2438 3614 et
2482 3574 2886 3630 supergressus
2926 3561 3032 3627 est,
3079 3559 3180 3612 sed
3227 3557 3436 3613 minui-

1802 3659 1897 3708 tur
1936 3653 2020 3706 vis
2066 3651 2298 3722 eloquii,
2343 3667 2458 3723 qua
2504 3652 2590 3705 vis
2629 3651 2815 3721 major
2850 3650 3160 3705 afﬂuentia:
3205 3651 3437 3705 descen-

1806 3745 2008 3813 dentis,
2038 3760 2211 3816 quam
2253 3745 2635 3812 ascendentis,
2667 3744 3026 3816 exprimitur.
3074 3743 3230 3809 Vide,
3268 3760 3432 3814 roga,

1806 3839 1941 3911 quid
1965 3840 2035 3894 de
2059 3855 2168 3894 usu
2192 3838 2364 3893 verba
2384 3838 2651 3905 habeant,
2671 3843 2737 3892 ut
2756 3838 3035 3908 impetum
3055 3853 3223 3891 suum
3242 3854 3433 3891 sermo

1804 3933 2168 4005 propheticus
2221 3948 2338 3987 nan
2392 3932 2649 3997 amittat;
2705 3931 2837 3986 licet
2890 3947 3026 3985 usus
3073 3930 3194 4000 ipse
3255 3932 3433 4001 scrip-

1804 4030 1995 4081 tarum
2044 4026 2233 4080 sensui
2288 4026 2496 4080 servire
2539 4025 2761 4095 majore
2812 4024 3017 4079 decore
3060 4023 3435 4078 consueverit.

1806 4121 2033 4174 Diverse
2078 4120 2187 4174 hac
2227 4123 2285 4173 et
2324 4134 2474 4190 saepe
2518 4118 2870 4189 signiﬁcavit,
2918 4120 2976 4171 et
3014 4116 3437 4188 propemodum

1804 4213 2162 4267 incrementa
2195 4228 2427 4283 semper
2458 4212 2781 4283 assumpsit.
2818 4212 2963 4265 Dixit
3000 4211 3155 4265 enim
3197 4211 3383 4281 prima
3420 4228 3434 4263 :

1810 4326 1839 4357 «
1877 4306 2101 4381 Lavaba.
2123 4322 2224 4376 per
2253 4305 2508 4377 singulas
2534 4308 2728 4360 noctes
2752 4305 2969 4360 lectum
2996 4320 3221 4370 meum;
3250 4304 3436 4374 lacry-

1808 4399 1918 4454 mis
1955 4403 2196 4454 stratum
2226 4415 2422 4454 meum
2458 4399 2658 4471 rigaba
2690 4399 2856 4468 (Psul.
2889 4414 2961 4464 Vl,
2990 4400 3062 4467 7).
3095 4418 3122 4446 »
3152 4397 3303 4451 Dixit
3326 4396 3436 4450 ite-

130 4492 169 4540 et
187 4490 324 4546 ﬂetus
358 4494 562 4565 irrigui
603 4494 935 4549 continuum
978 4493 1265 4564 quoddam
1305 4497 1363 4547 et
1392 4493 1534 4564 juge
1574 4509 1702 4563 pra-
1725 4492 1785 4564 Ι)
1808 4510 1935 4549 rum
1970 4510 1983 4548 :
2030 4513 2057 4543 ‹‹
2093 4494 2340 4548 Fuerunt
2375 4493 2518 4547 mihi
2558 4494 2825 4562 lacrymas
2863 4506 3008 4544 meas
3044 4505 3217 4560 panes
3262 4489 3433 4559 (Psal.

132 4579 336 4655 ﬂuvium,
370 4588 486 4642 sive
537 4587 691 4658 quod
732 4587 836 4657 ipsi
875 4586 1273 4642 descenderint
1312 4586 1482 4640 oculi.
1526 4586 1709 4642 Habet
1808 4604 1913 4655 xu,
1940 4588 2015 4656 4).
2045 4606 2071 4635 »
2106 4587 2260 4640 Dixit
2284 4585 2456 4640 etiam
2488 4604 2499 4638 :
2536 4605 2563 4633 ‹‹
2596 4586 2662 4639 Et
2688 4586 2884 4655 patum
2911 4598 3110 4637 meum
3145 4598 3275 4637 cum
3302 4582 3439 4637 ﬂetu

133 4676 247 4731 enim
271 4680 369 4734 hac
396 4682 480 4736 vis
506 4680 723 4736 summi
752 4680 983 4745 doloris,
1010 4684 1075 4735 ut
1104 4696 1231 4734 cum
1264 4679 1530 4749 lacrymis
1558 4680 1710 4734 oculi
1810 4680 2115 4735 miscebam
2147 4679 2315 4747 (Psal.
2344 4695 2415 4744 οι,
2450 4680 2556 4745 10).
2581 4698 2609 4727 ››
2643 4677 2741 4731 Hic
2770 4675 2992 4732 addidit
3019 4676 3214 4732 dicens
3243 4693 3257 4732 :
3291 4697 3319 4727 ‹‹
3342 4679 3443 4731 De-

134 4771 508 4836 quodammodo
548 4774 659 4846 ipsi
701 4772 1001 4830 videantur
1043 4773 1416 4839 descendere;
1443 4788 1511 4827 ea
1554 4773 1711 4843 quod

136 4864 248 4917 tanta
267 4867 339 4921 vis
360 4868 747 4939 lacrymarum
779 4868 868 4934 sit,
893 4870 954 4921 ut
980 4869 1256 4938 putentur
1280 4866 1429 4920 oculi
1455 4866 1515 4920 in
1543 4866 1710 4921 ﬂetus

135 4956 309 5027 resolvi,
336 4966 393 5015 et
415 4962 475 5016 in
505 4964 785 5034 lacrymas
815 4959 1053 5017 eﬂ'undi.

186 5052 256 5105 3|.
282 5054 430 5109 Oculi
455 5072 596 5126 ergo
630 5055 742 5127 ipsi
778 5058 1053 5126 tanquam
1080 5054 1139 5108 in
1171 5053 1443 5108 decursus
1472 5053 1709 5107 descen-

142 5137 297 5199 derunt
320 5164 617 5219 aquarum,
648 5164 762 5219 qua
799 5148 967 5203 verba
1006 5147 1256 5217 impetus
1285 5146 1712 5217 deplorantium

145 5235 390 5295 iebetneus
447 5242 765 5313 expressius
818 5242 1161 5306 declaratur,
1209 5239 1518 5295 secundum
1573 5238 1715 5294 illud

145 5330 256 5394 quod
285 5333 339 5387 in
379 5335 617 5390 Canticis
650 5335 928 5406 scriptum
968 5340 1055 5389 est
1086 5351 1099 5388 :
1148 5352 1176 5386 ι(
1206 5334 1350 5387 Fons
1392 5333 1712 5399 hortorum,

150 5425 305 5485 Puteus
336 5443 493 5498 aquae
517 5430 677 5496 vive,
706 5433 762 5483 et
788 5427 1033 5499 impetus
1059 5426 1415 5481 descendens
1443 5442 1477 5479 a
1502 5425 1716 5479 Libano

195 5587 241 5659 β]
272 5590 384 5641 Mss.
434 5595 660 5659 aliquot,
706 5594 986 5657 imaginem
1029 5593 1123 5643 Dei
1162 5591 1405 5656 beneﬁcia
1447 5596 1715 5641 mutuam.

158 5651 305 5728 tlelius
345 5664 453 5723 alii,
490 5651 656 5727 edit.,
685 5666 749 5716 de
793 5651 1068 5728 beneﬁcia;
1114 5677 1243 5714 nam
1286 5651 1719 5725 subintelligen-

158 5720 268 5788 dum,
290 5720 496 5784 orientis
519 5720 644 5794 diei,
670 5737 758 5786 vel
789 5720 936 5787 lucis.

202 5796 253 5859 (3)
288 5802 475 5873 Scripti
516 5808 635 5858 cod.
693 5810 903 5876 septem
949 5822 961 5856 :
1007 5806 1104 5857 Hic
1155 5807 1377 5873 impetus
1429 5804 1719 5858 Ecclesium

1811 4789 2010 4828 cursus
2036 4788 2314 4843 aquarum
2343 4772 2762 4826 descenderunt
2792 4770 2943 4825 aculi
2972 4770 3107 4825 mei.
3140 4793 3168 4820 ››

1881 4868 1970 4922 34.
2019 4866 2129 4919 Hoc
2172 4869 2395 4919 secutus
2446 4865 2508 4918 in
2549 4863 2788 4919 Threnis
2829 4864 3123 4932 Jeremias,
3175 4864 3442 4919 affectum

1814 4958 2024 5014 doloris
2054 4958 2350 5029 expressit,
2387 4958 2496 5012 vim
2524 4957 2675 5013 oculi
2720 4957 3121 5013 descendentis
3157 4955 3439 5021 imitatus;

1815 5052 1894 5106 sic
1937 5051 2092 5105 enim
2139 5051 2317 5105 habes
2354 5067 2368 5105 :
2414 5072 2441 5100 ‹‹
2485 5052 2822 5106 Defecerunt
2870 5052 2931 5105 in
2974 5051 3250 5119 lacrymas
3298 5047 3445 5102 oculi

1815 5145 1929 5201 mei
1950 5145 2043 5211 (4),
2068 5143 2470 5199 conturbatum
2493 5150 2579 5199 est
2599 5161 2698 5199 car
2715 5159 2906 5198 meum
2931 5142 3175 5213 (Thren.,
3197 5157 3257 5209 ιι,
3283 5141 3389 5209 11).
3412 5159 3442 5189 ››

1794 5240 2109 5308 Tanquam
2154 5237 2510 5292 descendunt
2539 5238 2707 5304 oculi,
2737 5236 2834 5307 qui
2879 5234 3152 5289 deﬁciunt
3175 5234 3236 5288 in
3260 5233 3443 5303 lacry-

1816 5348 1956 5386 mas.
1986 5332 2054 5385 Et
2078 5330 2209 5385 alibi
2241 5346 2254 5384 :
2280 5350 2308 5383 «
2337 5331 2543 5386 Oculus
2569 5346 2732 5385 meus
2758 5329 3057 5419 absarptus
3083 5328 3169 5381 est
3194 5326 3444 5397 (Thren.,

1818 5441 1896 5493 ιιι,
1941 5425 2055 5492 49).
2094 5445 2122 5474 ››
2176 5423 2288 5479 Sed
2338 5425 2466 5495 plus
2510 5429 2593 5477 est
2640 5438 2819 5493 aquas
2875 5418 3139 5491 lacrymis
3193 5419 3444 5487 vincere,

1818 5591 2056 5650 deduxit,
2083 5594 2193 5641 etc.

1879 5664 1944 5724 (4)
1993 5664 2200 5713 Decem
2248 5675 2402 5721 mss.,
2450 5660 2589 5711 oculi
2643 5660 2744 5709 mei
2783 5660 3167 5724 catigaverunt.
3217 5659 3350 5721 Alii,
3393 5662 3452 5708 et

1820 5746 2015 5783 omnes
2054 5733 2205 5797 edit.,
2248 5746 2376 5784 cum
2422 5732 2594 5783 sacris
2631 5731 2779 5797 cod.,
2822 5730 3197 5785 conturbatum
3244 5736 3319 5783 est
3360 5743 3452 5785 cor

1819 5818 2007 5857 meum.
