3930 6168
511 209 642 261 {527
796 166 804 170 -
1980 200 2035 253 S.

2252 197 2402 255 tOSII
3543 155 3546 159 Ι
3691 212 3804 267 i528

506 343 676 400 quam
706 327 896 382 oculos
931 324 1223 380 absorberi
1260 323 1502 379 ﬂetibus.
1533 325 1600 380 Et
1633 323 1767 378 alibi
1796 323 1949 378 idem
1973 323 2130 376 Jere-
2157 335 2213 407 Α
2237 324 2444 378 clamat
2471 325 2542 380 ad
2572 326 2824 396 captivos
2850 333 2904 380 et
2932 326 3152 382 exsules
3174 327 3492 382 .ludmorum
3516 345 3528 382 :
3555 350 3579 378 ‹‹
3600 331 3689 397 Ite,
3708 330 3812 402 pro'

503 420 651 475 mias
682 437 696 474 :
735 441 761 467 ‹‹
793 418 1136 474 Exclamavit
1163 435 1262 472 cor
1288 434 1486 472 eorum
1508 417 1576 471 ad
1610 416 1952 484 Dominum;
1983 416 2137 470 muri
2235 417 2569 485 ficiscimini,
2612 419 2750 487 ﬁlii;
2799 436 2907 490 ego
2950 419 3103 474 enim
3147 419 3405 474 derelicta
3441 437 3559 476 sum
3601 423 3808 479 deserta.

503 513 634 570 filim
670 512 803 568 Sion
841 512 1125 567 deducant
1164 514 1464 577 torrentes,
1502 511 1684 565 ﬂuant
1725 511 2004 580 lacrymas
2041 510 2136 564 die
2238 512 2378 566 Exui
2403 528 2494 565 me
2525 513 2728 567 stolam
2762 513 2949 583 pacis;
2989 513 3151 567 indui
3190 519 3380 568 autem
3413 514 3606 570 stolam
3643 533 3809 587 preca-

503 625 568 663 ac
591 609 781 662 nocte.
815 605 941 660 Noli
969 606 1104 660 dare
1131 604 1231 660 tibi
1269 605 1558 675 requiem,
1585 620 1699 658 non
1728 603 1887 658 sileat
1919 602 2138 674 pupilla
2237 604 2405 660 tionis
2462 621 2639 673 mem,
2690 612 2746 662 et
2791 606 3049 661 clamabo
3095 606 3166 660 ad
3215 608 3498 662 Excelsum
3546 607 3599 662 in
3645 609 3814 666 diebus

505 700 654 757 oculi
684 700 765 754 tui
792 701 1029 769 (Thren.,
1059 715 1116 766 ιι,
1151 701 1259 766 18).
1294 721 1320 747 ››
1347 698 1506 752 Oculi
1532 699 1712 769 igitur
1737 697 1832 769 qui
1855 702 2136 752 torrentes
2236 700 2382 754 meis
2412 717 2424 754 :
2457 721 2486 751 ‹‹
2516 701 2719 755 Animo
2747 718 2912 772 aequo
2941 705 3141 768 estote,
3164 699 3286 770 ﬁlii,
3320 701 3550 756 clamate
3574 703 3639 757 ad
3657 706 3814 759 Domi-

504 794 794 850 deducunt
829 793 1093 864 lacrymis
1134 793 1272 861 suis,
1302 793 1409 863 ipsi
1446 793 1648 846 ductus
1693 807 1976 863 aquarum
2019 791 2138 846 des-
2235 811 2407 863 num;
2433 797 2490 849 et
2525 795 2782 850 extrahet
2810 811 2908 849 vos
2935 795 3004 850 de
3034 811 3209 849 manu
3245 795 3563 867 principum
3591 797 3816 852 inimico-

505 894 776 962 cendunt,
806 894 915 948 hoc
951 897 1054 959 est,
1093 892 1492 960 cumulantur;
1533 894 1599 946 ut
1635 890 1844 946 faciant
1890 907 1984 945 eos
2021 889 2137 944 suis
2236 905 2386 944 rum.
2417 890 2536 960 Ego
2565 889 2718 944 enim
2750 890 2968 961 speravi
2995 889 3064 943 in-
3096 889 3190 944 illo
3234 894 3444 944 aeterno
3472 890 3696 945 salutem
3720 909 3816 946 ves-

502 993 780 1060 augentes
808 987 1032 1042 ﬂetibus
1063 986 1281 1057 impetu
1321 984 1613 1040 exundare
1642 985 2010 1040 torrentium.
2236 986 2382 1037 tram
2417 985 2665 1052 (Baruch,
2703 1000 2778 1050 IV,
2811 985 3008 1054 19-22).
3039 1005 3066 1033 »
3095 982 3464 1038 Credentibus
3485 983 3648 1054 igitur
3661 985 3715 1039 in
3735 986 3817 1041 Do-

575 1085 660 1138 35.
710 1084 851 1137 Sunt
898 1085 1092 1136 tamen
1150 1079 1366 1133 codices
1419 1079 1517 1150 qui
1560 1078 1808 1134 habeant
1855 1101 1864 1132 :
1916 1086 2137 1142 διεξόδοις
2236 1077 2480 1146 minum,
2511 1077 2681 1132 estin
2712 1077 2940 1132 Domini
2978 1076 3369 1131 misericordia
3399 1077 3711 1133 consolatio.
3743 1082 3819 1134 Est

503 1183 685 1233 ὑδάτων
733 1183 1050 1231 κατεϐίϐασαν
1092 1183 1137 1228 ot
1188 1179 1417 1242 ὀφθαλμοί
1468 1196 1580 1241 μου,
1644 1173 1754 1226 hoc
1818 1174 1931 1239 est,
1997 1177 2055 1227 D1

2264 1171 2404 1226 tiam
2429 1171 2585 1226 aliud
2610 1171 3013 1226 consolationis
3041 1187 3220 1242 genus
3239 1171 3310 1224 iis
3341 1170 3439 1240 qui
3461 1187 3649 1239 graves
3671 1172 3816 1228 solve-

504 1274 590 1326 tus
644 1281 913 1340 aquarum
969 1268 1286 1322 direxerant
1352 1267 1500 1321 oculi
1556 1269 1681 1320 mei.
1743 1265 1856 1320 Sed
1909 1282 2018 1336 ego
2074 1266 2134 1320 in
2235 1264 2350 1319 rint
2379 1281 2594 1335 pcenas,
2620 1267 2681 1317 ut
2706 1264 2878 1320 habes
2899 1265 3176 1336 scriptum
3202 1265 3261 1318 in
3285 1263 3439 1319 Isaia:
3461 1264 3634 1318 libro:
3665 1267 3819 1321 «Con-

504 1365 692 1419 Graaco
728 1361 985 1434 1194
1024 1359 1216 1415 codice
1257 1376 1389 1414 meo
1424 1367 1692 1424 κατέϐησαν
1737 1359 1804 1428 (5)
1852 1359 1986 1430 legi,
2029 1360 2135 1414 hoc
2234 1357 2521 1426 solamini,
2551 1357 2922 1413 consolamini
2947 1358 3223 1429 populum
3260 1373 3475 1426 meum,
3503 1357 3631 1412 dicit
3657 1359 3817 1412 Domi-

502 1462 588 1513 est
624 1456 1008 1511 descenderunt
1039 1473 1054 1507 :
1082 1453 1140 1508 in
1182 1469 1294 1525 quo
1338 1457 1524 1522 potest
1563 1453 1688 1506 fieri
1719 1455 1782 1507 ut
1810 1453 1865 1507 in
1912 1455 2132 1507 utram-
2233 1468 2371 1520 nus;
2417 1452 2761 1520 sacerdotes,
2789 1451 3088 1523 loquimini
3121 1452 3182 1506 in
3222 1468 3320 1505 cor
3362 1451 3681 1518 Jerusalem,
3713 1469 3818 1507 con-

501 1551 640 1605 libet
687 1553 911 1620 partem
956 1548 1199 1602 duarum
1241 1547 1559 1616 adjectione
1607 1551 1705 1601 aut
1761 1546 2135 1602 diminutione
2235 1546 2492 1600 solamini
2514 1563 2670 1615 eam;
2705 1545 2978 1617 quoniam
3001 1546 3223 1616 repleta
3255 1550 3339 1599 est
3368 1545 3674 1599 humiliatio
3697 1547 3818 1614 ejus,

501 1644 822 1699 litterarum
855 1642 1094 1712 scriptor
1126 1639 1419 1695 erraverit.
2154 1705 2198 1712 _
2235 1641 2479 1694 solutum
2524 1645 2610 1694 est
2653 1643 2947 1710 peccatum
2999 1640 3150 1709 ejus;
3197 1639 3470 1710 quoniam
3521 1639 3722 1710 accepit
3766 1639 3819 1694 de

574 1741 661 1792 36.
692 1739 759 1792 Et
785 1705 987 1790 habuit
1011 1734 1249 1806 quidem
1275 1735 1455 1788 multa
1487 1749 1614 1804 quae
1635 1733 1820 1800 ﬂeret,
1848 1733 1934 1788 vel
1961 1733 2134 1788 inces—
2154 1705 2209 1776 B
2234 1751 2405 1790 manu
2433 1705 2670 1788 Domini
2689 1732 2934 1804 duplicia
2962 1705 3194 1803 peccata
3213 1705 3322 1787 sua
3353 1735 3498 1800 (Isa.,
3523 1749 3602 1798 XL,
3637 1705 3681 1797 l,
3711 1733 3772 1802 2).
3799 1757 3818 1778 η

503 1839 627 1886 tum
659 1830 812 1900 tiliae,
846 1830 933 1883 vel
967 1828 1267 1883 interitum
1306 1827 1576 1896 ﬁliorum,
1609 1827 1709 1881 sed
1747 1826 1838 1881 hic
1879 1844 1994 1882 non
2028 1827 2133 1882 hoc
2234 1827 2462 1883 Etiamsi
2514 1827 2656 1881 fides
2704 1826 2917 1893 deerat,
2961 1842 3130 1897 poena
3182 1825 3548 1881 satisfaceret.
3591 1825 3818 1881 Relevan-

501 1924 722 1981 ﬂevisse
770 1941 830 1977 se
874 1922 1027 1989 dicit,
1079 1921 1177 1976 sed
1225 1921 1359 1991 quia
1413 1937 1530 1974 non
1589 1920 1892 1976 custodivit
1941 1921 2131 1993 legem
2232 1925 2326 1976 tur
2367 1921 2654 1976 solutione
2692 1936 3015 1992 poenarum,
3046 1919 3143 1991 qui
3173 1919 3543 1975 absolvuntur
3572 1935 3819 1973 commen-

502 2017 746 2073 Domini.
779 2021 821 2071 A
867 2022 1057 2070 sancto
1097 2015 1218 2069 viro
1261 2016 1389 2086 plus
1435 2015 1620 2085 culpa,
1659 2031 1836 2086 quam
1877 2031 2134 2069 aerumna
2233 2016 2456 2070 datione
2484 2013 2838 2069 meritorum.
2879 2014 3132 2068 Tertium
3157 2016 3262 2082 est,
3292 2030 3424 2068 cum
3450 2012 3704 2084 lacrymis
3727 2013 3816 2066 cri-

502 2112 764 2168 deﬂetur.
799 2109 972 2166 Flevit
1011 2109 1208 2178 itaque
1251 2107 1482 2179 quando
1524 2109 1575 2161 ei
1625 2109 1847 2162 Nathan
1878 2108 1947 2163 de
1988 2108 2132 2164 Uria:
2233 2126 2369 2164 men
2395 2108 2664 2176 abluitur,
2702 2113 2767 2162 ut
2803 2113 2889 2162 est
2925 2107 3063 2162 illud
3098 2125 3110 2161 :
3147 2129 3173 2156 ‹‹
3205 2107 3484 2162 Discedite
3520 2123 3553 2161 a
3588 2122 3693 2174 me,
3719 2121 3817 2159 om-

502 2208 688 2260 morte
733 2203 1188 2275 indignationem
1230 2201 1458 2256 Domini
1497 2201 1800 2268 nuntiavit,
1841 2207 1898 2256 et
1937 2217 2128 2272 pecca-
2235 2219 2332 2258 nes
2358 2203 2456 2274 qui
2483 2201 2808 2272 operamini
2847 2201 3245 2272 iniquitatem;
3279 2201 3551 2272 quoniam
3576 2199 3819 2255 exaudivit

505 2304 624 2354 tum
654 2314 821 2352 suum
851 2298 920 2351 de
951 2295 1420 2367 prmvaricatione
1454 2295 1598 2366 legis
1623 2293 1855 2366 agnovit
1880 2295 1945 2364 (ll
1979 2299 2130 2363 Reg.,
2234 2297 2504 2353 Dominus
2533 2293 2789 2367 1195
2823 2311 3020 2350 vocem
3050 2295 3215 2350 ﬂetus
3258 2296 3371 2350 mei
3410 2296 3570 2364 (Psal.
3611 2310 3679 2358 γι,
3708 2293 3770 2361 9).
3796 2314 3816 2339 »ι

501 2409 590 2460 ιιι,
626 2395 678 2459 9,
722 2391 825 2460 12).
865 2390 1120 2460 Denique
1157 2388 1274 2444 filio
1320 2389 1379 2443 in
1421 2387 1760 2459 egritudine
1801 2389 2129 2457 constituto,
2231 2391 2391 2455 Quod
2432 2390 2606 2444 etiam
2657 2390 2768 2443 hoc
2815 2389 2961 2455 loco,
3005 2394 3061 2442 et
3107 2387 3394 2460 plerisque
3439 2389 3569 2443 locis
3606 2388 3659 2442 in
3699 2387 3818 2440 libro

503 2501 690 2557 neque
727 2484 919 2538 cibum
955 2483 1214 2554 sumpsit,
1249 2498 1434 2554 neque
1472 2482 1697 2552 regium
1734 2481 2006 2536 thronum
2036 2487 2133 2536 aut
2233 2485 2585 2539 Psalmorum
2617 2482 2780 2537 facile
2811 2483 3116 2553 reperitur.

499 2579 682 2634 cubile
718 2577 1068 2644 conscendit,
1114 2576 1213 2631 sed
1249 2581 1453 2630 stratus
1495 2575 1553 2629 in
1586 2581 1758 2644 terra,
1795 2575 1997 2646 jejuna
2032 2592 2131 2630 ora
2303 2581 2353 2632 3.
2414 2577 2733 2632 Consolatio
2787 2575 2966 2646 igitur
3019 2576 3204 2647 prima
3259 2575 3460 2630 ordine
3507 2578 3595 2643 (De
3633 2577 3813 2644 pauit.

499 2672 762 2742 lacrymis
788 2671 1034 2725 diluebat
1067 2671 1248 2738 (lbid.,
1280 2674 1364 2736 l5,
1398 2669 1504 2740 l6),
1539 2685 1654 2723 non
1685 2672 1800 2724 tam
1838 2669 1940 2724 ﬁlii
1975 2685 2128 2724 mor-
2233 2671 2361 2726 dist.
2433 2675 2494 2739 3,
2563 2687 2688 2740 cap.
2757 2672 2944 2724 Prima
3001 2671 3348 2740 consolatio),
3421 2669 3676 2740 quoniam
3731 2682 3821 2720 non

500 2770 645 2834 tem,
702 2782 877 2837 quam
947 2763 1158 2836 peccati
1223 2763 1310 2818 sui
1372 2779 1603 2834 pmnam
1667 2763 1724 2817 in
1790 2763 1886 2817 illo
1943 2764 2130 2818 levare
2231 2764 2579 2820 obliviscitur
2626 2764 2770 2818 Deus
2812 2763 3003 2817 facere
3051 2763 3524 2831 misericordiam,
3571 2777 3738 2832 neque
3777 2760 3822 2813 in

501 2859 852 2914 desiderans.
924 2857 1101 2912 Flevit
1161 2857 1431 2928 quando,
1499 2860 1803 2910 numerato
1875 2856 2126 2927 populo,
2231 2863 2514 2914 aeternum
2586 2857 2844 2929 projicit,
2921 2873 3059 2928 quos
3134 2856 3420 2928 putaverit
3493 2853 3821 2911 coercendos.

500 2958 734 3025 repente
805 2951 977 3006 corde
1042 2951 1335 3022 perculsus
1411 2955 1515 3003 est.
1585 2949 1840 3019 Denique
1908 2969 1935 2998 «
1991 2951 2128 3003 Pec-
2232 2951 2514 3021 Secunda,
2567 2951 2742 3022 quod,
2796 2950 3049 3004 decursis
3103 2950 3401 3022 suppliciis
3453 2966 3576 3022 qua:
3627 2950 3822 3020 propter

501 3047 640 3116 cavi,
705 3045 922 3117 inquit,
988 3043 1262 3114 graviter,
1323 3041 1552 3113 peccavi
1615 3041 1784 3096 stulte
1849 3042 1911 3112 (ll
1973 3046 2125 3111 Reg.,
2150 3074 2203 3148 Ο
2231 3048 2458 3116 peccata
2490 3049 2682 3098 nostra
2714 3043 3092 3111 toleravimus,
3122 3044 3191 3098 ad
3226 3043 3457 3099 veniam
3488 3042 3818 3114 pertinemus.

496 3156 648 3206 xxnv,
684 3139 790 3208 10).
821 3157 846 3189 ι)
895 3137 1070 3190 Flevit
1108 3135 1285 3206 igitur
1325 3134 1537 3205 primo,
1579 3136 1715 3206 quia
1757 3136 1938 3190 elatus
1974 3135 2131 3206 regia
2157 3134 2203 3148 ν
2229 3138 2389 3194 Unde
2451 3137 2711 3192 nonnulli
2779 3137 3100 3209 philosophi
3163 3137 3596 3208 disputaverunt
3653 3136 3818 3190 obesse

497 3235 796 3305 potestate,
845 3229 1155 3302 quaerendo
1201 3244 1505 3282 numerum
1554 3228 1753 3299 plebis,
1802 3244 2127 3284 mensuram
2230 3232 2501 3303 improbis
2561 3231 3019 3299 absolutionem,
3090 3230 3362 3302 prodesse
3437 3234 3672 3286 mortem
3729 3229 3817 3298 (Τ),

495 3341 753 3397 egressus
794 3329 886 3378 est
929 3322 1269 3377 conditionis
1299 3323 1589 3390 humanae,
1618 3322 1823 3376 deinde
1867 3322 2000 3393 quia
2043 3323 2128 3378 sui
2229 3326 2378 3397 quod
2410 3326 2468 3380 in
2510 3323 2603 3380 illa
2645 3326 2720 3379 sit
2761 3324 3111 3379 incentivum
3155 3324 3554 3396 delinquendi,
3583 3326 3638 3378 iu
3667 3327 3818 3377 morte

498 3418 704 3474 erroris
752 3418 933 3488 pretio
982 3416 1379 3471 vindicabatur
1421 3415 1477 3480 in
1523 3416 1749 3487 plebem
1795 3415 1890 3488 (6).
1942 3417 2050 3472 Sed
2095 3435 2129 3471 a
2228 3421 2420 3473 autem
2480 3417 2611 3473 ﬁnis
2673 3418 2862 3474 delicti
2920 3435 2932 3471 :
3001 3419 3151 3488 quod
3206 3424 3562 3490 assumptum
3609 3433 3718 3472 esse
3762 3414 3818 3467 de

495 3512 740 3568 Domino
769 3512 892 3566 haec
922 3509 1213 3582 proposita
1239 3526 1403 3580 ptena
1430 3510 1636 3576 fuerat,
1670 3525 1783 3564 non
1813 3526 1846 3564 a
1882 3527 2017 3582 rege
2047 3517 2130 3566 est
2229 3513 2438 3568 nostris
2475 3513 2563 3568 cui
2609 3511 2868 3580 dubium,
2911 3528 3041 3566 cum
3078 3513 3140 3566 in
3187 3512 3510 3567 Proverbiis
3547 3507 3820 3567 Salomonis

493 3607 796 3679 postulata.
820 3604 1045 3660 Domini
1076 3609 1269 3659 tamen
1297 3620 1356 3656 se
1378 3603 1786 3658 committenda
1812 3604 2128 3660 misericor-
2227 3607 2297 3662 sit
2325 3625 2339 3661 :
2377 3627 2404 3656 «
2433 3607 2538 3670 Qui
2577 3605 2762 3677 parcit
2793 3606 3012 3671 baculo,
3055 3606 3174 3660 odit
3219 3605 3408 3661 filium
3447 3621 3610 3661 suum
3647 3606 3815 3675 (Ρνουυ

495 3700 624 3767 ἀίω,
662 3698 950 3755 electionis
979 3713 1208 3752 causam
1249 3696 1546 3768 probavit;
1579 3697 1745 3751 simul
1781 3696 1912 3768 quia
1949 3715 2123 3772 prop-
2228 3717 2344 3767 xui,
2389 3701 2478 3769 24)
2503 3717 2520 3769 ;
2566 3722 2593 3749 ››
2639 3729 2707 3740 --.
2754 3720 2781 3749 ‹‹
2829 3699 3064 3770 castigat
3108 3703 3300 3754 autem
3362 3699 3627 3754 Dominus
3676 3711 3818 3768 quem

496 3798 584 3848 ter
611 3809 743 3849 eum
786 3794 1031 3865 populus
1074 3791 1385 3858 laborabat,
1425 3791 1542 3862 ipse
1585 3807 1646 3845 se
1691 3790 1984 3846 offerendo
2024 3810 2126 3864 pro
2226 3794 2408 3865 diligit
2434 3793 2634 3864 (Prov..
2664 3809 2745 3860 ιιι,
2775 3795 2881 3861 l2).
2912 3814 2938 3841 »
2969 3794 3037 3846 Et
3060 3792 3210 3847 infra
3243 3808 3255 3846 :
3283 3813 3314 3841 ‹‹
3345 3793 3652 3864 Flagellum
3677 3804 3818 3860 equo,

494 3889 726 3960 populo,
756 3887 1014 3942 elationis
1055 3886 1219 3941 solvit
1262 3885 1559 3955 injuriam,
1598 3884 1826 3954 pietatis
1868 3885 2126 3956 probavit
2227 3893 2282 3942 et
2337 3887 2603 3940 stimulus
2661 3886 2820 3940 asino
2868 3886 3141 3956 imperat;
3186 3886 3351 3956 virga
3403 3891 3595 3941 autem
3636 3880 3820 3939 nationi

496 3981 785 4037 affectum.
2226 3979 2577 4052 imprudenti
2603 3980 2806 4050 (Prov.,
2847 3995 2996 4046 xxvn,
3027 3980 3111 4049 3);
3140 4002 3167 4028 »
3202 3995 3373 4049 poena
3408 3979 3559 4034 enim
3595 3975 3818 4044 corrigit,

840 4072 1064 4128 SERMO
1108 4072 1400 4128 DECIMUS
1442 4072 1774 4127 OCTAVUS.
2227 4081 2283 4129 et
2329 4073 2600 4128 emendat
2641 4078 2951 4128 errantem.
2999 4073 3056 4128 Si
3101 4073 3225 4128 talis
3273 4076 3363 4128 est
3411 4073 3509 4144 qui
3564 4065 3819 4126 emendari

1183 4170 1222 4219 ἲ
1264 4153 1432 4217 δαιίϐο
2227 4185 2342 4223 non
2372 4171 2563 4239 queat,
2591 4168 2849 4222 aufertur
2874 4183 2903 4221 e
2937 4166 3149 4233 medio,
3182 4183 3253 4220 ne
3296 4166 3564 4237 graviora
3599 4160 3821 4219 commit-

567 4265 615 4314 1.
655 4257 918 4329 Sequitur
953 4257 1097 4313 Sade
1131 4257 1318 4312 littera
1358 4257 1584 4312 decima
1619 4263 1828 4326 octava,
1875 4276 2003 4331 quae
2042 4261 2121 4315 la-
2225 4264 2346 4328 tat,
2410 4267 2671 4316 mortuus
2722 4261 2880 4316 enim
2925 4261 3051 4331 jam
3107 4260 3287 4315 nescit
3351 4275 3558 4315 errare.
3609 4257 3820 4325 Ideoque

491 4354 609 4409 tina
655 4351 1125 4424 interpretatione
1170 4350 1377 4406 dicitur
1425 4353 1735 4407 consolatio.
1786 4354 1916 4408 Post
1964 4370 2121 4408 more
2224 4355 2582 4410 Ecclesiastes
2624 4355 2746 4409 ait:
2799 4376 2826 4404 ‹‹
2857 4356 2921 4409 Et
2958 4354 3179 4408 laudavi
3225 4370 3336 4426 ego
3376 4358 3625 4409 mortuos
3665 4347 3820 4418 magis

490 4446 834 4504 torrentium
871 4447 1149 4517 lacrymas
1190 4445 1564 4518 proﬂuentes,
1617 4449 1674 4500 et
1720 4463 1915 4518 graves
1958 4443 2203 4516 ﬂetusD
2226 4465 2400 4520 quam
2448 4448 2716 4517 viventes,
2748 4453 2806 4503 et
2844 4448 3093 4519 optimus
3124 4463 3297 4519 supra
3323 4448 3428 4503 hos
3469 4447 3562 4519 qui
3594 4442 3820 4500 nondum

492 4541 723 4607 doloris,
777 4540 1084 4612 oportebat
1138 4539 1585 4594 consolationem
1643 4541 1824 4611 sequi.
1873 4542 2014 4596 Nam
2068 4546 2124 4596 et
2221 4546 2388 4596 natus
2429 4547 2534 4611 est,
2575 4543 2675 4613 qui
2712 4557 2827 4596 non
2865 4541 3006 4595 vidit
3039 4541 3150 4596 hoc
3189 4557 3331 4612 opus
3363 4541 3499 4596 mali
3527 4538 3724 4610 (Eccli.,
3758 4548 3818 4598 ιν,

489 4634 588 4705 qui
613 4634 672 4688 in
702 4633 995 4688 doloribus
1025 4637 1176 4700 sunt,
1206 4633 1593 4688 consolatione
1621 4633 1906 4704 indigent,
1938 4637 1996 4690 et
2025 4638 2122 4706 qui
2220 4639 2274 4703 2,
2322 4636 2397 4706 3).
2443 4657 2470 4685 »
2510 4636 2760 4690 Mortuus
2808 4635 3108 4706 praefertur
3151 4635 3394 4702 viventi;
3445 4634 3578 4706 quia
3619 4641 3820 4702 peccare

491 4726 760 4800 gravibus
810 4727 1083 4781 aerumnis
1144 4743 1338 4797 poenas
1402 4727 1837 4783 commissorum
1893 4729 2122 4784 luerunt
2223 4729 2441 4784 desivit.
2471 4730 2686 4784 Mortuo
2725 4730 3029 4800 praefertur
3071 4729 3171 4800 qui
3216 4734 3384 4784 natus
3422 4745 3536 4783 non
3571 4730 3668 4791 est,
3705 4720 3818 4793 quia

488 4821 820 4889 criminum,
864 4823 1097 4891 sperant
1144 4820 1595 4892 indulgentiam;
1645 4826 1702 4876 et
1750 4821 1846 4893 qui
1896 4822 2122 4878 ﬂetibus
2220 4839 2448 4894 peccare
2476 4823 2729 4878 nescivit.

488 4920 547 4969 et
576 4914 845 4986 lacrymis
873 4913 1110 4985 propria
1142 4914 1344 4969 delicta
1381 4915 1664 4984 laverunt,
1705 4915 1960 4986 requiem
1989 4933 2117 4987 pro-
2291 4918 2345 4972 4.
2374 4919 2532 4972 Nunc
2573 4917 2830 4971 dicamus
2874 4917 3046 4971 etiam
3087 4917 3156 4971 de
3201 4917 3268 4970 iis
3298 4917 3396 4988 qui
3436 4931 3628 4988 poenas
3668 4907 3816 4964 scele-

488 5012 806 5064 merentur.
2219 5026 2346 5064 rum
2377 5011 2667 5066 solverunt
2707 5027 2964 5065 suorum.
3000 5011 3200 5064 Nonne
3248 5010 3336 5064 isti
3375 5011 3626 5064 tulerunt
3660 5003 3814 5071 culpae

553 5106 608 5157 2.
659 5103 786 5157 Hinc
829 5101 1019 5156 omnia
1063 5100 1121 5155 in
1157 5099 1462 5172 Scripturis
1509 5100 1716 5155 divinis
1759 5103 1856 5173 qui
1890 5105 2117 5174 quzrrit,
2220 5104 2486 5175 pretium,
2533 5108 2588 5158 et
2626 5105 2748 5174 jam
2798 5120 2915 5158 non
2961 5103 3181 5175 integra
3224 5104 3313 5158 his
3358 5119 3527 5174 poena
3565 5092 3815 5156 debetur?

486 5196 719 5252 invenit.
752 5197 895 5250 Nam
920 5194 1172 5265 primum
1193 5193 1330 5248 illud
1355 5198 1418 5248 ut
1440 5194 1498 5248 in
1527 5195 1719 5250 dolore
1746 5197 1958 5266 positos
1989 5215 2120 5252 con-
2219 5198 2434 5253 Clamat
2460 5214 2564 5268 per
2603 5198 2803 5252 Isaiam
2835 5197 3112 5253 Dominus
3143 5214 3154 5252 :
3191 5219 3217 5246 ι‹
3253 5194 3628 5252 Consolamini
3662 5202 3814 5261 popu-

485 5292 756 5358 solemur,
787 5290 951 5344 docet
994 5289 1091 5344 illa
1128 5304 1258 5358 quae
1299 5288 1357 5342 in
1389 5287 1532 5342 libro
1570 5289 1833 5344 Jeremiaa
1861 5291 2120 5348 ﬂebiliter
2219 5292 2337 5344 lum
2398 5307 2706 5346 meum.....
2770 5292 2906 5363 quia
2973 5290 3186 5362 recepit
3249 5291 3318 5345 de
3379 5305 3551 5343 manu
3615 5277 3811 5338 Domini

546 5475 612 5535 (5)
637 5475 782 5524 Edit.
819 5475 1019 5525 Aldina
1052 5479 1106 5525 et
1137 5473 1548 5538 Complutensis
1590 5473 1798 5525 habent
1838 5475 2098 5526 κατέδυσαν

2252 5489 2386 5539 gens
2415 5480 2606 5527 contra
2636 5476 2853 5536 Polum,
2884 5477 3028 5527 inter
3051 5475 3156 5526 alia
3185 5476 3374 5527 scribit
3407 5488 3418 5522 :
3451 5473 3543 5522 Καὶ
3569 5471 3654 5540 μὴν
3676 5463 3804 5540 δξτῖαλ·

484 5556 651 5597 sensu
679 5559 789 5594 non
821 5546 1062 5596 multum
1097 5537 1336 5596 diverso.

2253 5537 2338 5610 ίγή
2366 5564 2420 5608 γε
2447 5547 2590 5611 ἐφάνη
2615 5548 2786 5596 τούτου
2809 5546 2893 5596 τοῦ
2921 5547 3073 5596 κακθῦ
3100 5549 3152 5596 τό
3176 5549 3308 5606 δίκην
3336 5546 3571 5595 διδόναι...
3599 5539 3650 5588 τὸ
3763 5547 3805 5591 γε

545 5617 609 5680 (6)
640 5615 768 5666 Mss.
794 5630 905 5666 non
934 5617 1118 5680 pauci,
1143 5617 1227 5667 sui
1257 5615 1458 5666 erroris
1488 5615 1717 5679 pretium
1740 5616 2097 5668 vindicabatm

2251 5608 2508 5682 aetatm,
2539 5620 2720 5684 ἐμμονὴ
2743 5618 2826 5668 τοῦ
2855 5618 3026 5668 κακοῦ.
3061 5619 3146 5669 Ad
3176 5633 3300 5685 qum
3331 5617 3495 5671 verba
3530 5608 3803 5676 respexisse

480 5689 540 5740 in
563 5687 765 5754 plebem
795 5703 810 5737 :
836 5701 962 5752 quise
992 5689 1131 5738 forte
1159 5701 1422 5751 germana
1446 5687 1613 5738 lectio
1639 5691 1739 5737 est.
2215 5690 2572 5744 Ambrosium
2603 5691 2872 5745 credibile
2902 5697 3002 5743 est.

544 5759 612 5824 (7)
648 5758 767 5812 Hac
803 5757 869 5809 de
913 5771 970 5811 re
1014 5759 1136 5811 fuse
1173 5758 1417 5830 disputat
1454 5757 1608 5812 Plato
1657 5757 1714 5809 in
1761 5758 1985 5829 Gorgia,
2019 5758 2116 5814 ubi
