3930 6168
183 283 186 286 -
217 255 321 308 1329

1283 251 1637 310 EXPOSITIO
1677 253 1743 310 IN
1785 253 2099 312 PSALMUM
2141 256 2368 311 CXVIII.

3366 261 3498 312 1530

209 377 400 451 duplicia
444 379 664 448 peccata
712 377 861 447 (Isa.,
915 394 998 445 ιι,
1059 383 1108 443 1,
1162 381 1233 446 2).
1285 401 1312 425 ι»
1365 378 1571 434 Discite
1620 379 1767 435 unde
1788 379 2062 468 Aginem
2096 381 2246 451 turpi
2280 381 2572 435 necandus
2601 379 2789 436 illuvie
2821 389 3212 453 mergeretur:
3252 405 3278 431 ‹‹
3307 384 3496 438 Justus

208 475 324 530 Plato
375 473 482 526 hac
537 471 842 541 sumpserit
895 470 989 540 (8).
1049 470 1392 526 Eruditionis
1456 472 1641 543 gratia
1705 473 1764 526 in

203 570 455 637 .Egyptum
503 562 810 634 profectus,
859 567 920 617 ut
969 565 1172 634 Moysis
1227 570 1407 634 gesta,
1450 566 1593 636 legis
1637 583 1762 621 ora-

201 660 320 725 cula,
373 657 768 729 prophetarum
842 657 1014 729 digna
1085 664 1483 729 cognosceret,
1553 659 1768 714 audivit

198 753 586 808 consolationem
635 751 852 823 populi,
901 753 999 823 qui
1043 769 1217 823 supra
1268 752 1478 822 peccati
1532 753 1766 808 modum

198 846 439 902 videbatur
478 845 648 899 fuisse
693 845 944 915 punitus,
992 849 1049 900 et
1091 846 1242 900 hunc
1289 846 1476 900 locum
1521 846 1762 917 quadam

196 941 481 1011 adopertam
516 938 651 994 dote
688 939 992 994 verborum
1029 940 1089 993 in
1133 939 1424 1011 Dialognm
1455 941 1761 1008 transtulit,

195 1050 330 1105 quem
361 1032 571 1103 scripsit
605 1033 670 1086 de
706 1035 940 1088 Virtute.
981 1034 1164 1097 Quem
1195 1033 1385 1088 locum
1429 1037 1622 1088 tamen
1652 1035 1761 1088 Do-

192 1128 341 1184 minus
396 1127 451 1180 in
513 1127 816 1198 Evangelia
879 1126 1102 1197 plenius
1165 1128 1642 1198 comprehendit,
1709 1131 1766 1181 et

190 1222 396 1292 apertius
436 1220 756 1288 declaravit,
799 1220 990 1275 dicens
1033 1237 1137 1291 per
1175 1221 1418 1276 Abrahae
1463 1237 1764 1292 personam

186 1316 237 1369 ad
270 1314 394 1368 illud
438 1312 668 1368 divitem
717 1315 907 1369 saeculi
957 1314 1128 1385 hujus
1177 1331 1190 1368 :
1245 1314 1422 1381 «Fili,
1468 1315 1764 1370 recordare

185 1409 288 1480 quia
323 1409 576 1479 recepisti
616 1409 765 1462 bona
801 1408 856 1462 in
906 1408 1020 1462 vita
1068 1412 1182 1475 tua,
1211 1411 1270 1462 et
1307 1409 1543 1463 Lazarus
1572 1409 1765 1463 simili-

185 1511 249 1558 ter
293 1504 454 1571 mala;
495 1519 651 1558 nunc
705 1507 895 1558 autem
938 1503 1031 1557 hic
1077 1503 1522 1558 consolationem
1573 1503 1760 1570 habet,

184 1604 230 1651 tu
259 1613 373 1651 vero
408 1596 702 1666 cruciaris;
744 1601 800 1651 et
841 1597 899 1650 in
945 1597 1035 1650 his
1080 1596 1344 1651 omnibus
1386 1597 1539 1650 inter
1580 1613 1683 1650 nos
1710 1603 1767 1651 et

183 1708 256 1745 vos
278 1691 428 1745 chaos
455 1707 738 1761 magnum
776 1689 1066 1744 ﬁrmatum
1108 1695 1211 1757 est,
1250 1693 1316 1744 ut
1352 1689 1391 1743 ii
1430 1690 1529 1761 qui
1568 1691 1766 1744 volunt

183 1785 285 1838 hinc
324 1783 562 1839 transire
613 1783 682 1838 ad
735 1800 864 1849 vos,
921 1800 1036 1838 non
1091 1784 1336 1855 possint,
1399 1800 1586 1854 neque
1635 1763 1842 1838 indeB

180 1878 265 1932 huc
307 1883 654 1933 transmeare
703 1878 884 1948 (Luc.,
936 1894 1056 1943 xw,
1115 1881 1215 1946 25,
1268 1878 1374 1945 26).
1421 1899 1448 1925 »
1498 1876 1604 1931 Sed
1645 1877 1765 1947 jam

180 1972 426 2027 audiamus
485 1971 627 2042 quid
686 1972 873 2042 justus
940 1971 999 2025 in
1055 1969 1404 2026 consolando
1463 1988 1519 2025 se
1574 1971 1767 2042 loqua-

180 2071 263 2120 tur.

326 2161 489 2229 (νει-ε.
561 2159 706 2229 I37.)
765 2162 946 2215 Justus
1007 2175 1086 2226 es,
1149 2161 1393 2222 Domine,
1454 2166 1503 2214 et
1566 2164 1768 2212 rectum

173 2255 400 2321 judicium
443 2262 621 2308 tuum.
665 2253 949 2308 Mandasti
979 2254 1261 2322 justitiam
1309 2255 1606 2308 testimonia
1651 2258 1766 2315 tua,

181 2354 215 2401 et
261 2350 518 2403 ceritatem
587 2352 736 2402 tuam
795 2350 975 2401 nimis.
1046 2348 1188 2400 Vere
1245 2347 1432 2418 justus
1494 2345 1608 2412 vir,
1671 2345 1768 2416 qui

181 2442 388 2512 lacrymis
424 2441 744 2512 proﬂuens,
787 2441 1073 2496 involutus
1114 2439 1406 2507 aerumnis,
1440 2440 1602 2510 gravi
1644 2457 1769 2510 sup-

183 2536 305 2604 plicio
367 2536 580 2590 delicta
646 2537 1008 2606 persolvens,
1075 2551 1191 2588 non
1253 2533 1424 2588 taedio
1491 2533 1766 2599 vincitur,

1867 491 1945 540 es,
2007 475 2240 528 Domine
2295 475 2533 542 (Jerem.,
2590 492 2684 543 xu,
2743 477 2814 543 t).
2875 497 2901 523 ››
2957 476 3243 531 Clamabat
3287 478 3495 532 iterum

1867 585 1996 622 cum
2039 568 2197 622 victm
2242 569 2424 638 plebis
2468 568 2804 624 miserandis
2845 568 3087 623 servitiis
3131 576 3437 640 angeretur
3478 588 3490 622 :

1872 682 1898 710 ‹‹
1945 663 2132 716 Justus
2181 666 2266 716 est
2317 661 2608 730 Dominus,
2656 663 2792 733 quia
2841 679 2903 717 os
2952 663 3071 732 ejus
3121 661 3355 716 irritavit
3400 666 3493 732 (9).

1867 760 1908 810 A
1950 755 2089 810 foris
2127 755 2248 810 sine
2291 755 2420 809 filiis
2456 755 2610 822 fecit,
2653 759 2709 809 et
2750 757 2818 811 ab
2863 758 3017 810 intus
3056 772 3210 810 mors
3254 756 3493 825 (Thren.,

1869 865 1906 917 ι,
1940 851 2141 918 18-20}.
2175 870 2200 896 »
2236 848 2570 903 Clamabunt
2608 849 2824 904 Hebraei
2864 866 3014 916 cum,
3048 852 3285 921 propter
3318 849 3492 904 virtu-

1869 945 1981 996 tem
2025 942 2334 997 devotionis
2376 948 2433 996 et
2473 942 2606 996 ﬁdei
2652 943 2918 1013 gratiam,
2961 943 3202 997 fornacis
3245 942 3498 997 ardentis

1865 1036 2219 1090 ambirentur
2268 1036 2546 1090 incendiis
2601 1059 2610 1088 :
2669 1056 2696 1086 (ι
2752 1038 2940 1090 Justus
2993 1053 3071 1105 es,
3123 1037 3385 1103 Domine,
3437 1037 3495 1089 in

1867 1129 2133 1183 omnibus
2193 1146 2323 1200 quae
2378 1129 2559 1184 fecisti
2615 1130 2798 1199 (Dan.,
2859 1147 2933 1197 ιιι,
2991 1131 3110 1201 27);
3166 1151 3193 1179 »
3250 1135 3306 1183 et
3365 1129 3496 1184 ideo

1868 1229 2202 1277 meruerunt
2242 1229 2300 1278 ut
2330 1223 2487 1277 illaesi
2527 1217 2778 1293 ignibus,
2814 1224 3037 1278 Domini
3067 1223 3314 1294 justitias
3350 1240 3496 1293 prae-

1865 1316 2139 1371 dicarent.
2205 1317 2401 1372 Daniel
2471 1333 2699 1388 quoque
2762 1317 3045 1388 propheta
3117 1318 3368 1372 secundo
3435 1317 3496 1370 in

1865 1409 2051 1464 lacum
2086 1411 2291 1464 missus
2328 1412 2578 1479 leonum,
2619 1415 2676 1464 et
2715 1411 3054 1465 immanium
3093 1412 3348 1466 ferarum
3390 1428 3494 1465 sa:-

1868 1503 1998 1558 vitia
2046 1511 2217 1574 atque
2269 1505 2503 1558 horrore
2555 1505 2958 1572 circumdatus,
3005 1511 3156 1559 recta
3202 1504 3396 1558 omnia
3435 1505 3494 1557 in

1866 1602 2170 1668 conspectu
2207 1613 2327 1652 esse
2361 1597 2587 1652 Domini
2619 1599 3004 1668 imperterrito
3041 1599 3287 1652 clamore
3310 1597 3520 1667 jacta--

1866 1692 1963 1746 bat
2011 1693 2197 1760 (Dan.,
2251 1709 2323 1758 γι,
2367 1694 2477 1762 2‘2).
2524 1694 2691 1747 Jonas
2746 1693 2994 1746 inclusus
3041 1696 3204 1746 utero
3252 1691 3494 1759 bestiali,

1868 1785 2178 1840 anhelandi
2213 1785 2440 1856 spiritus
2477 1786 2565 1838 vix
2606 1785 2824 1840 habens
2865 1789 3287 1852 commeatum,
3313 1786 3499 1856 justus

1869 1880 2216 1948 injustorum
2270 1884 2419 1933 sorte
2473 1879 2800 1945 damnatus,
2855 1879 3141 1933 clamabat
3190 1879 3258 1933 de
3306 1885 3500 1934 ventre

1868 1974 1974 2029 ceti
2021 1973 2079 2027 in
2124 1973 2268 2027 mari
2311 1989 2323 2026 :
2378 1993 2405 2023 ί(
2447 1975 2586 2027 Cum
2633 1989 2765 2026 voce
2809 1973 2990 2028 laudis
3037 1977 3095 2027 et
3135 1972 3499 2027 confessionis

1868 2067 2125 2138 supplico
2173 2066 2272 2120 tibi
2323 2067 2505 2137 (Jonw,
2555 2084 2613 2132 ιι,
2662 2066 2765 2137 10).
2810 2090 2835 2116 ››
2885 2066 3052 2120 David
3100 2083 3230 2121 cum
3279 2068 3502 2137 fugeret

1869 2178 1900 2213 a
1950 2160 2092 2214 facie
2150 2160 2457 2214 Abessalon
2514 2160 2942 2230 parricidalibus
2993 2161 3170 2214 armis
3232 2164 3289 2214 et
3339 2160 3502 2213 terris

1870 2255 2084 2324 pulsus,
2124 2259 2182 2307 et
2224 2269 2401 2324 regno
2439 2270 2728 2324 egressus;
2770 2271 2898 2308 cum
2947 2271 3050 2324 pro
3090 2254 3262 2309 totius
3305 2253 3500 2325 populi

1871 2364 1928 2401 se
1984 2347 2213 2402 offerret
2261 2346 2513 2412 excidio,
2567 2347 2793 2401 dicebat
2847 2365 2860 2400 :
2919 2369 2943 2395 ι(
2999 2349 3190 2401 Justus
3247 2364 3338 2413 es,
3393 2348 3497 2400 Do-

1872 2442 2047 2507 mine,
2091 2446 2148 2495 et
2187 2448 2406 2496 rectum
2441 2440 2720 2510 judicium
2762 2445 2946 2495 tuum.
2983 2461 3009 2491 »
3043 2442 3184 2496 Grex
3227 2441 3501 2494 innocens

1869 2536 1976 2590 iste
2019 2534 2156 2606 quid
2195 2535 2373 2588 fecit?
2421 2537 2538 2604 Ego
2583 2541 2779 2605 pastor
2821 2535 2928 2589 feci
2973 2534 3308 2604 malignum,
3349 2533 3501 2603 apud

185 2646 263 2683 non
301 2634 448 2685 metu
489 2629 801 2700 frangitur,
841 2645 958 2683 non
999 2627 1194 2682 labore
1234 2628 1488 2695 lassatur,
1520 2643 1639 2682 non
1680 2626 1768 2681 in-
1863 2629 2086 2700 justum
2129 2630 2361 2694 .Deum,
2419 2644 2588 2698 poena
2641 2628 2711 2682 de
2777 2629 2958 2698 culpae
3024 2633 3256 2682 auctore
3311 2643 3500 2681 suma-

191 2729 360 2792 gratus,
410 2731 508 2778 aut
569 2723 748 2778 tristis
801 2728 902 2777 est.
955 2722 1297 2792 Plerumque
1353 2722 1509 2775 enim
1571 2721 1771 2789 vulgus

185 2817 430 2873 hominum
495 2834 604 2872 sua
658 2816 862 2872 delicta
912 2832 1027 2870 non
1082 2818 1388 2886 reputans,
1447 2815 1655 2885 injuste
1712 2831 1770 2870 se

181 2917 299 2980 putat
333 2913 582 2969 tolerare
624 2927 752 2983 quae
796 2910 1038 2982 patitur;
1067 2913 1124 2962 at
1164 2925 1298 2963 vero
1338 2909 1425 2962 vir
1451 2907 1636 2979 justus
1675 2908 1770 2979 qui

179 3021 215 3057 se
263 3007 433 3076 ipsum
489 3005 689 3061 statim
746 3006 805 3059 in
872 3003 1105 3058 exordio
1169 3001 1449 3057 sermonis
1511 3007 1768 3068 accusat,

173 3099 397 3165 justitiam
436 3098 672 3155 Domini
701 3097 992 3170 prmdicat,
1022 3096 1172 3168 quod
1203 3096 1423 3151 meritis
1453 3096 1565 3150 suis
1599 3096 1772 3166 digna

177 3193 393 3260 patiatur.
444 3192 700 3248 Dicendo
757 3195 946 3246 autem
1004 3191 1224 3260 justum
1279 3190 1485 3259 Deum,
1544 3189 1614 3242 de
1670 3205 1772 3243 sua

177 3287 364 3354 quidem
397 3285 684 3357 injustitia
714 3291 845 3340 ante
889 3282 1144 3356 1196
1183 3283 1539 3353 pronuntiat;
1578 3283 1674 3338 sed
1704 3283 1772 3336 de

172 3379 348 3446 justitia
381 3380 617 3436 Domini
659 3383 847 3450 sperat
883 3381 942 3432 et
975 3377 1218 3432 veniam.
1247 3379 1434 3432 Justus
1472 3377 1624 3431 enim
1659 3393 1771 3430 non

176 3488 355 3544 semper
411 3474 716 3541 irascitur;
778 3473 920 3527 sicut
979 3472 1131 3526 enim
1201 3471 1353 3525 ultor
1413 3471 1627 3542 culpae,
1695 3470 1773 3524 ita

175 3567 456 3623 moderator
513 3573 604 3622 est
656 3582 870 3638 pcenae;
927 3565 1068 3620 sicut
1129 3564 1335 3620 vindex
1388 3570 1770 3635 peccatorum,

176 3660 230 3714 ita
258 3666 646 3717 remnnerator
685 3667 767 3714 est
803 3659 1101 3726 virtutum,
1144 3659 1610 3729 optimorumque
1649 3673 1769 3710 me-

175 3754 388 3811 ritorum.
430 3755 546 3820 Qui
594 3754 712 3808 vult
754 3753 889 3807 dare
934 3752 1259 3824 praemium,
1303 3751 1474 3805 debet
1514 3756 1771 3821 spectare

175 3854 440 3918 certamen,
495 3848 638 3921 quia
686 3863 854 3902 nemo
907 3847 1028 3900 sine
1085 3845 1393 3900 certamine
1447 3847 1769 3899 coronatur.

173 3942 284 3997 Siuit
322 3961 456 4016 ergo
501 3959 612 3998 nos
653 3958 802 4012 saepe
845 3940 1077 4006 tentari,
1119 3939 1316 3994 volens
1347 3939 1501 4010 juste
1541 3938 1774 4009 praemia

171 4036 276 4092 dare
319 4037 565 4092 luctanti
618 4037 834 4107 utique,
886 4051 1004 4088 non
1054 4032 1380 4088 dormienti.
1432 4034 1556 4086 Non
1611 4033 1776 4086 decet

170 4131 428 4186 redimitos
471 4129 712 4186 ﬂoribus
758 4145 983 4194 corona,
1029 4128 1123 4182 sed
1169 4126 1628 4198 pulverulentos;
1668 4142 1774 4179 nec

169 4225 330 4280 molles
377 4224 631 4292 deliciis,
683 4222 781 4278 sed
831 4222 1004 4276 duros
1057 4220 1246 4275 labore
1299 4218 1556 4274 exercitii
1611 4221 1775 4273 ornat

169 4318 385 4374 victoria.
455 4303 461 4308 ’

225 4416 267 4466 6.
312 4415 498 4468 Justus
559 4427 698 4482 ergo
759 4410 818 4463 in
881 4409 1130 4464 adversis
1183 4407 1298 4462 suis
1339 4406 1623 4478 justitiam
1675 4406 1774 4462 Dei

1871 2729 1980 2777 tur.
2033 2725 2155 2793 Ipse
2208 2725 2372 2793 pater
2430 2722 2560 2776 tidei
2611 2723 2928 2788 Abraham,
2983 2739 3111 2776 cum
3165 2721 3237 2775 ad
3292 2721 3501 2775 immo-

1872 2816 2108 2870 landum
2156 2816 2357 2869 unicus
2399 2833 2429 2868 a
2475 2832 2609 2869 sene
2654 2816 2806 2869 ﬁlius
2846 2820 3194 2885 posceretur,
3244 2818 3502 2885 paternae

1872 2909 2093 2980 pietatis
2133 2910 2394 2964 aﬂ’ectum
2441 2909 2648 2964 divinae
2690 2909 3041 2964 confessione
3078 2908 3311 2979 justitiae
3356 2913 3499 2963 tem-

1872 3004 2135 3075 perabat,
2188 3003 2379 3058 dicens
2435 3021 2447 3058 :
2511 3025 2536 3050 «
2591 3005 2779 3057 Justus
2836 3020 2924 3071 es,
2979 3003 3252 3069 Domine;
3302 3024 3329 3052 ››
3390 3017 3504 3055 non

1873 3099 2024 3153 enim
2070 3098 2246 3169 poscis
2291 3098 2571 3164 alienum,
2616 3098 2712 3152 sed
2761 3105 2925 3152 tuum
2969 3097 3212 3168 reposcis
3252 3114 3263 3150 :
3310 3096 3501 3167 ipsum

1875 3192 1975 3246 tibi
2034 3192 2268 3246 restituo
2321 3208 2491 3263 quem
2550 3191 2770 3246 dedisti.
2830 3194 2988 3246 IIunc
3050 3191 3308 3245 imitatus
3361 3189 3500 3255 Job,

1875 3286 2165 3340 exstinctis
2213 3285 2426 3354 liberis,
2479 3285 2938 3356 patrimonioque
2988 3285 3232 3339 nudatus
3273 3283 3502 3349 amisso,

1875 3380 2151 3434 amictum
2188 3379 2273 3434 sui
2313 3379 2564 3450 corporis
2601 3379 2860 3433 scindens
2900 3378 3018 3432 ait:
3051 3399 3077 3425 ‹‹
3108 3377 3301 3432 Nudus
3336 3383 3505 3431 natus

1875 3490 2023 3541 sum,
2078 3473 2286 3540 nudus,
2338 3473 2548 3543 inquit,
2602 3476 2659 3525 et
2717 3473 2952 3527 moriar.
3005 3471 3277 3526 Dominus
3325 3470 3502 3535 dedit,

1877 3568 2152 3621 Dominus
2187 3566 2488 3621 abstulit...
2523 3565 2604 3620 Sit
2638 3581 2850 3620 nomen
2882 3565 3110 3619 Domini
3141 3564 3503 3619 benedictum

1875 3662 2008 3731 (Job,
2041 3677 2080 3729 ι,
2112 3664 2199 3726 2t,
2233 3663 2340 3728 22).
2377 3683 2403 3708 ››

1947 3759 1998 3808 7.
2047 3754 2256 3808 Omnes
2305 3770 2440 3824 ergo
2485 3753 2703 3823 justum
2755 3750 3054 3806 Dominum
3109 3751 3502 3821 praedicemus,

1877 3851 1933 3902 et
1965 3848 2065 3918 qui
2093 3847 2436 3902 moribunda
2472 3847 2732 3918 sepulcro
2768 3862 2869 3900 sua
2897 3844 3158 3900 membra
3191 3843 3502 3914 componit,

1877 3946 1934 3996 et
1964 3941 2064 4012 qui
2106 3941 2318 3995 damno
2358 3940 2586 4007 feritur,
2622 3944 2721 3994 aut
2761 3940 2961 3993 funere
3000 3938 3267 4003 filiorum,
3299 3936 3449 3990 dicat
3489 3951 3501 3988 :

1873 4038 2057 4091 Justus
2098 4051 2170 4097 es,
2211 4037 2449 4089 Domine.
2478 4033 2621 4098 Quid
2667 4033 2819 4088 enim
2855 4035 3116 4087 nostrum
3149 4029 3506 4085 amittimus?

1876 4129 2096 4184 Clamat
2132 4129 2436 4198 Apostolus
2479 4145 2492 4181 :
2535 4149 2562 4175 «
2599 4127 2743 4191 Quid
2782 4126 2958 4181 habes
2995 4125 3147 4196 quod
3191 4141 3309 4179 non
3347 4139 3502 4178 acce-

1875 4222 2007 4294 pisti
2047 4225 2086 4292 (I
2134 4222 2277 4284 Cor.,
2321 4239 2395 4288 xv,
2437 4222 2528 4288 7)?
2568 4243 2594 4270 »
2635 4221 2796 4285 Quod
2835 4220 3110 4275 habemus
3149 4235 3305 4290 ergo,
3347 4234 3506 4272 acce-

1875 4317 2095 4388 pimus;
2157 4316 2312 4387 quod
2378 4315 2554 4386 igitur
2611 4315 2958 4379 amittimus,
3013 4313 3336 4378 reddimus,
3392 4328 3507 4366 non

1877 4410 2213 4465 amittimus.
2256 4411 2444 4464 Justus
2491 4407 2742 4480 1197
2796 4407 3068 4462 Dominus
3114 4407 3171 4458 in
3218 4405 3503 4474 periculis,

171 4506 349 4562 laudat.
383 4507 492 4563 Sed
534 4522 649 4561 non
697 4506 802 4558 hoc
844 4503 1015 4558 sentit
1055 4501 1275 4556 amissis
1316 4501 1523 4556 teneris
1568 4504 1852 4574 parensD
1869 4505 2055 4576 justus
2111 4504 2170 4557 in
2228 4503 2471 4569 damnis,
2519 4503 2705 4572 justus
2758 4502 2814 4554 in
2871 4498 3180 4554 ultionibus
3234 4502 3336 4566 est,
3387 4513 3505 4551 non

171 4598 349 4668 liberis,
395 4618 518 4656 non
563 4601 870 4654 immaturo
919 4601 1112 4667 nuptm
1164 4595 1427 4649 viduatus
1469 4595 1773 4663 consortio,

172 4709 259 4748 non
298 4713 448 4767 aeger
493 4697 556 4750 in
608 4693 825 4759 dolore,
874 4707 992 4745 non
1043 4689 1349 4760 naufragus
1395 4688 1453 4742 in
1500 4687 1774 4759 periculo,

174 4803 264 4840 non
319 4806 448 4844 rens
513 4789 576 4842 in
632 4785 885 4858 judicio,
938 4800 1056 4839 non
1115 4783 1366 4854 captivus
1430 4782 1486 4836 in
1545 4783 1774 4853 laqueo.

172 4880 431 4938 Clamabat
483 4888 680 4936 tamen
734 4878 1042 4945 Jeremias,
1099 4893 1228 4931 cum
1289 4877 1492 4930 futurae
1551 4893 1774 4930 annun-

174 4974 294 5032 tians
331 4974 558 5048 populis
601 4973 935 5045 captivitatis
980 4986 1322 5037 aerumnam,
1361 4969 1417 5022 in
1465 4969 1568 5022 luti
1611 4985 1774 5022 vora-

221 5112 274 5168 (8)
294 5113 372 5162 De
398 5112 508 5161 hac
537 5109 783 5158 Platonis
808 5106 1153 5170 profectione
1197 5105 1253 5153 in
1283 5103 1602 5167 Egyptum,
1642 5116 1778 5166 pras-

177 5180 237 5226 ιρι·
271 5181 496 5245 Diogen.
543 5180 839 5240 Laertium,
882 5176 974 5226 lib.
1026 5189 1100 5236 ιιι,
1151 5175 1457 5238 loquuntur
1501 5175 1776 5237 Justinus,

179 5251 350 5302 Puram.
377 5255 448 5304 ad
478 5259 676 5317 gentes;
703 5251 952 5310 Hieron.,
981 5249 1137 5312 epist.
1163 5246 1231 5296 ad
1253 5247 1494 5304 Paulin.,
1522 5249 1776 5310 August,

179 5321 246 5370 lib.
274 5339 363 5375 vm
395 5328 470 5375 De
504 5325 646 5373 civit.
678 5324 786 5381 Dei,
819 5325 872 5372 et
906 5320 1015 5369 alii.
1049 5319 1247 5369 Strabo
1290 5322 1478 5368 autem
1520 5317 1617 5367 lib.
1661 5331 1777 5368 xvn

179 5396 401 5447 eumdem
446 5396 574 5446 istic
617 5395 777 5444 annis
818 5393 874 5443 l3
915 5406 1041 5443 cum
1086 5390 1355 5453 Egyptiis
1398 5389 1778 5439 sacerdotibus

181 5473 420 5517 versatum
471 5481 594 5518 esse
645 5467 941 5516 asseverat.
992 5463 1052 5512 Id
1094 5475 1223 5513 vero
1271 5459 1421 5524 quod
1468 5460 1537 5509 ab
1583 5460 1778 5510 eodem

183 5534 476 5602 philosopho
526 5539 581 5586 in
619 5536 762 5587 Dial.
815 5534 882 5584 de
922 5534 1126 5583 virtute
1163 5531 1492 5582 translatum
1537 5544 1660 5581 esse
1705 5531 1780 5602 ait

183 5601 494 5672 Ambrosius,
533 5623 643 5660 non
693 5607 802 5658 alio
841 5605 1188 5657 commodius
1235 5603 1458 5662 referas,
1502 5616 1669 5672 quam
1708 5601 1778 5652 ad

185 5675 255 5724 illa
285 5678 446 5731 νει-ὗε
482 5671 494 5727 ὲ
532 5680 642 5728 Olet
679 5695 768 5742 γαρ
805 5679 860 5726 ἂν
904 5674 1180 5740 Φερσεφόνα
1216 5675 1382 5724 ποινὰν
1423 5671 1628 5721 παλαιοῦ
1667 5673 1774 5720 πέν-

187 5745 266 5802 εεθς
312 5752 504 5812 δέξεται,
559 5754 621 5807 εἰς
674 5751 752 5799 τὸν
800 5749 994 5814 ὕπερθεν
1047 5749 1206 5805 ἅλιον,
1258 5745 1425 5794 κείνων
1481 5745 1630 5807 ενάτῳ
1685 5745 1778 5792 ἔτει.

187 5817 326 5868 ἐνδιδοῖ
374 5825 536 5887 ψυχὰν
581 5823 715 5872 πάλιν
768 5822 903 5870 ἑκτᾶν
965 5821 1192 5884 βασιλῇες
1247 5816 1440 5881 ἀγαθοὶ,
1487 5817 1568 5864 καὶ
1630 5815 1780 5864 σθένει

1877 4599 2062 4652 solum
2103 4597 2237 4667 quia
2276 4595 2663 4666 unusquisque
2692 4594 2844 4662 juste
2883 4593 3066 4664 culpa:
3101 4608 3217 4646 suae
3258 4591 3508 4662 pretium

1877 4691 2002 4760 luit,
2031 4706 2230 4744 verum
2258 4689 2434 4743 etiam
2465 4688 2599 4759 quia
2637 4687 2778 4741 dum
2812 4703 2954 4741 unus
2994 4685 3248 4757 punitur,
3277 4685 3507 4755 plurimi

1879 4785 2262 4855 corriguntur.
2295 4781 2542 4836 Ananias
2582 4782 2641 4835 in
2673 4780 2903 4835 Actibus
2940 4780 3323 4851 apostolorum
3354 4779 3504 4831 frau-

1880 4878 1993 4932 dati
2022 4877 2187 4948 pretii
2225 4876 2378 4947 quod
2404 4876 2473 4930 de
2511 4875 2633 4946 agri
2661 4875 2747 4929 sui
2788 4874 3115 4928 venditione
3155 4872 3506 4943 perceperat,

1878 4972 2094 5026 crimen
2138 4970 2367 5024 admisit
2409 4970 2575 5039 (Act.,
2623 4987 2675 5038 v,
2731 4969 2874 5039 1-5);
2920 4967 3015 5038 qui
3059 4969 3320 5036 potuerat
3364 4961 3504 5016 nihil

1879 5107 2113 5171 κραιπνοὶ,
2167 5105 2311 5168 σοφίᾳ
2360 5120 2409 5152 τε
2458 5104 2670 5166 μέγιστοι
2715 5103 2877 5166 ἄνδρες
2920 5101 3155 5156 αὔξονται,
3180 5099 3257 5171 ‘in
3289 5096 3508 5171 quibus

1882 5166 2063 5227 verbis
2120 5166 2429 5237 ἀναμνήσεως
2482 5175 2823 5225 ΡΙᾶιοιιὶειιιιΒ
2871 5175 3120 5220 versatur
3169 5166 3507 5216 fundamen-

1882 5252 2017 5298 tum.

1939 5320 2004 5381 (9)
2049 5319 2127 5368 lta
2173 5331 2323 5379 mss.;
2368 5318 2498 5368 edit.
2543 5329 2672 5366 vero
2715 5314 2887 5364 multa
2925 5312 3018 5361 hic
3062 5311 3418 5360 inseruerunt
3452 5309 3507 5358 in

1878 5403 2006 5440 eum
2044 5388 2272 5440 modum
2313 5403 2322 5435 :
2362 5391 2498 5450 Quia
2533 5402 2588 5438 os
2627 5389 2736 5450 ejus
2769 5385 2840 5434 ad
2882 5383 3225 5432 iracundiam
3269 5381 3507 5430 irritavi.

1877 5461 1949 5510 Et
1973 5460 2077 5510 sub
2123 5460 2231 5509 alia
2268 5461 2486 5509 littera:
2518 5458 2600 5507 Ita
2639 5458 2770 5506 foris
2812 5456 2933 5504 sine
2980 5454 3110 5503 ﬁliis
3153 5452 3300 5514 fecit,
3339 5457 3400 5501 ut
3441 5451 3510 5500 ab

1879 5532 2032 5580 intus
2056 5545 2204 5580 mors
2237 5545 2247 5578 :
2281 5531 2402 5581 Hoc
2436 5533 2536 5590 est,
2581 5530 2723 5578 sicut
2767 5528 2823 5575 in
2868 5524 3123 5589 paradiso
3163 5523 3312 5580 fecit,
3345 5524 3417 5571 ita
3455 5527 3511 5571 et

1879 5602 1937 5652 in
1985 5603 2152 5665 hujus
2203 5601 2396 5651 seaculi
2450 5612 2754 5649 aerumnam
2807 5597 3055 5647 desaevit.
3113 5594 3324 5644 Invidia
3371 5594 3510 5642 enim

1881 5673 2082 5723 diaboli
2119 5685 2259 5722 mors
2295 5671 2530 5720 introivit
2567 5671 2624 5718 in
2669 5668 2846 5718 orbem
2891 5672 3185 5719 terrarum.
3221 5666 3401 5716 Justus
3439 5678 3509 5719 es,

1881 5747 2119 5796 Domine.
2147 5743 2482 5801 Clamabunt,
2515 5745 2622 5791 atc.
