3930 6168
451 251 583 303 1531

1924 254 1983 307 S.
2024 252 2337 341 AM‘BROSII

3630 272 3739 326 1532

437 371 661 442 offerre,
691 378 749 428 et
779 373 995 429 crimen
1026 376 1290 430 evadere.
1325 377 1534 432 Verum
1560 394 1633 433 ne
1671 379 1798 450 quis
1835 380 2072 450 impune
2096 389 2153 462 Α
2173 393 2276 448 pro
2299 376 2432 432 ﬁliis
2458 379 2625 434 Israel
2656 382 2863 447 (Num,
2893 397 3024 450 xxv,
3057 385 3140 449 11,
3173 383 3279 445 13).
3303 403 3329 432 ››
3355 386 3501 440 Casa
3516 387 3746 457 jacebant

438 466 987 522 circumscribendos
1021 471 1307 539 apostolos
1343 471 1735 541 arbitraretur,
1768 477 1864 528 aut
1902 474 2071 530 mise-

438 558 701 614 ricordia
756 577 873 615 sua
924 577 1133 617 munus
1181 563 1384 620 fraude
1440 566 1853 622 contaminaret
1900 568 2070 638 perti-

437 651 575 721 dia,
632 654 806 708 morti
867 655 1122 711 addictus
1176 661 1408 714 aterna
1468 660 1600 731 (10),
1653 661 1947 716 universos
1999 662 2073 716 ad

437 745 575 800 ﬁdei
641 747 890 803 studium
945 750 1100 820 justo
1168 757 1388 807 terrore
1453 756 1791 826 composuit.
1848 756 2070 811 Pharao

439 855 568 894 cum
611 842 822 912 populo
862 859 964 898 suo
1007 844 1273 900 ﬂuctibus
1316 863 1552 915 mersus,
1589 850 1894 904 mundana
1932 866 2068 905 con-

439 934 776 989 versationis
825 939 1153 1009 exemplum
1198 944 1312 1008 est;
1359 958 1433 995 ne
1480 941 1606 1013 quis
1649 942 1748 997 Dei
1791 944 2072 1015 populum

439 1033 837 1098 persequatur.
883 1032 1140 1103 Denique
1188 1034 1372 1105 potuit
1416 1051 1549 1089 eum
1595 1036 1744 1091 Deus
1790 1038 2071 1093 voluntati

437 1136 557 1175 sua
576 1120 762 1178 facere
788 1123 1179 1195 obedientem;
1204 1128 1303 1182 sed
1329 1128 1451 1198 ejus
1477 1145 1644 1199 poena
1671 1146 1869 1185 omnes
1895 1131 2072 1187 voluit

440 1216 759 1271 emendari.
801 1218 1043 1290 Ideoque
1074 1220 1212 1275 dicit
1248 1220 1320 1275 ad
1350 1237 1483 1277 eum
1521 1224 1792 1279 Dominus
1820 1241 1833 1280 :
1865 1245 1893 1275 «
1926 1225 2072 1291 Quia

438 1308 507 1362 ad
539 1309 647 1364 hoc
675 1310 865 1381 ipsum
897 1316 949 1366 te
980 1312 1261 1381 suscitavi,
1289 1319 1355 1370 ut
1380 1317 1679 1372 ostendam
1716 1319 1776 1373 in
1812 1323 1867 1375 te
1892 1321 2067 1375 virtu-

438 1406 559 1456 tem
600 1420 814 1473 meam,
852 1409 909 1460 et
945 1408 1318 1463 annuntietur
1356 1426 1569 1465 nomen
1599 1428 1796 1467 meum
1835 1414 1895 1467 in
1935 1416 2067 1470 uni-

439 1511 597 1550 versa
634 1503 787 1552 terra
821 1500 1036 1568 (Emod.,
1078 1517 1152 1569 ix,
1196 1504 1304 1573 16).
1338 1526 1365 1553 ››
1398 1506 1518 1559 Νοιι
1552 1505 1751 1577 utique
1792 1508 2070 1564 Dominus

438 1604 554 1643 sua
606 1589 822 1659 laudis,
874 1594 970 1648 sed
1025 1598 1236 1651 nostra
1289 1598 1660 1654 correctionis
1712 1600 2068 1658 incrementa

438 1683 748 1752 quaerebat.

510 1778 564 1830 8.
621 1777 829 1834 Omnes
892 1796 1030 1851 ergo
1082 1783 1365 1855 sapientes
1420 1786 1615 1841 dicunt

438 1871 693 1933 Domine,
749 1879 805 1926 et
852 1880 1054 1930 rectum
1092 1877 1369 1945 judicium
1432 1884 1610 1948 tuum;
1667 1898 1855 1954 neque
1915 1884 2070 1939 enim

438 1963 721 2019 tradimur
767 1966 1105 2023 adversariis
1158 1971 1279 2025 sine
1335 1973 1554 2042 judicio
1617 1975 1824 2046 ipsius,
1881 1994 2070 2050 neque

440 2056 563 2111 sine
604 2058 782 2128 ipsius
818 2061 1035 2131 judicio
1079 2063 1138 2117 in
1183 2064 1575 2123 tribulationes
1619 2070 1901 2126 venimus.
1944 2074 2072 2128 Hac

431 2149 719 2220 justorum
748 2160 830 2208 est
860 2156 1168 2212 consolatio
1202 2174 1215 2212 :
1250 2159 1355 2215 hoc
1390 2165 1476 2215 est
1511 2163 1737 2218 Domini
1764 2165 2068 2235 judicium.

441 2244 702 2316 Denique
752 2251 808 2302 et
857 2265 1024 2320 supra
1070 2250 1242 2307 habes
1290 2269 1303 2308 :
1354 2257 1557 2311 Memor
1607 2260 1699 2325 fui
1735 2238 2072 2327 judiciorum

438 2341 672 2402 tuorum.
716 2357 836 2410 qua
878 2359 912 2397 a
954 2347 1142 2400 saeculo
1185 2352 1334 2410 sunt,
1380 2354 1431 2403 et
1472 2366 1554 2404 me
1603 2353 1903 2407 consolatus
1948 2370 2068 2408 sum

443 2430 654 2501 (Supr.,
686 2450 827 2489 vers.
863 2438 971 2507 52).
999 2439 1257 2495 Advertis
1282 2457 1420 2513 ergo
1447 2443 1578 2515 quia
1597 2444 1819 2515 judicia
1847 2447 2070 2501 Domini

439 2526 853 2584 consolationes
881 2534 1032 2586 sunt.

512 2622 563 2673 9.
603 2619 776 2690 (Vers.
822 2625 967 2693 138.)
1007 2627 1290 2683 Mandasti
1311 2628 1590 2696 justitiam
1628 2634 1936 2688 testimonia
1974 2640 2071 2690 tua

439 2717 491 2767 et
532 2716 815 2771 veritatem
861 2722 1013 2773 tuam
1060 2723 1243 2776 nimis.
1293 2723 1497 2777 Utrum
1548 2724 1717 2780 nimis
1765 2728 2067 2797 mandasti,

438 2821 513 2860 an
551 2808 789 2863 nimiam
830 2811 1162 2868 veritatem?
1195 2815 1307 2870 Sed
1345 2820 1404 2870 et
1442 2817 1620 2873 nimia
1648 2819 1854 2875 veritas
1897 2823 2071 2892 plena

438 2900 640 2969 laudis,
669 2908 725 2957 et
753 2904 997 2960 nimium
1026 2908 1297 2963 mandare
1336 2911 1704 2981 providentia
1732 2919 1902 2985 atque
1933 2932 2067 2970 cau-

440 2995 568 3049 tela
621 3001 725 3051 est.
775 2999 998 3053 Etenim
1048 3001 1310 3056 inﬁrmos
1357 3009 1629 3073 noverat;
1679 3006 1807 3061 ideo
1866 3009 2069 3079 sapius

441 3087 809 3158 admonebat,
840 3097 905 3146 ut
929 3108 1047 3147 non
1075 3094 1563 3152 obliviscerentur.

514 3184 599 3236 10.
639 3183 815 3253 (Vers.
854 3186 993 3257 139.)
1033 3187 1305 3258 Sequitur
1343 3207 1537 3246 versus
1576 3193 1776 3247 tertius
1819 3198 2067 3265 :Earqui-

364 3292 371 3295 ·
438 3277 566 3329 sivit
603 3291 686 3330 me
724 3278 873 3333 zelus
902 3281 1005 3351 (11)
1043 3281 1234 3337 domus
1275 3288 1409 3350 tua;
1452 3288 1711 3354 quoniam
1752 3289 1908 3343 obliti
1942 3296 2071 3345 sunt

435 3369 717 3424 verborum
760 3376 976 3428 tuorum
1016 3377 1223 3431 inimici
1268 3380 1390 3432 mei.
1431 3379 1529 3433 Est
1570 3380 1719 3435 zelus
1762 3382 1833 3436 ad
1874 3382 2065 3450 vitam,

440 3465 500 3516 et
531 3468 616 3518 est
654 3464 804 3519 zelus
836 3467 907 3521 ad
945 3473 1214 3524 mortem.
1242 3470 1328 3525 Ad
1366 3472 1539 3528 vitam
1574 3474 1728 3529 zelus
1756 3480 1840 3530 est
1880 3476 2069 3531 divina

439 3562 727 3628 praecepta
763 3576 1006 3629 servare,
1043 3568 1100 3617 et
1130 3579 1324 3620 amore
1368 3566 1591 3622 Domini
1628 3568 1748 3639 ejus
1784 3571 2068 3625 custodire

440 3651 732 3720 mandata,
763 3657 825 3707 ut
862 3654 998 3710 fecit
1034 3656 1293 3726 Phinees,
1325 3660 1395 3713 de
1426 3676 1538 3731 quo
1573 3660 1817 3732 legimus
1857 3664 1917 3717 in
1955 3665 2065 3718 Nu-

440 3744 634 3813 meris,
668 3744 893 3802 dicente
925 3749 1166 3805 Domino
1199 3751 1272 3806 ad
1303 3753 1526 3824 Moysen
1554 3771 1567 3809 :
1601 3776 1628 3804 ‹‹
1658 3755 1893 3811 Phineas
1920 3756 2067 3812 ﬁlius

435 3838 668 3894 Eleazar
726 3840 831 3895 ﬁlii
897 3846 1085 3898 Aaron
1154 3846 1465 3900 sacerdotis
1529 3848 1748 3903 sedavit
1808 3849 2068 3905 furorem

436 3948 632 3986 meum
683 3950 717 3988 a
766 3934 895 4009 ﬁliis
945 3937 1136 4004 Israel,
1190 3939 1251 3992 in
1301 3956 1367 3994 eo
1420 3941 1574 4011 quod
1631 3942 1934 3998 aemulatus
1982 3948 2070 3999 est

438 4026 618 4080 zelum
666 4043 865 4082 meum
917 4029 976 4083 in
1029 4030 1155 4097 illis,
1209 4038 1266 4087 et
1320 4050 1433 4087 non
1485 4037 1877 4091 consummavi
1923 4037 2070 4092 ﬁlios

436 4120 609 4173 Israel
637 4120 693 4174 in
726 4121 844 4175 zelo
876 4137 1033 4192 meo,
1065 4124 1209 4179 sicut
1240 4126 1375 4181 dixi.
1411 4128 1548 4183 Ecce
1575 4146 1682 4200 ego
1714 4130 1785 4185 do
1813 4130 1863 4186 ei
1894 4134 2067 4187 testa-

436 4214 698 4267 mentum
723 4214 895 4285 pacis,
924 4218 985 4269 et
1021 4217 1128 4272 erit
1160 4218 1241 4272 illi
1281 4221 1578 4276 etsemini
1617 4223 1739 4293 ejus
1778 4230 1904 4295 post
1938 4241 2069 4279 eum

437 4309 847 4363 testamentum
912 4312 1212 4366 sacerdotii
1264 4316 1570 4383 aternum,
1623 4321 1861 4387 propter
1917 4317 2071 4390 quod

438 4400 739 4457 aemulatus
789 4407 875 4458 est
924 4404 1106 4459 Deum
1158 4422 1346 4476 suum,
1394 4414 1452 4463 et
1494 4425 1609 4464 non
1656 4411 1910 4464 exoravit
1960 4412 2067 4483 (t2)

2174 471 2373 542 viginti
2416 478 2663 544 quatuor
2701 474 2877 529 millia
2918 477 3281 546 populorum,
3323 479 3570 534 tendebat
3609 499 3744 552 pana

2173 564 2234 619 in
2267 581 2487 633 omnes,
2520 583 2627 621 nec
2658 568 2803 622 ullus
2830 568 2960 623 ﬁnis
2984 569 3158 623 exitii.
3188 570 3429 641 Arripuit
3452 572 3745 632 siromasten

2172 659 2434 729 Phinees,
2478 660 2617 715 duos
2657 662 2856 717 occidit
2896 662 3200 717 interdicta
3244 662 3346 717 sibi
3386 669 3749 725 consuetudine

2173 753 2478 823 copulatos,
2526 754 2767 810 redemit
2812 771 3032 824 omnes,
3081 756 3519 828 indignationem
3557 761 3752 817 Domini

2169 845 2471 917 mitigavit,
2501 847 2657 903 dedit
2690 849 2986 904 victoriam
3027 850 3235 921 quibus
3262 850 3502 922 negabat
3527 853 3750 909 salutem.

2174 938 2353 1003 Quam
2380 941 2641 996 salutaris
2667 948 2753 997 est
2779 943 2955 1013 igitur
2979 943 3075 999 Dei
3102 944 3292 998 zelus?

2245 1031 2501 1107 1198
2555 1037 2641 1089 11.
2692 1036 2814 1090 Non
2867 1036 3034 1090 unius
3088 1036 3361 1108 temporis
3411 1036 3540 1092 illud
3585 1037 3756 1094 vitium

2171 1125 2296 1193 fuit,
2335 1131 2391 1181 et
2440 1144 2591 1182 nunc
2629 1129 2950 1185 Madianitis
2994 1130 3265 1185 miscetur
3290 1131 3495 1185 Judao.
3520 1132 3756 1187 Madiani-

2169 1218 2242 1274 tis
2270 1225 2353 1275 est
2381 1236 2508 1292 qua
2540 1223 2695 1277 nullo
2734 1228 2817 1278 est
2846 1223 3038 1278 uxoris
3075 1222 3346 1294 legitima
3379 1226 3621 1296 copulata
3645 1243 3758 1282 con-

2163 1313 2349 1385 jugio,
2395 1316 2550 1370 nullo
2601 1315 2737 1371 ﬁdei
2790 1317 3091 1387 conjuncta
3139 1317 3439 1372 consortio.
3486 1318 3763 1374 Madianitis

2172 1409 2258 1460 est
2285 1407 2682 1465 hareticorum
2708 1410 2949 1481 perﬁdia
2967 1453 2981 1481 ,
3011 1427 3141 1465 cum
3168 1411 3439 1483 populum
3467 1411 3558 1466 Dei
3585 1416 3759 1467 tentet.

2169 1500 2352 1564 Quam
2382 1502 2574 1557 multis
2609 1504 2833 1575 populis
2866 1504 3140 1559 meretrix
3182 1503 3293 1559 ista
3330 1504 3512 1560 feralis
3547 1504 3764 1576 irrepsit,

2172 1608 2301 1664 qua
2362 1596 2590 1666 publico
2653 1597 2854 1653 funere
2918 1600 3107 1652 totum
3168 1599 3443 1670 populum
3506 1599 3765 1653 communi

2169 1690 2359 1743 morte
2408 1690 2737 1745 tumulavit!
2784 1692 2923 1747 Veni
2973 1696 3030 1746 et
3077 1707 3250 1760 nunc,
3306 1690 3559 1758 Phinees,
3605 1692 3767 1763 arripe

1669 1807 1683 1842 ε
1736 1792 1922 1846 Justus
1981 1792 2067 1854 es"
2091 1761 2148 1832 Β
2174 1779 2429 1851 gladium
2464 1784 2641 1853 verbi,
2677 1784 2931 1840 interﬁce
2972 1783 3297 1856 perﬁdiam,
3325 1784 3582 1856 jugulato
3608 1761 3767 1840 hare-

2172 1884 2307 1951 sim;
2348 1898 2420 1935 ne
2465 1883 2698 1950 propter
2738 1895 2868 1934 eam
2916 1878 3159 1950 populus
3202 1878 3496 1933 universus
3535 1878 3767 1933 intereat.

2172 1979 2350 2049 Urget
2390 1974 2475 2030 ira
2519 1972 2774 2041 caelestis,
2820 1976 3053 2045 percute
3101 1973 3288 2044 ipsam
3331 1972 3549 2027 vulvam
3589 1970 3767 2042 impie-

2173 2071 2332 2138 tatis,
2388 2066 2922 2140 generatoriumque
2975 2065 3259 2137 perﬁdia;
3316 2082 3388 2120 ne
3440 2072 3628 2136 partus
3674 2066 3769 2119 for-

2172 2166 2360 2221 metur
2414 2161 2628 2231 infelix,
2680 2177 2754 2215 ne
2804 2159 3127 2214 adulterina
3177 2159 3470 2231 conceptio
3524 2157 3773 2213 diffundat

2173 2256 2542 2313 seminarium
2570 2253 3051 2326 pravaricationis
3076 2258 3133 2308 et
3156 2253 3419 2320 sceleris;
3447 2258 3509 2307 ut
3533 2252 3775 2307 Dominus

2171 2357 2363 2407 tecum
2393 2351 2608 2405 statuat
2644 2349 3049 2403 testamentum
3082 2346 3259 2417 pacis,
3300 2351 3357 2401 et
3397 2348 3773 2401 testamentum

2173 2444 2406 2517 gratia,
2472 2445 2880 2497 testamentum
2952 2440 3407 2511 promissionum
3471 2438 3771 2494 caelestium.

2171 2538 2368 2594 Zelum
2419 2536 2631 2592 habere
2686 2534 2862 2589 debet
2914 2533 3205 2601 sacerdos,
3262 2534 3363 2605 qui
3416 2533 3775 2603 incorruptam

2171 2647 2393 2688 servare
2436 2631 2627 2685 studet
2669 2624 2931 2683 Ecclesia
2976 2627 3329 2697 castitatem;
3373 2632 3429 2683 et
3472 2627 3597 2682 ideo
3638 2625 3776 2680 Prin-

2170 2742 2301 2797 ceps
2337 2723 2692 2779 sacerdotum
2730 2720 2916 2776 dixit:
2960 2740 2987 2770 ‹‹
3023 2721 3183 2776 Zelus
3227 2720 3435 2776 domus
3476 2724 3587 2775 tua
3627 2718 3777 2773 devo-

2168 2819 2314 2875 ravit
2353 2834 2445 2874 me
2491 2817 2597 2887 (13)
2640 2815 2803 2885 (Psal.
2846 2830 3029 2882 vani,
3067 2816 3160 2883 10;
3202 2817 3388 2877 Joan.,
3431 2831 3487 2883 ιι,
3527 2814 3628 2884 17).
3662 2834 3687 2862 ››
3725 2813 3783 2865 Et

2169 2913 2415 2968 Phineas
2451 2909 2706 2965 sacerdos
2733 2913 2874 2976 erat,
2902 2911 2960 2963 et
2996 2903 3171 2979 nepOs
3202 2908 3533 2978 sacerdotis,
3561 2910 3615 2961 et
3651 2905 3780 2960 ﬁlius

2169 3005 2497 3061 sacerdotis.
2554 3003 2739 3057 Bonus
2800 3002 2984 3069 zelus,
3038 3008 3096 3056 et
3155 3002 3315 3057 utilis
3368 3002 3427 3056 in
3486 3000 3779 3062 sacerdote;

2090 3098 2454 3200 Cpracipue
2508 3114 2579 3153 ne
2632 3095 2952 3167 negligens,
3009 3110 3080 3149 ne
3137 3095 3413 3150 remissus
3467 3094 3556 3149 sit.
3608 3092 3782 3148 Melius

2171 3195 2258 3247 est
2286 3195 2349 3246 ut
2387 3191 2551 3246 unius
2585 3193 2683 3245 aut
2720 3190 2967 3244 duorum
3006 3188 3379 3244 damnatione
3416 3186 3642 3259 plurimi
3666 3185 3785 3240 libe-

2170 3290 2605 3356 rentur,.quam
2652 3283 2900 3338 duorum
2944 3281 3306 3337 absolutione
3352 3283 3543 3354 plures
3581 3277 3781 3353 pericli-

2170 3386 2382 3435 tentur.

2242 3476 2326 3527 12.
2356 3472 2685 3541 quuisivit,
2712 3469 2920 3541 inquit,
2951 3484 3033 3524 me
3069 3470 3214 3524 zelus
3256 3470 3450 3524 domus
3480 3473 3603 3522 tua.
3637 3463 3785 3519 Vides

2169 3566 2300 3638 quia
2340 3566 2491 3619 zelus
2524 3563 2621 3620 Dei
2660 3563 2844 3633 gratia
2885 3565 2991 3629 est,
3032 3562 3130 3633 qui
3170 3563 3444 3633 exquirit,
3482 3562 3579 3633 qui
3617 3573 3788 3630 super-

2168 3660 2342 3729 venit,
2375 3658 2473 3730 qui
2515 3674 2575 3712 se
2612 3656 2752 3727 justi
2794 3654 3045 3710 infundit
3087 3657 3326 3727 pectori.
3362 3657 3525 3711 Zelus
3562 3653 3654 3709 Dei
3690 3652 3785 3705 vita

2171 3756 2273 3807 est.
2313 3752 2569 3822 Denique
2610 3750 2883 3805 Dominus
2910 3750 2990 3803 ait
3027 3766 3040 3802 :
3079 3750 3234 3805 Zelus
3276 3751 3466 3805 domus
3507 3756 3611 3803 tua
3641 3748 3787 3801 devo-

2166 3849 2314 3901 ravit
2355 3861 2457 3901 me.
2504 3845 2659 3899 Sicut
2701 3843 2860 3898 enim
2911 3846 3042 3897 ante
3091 3843 3149 3896 in
3199 3843 3384 3898 Adam
3437 3841 3787 3897 devoraverat

2168 3939 2461 3995 hominem
2525 3953 2680 3993 mors
2741 3937 3083 4008 pravalens,
3138 3936 3215 3990 ita
3272 3938 3430 3991 zelus
3485 3933 3787 3997 devoravit,

2170 4048 2344 4104 quem
2394 4030 2693 4086 viviﬁcavit
2739 4029 2799 4084 in
2849 4029 3089 4084 Christo.
3138 4028 3339 4085 Zelum
3387 4030 3591 4084 habuit
3638 4027 3787 4091 Elias,

2169 4131 2226 4181 et
2278 4126 2408 4182 ideo
2460 4130 2659 4197 raptus
2710 4123 2784 4178 ad
2831 4125 3038 4179 calum
3091 4128 3193 4177 est.
3251 4143 3280 4171 ‹‹
3333 4123 3554 4190 Zelans,
3599 4119 3789 4192 inquit,

2169 4220 2337 4277 zelavi
2379 4219 2685 4274 Dominum
2720 4218 2805 4288 (Ill
2841 4221 2994 4287 Reg.,
3027 4234 3135 4284 nx,
3176 4218 3283 4289 10).
3316 4239 3345 4269 »
3375 4218 3574 4271 Zelum
3613 4211 3792 4269 habuit

2169 4313 2461 4369 Matathias
2528 4313 2778 4366 Butanus
2836 4310 2963 4383 (14),
3019 4310 3115 4382 qui
3179 4310 3451 4365 adversus
3514 4306 3792 4377 sacrilegia

2169 4406 2431 4463 Antiochi
2470 4405 2729 4461 excitavit
2768 4404 2868 4459 Dei
2910 4403 3156 4475 plebem.
3192 4404 3391 4459 Zelum
3434 4404 3535 4476 qui
3577 4402 3790 4464 habent,

498 4523 592 4585 (10)
650 4524 797 4575 Edit.
853 4530 982 4587 vet.,
1031 4528 1192 4578 morti
1240 4529 1478 4581 addictos
1548 4537 1753 4582 aeterna:
1812 4533 2056 4597 perﬁdos.

2177 4531 2300 4580 satis
2323 4526 2624 4578 verisimile
2666 4528 2724 4576 in
2764 4524 2887 4576 cod.
2928 4525 3094 4576 Amb.
3120 4539 3218 4590 pro
3259 4525 3442 4583 ἐξέτηξέ
3487 4542 3545 4589 με
3585 4526 3612 4572 ὁ
3652 4524 3791 4582 ζῆλος,

434 4592 615 4653 Rom.,
664 4597 823 4645 morti
874 4597 1103 4649 addictis
1142 4605 1349 4649 aeterna
1395 4601 1627 4665 perﬁdis.
1675 4592 1883 4654 Verum
1909 4592 2064 4655 'satis

436 4668 664 4726 apparet
705 4666 766 4740 id
814 4668 889 4740 ita
926 4670 1320 4740 concinnatum
1358 4672 1531 4723 fuisse
1573 4674 1644 4724 ab
1690 4675 1756 4725 iis
1800 4678 1895 4740 qui
1939 4682 2066 4740 post

434 4747 636 4784 nomen
686 4737 918 4817 Ananiae
971 4738 1262 4803 Sapbiram
1314 4756 1571 4817 quoque,
1607 4747 1767 4808 cujus
1814 4737 1966 4797 nulla
2007 4749 2064 4798 in

434 4818 568 4880 mss.
606 4808 955 4880 mentioﬁt.
1000 4823 1112 4873 quo
1154 4814 1279 4873 jure
1330 4808 1512 4877 quave
1560 4816 1762 4880 injuria
1815 4819 1871 4867 in
1934 4818 2063 4869 edit.

433 4875 721 4926 intrudere
768 4878 1083 4929 voluerunt.
1132 4883 1240 4932 Nos
1286 4875 1470 4934 locum
1515 4900 1583 4937 ex
1617 4875 1766 4939 'mss.
1815 4891 2066 4941 omnium

434 4946 547 4996 ﬁde
589 4952 1069 5025 reprasentamus.
1116 4952 1280 5014 Quod
1318 4969 1449 5007 vero
1493 4958 1692 5009 iisdem
1732 4961 2069 5025 conjugibus

437 5032 678 5081 quorum
715 5020 791 5071 ibi
830 5022 1060 5081 crimen,
1091 5025 1289 5075 nullibi
1328 5041 1458 5076 vero
1495 5020 1856 5091 pauitantia;
1882 5020 2068 5082 dvecla-

436 5096 605 5153 ratur,
635 5096 867 5142 mortem
892 5099 1157 5143 aeternam
1196 5096 1368 5147 fuisse
1399 5099 1668 5150 inﬂictam
1704 5103 1899 5152 asserit
1935 5105 2070 5152 Am-

436 5161 759 5236 brosius,4in
789 5179 855 5236 eo
894 5165 1123 5228 quidem
1158 5167 1228 5216 ab
1263 5168 1499 5231 Origene
1540 5173 1777 5236 aliisque
1819 5173 2072 5223 nonnul-

440 5232 512 5307 lis
537 5234 791 5284 Patribus
817 5235 1073 5286 dissentit
1110 5251 1330 5300 panem
1368 5239 1514 5290 hanc
1551 5255 1663 5292 non
1685 5232 1818 5292 'nisi
1863 5248 2072 5307 tempo-

440 5304 609 5377 ralem
645 5307 921 5358 exstitisse
960 5308 1385 5359 afﬂrmantibus.
1427 5310 1590 5362 Certe
1625 5304 1997 5377 Augustinus
2018 5317 2075 5364 et

440 5375 666 5447 quidam
715 5378 807 5426 alii
861 5391 925 5427 ea
969 5379 1039 5429 de
1082 5393 1140 5429 re
1184 5379 1503 5433 dubitanter
1542 5375 1867 5447 loquuntur.
1910 5386 2074 5435 Plura

440 5444 633 5495 videas
665 5447 800 5498 licet
824 5449 972 5512 apud
1009 5451 1207 5501 Baron.
1240 5451 1309 5502 ad
1344 5466 1433 5502 an.
1460 5454 1541 5513 34,
1571 5444 1724 5504 num.
1757 5456 1867 5516 269,
1898 5459 1951 5505 et
1987 5456 2074 5505 in-

442 5519 708 5579 terpretes
732 5520 789 5567 in
812 5519 965 5571 hunc
989 5522 1193 5573 locum.

505 5587 606 5648 (11)
654 5589 735 5637 Ita
791 5604 920 5640 mss.
975 5596 1031 5642 et
1081 5595 1213 5644 edit.
1269 5608 1462 5645 omnes
1518 5610 1721 5661 magno
1776 5610 2071 5647 consensu.

442 5659 701 5709 Attamen
732 5673 843 5709 non
878 5662 1056 5713 solum
1086 5667 1223 5715 varii
1264 5665 1567 5730 Scriptura
1607 5659 1807 5730 textus,
1836 5681 1901 5719 ac
1943 5682 2077 5719 ver-

443 5730 631 5780 siones
702 5732 1069 5795 refragantur,
1127 5737 1225 5786 sed
1295 5740 1459 5788 etiam
1528 5738 1711 5790 Graci
1770 5753 1836 5790 ac
1894 5741 2076 5790 Latini

2164 4609 2294 4666 etc.,
2355 4602 2566 4653 librarii
2633 4601 2795 4665 lapsu
2860 4601 3127 4664 scriptum
3187 4600 3365 4652 fuisse
3424 4599 3671 4657 ἐξεζήτησὲ
3725 4610 3793 4656 με,

2168 4679 2275 4727 etc.

2231 4747 2327 4809 (12)
2372 4746 2531 4817 Rom.
2586 4744 2740 4807 edit.,
2797 4749 2843 4793 et
2899 4742 3163 4817 exoravit,
3227 4743 3288 4817 in
3334 4757 3471 4817 quo
3529 4743 3581 4793 ei
3628 4742 3796 4817 textus

2167 4819 2360 4878 Hebr.,
2399 4816 2520 4881 Syr.
2564 4819 2619 4865 et
2665 4828 2858 4865 omnes
2901 4814 3184 4863 versiones
3223 4812 3537 4877 Scriptura
3574 4812 3795 4876 patroci-

2167 4893 2386 4940 nantur.
2430 4886 2574 4937 Cum
2616 4889 2802 4935 tamen
2847 4885 2905 4933 in
2951 4896 3081 4933 mss.
3126 4886 3182 4933 et
3223 4888 3342 4933 ant.
3390 4884 3528 4934 edit.
3575 4884 3794 4945 legatur,

2167 4964 2213 5009 et
2258 4971 2367 5008 non
2405 4956 2667 5012 exoravit,
2705 4955 2796 5005 vel
2838 4959 2900 5005 ut
2940 4956 2997 5004 in
3042 4953 3378 5018 quibusdam
3422 4968 3581 5013 mss,
3624 4958 3799 5001 etnon

2168 5031 2476 5093 deprecatus
2519 5033 2611 5085 est,
2649 5028 2783 5107 satis
2811 5026 3143 5107 probabit-la
3161 5026 3232 5107 sit
3277 5039 3380 5088 pro
3414 5027 3515 5107 διαὶ.
3550 5022 3799 5107 tagione,

2170 5103 2438 5164 scriptum
2476 5100 2534 5149 in
2563 5098 2757 5149 codice
2796 5098 3074 5148 Ambrosii
3117 5098 3315 5159 fuisse,
3346 5097 3431 5145 καὶ
3463 5096 3559 5159 οὐχ
3596 5096 3797 5146 ἱλάσατο,

2169 5172 2267 5222 ubi
2296 5170 2475 5221 facilis
2501 5168 2802 5219 admodum
2833 5169 3084 5219 mutatio.

2237 5242 2335 5306 (13)
2363 5240 2497 5292 Cod.
2535 5240 2703 5291 Vind.
2745 5243 2800 5290 et
2836 5239 3016 5303 Colb.,
3059 5251 3350 5302 annorum,
3394 5243 3462 5289 ut
3498 5237 3799 5289 minimum,

2171 5315 2281 5376 800,
2313 5314 2586 5364 coronavit
2609 5327 2705 5363 me.
2733 5313 2801 5362 Et
2830 5313 2913 5362 sic
2942 5312 3105 5362 etiam
3134 5312 3291 5361 infra.

2233 5387 2328 5446 (14)
2357 5385 2514 5435 Rom.
2542 5385 2694 5445 edit.,
2719 5383 3046 5433 Mathathias
3085 5381 3187 5432 bar
3215 5382 3467 5454 Joannis.
3514 5377 3624 5454 Sed
3642 5388 3801 5454 pra:

2175 5461 2425 5519 tcrquam
2479 5455 2630 5519 quod
2679 5455 2938 5505 abhorret
2990 5468 3021 5502 a
3063 5452 3479 5505 consuetudine
3532 5448 3799 5500 Ambrosii

2176 5528 2245 5578 ab
2273 5526 2511 5577 Hebrao
2539 5530 2595 5577 et
2633 5525 2774 5589 Syro
2813 5524 3128 5598 istiusmodi
3162 5523 3409 5598 nomina.
3435 5521 3797 5598 compingeret

2175 5612 2368 5666 omnes
2404 5612 2533 5649 mss.
2561 5602 2618 5648 et
2657 5601 2766 5648 vet.
2812 5596 2942 5669 edit.
2981 5597 3345 5669 refragantur.
3374 5594 3586 5669 itaque
3618 5590 3800 5669 lectiq-

2175 5659 2304 5721 nem
2346 5671 2633 5734 antiquam
2668 5668 3041 5732 reposuimus,
3068 5659 3285 5719 tarnetsi
3321 5667 3516 5715 utrum
3551 5675 3614 5714 ea
3642 5659 3798 5712 etiam

2178 5742 2397 5794 sincera
2421 5743 2510 5804 sit,
2536 5739 2982 5792 subdubitemus.

442 5801 650 5865 Patres,
682 5815 713 5851 a
743 5801 947 5865 quibus
984 5805 1183 5857 citetur
1217 5807 1363 5859 idem
1394 5811 1718 5863 versiculus.
1754 5811 1856 5863 Est
1888 5816 2077 5864 autem
2178 5842 2183 5847 -
