3930 6168
262 252 402 306 1533

1419 250 1768 308 EXPOSITIO
1806 253 1874 308 IN
1911 252 2229 312 PSALMUM
2268 256 2497 312 CXVIII.

3496 262 3634 316 1534

262 391 472 429 omnes
516 373 623 428 sibi
662 372 923 428 inimicos
967 391 1099 430 suos
1140 378 1350 447 putant
1393 376 1491 448 qui
1538 380 1671 431 sunt
1710 377 1900 433 hostes
1922 390 1981 462 Α
2078 382 2161 434 16.
2205 380 2317 435 Sed
2370 398 2483 436 non
2530 382 2715 436 solum
2764 383 2951 436 locum
3000 382 3256 439 Ecclesia:
3304 386 3484 440 zelare
3527 386 3629 439 de-

262 469 379 535 Dei,
411 468 677 538 quamvis
714 471 953 537 patrem,
993 470 1215 536 fratres,
1249 484 1491 523 sorores.
1526 471 1602 523 De
1634 469 1899 524 omnibus

258 561 395 615 dicit
438 577 453 614 :
500 582 525 609 ι(
568 562 628 614 ln
672 561 860 614 hostes
905 560 1040 615 facti
1086 567 1218 616 sunt
1256 562 1397 616 mihi
1438 562 1602 632 (Psal.
1643 579 1897 631 cxxxvm,

256 656 367 721 22),
402 676 431 701 ››
460 655 606 707 sicut
642 653 818 708 David
858 654 951 708 ait.
986 654 1134 717 Quid
1174 656 1393 710 multa?
1423 657 1725 728 Apostolus
1755 673 1898 728 quo-

257 764 372 819 que
416 746 653 801 Domini
694 747 801 801 hoc
843 747 1157 802 declaratus
1200 752 1284 803 est
1326 750 1582 819 nomine,
1624 754 1687 804 ut
1728 750 1900 805 ludas

258 841 481 896 Zelotes
510 841 819 911 diceretur;
859 842 1001 896 sicut
1028 842 1270 913 legimus
1299 843 1361 898 in
1392 843 1697 915 Evangelio
1726 845 1897 914 (Luc.,

256 950 335 1002 vi,
367 936 480 1003 15).

334 1031 426 1083 13.
474 1028 606 1083 Zelo
647 1026 780 1083 ﬁdei
814 1027 1060 1100 populus
1100 1028 1399 1100 gentilium
1439 1030 1612 1085 vitam
1657 1031 1761 1086 sibi
1802 1047 1897 1086 ac-

260 1121 500 1193 quisivit
538 1126 836 1189 aeternam,
875 1138 1051 1193 quam
1092 1123 1446 1194 negligentia
1485 1131 1655 1197 atque
1686 1126 1901 1180 desidia

256 1214 591 1269 Judmorum
657 1215 899 1285 populus
959 1215 1168 1269 amisit.
1232 1215 1366 1271 Ideo
1428 1217 1703 1287 scriptum
1750 1224 1834 1273 est
1882 1236 1896 1274 :

261 1330 291 1356 ιι
355 1308 525 1362 Zelus
579 1307 955 1379 apprehendit
1008 1310 1288 1380 populum
1340 1309 1695 1365 ineruditum
1745 1312 1897 1383 (Isa.,

256 1417 410 1467 xxvi,
464 1401 584 1471 H);
629 1421 658 1450 »
710 1402 983 1471 quoniam
1034 1404 1278 1473 populus
1328 1403 1427 1473 qui
1480 1407 1604 1458 erat
1645 1405 1902 1461 eruditus

258 1496 320 1549 in
366 1495 524 1565 lege,
572 1494 796 1549 nullum
838 1493 972 1549 ﬁdei
1020 1495 1270 1549 habebat
1313 1496 1598 1552 ardorem.
1651 1500 1900 1554 Contulit

256 1604 318 1644 se
371 1588 528 1643 zelus
581 1588 655 1642 ad
720 1592 950 1659 gentes;
1009 1589 1167 1659 cujus
1223 1594 1381 1644 tanta
1436 1596 1519 1644 est
1570 1592 1784 1663 gratia,
1839 1600 1901 1647 ut

258 1681 556 1737 electionis
615 1682 1046 1753 praerogativam
1123 1682 1361 1753 vicerit,
1427 1687 1487 1739 et
1563 1686 1900 1741 eruditionis

258 1775 631 1830 industriam.
679 1775 931 1847 Denique
971 1776 1409 1847 apprehendens
1452 1779 1733 1849 populum
1774 1757 1976 1835 ine-B

258 1869 544 1936 ruditum,
602 1869 734 1923 fecit
791 1885 912 1923 esse
968 1870 1293 1924 meliorem.
1350 1871 1545 1943 Itaque
1601 1888 1668 1926 ea
1721 1874 1900 1943 gratia

261 1968 495 2033 operata
544 1966 631 2016 est
673 1961 730 2016 in
778 1962 988 2033 populo
1027 1964 1350 2032 nationum,
1394 1967 1460 2018 ut
1508 1964 1900 2022 haereditatem

260 2056 497 2110 Domini
532 2059 877 2123 mereretur,
916 2073 1029 2127 qua
1064 2060 1328 2127 operatus
1371 2062 1456 2112 est
1494 2058 1807 2128 Dominus;
1838 2063 1903 2115 ut

258 2150 574 2205 Ecclesiam
615 2149 721 2203 sibi
760 2165 828 2205 ex
862 2150 1184 2204 nationibus
1224 2150 1536 2223 c0pularet.
1569 2152 1731 2206 Zelus
1762 2169 1899 2225 ergo

253 2244 508 2298 charitas
555 2247 659 2297 est.
707 2241 968 2316 1199
1019 2243 1271 2316 Denique
1318 2265 1346 2294 «
1391 2244 1576 2301 valida
1625 2250 1713 2300 est
1756 2245 1903 2302 sicut

256 2354 413 2391 mors
480 2337 762 2406 charitas;
827 2337 1003 2392 durus
1068 2338 1212 2392 sicut
1266 2338 1435 2393 inferi
1490 2339 1640 2394 zelus
1692 2340 1899 2411 (Cant,

256 2448 368 2497 nu,
402 2430 480 2502 6).
511 2452 542 2479 »
576 2431 760 2485 Durus
789 2430 938 2485 zelus
979 2447 1152 2503 quem
1183 2432 1311 2487 vita:
1348 2432 1519 2503 hujus
1548 2433 1701 2488 nulla
1730 2434 1904 2488 vincit

258 2524 557 2579 illecebra.
611 2525 796 2579 Durus
848 2524 993 2579 sicut
1048 2524 1235 2595 inferi,
1290 2542 1395 2596 per
1447 2542 1619 2598 quem
1670 2531 1902 2599 peccato

258 2619 567 2685 morimur,
600 2623 661 2672 ut
695 2618 948 2673 vivamus
981 2620 1112 2674 Deo.

330 2714 420 2768 14.
467 2711 678 2783 Angeli
709 2728 936 2785 quoque
974 2713 1093 2767 sine
1131 2714 1249 2767 zelo
1288 2712 1433 2767 nihil
1472 2719 1624 2781 sunt,
1665 2719 1722 2769 et
1766 2714 1900 2768 sub-

267 2805 493 2860 stantias
542 2821 662 2859 suae
699 2805 974 2860 amittunt
1001 2806 1464 2878 praerogativam,
1501 2807 1610 2861 nisi
1643 2823 1768 2862 eam
1799 2807 1902 2862 zeli

260 2900 466 2954 ardore
513 2902 855 2955 sustentent.
896 2900 1147 2971 Denique
1196 2899 1255 2954 in
1297 2901 1630 2972 Apocalypsi
1667 2901 1903 2956 Joannis

266 2992 550 3047 Dominus
582 2993 653 3047 ad
693 2993 961 3064 angelum
1001 2993 1276 3048 Laodicite
1304 2992 1480 3049 dicit:
1513 3014 1541 3045 ι(
1576 2994 1701 3049 Scio
1729 3012 1903 3067 opera

266 3094 395 3153 tua;
462 3104 653 3159 neque
711 3087 953 3159 frigidus
1003 3104 1083 3155 es,
1141 3104 1328 3159 neque
1393 3087 1623 3144 calidus.
1675 3090 1899 3144 Utinam

268 3181 518 3252 frigidus
570 3197 741 3249 esses,
790 3186 890 3235 aut
941 3181 1184 3248 calidus;
1236 3182 1334 3236 sed
1383 3181 1512 3253 quia
1554 3182 1779 3253 tepidus
1822 3199 1901 3250 es,

266 3275 542 3346 incipiam
594 3280 652 3329 te
707 3291 971 3330 evomere
1027 3292 1096 3330 ex
1148 3291 1247 3330 ore
1296 3291 1454 3345 meo;
1504 3276 1640 3348 quia
1695 3277 1833 3331 dicis
1885 3294 1899 3331 :

270 3369 431 3423 Dives
476 3385 629 3436 sum,
674 3372 731 3424 et
768 3369 999 3436 ditatus,
1051 3373 1107 3424 et
1156 3370 1366 3424 nullius
1407 3386 1570 3441 egeo,
1617 3375 1673 3425 et
1720 3370 1903 3425 nescis

267 3465 425 3536 quod
468 3468 535 3518 tu
574 3479 636 3518 es
669 3461 861 3531 miser,
904 3465 962 3517 et
1004 3462 1362 3530 miserabilis,
1401 3469 1456 3518 et
1500 3463 1814 3531 mendicus,
1848 3469 1906 3519 et

268 3558 485 3623 nudus,
536 3562 595 3611 et
634 3572 833 3611 caecus.
879 3556 1123 3612 Consulo
1166 3556 1288 3624 tibi,
1328 3561 1392 3611 ut
1423 3573 1580 3612 emas
1611 3573 1644 3610 a
1682 3574 1772 3611 me
1802 3574 1902 3611 au-

268 3669 405 3706 rum
447 3652 585 3722 igne
629 3650 935 3721 probatum
983 3650 1194 3719 (Apoc.,
1235 3666 1315 3717 lli,
1355 3653 1562 3720 15-18).
1605 3670 1634 3701 »
1681 3652 1780 3705 Hic
1822 3656 1908 3706 est

269 3745 377 3799 Dei
423 3745 598 3809 zelus,
646 3744 738 3798 hic
776 3748 864 3798 est
903 3742 1041 3798 ﬁdei
1082 3759 1275 3815 vapor,
1318 3744 1746 3816 devotionisque
1790 3746 1903 3799 fer-

268 3856 392 3905 vor,
439 3838 538 3909 qui
580 3854 686 3893 nos
728 3838 883 3892 velut
927 3853 1155 3892 suavem
1203 3837 1393 3891 cibum
1443 3838 1501 3892 in
1540 3839 1761 3895 Christo
1812 3856 1904 3893 re-

270 3933 458 3987 mollit
490 3937 548 3987 et
575 3932 806 3987 format.
838 3932 1061 3996 Quanta
1098 3931 1321 3985 Domini
1363 3932 1568 4003 gratia,
1616 3937 1675 3987 ut
1714 3949 1815 3987 nos
1846 3934 1907 3987 in

266 4043 379 4081 suo
415 4042 512 4080 ore
537 4025 862 4092 constituat,
891 4029 948 4080 et
980 4024 1260 4098 quasdam
1302 4026 1641 4081 meritorum
1683 4029 1905 4080 nostro-

271 4136 408 4175 rum
451 4119 713 4189 epuletur
754 4119 957 4189 dapes;
998 4135 1085 4186 ac,
1123 4118 1169 4172 si
1210 4134 1519 4187 meremur,
1569 4119 1822 4187 devoret,
1861 4120 1905 4174 si

270 4214 456 4270 nostri
514 4212 625 4268 cibi
682 4212 1053 4267 suavitatibus
1101 4212 1426 4268 delectetur.
1481 4213 1686 4267 Beatus
1738 4229 1909 4284 quem

270 4307 554 4378 sapientia
593 4305 963 4373 devoraverit,
1003 4321 1176 4376 quem
1209 4306 1385 4361 virtus
1416 4306 1692 4375 hauserit,
1735 4323 1909 4377 quem

263 4400 487 4472 justitia
530 4399 834 4470 receperit;
881 4399 1049 4469 culpa
1086 4399 1148 4453 in
1194 4415 1263 4454 eo
1314 4399 1522 4454 habere
1567 4415 1680 4454 non
1726 4403 1913 4471 potest

1998 473 2229 542 bemus,
2299 475 2398 529 sed
2461 476 2605 530 hanc
2668 492 2895 547 quoque
2952 476 3283 531 interiorem
3344 478 3402 531 in
3468 478 3632 534 nobis

1999 567 2235 622 domum
2286 569 2414 637 Dei,
2461 586 2535 624 ne
2572 570 2644 625 sit
2677 570 2880 625 domus
2923 570 3345 640 negotiationis,
3372 577 3472 625 aut
3503 590 3629 642 spe-

1999 661 2167 716 lunca
2209 662 2519 718 latronum.
2555 664 2611 719 Si
2642 664 2796 718 enim
2842 666 3024 733 lucra,
3069 672 3341 735 quaestus,
3378 666 3631 735 pecunias

1999 756 2383 811 emolumenta
2416 773 2790 827 aucupemur,
2825 758 3064 813 domum
3100 757 3508 829 negotiationis
3546 759 3631 812 fe-
3692 776 3699 783 ε

2001 848 2201 903 cimus.
2263 849 2320 904 Si
2375 850 2709 906 invadamus
2760 833 2970 907 alienas
3032 852 3439 922 possessiones,
3492 852 3636 907 fines

1999 942 2186 997 vidua:
2220 944 2303 997 vel
2333 944 2645 1011 minorum,
2678 945 2922 1000 fecimus
2952 945 3283 1017 speluncam
3314 946 3629 1000 latronum.

2002 1037 2202 1091 Veniat
2230 1053 2369 1107 ergo
2403 1037 2649 1093 Verbum
2679 1039 2801 1107 Dei,
2839 1043 2896 1093 et
2930 1039 3000 1093 de
3032 1040 3141 1094 hac
3175 1038 3345 1094 domo
3377 1038 3638 1111 projiciat

2000 1129 2178 1198 fures,
2231 1131 2573 1202 direptores,
2620 1148 2940 1205 caupones;
2986 1139 3049 1188 ut
3093 1133 3377 1190 mundum
3426 1133 3496 1187 sit
3540 1149 3636 1187 eor

2001 1226 2191 1291 tuum,
2221 1230 2421 1295 pectus
2445 1230 2627 1280 tuum.

2077 1348 2160 1399 17.
2212 1345 2323 1400 Sed
2368 1349 2455 1399 est
2499 1346 2651 1400 zelus
2700 1347 2770 1401 ad
2817 1349 3064 1418 culpam,
3117 1352 3201 1402 est
3255 1354 3311 1403 et
3362 1349 3513 1402 zelus
3562 1351 3667 1405 ad‘

2002 1438 2272 1508 gratiam.
2325 1441 2464 1494 Nam
2537 1444 2595 1493 et
2641 1440 2766 1512 ipse
2815 1441 2986 1495 David
3036 1441 3116 1496 ait
3174 1458 3187 1495 :
3256 1463 3283 1490 ‹‹
3342 1443 3523 1496 Zelavi
3580 1444 3635 1497 in

1999 1532 2391 1603 peccatoribus
2440 1549 2639 1603 pacem
2691 1534 2856 1605 (Psul.
2909 1551 3073 1600 Lxxu,
3123 1536 3196 1604 3).
3248 1556 3275 1583 »
3325 1536 3393 1590 Et
3438 1536 3495 1589 in
3540 1538 3635 1590 Ec-

2001 1625 2311 1681 clesiastico
2364 1627 2637 1698 scriptum
2685 1634 2771 1683 est
2817 1644 2828 1680 :
2885 1649 2912 1675 ‹‹
2958 1630 3083 1683 Non
3131 1629 3277 1683 zeles
3331 1628 3631 1683 mulierem

2001 1717 2155 1773 sinus
2186 1719 2299 1787 tui;
2331 1736 2404 1774 ne
2438 1722 2701 1776 ostendat
2736 1738 2909 1793 super
2944 1726 3000 1777 te
3043 1722 3316 1776 malitiam
3360 1722 3631 1777 doctrina:

2001 1828 2251 1883 nequam
2302 1814 2514 1884 (Eccle.,
2564 1831 2639 1880 Ix,
2696 1816 2764 1886 1).
2825 1836 2852 1864 ‹‹
2907 1816 2971 1869 Et
3020 1815 3226 1869 mulier
3276 1816 3525 1885 zelotypa
3573 1817 3633 1871 in

2002 1905 2312 1960 mulierem
2354 1906 2583 1962 fidelem
2615 1908 2748 1978 jure
2788 1908 3249 1979 reprehenditur.
3282 1908 3637 1964 Advertimus

2001 2015 2139 2068 ergo
2177 2000 2331 2070 quod
2375 2017 2649 2055 mensura
2688 2002 2951 2073 quaedam
2991 2006 3049 2056 et
3085 2002 3378 2074 disciplina
3408 2002 3479 2056 sit
3509 2002 3632 2067 zeli,

2002 2093 2143 2147 sicut
2192 2093 2486 2164 disciplina
2530 2095 2769 2150 virtutis.
2822 2098 2886 2150 Et
2937 2096 3067 2155 ideo
3118 2097 3322 2151 beatus
3375 2097 3473 2167 qui
3530 2097 3635 2152 zeli

2001 2186 2224 2241 noverit
2253 2187 2631 2259 disciplinam,
2666 2193 2722 2243 et
2754 2190 2937 2244 oderit
2965 2205 3062 2244 eos
3092 2190 3210 2261 qui,
3243 2190 3471 2245 Domini
3501 2207 3633 2262 gra-

2002 2280 2142 2333 tiam
2174 2280 2584 2352 relinquentes,
2619 2283 2858 2336 salutem
2898 2284 3193 2354 propriam
3228 2284 3510 2352 deserant,
3544 2301 3632 2339 er-

2002 2389 2159 2427 rores
2186 2373 2292 2427 sibi
2319 2374 2539 2428 fraudis
2570 2375 2901 2429 adsciscant.

2078 2507 2163 2560 18.
2210 2505 2455 2576 Ideoque
2497 2506 2578 2560 ait
2622 2526 2633 2562 :
2677 2508 2940 2574 Quoniam
2986 2509 3143 2563 obliti
3186 2516 3313 2564 sunt
3359 2511 3637 2565 verborum

2005 2605 2221 2653 tuorum
2264 2601 2476 2653 inimici
2513 2603 2634 2655 mei.
2684 2600 2791 2664 Qui
2832 2605 2965 2655 sunt
3004 2602 3095 2656 isti
3138 2602 3403 2656 inimici?
3433 2603 3487 2657 Si
3527 2620 3633 2674 po-

2005 2692 2173 2763 pulus
2209 2692 2561 2759 Judzeorum,
2595 2694 2883 2763 quomodo
2918 2694 3134 2749 inimici
3177 2698 3344 2749 erant
3378 2696 3481 2750 sub
3513 2696 3637 2766 ejus

2002 2785 2249 2855 imperio
2317 2786 2659 2840 constituti?
2720 2787 2887 2841 David
2943 2789 3094 2842 enim
3149 2789 3373 2843 Judzeos
3436 2805 3636 2843 omnes

2003 2895 2183 2949 regno
2227 2879 2459 2950 proprio
2503 2880 2887 2949 gubernabat.
2933 2882 2990 2936 Si
3027 2882 3304 2952 gentiles,
3347 2884 3634 2954 quomodo

2006 2970 2266 3044 1200
2312 2972 2471 3026 obliti
2516 2973 2823 3027 verborum
2870 2974 2986 3041 Dei,
3028 2976 3126 3045 qui
3171 2977 3359 3047 legem
3405 2977 3635 3031 Domini

2004 3066 2377 3120 nesciebant?
2425 3067 2603 3122 Nemo
2655 3067 2812 3121 enim
2866 3068 2976 3121 nisi
3028 3069 3083 3123 id
3130 3070 3284 3140 quod
3329 3069 3634 3141 acceperit,

2011 3159 2264 3214 oblivisci
2302 3164 2504 3231 potest.
2552 3159 2638 3214 Illi
2685 3176 2821 3232 ergo
2863 3161 3077 3216 inimici
3118 3164 3252 3230 mei,
3283 3163 3381 3234 qui
3420 3163 3639 3218 inimici

2008 3253 2109 3318 tui,
2155 3252 2254 3323 qui
2296 3253 2604 3308 Dominum
2653 3253 2711 3307 in
2754 3256 2986 3325 propria
3024 3272 3121 3310 sua
3164 3257 3487 3312 venientem
3519 3274 3637 3313 non

2006 3350 2171 3400 erant
2221 3347 2526 3417 recepturi.
2575 3348 2683 3401 Hos
2730 3365 2933 3418 graves
2977 3350 3184 3417 hostes,
3233 3351 3339 3405 hos
3380 3352 3641 3407 inimicos

2007 3456 2140 3494 suos
2188 3440 2469 3511 Propheta
2511 3445 2789 3512 testatur;
2832 3460 2947 3497 non
2987 3444 3084 3515 qui
3126 3444 3235 3498 sibi
3287 3449 3495 3513 essent,
3540 3446 3637 3501 sed

2009 3533 2112 3603 qui
2164 3534 2385 3588 Christo
2440 3534 2699 3589 rebelles.
2748 3536 3006 3607 Denique
3060 3537 3196 3591 alibi
3248 3538 3384 3592 dicit
3431 3558 3444 3593 :
3498 3562 3525 3588 «
3575 3542 3640 3594 Et

2008 3642 2178 3697 super
2230 3627 2494 3681 inimicos
2548 3631 2672 3682 tuos
2732 3629 3140 3698 tabescebam;
3199 3636 3254 3686 et
3298 3633 3452 3702 justo
3507 3633 3637 3687 odio

2008 3721 2239 3775 oderam
2287 3720 2411 3774 illos
2466 3721 2635 3790 (Psal.
2688 3738 2941 3790 cxxxvm,
2992 3727 3081 3793 2t,
3134 3726 3252 3793 22);
3298 3746 3323 3773 >2
3374 3726 3639 3796 graviora

2009 3820 2214 3885 putans
2257 3829 2422 3869 arma
2471 3814 2729 3885 perﬁdiae
2772 3831 2914 3885 esse,
2963 3833 3135 3887 quam
3184 3834 3415 3889 pugnas.
3463 3820 3640 3873 Nemo

2009 3908 2165 3962 enim
2216 3907 2439 3979 gravior
2489 3907 2665 3962 hostis
2715 3909 2971 3963 omnium
3012 3926 3186 3981 quam
3238 3911 3335 3982 qui
3379 3912 3639 3968 omnium

2006 4001 2160 4055 laedit
2202 4005 2514 4057 auctorem.
2564 4001 2694 4057 Ideo
2739 4019 2875 4074 ergo
2918 4004 3039 4059 zelo
3080 4020 3288 4077 magno
3334 4006 3640 4078 acquisitus

2011 4098 2098 4149 est
2147 4095 2389 4166 pepulus
2430 4094 2765 4166 nationum;
2817 4098 3089 4168 quoniam
3131 4115 3165 4154 a
3207 4116 3307 4154 suo
3350 4101 3495 4155 Deus
3534 4118 3638 4173 po-

2009 4189 2145 4259 pulo
2188 4188 2531 4259 negabatur.
2571 4191 2682 4244 Nec
2726 4190 2881 4245 enim
2922 4196 3187 4263 poterant
3225 4198 3325 4248 aut
3361 4195 3495 4250 ﬁdei
3538 4195 3638 4249 de-

2013 4282 2339 4352 votionem,
2407 4286 2505 4337 aut
2562 4282 2921 4355 disciplinam
2979 4289 3175 4341 tenere
3240 4288 3492 4357 virtutis,
3546 4290 3643 4359 qui

2013 4375 2354 4429 memoriam
2426 4382 2845 4447 prazceptorum
2911 4379 3217 4433 caelestium
3292 4397 3409 4435 non
3486 4384 3639 4435 tene-

270 4469 620 4566 portionem,
653 4469 828 4564 quem
854 4492 1213 4547 absorbuerit
1237 4492 1494 4547 remissio
1519 4469 2165 4566 pecmtoruni,DPa?t'
2210 4469 2297 4524 Sic
2343 4469 2527 4566 Adf‘m
2579 4469 2649 4523 dc
2695 4471 2957 4566 Ρδτδᾷίδο
2996 4473 3227 4566 ciemus:
3278 4473 3358 4526 δίο
3398 4475 3641 4544 Populus

276 4588 381 4642 ubi
418 4588 572 4642 enim
614 4603 773 4642 error
819 4586 1093 4655 inveniet,
1137 4602 1311 4658 quem
1361 4585 1659 4657 integritas
1701 4586 1907 4641 imma-

277 4682 466 4737 culata
495 4680 844 4751 susceperit?

360 4779 440 4829 l5.
498 4776 569 4828 Et
613 4774 752 4845 quid
800 4773 1081 4829 miremur
1126 4774 1171 4828 si
1228 4773 1418 4844 angeli
1471 4790 1603 4828 eum
1656 4774 1911 4828 habent?

280 4872 406 4941 Ipse
460 4869 608 4923 Deus
649 4869 814 4923 Pater
855 4867 936 4922 ait
978 4884 991 4921 :
1041 4888 1068 4917 «
1115 4867 1315 4922 Zelans
1357 4867 1550 4923 zelabo
1598 4868 1913 4923 Jerusalem

280 4963 403 5019 zelo
441 4977 659 5032 magno
700 4960 900 5030 (Zach.,
937 4977 1051 5029 vin,
1088 4961 1163 5031 2).
1205 4982 1233 5011 ››
1275 4960 1418 5025 Quia
1461 4962 1609 5016 Deus
1646 4977 1910 5031 magnus,

284 5056 413 5111 ideo
450 5061 509 5109 et
536 5055 687 5109 zelus
728 5055 851 5125 ejus
893 5070 1137 5125 magnus
1176 5057 1279 5123 est,
1313 5059 1371 5108 et
1408 5071 1510 5125 pro
1553 5054 1913 5125 uniuscujus-

286 5170 395 5225 que
448 5152 719 5224 potentiaa
776 5153 1065 5223 qualitate,
1110 5154 1188 5208 ita
1237 5154 1386 5207 zelus
1436 5158 1535 5207 aut
1586 5153 1913 5223 mediocris,

285 5251 383 5301 aut
441 5263 690 5317 magnus
733 5252 838 5300 est.
891 5248 1015 5301 Zelo
1060 5246 1379 5302 vindicatur
1418 5248 1751 5313 Jerusalem,
1802 5248 1917 5302 zelo

286 5341 539 5396 Ecclesia
589 5344 997 5410 congregatur,
1050 5340 1167 5394 zelo
1219 5340 1362 5393 ﬁdes
1412 5339 1746 5410 acquiritur,
1798 5342 1915 5394 zelo

282 5433 563 5506 pudicitia
606 5432 945 5504 possidetur.
994 5434 1272 5488 Dominus
1314 5449 1543 5505 quoque
1584 5434 1749 5488 Jesus
1783 5433 1863 5489 ait
1901 5450 1915 5488 :

285 5548 311 5579 ι
341 5528 510 5583 Zelus
537 5525 746 5581 domus
773 5530 884 5581 tuas
915 5527 1165 5583 comedit
1190 5543 1283 5581 me
1313 5527 1513 5597 (Joan.,
1544 5543 1616 5594 11,
1655 5532 1737 5596 17;
1769 5528 1916 5581 Ρεαι.

281 5637 469 5687 vam,
510 5622 624 5689 40);
661 5640 689 5668 ι)
730 5620 1028 5691 increpans
1066 5620 1292 5675 Judzeos
1337 5620 1487 5692 quod
1527 5620 1762 5674 domum
1794 5636 1919 5675 ora-

282 5710 453 5764 tionis
512 5708 755 5763 fecerint
818 5709 1152 5779 speluncam
1205 5711 1513 5779 latronum,
1578 5709 1813 5766 fecerint
1865 5712 1924 5764 et

282 5800 528 5858 domum
557 5796 985 5873 negotiationis.

2009 4562 2335 4617 Judaaorum
2407 4563 2477 4617 de
2554 4564 2929 4635 praerogativa
3010 4565 3298 4621 electionis
3382 4569 3643 4623 exclusus

2012 4662 2115 4711 est.

2089 4779 2172 4830 19.
2229 4778 2411 4845 (Vers.
2485 4777 2637 4847 140.)
2696 4776 2965 4849 Sequitur
3019 4796 3033 4834 :
3084 4782 3323 4849 Ignitum
3374 4784 3645 4853 eloquium

2016 4874 2167 4924 tuum
2218 4872 2399 4933 nimis,
2450 4876 2501 4926 et
2560 4886 2746 4926 servus
2804 4878 2930 4928 tuus
2986 4874 3178 4930 dilexit
3225 4876 3388 4930 illud.
3444 4877 3643 4947 Ignem

2014 4963 2249 5034 quidem
2295 4963 2565 5019 Dominus
2610 4964 2764 5019 misit
2817 4965 2877 5019 in
2927 4970 3173 5038 terram,
3231 4984 3345 5022 non
3401 4972 3465 5021 ut
3514 4985 3643 5023 eam

2016 5056 2380 5111 Sodomitano
2434 5073 2658 5128 rursus,
2724 5058 2866 5113 sicut
2918 5060 3194 5131 scriptum
3256 5063 3367 5128 est,
3423 5062 3650 5117 arderet

2018 5149 2283 5204 incendio
2320 5151 2494 5222 (Gem,
2542 5168 2656 5219 xix,
2696 5152 2807 5222 24);
2854 5168 2959 5206 nec
2997 5157 3060 5207 ut
3101 5170 3225 5207 eam
3259 5155 3480 5210 donatae
3518 5174 3647 5211 mu-

2020 5260 2155 5298 nere
2218 5244 2604 5309 fecunditatis,
2672 5248 2769 5299 aut
2829 5262 2937 5300 usu
3000 5248 3083 5301 vel
3145 5247 3282 5302 ﬂore
3347 5249 3650 5304 viriditatis

2022 5341 2277 5392 exueret.
2305 5338 2456 5409 Opus
2493 5338 2648 5393 enim
2686 5355 2852 5393 suum
2890 5340 3163 5394 Dominus
3192 5342 3431 5412 probare
3463 5344 3652 5415 magis

2022 5437 2195 5503 atque
2228 5448 2460 5502 augere,
2488 5448 2660 5503 quam
2694 5432 2956 5487 minuere
2984 5436 3083 5487 aut
3110 5434 3384 5491 damnare
3411 5454 3649 5493 consue-

2022 5526 2122 5580 vit.
2165 5526 2360 5596 Neque
2396 5541 2530 5580 vero
2571 5525 2810 5596 dignum
2844 5531 2965 5580 erat
2998 5530 3065 5581 ut
3097 5528 3381 5584 elementa
3419 5531 3652 5586 innoxia

2023 5618 2201 5673 nostri
2242 5619 2464 5673 luerent
2494 5618 2723 5672 sceleris
2761 5620 3056 5675 ultionem.
3091 5622 3233 5685 Quid
3274 5628 3477 5679 natura
3510 5625 3651 5679 deli-

2026 5710 2251 5779 querat,
2302 5708 2346 5761 si
2397 5706 2591 5760 adulta
2631 5706 2755 5777 jam
2804 5708 3028 5765 soboles
3078 5711 3311 5767 erravit?
3357 5713 3481 5768 Non
3536 5718 3656 5768 erat

2024 5797 2225 5870 partus
2271 5795 2332 5850 in
2381 5794 2535 5865 vitio,
2583 5796 2631 5852 si
2676 5796 2841 5854 devio
2881 5798 3037 5883 lapsa
3079 5804 3165 5857 est
3208 5818 3405 5859 errore
3449 5818 3654 5877 proge-
