3930 6168
424 188 560 241 1535
650 188 655 189 ⁷

1915 188 1971 244 S.
2002 186 2320 247 AMBROSII

3630 201 3742 255 1536

422 309 540 365 nies
568 290 701 380 (45);
748 309 848 366 sed
888 324 1019 364 usus
1062 309 1123 363 in
1165 310 1345 381 culpa.
1378 314 1561 375 Quem
1602 328 1742 384 ergo
1780 313 2051 368 Dominus
2076 328 2131 399 Α
2153 312 2491 381 minaretur,
2513 312 2755 381 invenit;
2783 313 2915 369 ideo
2943 329 3074 371 eam
3100 314 3157 369 in
3181 315 3422 371 tenebris
3443 317 3733 393 dereliquit.

424 404 619 476 ignem
669 403 728 457 in
782 405 933 458 Novo
973 402 1179 473 sparsit
1216 405 1622 460 Testamento?
1662 406 1770 470 Qui
1810 411 2053 462 secretos

428 497 706 553 mentium
758 496 964 551 divinae
1022 497 1224 552 ardore
1279 498 1618 570 cognitionis
1673 500 2055 555 inﬂammaret

418 591 671 657 affectus,
711 590 809 662 qui
848 607 1115 663 vaporem
1158 591 1290 646 ﬁdei
1332 595 1390 647 et
1433 594 1746 649 devotionis
1784 594 2050 661 adoleret,

420 686 519 759 qui
584 684 956 757 cupiditatem
1028 687 1248 742 virtutis
1318 689 1670 744 accenderet.
1738 691 1848 745 Hoc
1918 691 2052 762 igne

426 780 733 835 calefactus
773 780 908 835 dicit
943 781 1217 835 Jeremias
1258 799 1269 837 :
1304 802 1330 833 «
1371 784 1439 836 Et
1467 788 1586 838 erat
1622 784 1773 854 ignis
1804 785 2050 839 ﬂammi-

424 889 632 944 gerans
664 874 727 928 in
766 873 984 929 ossibus
1022 874 1165 929 meis
1208 877 1438 941 (Jerem.,
1480 894 1571 945 xx,
1613 878 1681 947 9).
1728 896 1756 928 ι)
1796 879 1906 933 Hoc
1945 895 2053 934 ser-

424 983 661 1022 monum
700 967 833 1038 igne
877 968 1191 1023 caelestium
1232 969 1488 1039 vaporati
1526 971 1824 1042 Cleophas,
1864 975 1922 1027 et
1960 973 2053 1027 ille

428 1060 574 1116 alius
649 1060 748 1132 qui
827 1061 995 1116 simul
1073 1078 1203 1116 cum
1282 1062 1520 1118 Domino
1600 1064 1672 1118 ab
1743 1065 2055 1120 Jerusalem

426 1169 607 1224 usque
661 1154 720 1208 in
775 1155 1069 1210 castellum
1122 1156 1487 1212 confecerant
1544 1158 1671 1226 iter,
1728 1158 1990 1214 dicebant
2038 1176 2051 1213 :

429 1268 457 1293 ‹‹
492 1248 693 1304 Nonne
729 1264 827 1303 cor
862 1252 1123 1303 nostrum
1165 1249 1372 1303 ardens
1401 1255 1522 1306 erat
1563 1251 1623 1305 in
1674 1252 1861 1308 nobis.
1894 1294 1906 1308 .
1944 1295 1956 1307 .
1990 1294 2003 1307 .
2039 1293 2052 1307 .

424 1357 557 1395 cum
601 1342 848 1412 aperiret
886 1341 1050 1396 nobis
1091 1341 1411 1415 Scripturas
1457 1344 1632 1415 (Luc.,
1676 1362 1828 1413 xxxv,
1862 1346 1946 1415 32)
1963 1346 1992 1399 ?
2022 1368 2050 1396 »

498 1487 585 1538 20.
630 1483 780 1555 Ignis
821 1500 959 1554 ergo
1006 1485 1117 1552 hic,
1159 1502 1344 1541 sermo
1381 1488 1588 1542 Christi
1631 1492 1735 1544 est.
1770 1492 1837 1545 Et
1871 1490 2058 1546 bonus

428 1576 596 1648 ignis,
650 1577 747 1647 qui
799 1578 1103 1634 calefacere
1155 1580 1342 1648 novit,
1396 1583 1574 1637 nescit
1624 1599 1893 1651 exurere,
1950 1585 2056 1640 nisi

2227 437 2312 488 22.
2347 435 2457 488 Nec
2487 435 2711 490 mireris
2747 436 2792 489 si
2829 452 3019 491 servus
3058 435 3244 506 diligit
3280 437 3514 507 ignitum
3548 439 3747 499 Domini

2155 528 2502 598 alloquium,
2556 529 2712 599 quod
2774 533 2829 583 et
2891 530 3107 599 Sponsa
3157 528 3381 596 dilexit,
3443 548 3562 603 qua:
3614 536 3683 589 ait
3734 554 3745 591 :

2157 643 2184 670 ‹‹
2217 620 2369 676 Sicut
2394 621 2664 676 resticula
2691 622 2954 677 coccinea
2978 622 3131 676 labia
3157 626 3252 676 tua
3276 622 3474 688 (Cant,
3501 641 3551 692 v,
3581 627 3657 692 13)
3679 647 3694 696 ;
3724 654 3746 678 ››

2154 715 2213 769 in
2266 730 2430 769 cocco
2478 716 2635 770 enim
2685 717 2899 787 species
2944 716 3110 787 ignis,
3157 722 3215 771 et
3257 717 3431 770 crucis
3472 719 3753 775 Dominicai

2154 810 2382 879 sanguis
2446 809 2713 864 irrutilat.
2772 810 3045 865 Coccinea
3106 810 3257 864 labia
3335 811 3584 879 Domini,
3640 830 3752 884 qua:

2157 902 2470 972 passionem
2540 903 2837 973 propriam
2917 903 3320 974 loquebantur.
3397 905 3636 977 Denique
3704 908 3751 962 in

2155 994 2345 1049 Exodo
2385 1010 2610 1050 coccum
2662 1012 2765 1067 pro
2809 996 2942 1067 igne
2988 998 3323 1051 collocatum
3364 1004 3446 1051 est
3495 997 3618 1069 (18).
3648 1000 3754 1055 Non

2157 1088 2311 1143 enim
2351 1105 2419 1143 ex
2460 1105 2627 1143 cocco
2682 1089 2951 1155 mundus,
3001 1090 3101 1144 sed
3148 1106 3218 1145 ex
3271 1094 3516 1160 quatuor
3561 1096 3757 1148 constat

2155 1182 2475 1250 elementis;
2520 1183 2619 1235 sed
2661 1183 2720 1236 in
2765 1199 2931 1237 cocco
2973 1182 3160 1255 figura
3193 1182 3344 1254 ignis
3384 1200 3636 1255 expressa
3668 1191 3755 1253 est,

2155 1274 2315 1345 cujus
2369 1291 2542 1347 vapor
2597 1275 2706 1330 nisi
2757 1276 2993 1344 coelum,
3047 1279 3219 1347 atque
3285 1293 3508 1343 aerem,
3570 1279 3756 1347 maria,

2158 1372 2442 1439 terrasque
2491 1372 2839 1441 penetraret,
2893 1370 3086 1425 omnia
3139 1375 3414 1443 tanquam
3470 1370 3658 1426 eﬂmtis
3698 1372 3761 1427 vi-

2159 1462 2311 1517 ribus
2358 1464 2727 1518 solverentur.
2773 1465 2879 1517 Per
2922 1464 3241 1519 resticulam
3286 1464 3463 1537 igitur
3499 1465 3760 1520 vinculum

2156 1556 2539 1626 persuasionis
2573 1557 2967 1627 agnoscimus;
3017 1574 3122 1627 per
3157 1574 3412 1627 coccum,
3454 1558 3536 1613 vel
3577 1558 3763 1629 cupidi-

424 1670 542 1725 sola
571 1674 819 1741 peccata.
848 1673 962 1727 Hoc
989 1672 1125 1745 igne
1163 1691 1333 1746 super
1361 1675 1581 1730 bonum
1612 1650 2052 1733 fundamentum
2079 1692 2133 1762 B
2157 1650 2295 1762 tat‘is_
2319 1650 2585 1762 “3191‘”
2624 1651 2743 1753 qni.
2762 1651 3123 1762 εθξηῖίξξθξίη
3158 1651 3369 1762 {milii}?
3409 1652 3761 1762 agdieptium’

425 1764 670 1834 positum
691 1764 799 1836 (16)
828 1765 967 1820 illud
995 1768 1372 1837 apostolicum
1396 1786 1597 1829 aurum
1626 1771 1918 1842 probatur;
1947 1773 2056 1827 hoc

424 1856 560 1928 igne
598 1857 740 1912 illud
788 1875 1010 1914 merum
1053 1877 1296 1932 operum
1332 1863 1689 1919 examinatur
1721 1869 2052 1936 argentum;

424 1951 533 2005 hoc
573 1950 709 2021 igne
751 1952 984 2023 pretiosi
1025 1954 1108 2008 illi
1149 1955 1361 2026 lapides
1402 1957 1818 2028 illuminantur,
1858 1960 2055 2014 fenum

425 2048 617 2099 autem
659 2048 717 2099 et
764 2046 969 2117 stipula
1010 2049 1365 2103 consumitur
1408 2050 1453 2122 (Ι
1496 2053 1639 2114 Con,
1687 2068 1761 2119 ιιι,
1808 2055 1891 2120 l2,
1945 2053 2053 2118 13).

425 2137 656 2193 Mundat
681 2154 819 2210 ergo
850 2140 943 2194 hic
970 2141 1125 2213 ignis
1160 2142 1441 2213 animum,
1469 2145 1752 2199 consumit
1782 2162 2054 2202 errorem.

426 2231 585 2285 Unde
642 2237 698 2286 et
752 2234 1026 2289 Dominus
1081 2237 1162 2289 ait
1218 2253 1230 2290 :
1285 2258 1311 2283 ‹‹
1368 2239 1488 2291 Jam
1536 2253 1630 2291 vos
1680 2239 1879 2294 mundi
1928 2240 2058 2295 estis

424 2330 663 2395 propter
692 2342 1017 2383 sermonem
1058 2346 1226 2400 quem
1267 2331 1490 2386 locutus
1520 2349 1644 2386 sum
1676 2333 1832 2388 vobis
1858 2332 2055 2405 (Joan.,

423 2434 513 2484 xv,
567 2420 638 2489 3).
690 2442 717 2468 »
768 2421 863 2475 Hic
909 2426 995 2476 est
1039 2423 1192 2494 ignis
1236 2424 1336 2495 qui
1380 2425 1542 2479 ardet
1582 2431 1712 2480 ante
1749 2427 2056 2481 Dominum

427 2514 636 2580 (Levit.,
682 2529 757 2581 γι,
800 2517 917 2585 t2);
965 2516 1074 2571 nisi
1116 2517 1269 2572 enim
1316 2520 1445 2590 quis
1485 2520 1847 2591 ﬂagrantiam
1889 2522 2057 2576 devo-

426 2604 594 2659 tionis
658 2609 1065 2679 assumpserit,
1132 2612 1499 2682 prtesentiam
1566 2614 1790 2668 Domini
1846 2614 2059 2671 habere

426 2714 543 2754 non
578 2702 803 2771 poterit.
842 2703 1105 2760 Accende
1143 2704 1296 2760 hunc
1336 2705 1492 2777 prius
1525 2707 1719 2777 ignem
1750 2707 1811 2761 in
1848 2709 2058 2763 menti-

426 2793 531 2848 bus
570 2794 702 2863 tuis,
738 2798 805 2849 ut
831 2796 1036 2851 Christi
1077 2796 1175 2852 tibi
1218 2799 1410 2854 lumen
1453 2799 1737 2872 eﬂ'ulgeat.
1772 2803 1885 2856 Hoc
1926 2802 2060 2872 igne

431 2887 695 2942 urebatur
729 2889 925 2958 rubus,
963 2895 1019 2945 et
1065 2908 1179 2945 non
1217 2892 1559 2948 exurebatur
1594 2892 1813 2965 (Emodu
1864 2911 1940 2964 ιιι,
1982 2898 2056 2963 2).

428 2980 552 3035 Urit
599 2981 757 3036 enim
814 2998 1002 3037 sermo
1055 2983 1299 3051 divinus,
1350 2992 1409 3039 ut
1471 2986 1720 3057 corrigat
1773 2987 2057 3043 conscien-

2158 1745 2241 1799 vel
2281 1743 2555 1798 indicium
2598 1743 2891 1815 passionis.
2927 1745 3089 1799 Unde
3132 1750 3187 1800 et
3228 1745 3367 1799 alibi
3404 1745 3483 1799 ait
3525 1745 3760 1816 Sponsa:

2159 1858 2187 1890 α
2242 1837 2414 1893 Labia
2465 1838 2586 1909 ejus
2637 1837 2756 1892 lilia
2813 1837 3147 1893 distillantia
3207 1839 3507 1910 myrrham
3559 1839 3761 1909 plenam

2156 1931 2362 2003 (Ibid).
2418 1954 2444 1979 »
2493 1933 2596 1986 Per
2643 1932 2935 2003 myrrham
2989 1932 3146 1987 enim
3196 1931 3480 2003 passionis
3524 1948 3759 2003 unguen-

2155 2030 2301 2091 tum,
2343 2028 2401 2079 et
2442 2025 2872 2080 resurrectionis
2917 2025 3099 2096 gratia
3144 2024 3488 2091 declaratur,
3531 2042 3651 2097 quas
3687 2041 3761 2079 re-

2159 2119 2409 2173 divivum
2448 2118 2577 2173 vita:
2615 2119 2850 2174 odorem
2895 2118 3172 2174 suscitatis
3213 2124 3569 2174 mortuorum
3607 2120 3760 2173 visce-

2155 2212 2310 2267 ribus
2337 2212 2607 2267 infundit.
2640 2212 2833 2268 Merito
2863 2212 3041 2284 igitur
3076 2213 3316 2284 alloquii
3346 2213 3469 2284 ejus
3511 2212 3764 2283 accipiens

2157 2306 2513 2374 suavitatem,
2564 2306 2879 2362 exclamans
2926 2308 3141 2377 Sponsa
3189 2310 3434 2360 testatur
3486 2324 3498 2360 :
3555 2326 3580 2353 ‹‹
3636 2307 3757 2360 Fau-

2158 2416 2249 2454 ces
2269 2399 2390 2469 ejus
2415 2399 2762 2466 dulcedines,
2787 2403 2844 2454 et
2868 2404 3022 2454 totus
3050 2398 3400 2454 desiderium
3426 2400 3603 2471 (Ibid,
3626 2400 3720 2468 16).
3738 2419 3761 2449 »

2229 2522 2318 2575 23.
2361 2520 2531 2591 (Vers.
2580 2521 2725 2589 141.)
2769 2520 3039 2591 Sequitur
3082 2535 3282 2574 versus
3328 2520 3599 2591 quintus:
3635 2522 3766 2574 Juve-

2156 2616 2242 2668 nis
2281 2629 2402 2668 sum
2445 2629 2558 2683 ego,
2603 2620 2653 2667 et
2700 2614 3011 2683 despectus;
3048 2613 3467 2682 justiﬁcationes
3516 2619 3630 2667 tuas
3672 2627 3764 2665 non

2159 2722 2279 2761 sum
2314 2708 2535 2762 oblitus.
2568 2707 2752 2761 Multis
2787 2711 3116 2762 sanctorum
3154 2707 3253 2777 qui
3295 2723 3329 2760 a
3357 2706 3538 2778 prima
3575 2705 3765 2761 adoles-

2159 2801 2343 2855 centia
2398 2800 2687 2854 exercitati
2732 2806 2865 2855 sunt
2911 2799 3066 2854 duris
3110 2800 3420 2867 laboribus,
3465 2802 3644 2870 potest
3686 2798 3763 2852 hic

2158 2894 2465 2949 versiculus
2497 2892 2821 2947 convenire.
2852 2893 2991 2947 Nam
3032 2896 3089 2947 et
3124 2893 3336 2963 Joseph
3374 2909 3503 2947 cum
3537 2909 3569 2945 a
3597 2889 3763 2946 fratri-

2158 2988 2265 3042 bus
2324 2988 2384 3042 in
2448 2989 2751 3058 [Egyptum
2814 2987 3181 3054 venderetur,
3241 2986 3445 3056 junior
3510 2992 3657 3051 erat,
3717 2989 3765 3037 et

428 3073 570 3127 tiam
612 3075 952 3145 peccatoris;
1001 3093 1121 3132 non
1170 3078 1375 3147 exurit,
1420 3084 1485 3133 ut
1526 3080 1749 3150 perdat.
1782 3082 1879 3136 Hic
1907 3057 2134 3152 ignisC
2160 3081 2475 3152 despectus,
2659 3080 2730 3133 ad
2770 3079 3048 3134 servitutis
3079 3079 3360 3150 injuriam
3398 3078 3762 3135 vendebatur:

431 3166 700 3221 hebetare
750 3168 883 3239 (17),
927 3169 1021 3223 hic
1064 3170 1216 3241 ignis
1264 3171 1628 3243 exstinguere
1670 3174 2059 3229 materialium

431 3274 578 3314 saeva
614 3260 978 3317 ﬂammarum
1017 3264 1308 3318 consuevit
1343 3265 1626 3320 incendia.
1664 3267 1914 3339 Denique
1958 3270 2061 3322 He-

358 3340 367 3351 ’
431 3353 567 3408 braai
599 3354 703 3408 hoc
742 3354 875 3426 igne
916 3357 1190 3425 succensi,
1229 3358 1471 3413 fornacis
1501 3359 1755 3416 ardentis
1791 3378 2059 3433 vaporem

430 3464 533 3502 nec
569 3448 772 3504 timere
824 3466 929 3504 nec
974 3451 1185 3505 sentire
1234 3455 1545 3523 potuerunt
1588 3455 1770 3525 (Dan.,
1820 3472 1897 3525 ιιι,
1946 3456 2057 3526 50).

432 3539 678 3614 1201
720 3542 915 3599 Merito
956 3559 1091 3616 ergo
1134 3545 1315 3600 bonus
1354 3562 1547 3602 servus
1587 3547 1775 3619 diligit
1808 3548 2059 3620 ignitum

429 3634 656 3690 Domini
692 3636 1000 3708 eloquium,
1034 3654 1146 3709 quo
1182 3638 1440 3694 induitur
1477 3640 1742 3709 Charitas,
1790 3659 1919 3714 quia
1959 3660 2056 3698 ex-

430 3728 607 3784 cludit
635 3729 920 3785 timorem.

498 3872 588 3924 2l.
645 3870 885 3925 Pulchre
935 3875 1129 3925 autem
1182 3871 1396 3927 addidit
1442 3875 1629 3942 nimis;
1660 3873 1822 3950 _quia
1875 3874 2059 3929 omnis

429 3960 664 4032 quidem
710 3962 905 4018 doctor
943 3962 1262 4019 inﬂammat
1302 3965 1586 4020 audientis
1622 3966 1889 4021 aﬂ‘ectum
1910 3985 1925 4036 ;
1962 3967 2058 4022 sed

428 4070 601 4125 supra
637 4070 837 4110 omnes
875 4060 961 4110 est
1000 4073 1184 4112 sermo
1227 4058 1341 4126 Dei,
1388 4058 1691 4114 divisiones
1729 4064 1959 4115 artuum
2004 4066 2060 4116 et

426 4148 626 4203 intima
688 4154 990 4220 penetrans
1060 4151 1459 4208 medullarum.
1530 4153 1848 4224 Tripliciter
1919 4170 2057 4226 ergo

428 4241 685 4298 describe
714 4242 815 4298 tibi
845 4243 1092 4315 ignitum
1120 4244 1414 4316 eloquium
1446 4247 1559 4313 Dei,
1590 4248 1673 4302 vel
1707 4248 1863 4319 quod
1890 4264 2057 4302 mun-

428 4335 546 4403 dat,
588 4336 675 4391 vel
707 4337 861 4408 quod
894 4338 1170 4406 accendit,
1206 4339 1290 4393 vel
1323 4340 1475 4410 quod
1512 4340 1801 4395 illuminat
1829 4341 2059 4397 audien-

2160 3180 2217 3229 et
2268 3179 2465 3245 postea
2519 3189 2650 3228 cum
2710 3172 3014 3243 productus
3069 3189 3100 3228 e
3155 3189 3404 3241 carcere,
3461 3171 3766 3244 praepositus

2158 3270 2433 3339 Egypto,
2503 3267 2727 3339 p0pulis
2790 3267 3082 3321 frumenta
3148 3266 3462 3336 divideret,
3528 3264 3767 3321 fratribus

2159 3362 2339 3416 vicem
2385 3361 2609 3431 injuriae
2647 3376 2761 3414 non
2800 3360 3064 3425 referret,
3104 3360 3202 3415 sed
3242 3361 3436 3415 refuso
3474 3358 3646 3431 pretio
3679 3358 3763 3411 ali-

2160 3458 2352 3509 menta
2382 3455 2641 3523 donaret,
2671 3453 2907 3508 senilem
2936 3453 3111 3523 patris
3140 3470 3174 3508 a
3198 3452 3354 3509 fame
3385 3460 3554 3525 atque
3570 3448 3765 3524 jejunio

2157 3547 2467 3603 vindicaret
2530 3549 2792 3613 aetatem,
2848 3562 3134 3617 curruque
3191 3546 3473 3602 submisso
3489 3589 3518 3616 ,.
3557 3544 3764 3609 obvius,

2159 3646 2216 3696 et
2262 3640 2679 3696 famulantibus
2726 3639 2942 3695 caeteris
3004 3640 3210 3711 amplae
3274 3639 3566 3712 potestatis
3616 3636 3766 3705 insig-

2160 3735 2346 3801 nibus,
2413 3733 2694 3798 adoraret,
2750 3733 2881 3804 jure
2936 3732 3162 3788 dicebat
3209 3749 3223 3787 :
3275 3736 3472 3788 Iunior
3524 3748 3613 3802 ego
3667 3744 3766 3784 sum

2158 3835 2209 3885 et
2262 3830 2567 3899 despectus;
2613 3827 3028 3896 justiﬁcationes
3083 3832 3206 3882 tuas
3256 3843 3366 3882 non
3415 3843 3533 3882 sum
3570 3826 3763 3880 oblitus.

2230 3964 2317 4018 24.
2386 3964 2505 4032 Ipse
2558 3961 2729 4015 David
2780 3976 3008 4032 quoque
3055 3960 3252 4031 junior
3311 3959 3605 4024 fratribus,
3653 3970 3765 4011 cum

2159 4057 2336 4129 patris
2374 4072 2503 4110 oves
2547 4058 2806 4126 pasceret
2846 4060 3121 4125 tanquam
3161 4054 3258 4109 vili
3298 4054 3592 4125 ablegatus
3628 4051 3767 4106 obse-

2159 4150 2317 4223 quio,
2348 4165 2465 4204 non
2505 4148 2724 4203 oblatus
2750 4150 2836 4203 est
2864 4147 3161 4213 sacerdoti,
3191 4148 3357 4218 quasi
3390 4146 3649 4216 indignus
3681 4141 3763 4212 qui

2158 4248 2474 4314 ungeretur
2513 4244 2573 4296 iu
2615 4257 2883 4312 regnum,
2928 4241 3026 4294 sed
3072 4257 3106 4294 a
3153 4240 3451 4295 sacerdote
3498 4237 3762 4310 quaesitus,

2160 4344 2218 4392 et
2241 4336 2541 4391 accersitus
2566 4352 2599 4389 a
2625 4334 2868 4406 pascuis,
2897 4333 3335 4405 praerogativam
3364 4333 3537 4404 regias
3566 4329 3763 4385 unctio-

429 4430 535 4483 tes.
567 4429 696 4485 Ideo
734 4430 811 4484 ait
850 4431 1121 4486 Dominus
1151 4449 1164 4486 :
1198 4453 1226 4481 ‹‹
1259 4432 1554 4488 Scrutatus
1587 4450 1712 4488 sum
1749 4428 2137 4499 JerusalemD
2162 4435 2247 4490 nis
2287 4434 2520 4504 accepit.
2569 4433 2765 4487 Postea
2809 4446 3039 4502 quoque
3080 4446 3415 4501 progressus
3450 4429 3521 4483 ad
3551 4427 3762 4485 bellum,

429 4520 501 4575 ad
533 4521 826 4577 lucernam
861 4525 1133 4595 (Sophon.,
1166 4543 1201 4592 ι,
1236 4529 1342 4596 l2).
1379 4548 1405 4575 ››
1438 4527 1547 4581 Sed
1577 4527 1875 4582 neminem
1902 4527 1960 4581 in
1989 4544 2057 4583 ea

430 4616 513 4669 vel
541 4616 639 4687 qui
666 4618 1062 4685 mundaretur,
1096 4620 1183 4673 vel
1214 4619 1312 4691 qui
1338 4620 1769 4690 accenderetur,
1802 4624 1901 4675 aut
1928 4621 2055 4675 illu-

489 4820 588 4885 (15)
617 4820 747 4871 Post
772 4834 965 4872 vocem
988 4823 1282 4886 progenies,
1317 4822 1761 4889 subjungebatur
1803 4824 1861 4874 in
1903 4824 2056 4887 edit.,

426 4906 534 4944 non
561 4898 635 4944 est
656 4893 738 4944 hic
766 4898 985 4944 natura.
1024 4893 1189 4956 Quod
1219 4895 1274 4945 in
1314 4895 1577 4946 omnibus
1617 4896 1845 4946 omnino
1887 4897 2061 4960 scrip-

428 4966 497 5014 tis
531 4965 656 5016 cod.
680 4966 1137 5028 pratermittitur.

488 5036 583 5098 (16)
635 5036 781 5086 Edit.
842 5050 1055 5099 omnes,
1112 5037 1297 5100 posito.
1349 5037 1547 5088 Melius
1608 5051 1758 5101 mss.,
1812 5039 2059 5103 positum,

426 5115 489 5160 ut
534 5112 805 5161 referatur
848 5112 916 5161 ad
974 5125 1170 5162 vocem
1227 5125 1440 5162 aurum.
1499 5113 1571 5163 Et
1626 5113 1891 5164 continuo
1938 5116 2062 5177 post

428 5185 647 5232 cunctm
703 5181 833 5231 edit.
884 5195 1014 5232 cum
1073 5181 1293 5232 duobus
1342 5197 1498 5245 mss.,
1545 5183 1679 5234 illud
1724 5197 1930 5235 morum
1978 5183 2061 5234 vel

426 5265 661 5314 operum.
690 5253 818 5304 Mss.
846 5267 975 5305 vero
1002 5254 1206 5315 cmteri,
1233 5258 1311 5313 ut
1333 5254 1389 5304 in
1422 5258 1594 5317 textu,
1620 5255 1814 5318 paucis
1857 5268 2060 5318 excep-

430 5324 518 5383 tis,
545 5325 640 5374 ubi
665 5325 836 5387 legas,
862 5325 998 5375 illud
1026 5325 1286 5376 bonorum
1315 5339 1553 5389 operum,
1575 5329 1682 5376 etc.

489 5393 589 5453 (17)
630 5394 753 5444 Vet.
794 5395 925 5446 edit.
967 5399 1023 5447 et
1060 5397 1399 5447 recentiores
1443 5397 1745 5457 nonnullae,
1787 5395 1880 5445 Hic
1924 5394 2061 5457 ignis

427 5465 665 5515 habitare
709 5466 975 5517 Christum
1017 5481 1113 5532 per
1157 5468 1310 5532 ﬁdem
1354 5469 1503 5530 facit.
1541 5468 1699 5519 Rom.
1751 5480 1882 5517 cum
1925 5479 2056 5516 mss.

428 5535 691 5586 omnibus
741 5537 1033 5588 nobiscum
1071 5540 1219 5603 legit.
1261 5539 1333 5589 Et
1370 5544 1520 5590 certe
1562 5540 1708 5602 prior
1746 5539 1909 5588 lectio
1948 5551 2060 5587 non

432 5604 657 5655 aliunde
700 5604 923 5656 inducta
973 5612 1073 5668 est,
1121 5622 1295 5672 quam
1344 5610 1413 5659 ab
1462 5610 1650 5673 aliquo
1694 5610 1792 5673 qui
1836 5609 2061 5658 nescie-

431 5678 527 5727 bat.
574 5675 816 5725 hebetare
859 5677 1007 5727 idem
1056 5679 1151 5727 hic
1203 5693 1323 5731 esse
1368 5694 1432 5732 ac
1485 5680 1776 5732 retundere
1823 5682 1908 5731 vel
1962 5680 2062 5730 mi-

435 5758 628 5798 nuere.

2159 4544 2290 4583 cum
2318 4525 2498 4582 Golias
2527 4527 2716 4580 totum
2746 4524 3019 4595 populum
3057 4522 3385 4578 Judaaorum
3414 4519 3659 4593 corporis
3691 4515 3764 4570 sui

2159 4621 2307 4676 mole
2362 4618 2699 4690 despiciens,
2760 4616 3029 4687 singulari
3079 4616 3392 4671 certamine
3437 4611 3760 4687 provocarat,

2222 4825 2317 4887 (18)
2378 4824 2506 4875 Mss.
2566 4821 2795 4886 aliquot,
2852 4835 3031 4872 coccus
3081 4835 3181 4886 pro
3246 4822 3368 4885 igne
3421 4819 3634 4871 collatus
3680 4819 3760 4887 est.

2158 4885 2253 4947 aut
2320 4908 2586 4946 coccum...
2653 4885 2903 4942 collatum
2970 4885 3338 4955 est.'Reliqui
3401 4904 3467 4941 ac
3528 4888 3651 4939 edit.
3708 4885 3761 4931 ut

2158 4970 2216 5018 in
2257 4970 2430 5019 textu.
2463 4965 2698 5016 Videtur
2732 4965 2918 5013 autem
2956 4962 3150 5013 Ambr.
3189 4963 3462 5026 respicere
3496 4960 3561 5010 ad
3594 4960 3757 5009 locum

2159 5040 2242 5089 F1.
2272 5038 2502 5101 Josephi
2532 5051 2561 5087 e
2591 5035 2686 5085 lib.
2713 5048 2771 5084 ιιι
2810 5035 2989 5097 Antiq.
3032 5034 3268 5091 Judaic.,
3292 5047 3416 5096 cap.
3455 5033 3501 5092 8,
3538 5029 3628 5079 ubi
3671 5039 3759 5076 οο-

2158 5112 2338 5163 lorum
2364 5109 2569 5175 quibus
2608 5105 2976 5183 Tabernaculi
3010 5106 3133 5183 vela
3174 5103 3576 5183 integebantur,
3620 5109 3757 5183 m’ysi-f

2160 5184 2271 5234 tica
2324 5173 2687 5252 signiﬁcatio_
2710 5179 2791 5252 ita
2857 5176 3154 5252 exponitur
3204 5191 3215 5224 :
3273 5177 3346 5252 τά
3392 5173 3577 5252 τειγὰρ
3609 5173 3754 5252 facit

2158 5254 2212 5302 ἐκ
2258 5241 2500 5318 τεσσᾶρων
2547 5248 2803 5313 ὑφανθέντα
2843 5248 2926 5323 τῂν
2967 5248 3064 5323 ἐτῶν
3112 5247 3362 5323 στοιχείωῖ
3420 5244 3553 5323 eam:
3575 5311 3585 5323 κ
3604 5241 3751 5323 δηξοῖὶξ

2162 5325 2227 5373 Ἤ
2273 5340 2323 5372 τε
2364 5304 2454 5387 γέιρ
2497 5304 2676 5385 Bucco:
2712 5320 2793 5376 τήν
2832 5319 2943 5393 γῆν-
2957 5304 3301 5393 ἀποσημαίῆιν
3340 5304 3481 5393 ἐουίξ,
3521 5310 3675 5393 ξιξτό
3696 5304 3753 5393 ,ἐξ

2159 5395 2305 5454 αὐτῆς
2348 5382 2579 5441 animo“
2625 5392 2679 5439 τὸ
2726 5393 2870 5463 λῖγον.
2923 5386 2987 5435 Ἥ
3017 5404 3082 5463 ars
3126 5386 3358 5463 ποῃύρσι·
3520 5382 3750 5463 Θξλάίςςξγ,

2159 5467 2226 5515 τῶ
2259 5451 2555 5528 ὴεφοινίχθαι
2578 5462 2660 5521 νῆς
2684 5461 2863 5525 κόχλου
2888 5474 2955 5528 τῳ
2984 5460 3164 5522 αἵματι.
3192 5451 3285 5506 Τὸν
3318 5456 3368 5528 δὲ
3406 5453 3518 5517 ἀέρα
3535 5451 3750 5528 ﬁctilem:

2159 5522 2339 5594 δηλιιῦν⁷
2370 5536 2396 5582 ὁ
2432 5522 2665 5589 ὗᾶκινθος.
2714 5522 2809 5583 Keil
2919 5522 3071 5594 43ozva
3085 5529 3167 5606 .δῖ
3195 5529 3251 5576 ἂν
3295 5527 3364 5574 etv
3408 5522 3660 5606 tantidem:
3670 5530 3748 5606 ἓν

2159 5606 2321 5671 πυρός.
2352 5607 2513 5657 Hanc
2542 5604 3050 5669 interpretationem
3078 5600 3342 5671 Origenes
3374 5596 3747 5671 primusnsecu:

2163 5653 2374 5728 tam;
2381 5653 2736 5739 3.35.1353
2761 5653 2896 5739 cap.
2933 5686 3058 5725 xxv
3098 5653 3295 5731 Edei,
3333 5653 3491 5731 atque
3526 5660 3613 5713 alii
3643 5653 3747 5720 ροεί

2163 5761 2310 5801 eum.
