3930 6168
203 272 300 322 1537

1248 265 1602 322 EXPOSITIO
1643 265 1711 320 IN
1753 263 2066 319 PSALMUM
2106 263 2330 317 CXVIII.

3334 270 3467 321 1538

195 390 458 446 timentibus
505 390 735 456 caeteris,
788 390 1046 460 poposcit
1097 407 1128 444 a
1179 407 1334 462 rege,
1392 396 1454 446 ut
1503 406 1739 461 congre-
1767 389 2023 474 Arilitas
2089 387 2236 441 ruris
2299 386 2634 452 imminuat,
2688 387 2730 440 si
2796 387 2873 457 pii
2926 389 3108 442 cultus
3177 389 3473 461 diligentia

192 485 336 540 diendi
377 483 470 536 sibi
513 483 861 554 permitteret
909 483 1253 539 facultatem.
1315 486 1560 540 Necdum
1612 485 1739 556 qui-

189 581 282 632 dem
303 582 434 630 tanto
461 577 751 632 certamini
774 577 982 632 habilis
1006 579 1320 632 aestimatus
1347 582 1450 633 est.
1475 578 1523 650 1
1541 578 1741 650 202

190 687 288 740 rege
325 670 523 724 dicente
561 688 572 723 :
610 692 636 719 ‹‹
678 672 800 725 Non
846 677 1004 740 potes
1039 673 1122 726 ire
1165 673 1238 724 ad
1275 673 1645 742 allophylum,
1688 677 1744 726 et

186 779 386 834 pugnare
428 780 548 816 cum
588 779 684 829 eo;
727 764 997 834 quoniam
1035 771 1096 818 tu
1139 783 1282 835 puer
1317 783 1397 834 es,
1439 769 1494 820 et
1532 766 1629 820 ille
1661 765 1746 819 vir

184 857 369 910 bellator
411 863 489 910 est
531 874 562 910 a
601 857 902 926 jttventute
951 875 1048 912 sua
1099 861 1144 926 (Ι
1197 863 1348 927 Reg..
1390 876 1519 928 xvii,
1562 861 1668 928 33).
1712 883 1739 909 »

183 951 326 1020 Neque
358 957 492 1003 esset
526 951 821 1016 admissus,
859 951 964 1005 nisi
1002 952 1224 1006 fecisset
1265 953 1455 1020 fidem,
1502 953 1652 1024 quod
1682 953 1740 1006 in

182 1060 252 1096 sua
297 1043 648 1097 adolescentia
694 1046 919 1100 leonem
969 1045 1080 1099 suis
1122 1045 1380 1100 manibus
1423 1048 1738 1117 strangula-

179 1143 283 1200 tum,
340 1137 581 1190 extractis
645 1141 824 1208 raptae
879 1139 993 1192 ovis
1057 1139 1335 1205 cruribus,
1387 1140 1739 1211 peremisset.

179 1232 267 1299 Ipse
297 1230 452 1283 etiam
492 1231 789 1301 despectus
831 1231 901 1286 ab
939 1233 1249 1302 allophylo,
1288 1234 1441 1304 quod
1475 1234 1742 1288 adversus

174 1326 407 1376 armatum
439 1325 819 1394 praeliatorem
852 1342 982 1380 cum
1019 1327 1179 1396 virga
1217 1330 1272 1381 et
1302 1327 1586 1398 lapidibus
1614 1345 1740 1398 pro-

171 1416 396 1482 cessisset,
438 1417 628 1471 retulit
667 1435 780 1472 non
824 1419 1036 1474 viribus
1081 1437 1140 1473 se
1185 1420 1393 1474 fretum
1436 1437 1577 1488 esse,
1629 1438 1740 1475 non

172 1511 340 1576 armis;
387 1511 479 1564 sed
542 1512 598 1565 in
651 1513 885 1566 nomine
957 1513 1175 1567 Domini
1241 1515 1619 1570 confidentem
1675 1517 1742 1570 ad

172 1604 382 1672 praelium
412 1621 527 1658 esse
572 1623 964 1676 progressum,
1011 1612 1071 1661 ut
1115 1609 1384 1662 lacessitae
1420 1609 1600 1679 plebis
1638 1626 1740 1663 au-

173 1698 304 1751 ferret
329 1699 716 1769 opprobrium.
751 1700 848 1755 Hic
887 1717 1022 1770 ergo
1049 1701 1278 1770 juvenis
1306 1707 1475 1773 atque
1507 1702 1742 1773 despec-

1844 485 2179 552 perseveret.
2207 481 2327 534 Non
2352 481 2473 550 jam
2514 481 2862 534 coturnicum
2902 481 3117 550 pluvias
3159 483 3295 536 mihi
3342 486 3474 554 opto

1845 575 2212 641 descendere,
2258 591 2395 644 quas
2441 578 2570 627 ante
2615 573 2882 642 mirabar,
2911 591 3023 628 non
3071 591 3281 630 manna
3320 579 3473 646 quod

1843 674 1976 722 ante
2015 668 2151 722 cibis
2191 667 2455 721 omnibus
2501 668 2912 737 prteferebam;
2955 670 3087 739 quia
3127 669 3223 740 qui
3269 686 3474 724 manna

1848 761 2337 815 manducaverunt
2369 765 2574 831 patres,
2616 761 2955 816 esurierunt.
2987 763 3136 816 Meus
3175 762 3332 816 cibus
3371 768 3473 828 est,

1844 871 2019 926 quem
2062 856 2106 908 si
2147 855 2275 925 quis
2319 854 2764 923 manducaverit,
2796 872 2912 909 non
2953 856 3183 910 esuriet.
3217 856 3368 910 Meus
3405 857 3474 910 ci-

1844 947 1950 1001 bus
1997 952 2101 1014 est,
2141 948 2238 1019 qui
2279 965 2396 1002 non
2433 964 2637 1019 corpus
2681 949 3018 1019 impinguat,
3053 950 3147 1003 sed
3177 951 3474 1004 conﬁrmat

1845 1058 1943 1096 cor
1969 1041 2238 1096 hominis.

1915 1140 2002 1189 27.
2048 1137 2249 1190 Fuerat
2294 1137 2432 1190 mihi
2469 1140 2600 1190 ante
2650 1137 2945 1191 mirandus
2988 1138 3150 1207 panis
3193 1138 3261 1192 de
3301 1138 3474 1202 coelo;

1844 1230 2118 1299 scriptum
2173 1236 2258 1283 est
2301 1230 2453 1284 enim
2503 1249 2514 1282 :
2564 1251 2590 1277 ‹‹
2635 1232 2842 1284 Panem
2895 1231 2963 1284 de
3009 1231 3144 1284 ccelo
3193 1231 3348 1284 dedit
3395 1232 3476 1284 eis

1847 1323 2190 1378 manducare
2232 1324 2450 1393 (Emod.,
2497 1340 2608 1389 XVI,
2657 1325 2757 1391 lli;
2802 1327 2981 1386 Joan.,
3027 1341 3100 1389 γι,
3145 1325 3264 1393 3t);
3307 1346 3333 1374 ι)
3377 1326 3475 1378 sed

1846 1433 1956 1470 non
1988 1422 2106 1470 erat
2133 1433 2297 1470 verus
2325 1417 2417 1471 ille
2445 1418 2624 1488 panis,
2661 1416 2759 1472 sed
2782 1417 2958 1471 futuri
2982 1417 3182 1471 umbra
3216 1417 3263 1489 1

1844 1512 2050 1564 Panem
2099 1511 2169 1564 de
2211 1512 2348 1564 caelo
2389 1511 2547 1564 illum
2587 1527 2784 1564 verum
2823 1511 2962 1564 mihi
3005 1511 3246 1565 servavit
3292 1514 3472 1566 Pater.

1843 1603 1976 1657 Mihi
2021 1603 2114 1657 ille
2160 1605 2322 1674 panis
2368 1604 2464 1658 Dei
2510 1603 2800 1658 descendit
2843 1603 2914 1658 de
2963 1606 3126 1670 coelo,
3165 1605 3260 1676 qui
3298 1605 3474 1658 vitam

1844 1697 1942 1751 dat
1970 1697 2101 1750 huic
2141 1697 2372 1752 mundo.
2412 1700 2531 1752 Non
2568 1697 2773 1752 Judaais
2816 1698 3128 1765 descendit,
3158 1715 3269 1752 non
3307 1699 3475 1768 Syna-

170 1797 251 1858 ius,
307 1792 487 1845 stravit
550 1794 920 1864 allophylum,
981 1794 1307 1866 potitusque
1365 1796 1618 1864 victoria,
1688 1781 2011 1860 intogI-e
2057 1791 2376 1856 descendit;
2411 1792 2508 1844 sed
2559 1790 2818 1846 Ecclesiae
2861 1791 3194 1860 descendit;
3225 1793 3320 1845 sed
3368 1809 3472 1863 po-

171 1884 321 1938 decem
347 1885 589 1940 millibus
621 1887 1054 1957 juvencularum
1089 1889 1449 1958 psallentium
1479 1889 1739 1944 testimo—

171 1977 238 2030 nio
263 1978 633 2050 triumphavit.

218 2074 285 2123 25.
309 2072 532 2126 Gerebat
562 2073 719 2127 enim
748 2077 948 2144 typum
977 2076 1100 2145 ejus
1131 2077 1228 2146 qui
1257 2077 1418 2146 quasi
1443 2077 1743 2147 despectus

170 2171 383 2219 venturus
412 2172 562 2220 esset
609 2167 664 2220 in
703 2173 904 2232 terras,
941 2172 996 2224 et
1034 2170 1156 2223 sine
1187 2170 1397 2239 legato,
1426 2172 1547 2224 sine
1578 2171 1738 2241 adju-

170 2264 274 2322 tore,
301 2260 410 2313 sine
438 2260 646 2314 nuntio
676 2265 862 2316 totum
889 2264 1168 2333 populum
1195 2263 1398 2317 mundi
1425 2265 1592 2333 hujus
1622 2281 1743 2318 cru-

170 2350 221 2402 cis
253 2369 349 2405 suae
383 2355 584 2424 praelio
623 2355 934 2409 liberaret:
971 2357 1057 2409 cui
1099 2356 1510 2427 applauderent
1535 2359 1740 2411 animm

170 2453 456 2512 sanctorum,
482 2465 591 2517 per
613 2448 976 2518 baptismatis
995 2454 1413 2504 sacramentum
1436 2455 1739 2510 renovatae.

170 2539 274 2604 quod
322 2555 508 2594 verum
565 2542 728 2596 illum
787 2542 1013 2596 Goliam
1078 2544 1385 2598 revelatum
1452 2545 1614 2598 nobis
1677 2562 1740 2599 ac

172 2631 398 2697 proditum
426 2634 590 2688 verbi
633 2635 716 2688 sui
755 2635 949 2706 gladio
989 2636 1341 2692 trucidasset.
1379 2639 1530 2691 Jacet
1567 2639 1743 2707 igitur

178 2737 285 2778 verus
330 2727 506 2781 Golias
569 2728 884 2784 humilitate
937 2729 1054 2783 Filii
1116 2731 1211 2784 Dei
1265 2734 1504 2799 stratus;
1556 2731 1742 2786 amisit

174 2825 287 2886 caput
324 2821 470 2890 quod
521 2823 584 2874 in
638 2823 843 2876 multas
888 2827 1038 2877 artes
1084 2823 1331 2878 vertebat
1380 2831 1435 2878 et
1486 2825 1760 2879 fraudes;

171 2908 363 2967 Psallunt
391 2931 608 2969 securze
636 2915 752 2985 jam
791 2917 1020 2983 animae,
1056 2933 1184 2987 quas
1211 2924 1342 2972 ante
1373 2922 1736 2988 peccatorum

168 3018 341 3060 suorum
378 3011 663 3062 tormenta
702 3009 1004 3065 deflebant.
1050 3011 1251 3066 Dicunt
1291 3012 1595 3082 tympanis,
1635 3014 1740 3066 hoc

167 3103 237 3163 est,
275 3103 598 3171 corporibus
637 3103 751 3156 suis
789 3109 1023 3174 peccato
1070 3105 1311 3159 mortuis
1353 3106 1691 3160 resultantes
1723 3123 1734 3160 :

169 3209 186 3233 τί
207 3190 310 3246 Saul
333 3195 705 3266 triumphavit
725 3197 783 3251 in
807 3198 1087 3263 millibus;
1112 3199 1279 3253 David
1308 3199 1366 3252 in
1388 3200 1586 3254 decem
1617 3201 1742 3253 mil-

169 3280 273 3337 libus
299 3287 332 3352 (Ι
356 3292 501 3357 Reg.,
538 3306 696 3355 xvm,
727 3290 801 3359 7).
829 3313 855 3338 ››
893 3292 1009 3345 Rex
1052 3292 1143 3346 ille
1182 3293 1356 3346 durus
1395 3293 1742 3362 indignatur,

166 3379 204 3427 et
222 3378 448 3435 irascitur
472 3383 774 3451 diabolus;
817 3401 883 3438 eo
925 3384 1079 3455 quod
1125 3389 1400 3440 canerent
1423 3387 1744 3456 juvenculae

165 3470 262 3535 quia
295 3473 506 3530 duritia:
554 3476 703 3530 filius
744 3494 952 3547 paucos
990 3479 1243 3548 decepit;
1284 3480 1537 3535 Christus
1563 3484 1742 3535 totum

165 3565 388 3621 mundum
414 3570 681 3624 redemit.
713 3570 852 3625 Dicit
876 3587 1014 3642 ergo
1043 3572 1298 3627 Christus
1324 3579 1486 3627 natus
1513 3590 1581 3628 ex
1619 3575 1741 3627 Vir-

168 3655 262 3722 gine
293 3677 304 3712 :
340 3664 559 3717 Iuvenis
599 3680 692 3730 ego
740 3680 857 3719 sum
885 3671 936 3719 et
976 3666 1291 3734 despectus;
1326 3668 1746 3736 justiﬁcationes

167 3757 254 3805 tuas
278 3769 372 3808 non
397 3772 517 3810 sum
551 3757 764 3812 oblitus.

214 3846 283 3898 '26.
309 3849 438 3903 Dicit
476 3850 656 3904 etiam
699 3853 944 3922 populus
985 3853 1304 3922 nationum,
1338 3855 1431 3908 ille
1463 3855 1521 3908 in
1559 3854 1745 3925 prima

166 3935 390 3997 electione
425 3945 749 4014 despectus,
784 3946 938 4000 rudis
975 3947 1159 4001 adhuc
1193 3947 1250 4000 in
1295 3948 1428 4014 fide,
1461 3954 1517 4003 et
1559 3949 1746 4002 studio

162 4032 397 4098 primaevae
443 4037 770 4092 devotionis
810 4040 1157 4108 adolescens,
1192 4041 1276 4094 vel
1321 4045 1470 4096 certe
1513 4058 1746 4096 renova-

162 4127 226 4175 tus
248 4130 430 4198 aquila:
452 4133 758 4201 juventute
797 4150 903 4203 per
947 4133 1303 4205 baptismatis
1351 4139 1741 4190 sacramenta:

159 4217 328 4276 Iuvenis
386 4241 477 4293 ego
542 4242 657 4279 sum
712 4231 762 4280 et
805 4228 1102 4297 despectus,
1145 4231 1560 4298 justiﬁcatt'ones
1625 4237 1749 4283 tuas

163 4326 242 4364 non
273 4330 378 4370 sum
412 4319 634 4373 oblitus.
671 4320 766 4373 Ille
801 4336 906 4390 ego
939 4321 1238 4392 despectus
1274 4328 1426 4389 ante,
1449 4323 1575 4393 jam
1609 4339 1748 4392 prm-

160 4403 297 4476 feror,
332 4411 446 4478 jam
492 4415 816 4483 anteponor
859 4415 1069 4470 electis.
1119 4417 1213 4469 Ille
1268 4422 1401 4470 ante
1444 4416 1746 4486 despectus

161 4503 360 4568 populus
402 4513 789 4574 peccatorum,
835 4508 1020 4562 habeo
1071 4509 1384 4563 caelestium
1438 4526 1751 4565 sacramen-

163 4593 313 4648 torum
353 4600 677 4653 veneranda
723 4602 1028 4656 consortia.
1078 4603 1201 4656 Jam
1253 4618 1464 4658 mensae
1509 4604 1749 4658 caelestis

162 4681 334 4743 honore
385 4693 682 4763 suscipior,
743 4695 924 4766 epulis
977 4696 1118 4751 meis
1173 4713 1284 4750 non
1337 4697 1524 4767 pluvia
1568 4699 1748 4752 unda-

165 4779 246 4848 ιω,
271 4799 370 4838 non
411 4792 578 4842 terra:
622 4791 816 4858 partus
851 4789 1091 4858 laborat,
1135 4807 1252 4845 non
1295 4791 1564 4845 arborum
1605 4793 1748 4845 fruc-

165 4874 244 4927 tus.
268 4877 416 4933 Potui
447 4897 575 4935 meo
611 4897 727 4936 non
754 4882 991 4936 ﬂumina
1012 4884 1343 4955 quaerenda,
1372 4901 1485 4938 non
1514 4886 1698 4939 fontes
1731 4902 1742 4938 :

164 4963 371 5024 Christus
421 4974 562 5028 mihi
616 4975 806 5042 cibus,
859 4976 1114 5033 Christus
1169 4978 1310 5032 mihi
1363 4982 1560 5048 potus,
1615 4995 1748 5032 caro

166 5056 239 5113 Dei
262 5065 405 5120 cibus
431 5068 598 5136 mihi,
627 5077 679 5124 et
726 5071 821 5124 Dei
856 5072 1088 5141 sanguis
1118 5075 1285 5142 potus
1315 5075 1400 5126 est
1434 5070 1595 5125 mihi.
1625 5073 1747 5126 Non

164 5147 252 5214 iam
297 5160 358 5212 ad
404 5164 718 5218 satietatem
764 5165 880 5218 mei
939 5182 1156 5219 annuos
1206 5171 1463 5236 exspecto
1516 5182 1749 5236 proven-

169 5247 248 5314 i115,
271 5251 507 5309 Christus
552 5257 698 5311 mihi
734 5258 992 5328 quotidie
1021 5259 1395 5313 ministratur.
1436 5262 1556 5314 Non
1596 5275 1749 5313 vere-

170 5333 262 5406 δοτ,
290 5361 353 5398 ne
399 5365 508 5418 qua
546 5351 688 5404 mihi
731 5367 862 5406 eum
909 5352 1031 5406 cceli
1075 5353 1462 5423 intemperies,
1503 5357 1601 5406 aut
1644 5357 1748 5407 ste-

1763 3151 1816 3223 C

215 5463 291 5524 {19)
316 5467 692 5523 Perseverabat
730 5473 913 5524 adhuc
951 5475 1006 5524 in
1049 5475 1298 5525 Ecclesia
1336 5475 1556 5524 Mediol.
1605 5475 1745 5524 anti-

173 5541 248 5589 qua
277 5537 512 5610 fidelium
555 5545 901 5595 consuetudo
940 5560 1049 5610 qua
1087 5547 1336 5610 quotidie
1377 5560 1550 5596 sacras
1597 5559 1749 5596 com-

172 5608 403 5679 Eﬂupionis
448 5615 737 5679 participes
783 5616 904 5666 ﬁeri
945 5608 1216 5667 solebant.
1266 5618 1412 5666 Hinc
1458 5620 1512 5667 in
1559 5618 1652 5666 lib.
1708 5629 1746 5666 ν

172 5670 216 5752 df
233 5670 468 5743 δοενατησξ
500 5701 615 5750 cap.
641 5670 719 5737 .4:
751 5690 935 5752 Accipe
968 5689 1218 5751 quotidie,
1252 5691 1394 5752 quod
1439 5689 1530 5738 tibi
1566 5687 1745 5752 quoti-

172 5741 233 5790 die
249 5755 413 5808 prosit.
436 5741 532 5807 etc.
565 5741 674 5808 Sed
722 5741 907 5808 monet
943 5741 1088 5809 idem
1126 5741 1320 5810 auctor
1360 5741 1590 5810 (ἰτωοοὲ
1626 5763 1745 5807 tum

173 5819 303 5866 semel
332 5821 381 5870 iu
417 5838 553 5877 anno
593 5828 956 5880 Eucharistie
995 5832 1389 5880 communione
1429 5832 1736 5880 contentos.

1845 1884 1979 1954 pulo
2017 1884 2112 1938 Dei
2145 1884 2366 1954 juniori
2409 1885 2734 1940 descendit:
2760 1886 2902 1939 Nam
2940 1885 3232 1956 quomodo
3267 1886 3477 1940 Judaeis

1847 1976 2137 2031 descendit
2181 1978 2344 2048 panis
2387 1978 2484 2048 qui
2525 1979 2696 2032 vitam
2745 1979 2925 2045 dedit,
2963 1996 3091 2033 cum
3139 1997 3339 2034 omnes
3380 1982 3476 2051 qui

1847 2070 2005 2124 illum
2033 2087 2237 2140 panem
2260 2073 2760 2139 manducaverunt,
2784 2073 2892 2127 hoc
2915 2076 3017 2141 est,
3048 2090 3277 2141 manna,
3301 2091 3473 2145 quem

1844 2169 2187 2234 putaverunt
2216 2165 2393 2219 Judaei
2423 2181 2622 2220 verum
2658 2182 2886 2236 panem,
2921 2167 2976 2219 in
3011 2167 3236 2220 deserto
3265 2168 3478 2221 mortui

1845 2258 2014 2311 sunt?
2057 2258 2356 2321 Quomodo
2403 2259 2725 2330 Synagogas
2765 2260 3078 2326 descendit,
3123 2278 3253 2316 cum
3301 2264 3474 2332 Syna-

1845 2367 1989 2422 goga
2017 2353 2201 2405 omnis
2231 2353 2538 2418 interierit,
2571 2359 2628 2408 et
2653 2359 2868 2408 aeterno
2888 2355 3111 2425 jejunio
3133 2355 3267 2409 ﬁdei
3297 2373 3480 2410 mace-

1843 2449 1966 2499 rata
1985 2445 2258 2500 defecerit
2272 2446 2298 2498 ?
2317 2447 2572 2517 Denique
2595 2447 2638 2500 si
2662 2448 3014 2518 accepissent
3033 2465 3238 2519 panem
3258 2466 3475 2516 verum,

1843 2554 1958 2592 non
1989 2539 2303 2593 dixissent:
2339 2559 2365 2590 ς(
2395 2541 2653 2609 Domine,
2691 2540 2760 2594 da
2797 2541 2959 2596 nobis
3001 2559 3226 2613 semper
3262 2559 3476 2614 panem

1844 2632 1996 2685 hunc
2026 2636 2220 2700 (Ιοίιιηυ
2254 2649 2326 2697 v1,
2362 2635 2470 2700 34).
2503 2658 2530 2683 ››

1913 2729 2002 2780 28.
2057 2725 2204 2789 Quid
2254 2727 2414 2796 petis,
2455 2727 2680 2788 Judaae;
2733 2731 2796 2781 ut
2830 2728 3041 2783 tribuat
3084 2729 3187 2783 tibi
3239 2746 3474 2799 panem,

1844 2835 2017 2889 quem
2054 2819 2146 2873 dat
2181 2818 2465 2888 omnibus,
2495 2820 2594 2874 dat
2633 2821 2888 2892 quotidie
2921 2823 3046 2889 (l9),
3086 2822 3185 2875 dat
3210 2824 3478 2894 semper?

1842 2915 1903 2966 In
1946 2917 2002 2966 te
2042 2913 2165 2984 ipso
2196 2917 2298 2978 est,
2327 2918 2388 2966 ut
2425 2913 2668 2984 accipias
2698 2915 2852 2968 hunc
2888 2930 3097 2984 panem
3133 2933 3145 2969 :
3179 2917 3380 2970 accede
3409 2918 3480 2970 ad

1842 3008 1992 3061 hunc
2026 3024 2252 3077 panem,
2287 3012 2341 3061 et
2372 3008 2613 3078 accipies
2642 3025 2796 3063 eum.
2832 3009 2905 3063 De
2937 3009 3042 3063 hoc
3072 3026 3223 3080 pane
3261 3010 3476 3064 dictum

1843 3107 1927 3155 est
1975 3145 1982 3154 .
2036 3124 2062 3149 ι(
2106 3103 2314 3155 Omnes
2361 3103 2458 3171 qui
2510 3103 2783 3173 elongant
2837 3119 2893 3156 se
2940 3103 3041 3156 abs
3087 3107 3164 3171 te,
3211 3105 3481 3174 peribunt

1845 3195 2013 3265 (Ρειιι.
2058 3211 2221 3261 Lxxu,
2266 3197 2374 3267 ‘27).
2407 3218 2435 3246 ››
2479 3197 2536 3250 Si
2580 3201 2634 3249 te
2675 3197 3033 3266 elongaveris
3079 3197 3149 3250 ab
3195 3213 3284 3263 eo,
3336 3199 3478 3268 peri-

1845 3288 1964 3358 bis;
2017 3289 2062 3343 si
2107 3289 2658 3360 appropinquaveris
2708 3290 2778 3343 ad
2825 3305 2977 3358 eum,
3025 3290 3198 3344 vives.
3249 3291 3347 3345 Hic
3397 3297 3482 3346 est

1844 3383 2004 3453 panis
2048 3383 2220 3438 vitas:
2265 3383 2360 3454 qui
2408 3399 2546 3454 ergo
2595 3383 2770 3437 vitam
2809 3385 3136 3454 manducat,
3175 3385 3322 3438 mori
3365 3402 3477 3440 non

1845 3479 2055 3547 potest.
2081 3477 2382 3541 Quomodo
2404 3478 2558 3530 enim
2585 3477 2887 3546 morietur,
2915 3478 3005 3531 cui
3036 3477 3193 3532 cibus
3218 3480 3333 3533 vita
3355 3483 3439 3535 est
3455 3480 3481 3533 '?

1845 3570 2144 3633 Quomodo
2191 3569 2434 3636 deficiet,
2494 3571 2593 3640 qui
2641 3570 2904 3624 habuerit
2952 3572 3177 3626 vitalem
3227 3574 3484 3626 substan-

1846 3664 2026 3717 tiam?
2069 3663 2329 3718 Accedite
2367 3664 2434 3716 ad
2483 3679 2637 3728 eum,
2686 3669 2743 3716 et
2787 3664 3091 3732 satiamini,
3140 3665 3274 3736 quia
3317 3667 3483 3736 panis

1848 3762 1951 3824 est,
1999 3757 2250 3810 accedite
2300 3756 2368 3809 ad
2420 3773 2574 3822 eum,
2627 3760 2686 3810 et
2724 3759 2940 3826 potate,
2991 3757 3121 3828 quia
3178 3759 3307 3811 fons
3363 3764 3478 3824 est;

1846 3851 2092 3906 accedite
2142 3851 2209 3904 ad
2258 3866 2412 3917 eum,
2459 3854 2513 3903 et
2564 3849 2990 3916 illuminamini,
3041 3850 3175 3921 quia
3222 3851 3317 3904 lux
3361 3857 3477 3920 est;

1850 3946 2102 3999 accedite
2129 3945 2198 3998 ad
2229 3961 2382 4009 eum,
2427 3950 2483 3998 et
2517 3943 2864 4009 liberamini,
2892 3944 3028 4014 quia
3057 3965 3084 3994 «
3115 3944 3211 3997 ubi
3250 3945 3481 4015 spiritus

1850 4039 2092 4105 Domini,
2147 4038 2222 4092 ibi
2264 4039 2492 4092 libertas
2540 4040 2604 4107 (II
2660 4041 2803 4101 Corn,
2856 4055 2932 4102 In,
2985 4039 3100 4107 l7);
3149 4061 3175 4088 ››
3230 4040 3480 4094 accedite

1850 4133 1918 4186 ad
1951 4149 2104 4200 eum,
2135 4136 2192 4186 et
2237 4131 2631 4200 absolvimini;
2666 4132 2797 4203 quia
2838 4133 3095 4188 remissio
3125 4141 3482 4205 peccatorum

1852 4232 1954 4279 est.
1993 4225 2129 4289 Quis
2159 4225 2230 4279 sit
2257 4226 2359 4279 iste
2385 4225 2680 4296 quaeritis?
2703 4227 2910 4282 Audite
2936 4228 3125 4297 ipsum
3153 4228 3440 4282 dicentem
3467 4248 3478 4283 :

1852 4342 1878 4368 ‹‹
1921 4321 2038 4390 Ego
2067 4336 2194 4373 sum
2224 4320 2385 4390 panis
2424 4319 2553 4373 vita:
2591 4338 2602 4372 :
2636 4320 2740 4390 qui
2783 4320 2938 4373 venit
2971 4321 3043 4373 ad
3070 4337 3183 4388 me,
3217 4339 3333 4375 non
3361 4339 3483 4376 esu-

1850 4415 1976 4482 riet,
2005 4421 2060 4468 et
2091 4415 2187 4486 qui
2216 4414 2397 4468 credit
2422 4414 2479 4467 in
2517 4429 2630 4479 me,
2662 4430 2777 4467 non
2807 4412 2960 4466 sitiet
2992 4429 3244 4482 unquam
3273 4417 3479 4483 (Joan.,

1855 4526 1925 4577 v1,
1959 4511 2068 4576 35).
2107 4529 2128 4559 ι
2158 4507 2404 4563 Audistis
2431 4524 2586 4574 eum,
2615 4511 2670 4560 et
2697 4505 2914 4560 vidistis
2940 4521 3096 4572 eum,
3124 4510 3181 4559 et
3213 4523 3326 4560 non
3354 4522 3476 4560 cre-

1850 4603 2070 4658 didistis
2121 4603 2200 4669 ei;
2252 4602 2380 4655 ideo
2428 4599 2639 4655 mortui
2689 4600 2862 4654 estis:
2908 4599 2992 4653 vel
3047 4615 3196 4654 nunc
3245 4601 3478 4665 credite,

1850 4703 1914 4752 ut
1943 4695 2166 4766 possitis
2195 4695 2401 4748 vivere.

1921 4794 2010 4845 29.
2058 4789 2164 4844 Sed
2214 4787 2503 4842 miramini
2549 4788 2792 4858 Moysen,
2839 4788 2973 4859 quia
3024 4793 3217 4860 patres
3270 4793 3482 4842 vestros

1855 4901 1959 4954 per
1998 4900 2160 4937 mare
2201 4881 2359 4936 siccis
2401 4880 2560 4935 duxit
2597 4881 2866 4951 vestigiis.
2908 4883 3118 4952 Moyses
3156 4899 3269 4936 non
3302 4883 3477 4953 impe-

1854 4978 2018 5044 ravit,
2049 4977 2147 5030 sed
2187 4976 2544 5047 impetravit;
2573 4992 2686 5029 non
2724 4975 2894 5046 jussit
2922 4976 3088 5041 mari,
3120 4975 3216 5030 sed
3258 4977 3484 5030 servivit

1845 5070 2074 5140 jubenti
2104 5070 2388 5124 ﬂuctibus.
2425 5070 2652 5140 Moysen
2674 5069 2938 5138 laudatis,
2969 5069 3098 5140 quia
3120 5084 3316 5138 regem
3345 5070 3484 5123 Pha—

1857 5181 1953 5218 rao
2003 5181 2131 5218 cum
2176 5165 2426 5219 exercitu
2471 5181 2571 5217 suo
2615 5163 2811 5218 mersit
2851 5180 2863 5216 :
2916 5164 3126 5233 Moyses
3167 5162 3384 5228 orabat,
3428 5169 3482 5216 et

1851 5258 1994 5312 alius
2035 5259 2367 5328 imperabat.
2411 5258 2623 5328 Moyses
2666 5257 3019 5327 precabatur,
3061 5255 3316 5309 Christus
3353 5273 3484 5326 ope—

1853 5351 2108 5406 rabatur.
2170 5353 2380 5422 Moyses
2430 5351 2702 5420 fugiebat,
2751 5349 3006 5404 Christus
3055 5348 3479 5420 insequebatur.

1853 5475 1912 5523 In
1957 5475 2236 5537 plerisque
2285 5486 2414 5522 vero
2461 5471 2784 5522 Occidentis
2831 5469 3100 5519 Ecclesiis
3142 5482 3262 5518 mos
3301 5472 3481 5534 quoti—

1851 5544 2031 5594 dianae
2077 5545 2489 5594 communionis
2528 5543 2583 5590 in
2625 5539 3047 5590 desuetudinem
3089 5540 3314 5600 abierat,
3347 5541 3484 5591 adeo

1850 5618 1910 5663 ut
1937 5615 2184 5677 episcopi
2211 5615 2416 5676 aliique
2453 5613 2725 5661 doctiores
2753 5611 2848 5659 viri
2876 5623 3001 5660 eum
3035 5624 3138 5661 nec
3181 5613 3486 5675 reprehen—

1850 5687 2062 5746 derent,
2109 5699 2216 5736 nec
2259 5684 2564 5733 laudarent.
2619 5683 2844 5732 Hieron.
2897 5683 3055 5745 epist.
3109 5684 3171 5732 50
3217 5683 3285 5732 ad
3334 5685 3488 5733 Pam-

1851 5758 2038 5810 mach..
2068 5763 2123 5808 et
2151 5760 2386 5819 August.
2423 5756 2580 5818 epist.
2609 5755 2679 5804 ad
2705 5753 2941 5804 Januar.
