3930 6168
444 239 581 293 i539

1919 234 1975 291 S.
2017 234 2334 293 AMBROSH

3622 246 3748 302 1540

438 361 647 431 Moyses
700 359 1026 413 columnam
1079 358 1458 429 sequebatur,
1515 363 1581 414 ut
1630 365 1942 415 nocturnas
1996 364 2076 414 te-
2096 357 2360 446 Aomnis
2398 356 2846 429 praevaricatoris
2882 356 3202 413 haereditas.
3240 358 3473 416 Veniens
3512 362 3755 423 Dominus

350 491 369 499 -
437 454 642 508 nebras
706 453 1030 518 declinaret,
1095 452 1350 507 Christus
1411 453 1790 509 illuminabat.
1848 455 2075 523 Moysen

441 545 766 617 agnoscitis,
820 546 953 616 quia
1003 562 1164 616 aqua;
1219 546 1663 601 amaritudinem
1711 546 2071 618 temperavit.

439 641 668 710 Moysen
694 626 1021 710 agnoscitis,
1055 639 1190 710 quia
1225 656 1435 711 aquam
1467 641 1733 712 produxit
1772 640 1843 695 de
1868 646 2028 710 petra
2056 656 2070 694 :

441 733 727 787 Christum
776 750 893 787 non
937 732 1265 803 agnoscitis,
1317 734 1418 803 qui
1461 734 1579 788 veri
1628 733 1778 787 illius
1825 733 2075 804 Egyptii

441 828 597 899 regis
622 827 817 883 stravit
845 827 1181 893 exercitum,
1211 832 1267 881 et
1308 827 1492 898 abyssi
1518 827 1717 882 mersit
1753 826 2067 898 profundo;

444 923 543 992 qui
569 938 670 976 nos
710 921 915 975 liberat
957 920 1209 992 quotidie
1247 921 1316 975 de
1354 920 1556 976 mundi
1593 921 1764 991 hujus
1788 919 2073 988 ﬂuctibus,

444 1030 516 1069 ne
557 1032 661 1070 nos
689 1014 878 1069 saeculi
915 1014 1087 1085 hujus
1125 1014 1371 1084 procella
1407 1014 1724 1085 demergat.
1759 1013 1911 1078 Quid
1946 1030 2077 1085 pro-

442 1109 551 1163 fuit
600 1108 855 1179 patribus
904 1108 1144 1161 transire
1190 1124 1294 1178 per
1340 1122 1500 1161 mare
1546 1106 1823 1175 Rubrum,
1870 1107 2076 1178 quibus

445 1202 783 1257 ad~terram
840 1200 1307 1273 repromissionis
1355 1216 1470 1254 non
1522 1200 1682 1255 licuit
1732 1200 2076 1272 pervenire?

445 1296 780 1366 Quicunque
807 1290 964 1349 enini
993 1294 1253 1349 exierunt
1289 1294 1359 1348 de
1388 1296 1653 1365 Egypto,
1693 1294 1985 1365 perierunt
2018 1294 2077 1349 in

444 1390 687 1444 deserto.
715 1390 964 1443 Mortuus
991 1393 1075 1443 est
1098 1391 1310 1455 Aaron,
1342 1394 1568 1443 mortua
1590 1395 1675 1444 est
1697 1389 1892 1455 Maria,
1919 1404 2072 1442 mor-

442 1486 575 1537 tuus
628 1488 711 1536 est
761 1485 820 1536 et
863 1482 985 1553 ipse
1030 1482 1264 1553 Moyses,
1315 1482 1498 1536 solum
1542 1484 1737 1536 Iesum
1780 1483 1929 1537 Nave
1978 1498 2077 1536 no-

443 1575 618 1629 minis
662 1576 807 1629 sacri
851 1575 1163 1631 similitudo
1212 1576 1471 1630 servavit.
1524 1576 1759 1630 Plaudat
1809 1575 2072 1642 Iudaeus;

444 1669 577 1740 quia
608 1669 821 1724 sitienti
860 1669 941 1723 illi
988 1669 1201 1723 undam
1239 1685 1376 1723 saxa
1414 1674 1788 1737 vomuerunt;
1835 1668 1976 1723 mihi
2006 1669 2083 1724 de

2173 454 2199 507 J
2205 469 2333 507 esus
2359 452 2611 523 primum
2640 468 2698 507 se
2720 451 3047 521 exinanivit,
3070 469 3187 508 non
3211 453 3466 525 rapinam
3489 456 3757 516 arbitratus

2175 563 2294 601 esse
2323 562 2384 601 se
2420 546 2698 617 aequalem
2737 548 2873 613 Deo,
2905 546 3152 601 formam
3177 546 3321 602 servi
3360 548 3754 623 sibiaccipiens,

2176 645 2234 695 et
2294 639 2477 710 specie
2529 639 2794 694 inventus
2846 643 2908 695 ut
2957 640 3157 707 homo,
3210 640 3517 696 humiliavit
3575 649 3754 700 semet-

2173 733 2386 804 ipsum,
2417 734 2596 789 factus
2624 734 2895 789 obediens
2929 750 3110 805 usque
3139 734 3208 788 ad
3237 741 3472 790 mortem
3503 737 3756 808 (Philipp,

2175 843 2234 895 ιι,
2268 830 2397 898 6-8).
2419 828 2544 882 Non
2567 831 2621 883 te
2653 832 2902 896 moveat,
2931 828 3066 899 quia
3091 828 3360 899 scriptum
3388 832 3489 898 est,
3518 837 3577 883 ut
3601 831 3758 901 homo;

2174 937 2290 975 non
2319 923 2471 976 enim
2505 921 2936 977 similitudinem
2968 922 3217 992 suscepit
3246 922 3508 990 hominis,
3530 924 3620 978 sed
3643 925 3764 979 veri-

2174 1019 2372 1070 tatem.
2406 1016 2546 1069 Nam
2577 1017 2633 1070 et
2669 1016 2791 1086 ipse
2817 1016 3130 1087 Apostolus
3158 1015 3235 1070 ait
3263 1014 3396 1069 alibi
3425 1032 3439 1070 :
3476 1036 3503 1065 «
3531 1016 3767 1071 Mediator

2175 1109 2274 1164 Dei
2303 1113 2360 1163 et
2400 1109 2702 1163 hominum
2746 1110 2920 1162 homo
2954 1109 3209 1165 Christus
3245 1110 3403 1163 Iesus
3448 1108 3487 1181 (Ι
3530 1111 3676 1173 Tim.,
3713 1127 3764 1178 ιι,

2178 1206 2248 1271 5).
2294 1224 2321 1252 »
2375 1204 2441 1258 Et
2484 1206 2550 1257 ut
2595 1203 2663 1257 de
2712 1203 3018 1273 Evangelio
3069 1202 3375 1257 aﬂ’eramus
3416 1203 3762 1273 exemplum:

2181 1317 2208 1345 «
2246 1296 2524 1364 Vidimus,
2559 1296 2745 1367 inquit
2783 1297 3046 1364 Joannes,
3088 1296 3332 1366 gloriam
3376 1296 3515 1367 ejus,
3553 1297 3767 1367 gloriam

2176 1390 2335 1461 quasi
2377 1389 2655 1461 unigeniti
2685 1406 2717 1443 a
2744 1391 2929 1459 Patre,
2959 1389 3196 1460 plenum
3226 1390 3422 1461 gratim
3458 1394 3514 1443 et
3548 1389 3769 1444 veritatis

2177 1484 2379 1555 (Icum,
2406 1501 2443 1551 ι,
2476 1484 2581 1549 14).
2610 1505 2640 1533 ››
2669 1482 2953 1554 Numquid
2979 1482 3117 1554 quia
3142 1483 3304 1551 dixit,
3327 1485 3487 1553 quasi
3510 1485 3769 1552 unigeniti,

2176 1577 2615 1632 similitudinem
2674 1576 2861 1649 magis
2926 1576 3206 1649 unigeniti
3268 1592 3442 1649 quam
3500 1577 3770 1631 veritatem

2175 1671 2353 1725 voluit
2379 1669 2643 1725 aestimari
2655 1670 2682 1725 Τ

440 1779 678 1834 corpore
731 1763 827 1819 Dei
873 1763 1002 1817 fons
1042 1763 1205 1817 ﬂuxit
1250 1768 1538 1828 aeternus;
1600 1778 1756 1816 meas
1808 1742 2152 1817 amaritu-B
2245 1767 2334 1820 33.
2378 1767 2500 1821 Non
2539 1781 2677 1835 ergo
2720 1780 3068 1835 supervacuo
3106 1763 3364 1820 Christus
3404 1762 3640 1819 advenit.
3666 1765 3773 1819 Iam

442 1857 601 1911 dines
636 1838 783 1911 bibit
822 1857 1107 1923 Christus;
1150 1859 1215 1909 ut
1239 1855 1384 1909 mihi
1426 1871 1544 1910 suae
1594 1855 1832 1910 donaret
1870 1856 2071 1927 gratiae

443 1949 804 2005 suavitatem.

516 2047 602 2098 30.
669 2043 814 2097 Dicit
880 2058 1018 2112 ergo
1080 2042 1323 2113 pOpulus
1382 2041 1734 2098 Christianus
1787 2059 1800 2096 :
1855 2045 2072 2098 Iuvenis

444 2134 702 2208 1204
755 2152 847 2204 ego
892 2151 1010 2190 sum
1057 2141 1107 2190 et
1152 2136 1457 2206 despectus;
1488 2136 1904 2205 justiﬁcationes
1950 2141 2072 2192 tuus

438 2246 549 2284 non
569 2246 686 2284 sum
711 2231 927 2285 oblitus.
952 2230 1100 2283 Bene
1118 2229 1230 2284 hoc
1251 2228 1408 2296 dicit,
1429 2229 1526 2300 qui
1543 2228 1870 2299 justiiicavit
1887 2230 2071 2284 Deum

438 2323 796 2395 baptismatis
823 2323 1205 2378 sacramentis.
1239 2321 1350 2385 Qui
1375 2322 1530 2376 enim
1555 2322 1889 2393 baptizatur,
1908 2323 2073 2393 justi-

439 2416 573 2471 ﬁcat
608 2419 819 2487 Deum;
861 2417 1001 2488 quia
1044 2420 1276 2488 peccata
1316 2416 1548 2488 propria
1590 2416 1909 2484 conﬁtetur,
1948 2421 2004 2471 et
2039 2433 2073 2471 a

441 2511 685 2565 Domino
732 2527 970 2565 suorum
1014 2512 1379 2582 praestolatur
1420 2510 1839 2581 indulgentiam
1879 2526 2074 2581 pecca-

440 2609 630 2660 torum
683 2604 811 2675 (20).
864 2603 1192 2659 Justiﬁcavit
1253 2604 1461 2671 David,
1512 2604 1612 2675 qui
1673 2604 1754 2658 ait
1809 2620 1823 2658 :
1878 2624 1907 2652 «
1951 2603 2069 2658 Tibi

441 2698 546 2753 soli
584 2698 832 2770 peccavi,
874 2701 933 2752 et
978 2699 1196 2753 malum
1240 2714 1434 2753 coram
1478 2704 1533 2752 te
1578 2697 1720 2767 feci;
1770 2700 1835 2751 ut
1868 2697 2074 2768 justiﬁ-

442 2791 585 2847 ccris
620 2792 681 2845 in
720 2792 1080 2847 sermonibus
1114 2792 1226 2847 tuis
1264 2794 1432 2864 (Psal.
1472 2808 1524 2859 L,
1561 2791 1637 2861 6).
1675 2812 1704 2841 »
1742 2792 1867 2845 Non
1901 2790 2070 2861 justi-

441 2884 755 2942 ﬁcaverunt
780 2886 1072 2952 Pharisaei,
1105 2886 1202 2957 qui
1236 2885 1511 2958 baptizari
1534 2884 1764 2940 Joannis
1788 2884 2073 2955 baptismo

442 2980 775 3049 noluerunt,
823 2984 884 3034 ut
930 2980 988 3033 in
1034 2979 1336 3050 Evangelio
1383 2978 1571 3050 legisti
1616 2980 1783 3046 (Luc.,
1820 2994 1917 3046 vn,
1962 2978 2068 3048 30).

439 3074 553 3128 Nec
598 3074 787 3128 solum
816 3072 1126 3143 justiﬁcare
1160 3073 1292 3127 satis
1323 3076 1428 3140 est,
1459 3072 1553 3127 sed
1582 3072 1757 3127 etiam
1784 3088 1899 3126 non
1926 3071 2070 3125 obli-
2093 3109 2148 3184 Ο

439 3167 576 3221 visci
622 3166 1097 3237 justiﬁcationum
1147 3166 1285 3236 Dei,
1341 3166 1401 3220 id
1458 3170 1563 3231 est,
1619 3170 1683 3219 ut
1736 3165 2073 3220 intemerata

441 3260 638 3331 gratiae
664 3259 934 3331 spiritalis
973 3260 1124 3314 dona
1162 3260 1456 3327 custodiat,
1489 3265 1545 3314 et
1572 3275 1746 3313 sacrae
1778 3258 2068 3314 remissio-

439 3354 530 3408 nis
562 3370 802 3408 munera
827 3353 1042 3408 illibata
1066 3359 1235 3425 atque
1266 3353 1544 3408 inoffensa
1571 3358 1886 3408 conservet.

510 3451 598 3503 3i.
643 3449 771 3502 Haec
811 3447 1144 3519 generalia:
1188 3448 1290 3502 sed
1328 3448 1498 3504 etiam
1536 3446 1795 3518 specialis
1833 3446 2071 3519 singulis

438 3540 773 3599 Christianis
816 3541 1067 3612 suppetit
1107 3541 1485 3613 praerogativa
1524 3540 1752 3596 dicendi
1793 3556 1806 3595 :
1852 3542 2071 3596 Iuvenis

436 3652 530 3705 ego
570 3652 686 3691 sum
735 3641 787 3690 et
833 3636 1139 3705 despectus;
1177 3634 1224 3689 si
1262 3635 1495 3689 humilis
1534 3635 1703 3689 corde
1744 3634 1833 3702 sit,
1872 3635 1918 3689 si
1960 3634 2066 3689 mi-

434 3729 510 3783 tis
542 3732 712 3799 atque
754 3733 1107 3783 mansuetus.
1149 3729 1313 3783 Dicat
1356 3744 1532 3799 ergo:
1574 3730 1792 3783 Iuvenis
1826 3744 1919 3797 ego
1954 3744 2071 3783 sum

437 3830 489 3878 et
510 3824 809 3893 despectus.
837 3823 1151 3877 Praemittat
1170 3821 1348 3876 aetatis
1368 3821 1697 3891 generalem
1710 3821 2066 3892 jactantiam,

436 3933 550 3988 quo
576 3917 703 3988 plus
740 3915 1068 3970 commodet
1105 3914 1444 3970 humilitatis
1489 3911 1607 3969 suaé
1645 3914 1916 3986 gratiam.
1948 3916 2068 3969 Non

438 4010 714 4064 mirabilis
740 4009 1032 4063 humilitas
1057 4009 1113 4063 in
1144 4012 1454 4077 senectute,
1486 4025 1614 4080 qua:
1646 4008 1811 4063 effeta
1835 4008 2066 4076 viribus,

434 4103 614 4159 fracta
643 4102 1049 4169 debilitatibus,
1082 4101 1258 4156 tristis
1295 4101 1599 4170 doloribus,
1631 4102 1842 4157 anhela
1883 4102 2065 4174 suspi-

438 4196 556 4264 riis,
586 4201 743 4251 cocta
781 4211 1047 4250 curarum
1085 4194 1330 4262 aestibus,
1363 4199 1420 4249 et
1459 4195 1581 4266 ipso
1618 4196 1840 4251 vivendi
1871 4200 2070 4252 moesta

433 4290 686 4357 fastidio,
716 4290 1065 4344 alacritatem
1095 4292 1174 4343 est
1212 4288 1384 4344 oblita
1416 4288 1727 4359 jactantiee.
1754 4290 1906 4344 Rara
1936 4307 2069 4345 sane

436 4383 497 4439 in
521 4382 829 4454 juvenibus
864 4385 949 4437 est
984 4381 1296 4451 humilitas,
1338 4382 1577 4453 ideoque
1609 4382 1887 4438 miranda.
1920 4383 2067 4438 Dum

438 4483 573 4534 aetas
599 4476 772 4549 viget,
814 4478 950 4532 dum
993 4475 1139 4531 vires
1183 4475 1397 4544 solidae,
1439 4476 1577 4531 dum
1620 4476 1852 4547 sanguis
1895 4479 2147 4552 exaas-D

437 4574 581 4639 tuat,
610 4572 745 4626 dum
786 4569 1102 4625 sollicitudo
1144 4570 1414 4639 nescitur,
1459 4570 1597 4624 dum
1628 4569 1922 4641 ignoratur
1962 4571 2060 4624 de-

434 4666 659 4738 bilitas,
731 4667 869 4722 dum
931 4668 1126 4723 laetitia
1190 4669 1625 4739 frequentatur,
1697 4672 1827 4723 tunc
1888 4668 2067 4724 fervet

428 4762 725 4835 jactantia,
766 4766 903 4815 tunc
948 4777 1008 4815 se
1041 4762 1362 4832 juventutis
1403 4761 1681 4833 superbus
1718 4762 1940 4817 extollit
1980 4763 2061 4817 af-

433 4857 635 4926 fectus,
660 4858 795 4910 tunc
816 4854 1105 4909 humilitas
1130 4855 1291 4927 quasi
1316 4855 1548 4923 vilescit,
1572 4855 1661 4926 abj
1672 4858 1793 4910 ecta
1817 4858 2066 4911 contem-

433 4952 611 5019 nitur,
654 4952 789 5004 tunc
840 4947 1117 5019 subjectio
1158 4949 1461 5020 degeneris
1506 4949 1867 5005 conscientias
1912 4951 2061 5004 aesti-

433 5049 627 5100 matur
671 5043 992 5099 inﬁrmitas.
1036 5043 1275 5099 Grandis
1325 5043 1501 5115 igitur
1544 5060 1769 5099 morum
1819 5046 2061 5101 assuefa-

434 5137 635 5194 cienda
664 5138 980 5203 maturitas,
1012 5153 1140 5208 quae
1177 5137 1363 5192 vincat
1392 5142 1677 5193 naturam.

504 5235 592 5288 32.
629 5232 883 5303 Denique
921 5231 967 5285 si
999 5230 1447 5299 consideremus,
1477 5232 1536 5285 in
1568 5231 1831 5302 paradiso
1858 5230 2067 5287 defecit

433 5325 756 5395 humilitas;
797 5331 854 5381 et
896 5325 1027 5381 ideo
1067 5325 1224 5379 venit
1263 5342 1293 5379 e
1334 5325 1495 5380 coelo.
1540 5325 1601 5379 In
1640 5325 1900 5396 paradiso
1941 5330 2065 5379 orta

433 5421 516 5473 est
538 5418 959 5486 inobedientia;
992 5421 1051 5473 et
1089 5418 1219 5474 ideo
1246 5418 1570 5473 obedientia
1610 5435 1741 5473 cum
1783 5418 2064 5473 Salvatore

436 5512 744 5566 descendit.
772 5511 1081 5567 lnﬂabatur
1111 5530 1262 5581 caro,
1299 5513 1448 5567 unde
1490 5511 1763 5583 subjectio
1788 5527 2063 5566 mansue-

433 5603 651 5660 tudinis
690 5605 933 5659 inveniri
968 5622 1085 5661 non
1120 5609 1350 5679 poterat
1376 5608 1433 5661 in
1480 5606 1666 5662 terris.
1709 5608 2063 5661 Intumuerat

495 5735 594 5798 (‘20)
628 5734 763 5785 Cod.
794 5735 922 5785 Last.
958 5740 1011 5785 et
1039 5737 1234 5786 Navar.
1276 5750 1441 5800 unus,
1468 5742 1754 5799 praestatur
1789 5736 2063 5802 indulgen-

432 5808 504 5857 tia
548 5812 903 5870 peccatorum.
949 5807 1054 5854 Alii
1095 5820 1221 5856 cum
1263 5809 1393 5858 edit.
1440 5814 1503 5857 ut
1546 5810 1603 5857 in
1660 5822 1908 5871 corpore,
1957 5810 2063 5859 nisi

2170 1862 2359 1930 potest
2387 1858 2577 1914 dicere
2615 1859 2788 1914 homo
2821 1875 2834 1913 :
2864 1860 3083 1914 Iuvenis
3119 1874 3213 1928 ego
3253 1873 3373 1913 sum
3409 1862 3459 1912 et
3493 1857 3773 1928 despectus;

2172 1952 2271 2024 qui
2297 1956 2420 2006 erat
2449 1956 2580 2007 ante
2616 1953 2674 2007 in
2706 1953 2917 2024 populo
2946 1953 3135 2025 priore
3176 1968 3352 2007 senex
3387 1950 3666 2022 superbus.
3693 1951 3772 2005 Di-

2173 2046 2290 2100 cit:
2331 2049 2551 2102 Iuvenis
2585 2062 2707 2102 sum
2739 2053 2791 2101 et
2835 2047 3134 2116 despectus,
3180 2044 3472 2118 quomodo
3514 2044 3645 2099 dicit
3686 2044 3771 2099 Ec-

2173 2139 2341 2194 clesia
2372 2157 2385 2194 :
2420 2160 2447 2189 «
2476 2140 2647 2210 Nigra
2676 2156 2805 2193 sum
2834 2144 2892 2194 et
2933 2140 3138 2195 decora
3178 2140 3381 2208 (Cant,
3412 2155 3450 2209 ι,
3482 2137 3556 2210 4).
3590 2158 3618 2187 ››
3646 2139 3771 2192 Prai-

2154 2233 2326 2287 rmisit
2364 2233 2610 2304 nigram,
2642 2238 2704 2288 ut
2733 2236 2974 2304 augeret
3014 2232 3305 2289 decorem.
3337 2232 3425 2288 Sic
3451 2234 3507 2287 et
3532 2231 3620 2286 hic
3643 2247 3772 2303 prae-

2172 2327 2327 2381 misit
2346 2327 2639 2397 juvenem,
2665 2332 2728 2382 ut
2756 2331 2997 2398 augeret
3020 2326 3431 2382 humilitatem.
3462 2327 3579 2380 Non
3610 2324 3734 2379 dixit
3760 2341 3771 2378 :

2176 2419 2432 2493 1205
2464 2421 2638 2492 Nigra
2676 2436 2801 2474 sum
2840 2420 3075 2488 decora;
3106 2436 3180 2475 ne
3228 2421 3385 2492 quod
3429 2420 3653 2490 nigrum
3684 2421 3771 2485 est,

2173 2515 2445 2569 decorum
2499 2514 2902 2569 aestimaretur.
2960 2513 3073 2568 Nec
3124 2512 3269 2568 dixit
3322 2531 3336 2568 :
3388 2513 3607 2571 Iuvenis
3664 2527 3774 2566 sum

2173 2607 2503 2678 despectus;
2535 2624 2606 2662 ne
2637 2608 2907 2678 juventus
2943 2606 3305 2678 despicabilis
3340 2609 3659 2678 putaretur;
3689 2604 3775 2659 sed

2173 2701 2250 2755 ait
2293 2703 2537 2764 Iuvenis,
2570 2707 2625 2756 et
2667 2701 2820 2772 quod
2859 2700 3104 2770 mireris,
3151 2700 3402 2771 humilis,
3444 2716 3557 2755 non
3596 2714 3773 2770 super-

2172 2794 2298 2862 bus,
2339 2794 2556 2864 dejecto
2600 2794 2867 2865 proprior
2916 2810 3093 2865 quam
3137 2793 3406 2850 tumenti.
3452 2793 3542 2849 Sic
3583 2796 3635 2849 et
3674 2791 3771 2860 ibi;

2173 2888 2348 2959 Nigra
2391 2903 2518 2942 sum
2569 2888 2857 2958 superiore
2897 2892 3147 2958 peccato,
3194 2888 3295 2943 sed
3341 2888 3542 2943 decora
3585 2885 3775 2941 confes-

2172 2981 2331 3036 sione
2367 2981 2607 3052 peccati,
2643 2984 2702 3038 et
2737 2981 3100 3037 correctionis
3141 2981 3357 3050 studio,
3390 2985 3564 3052 atque
3598 2994 3773 3034 amore

2171 3075 2415 3130 virtutis.
2461 3074 2730 3139 Quamvis
2775 3091 2915 3147 ergo
2959 3078 3013 3130 et
3053 3075 3291 3147 syllaba,
3340 3082 3403 3129 ut
3449 3070 3781 3146 grammatici

2173 3168 2481 3240 appellant,
2519 3167 2876 3239 conjunctiva
2912 3168 3002 3237 sit,
3045 3168 3218 3225 habet
3254 3173 3452 3224 tamen
3481 3166 3772 3223 distinctio-

2171 3278 2307 3317 nem
2342 3279 2458 3334 qua
2500 3262 2755 3317 confusio
2791 3261 3138 3333 disjungitur
3176 3279 3243 3318 ac
3275 3265 3573 3334 separatur
3602 3277 3615 3316 :
3644 3264 3704 3314 ut
3736 3258 3775 3311 si

2171 3355 2326 3411 dicas
2368 3356 2731 3411 Ambrosium
2771 3357 3009 3411 Bassum
3050 3356 3202 3411 intus
3255 3373 3403 3426 esse,
3448 3372 3592 3410 unus
3628 3356 3771 3425 puta-

2170 3452 2297 3516 tur;
2333 3449 2417 3504 sin
2455 3455 2649 3505 autem
2683 3466 2900 3504 asseras
2929 3449 3288 3505 Ambrosium
3310 3453 3368 3507 et
3396 3451 3623 3505 Bassum
3644 3448 3776 3502 intus

2171 3559 2313 3612 esse,
2346 3544 2457 3599 duo
2485 3543 2680 3615 utique
2707 3542 3126 3613 intelliguntur.

2241 3638 2329 3691 34.
2368 3637 2530 3692 Dicat
2564 3654 2701 3708 ergo
2746 3653 2759 3691 :
2800 3639 3018 3692 Iuvenis
3061 3652 3182 3692 sum
3225 3643 3279 3691 et
3317 3638 3626 3708 despectus,-
3663 3632 3775 3705 quia

2168 3729 2421 3785 Christus
2463 3731 2521 3784 in
2563 3746 2810 3801 paupere
2843 3733 3018 3802 atque
3065 3729 3335 3801 despecto
3381 3730 3659 3785 mundum
3698 3741 3774 3780 re—

2170 3822 2379 3889 demit,
2435 3823 2569 3895 quia
2622 3824 2877 3881 Christus
2929 3823 3254 3879 humilitate
3307 3824 3596 3879 diabolum
3645 3818 3775 3874 vicit.

2169 3916 2328 3970 Dicat
2358 3933 2371 3970 :
2416 3920 2697 3987 Despectus
2737 3932 2890 3983 sum;
2933 3916 3070 3988 quia
3105 3933 3205 3972 cor
3243 3917 3611 3972 humiliatum
3649 3915 3779 3968 Deus

2169 4026 2287 4065 non
2315 4010 2561 4081 spernit;
2595 4010 2726 4081 quia
2755 4010 3051 4081 despectus
3085 4009 3175 4065 ille
3208 4010 3450 4065 Lazarus
3473 4009 3534 4063 in
3559 4005 3776 4065 Abraha:

2169 4120 2323 4159 nunc
2384 4103 2687 4175 requiescit
2754 4103 2917 4171 sinu,
2982 4108 3037 4158 et
3098 4102 3256 4158 dives
3336 4105 3432 4158 ille
3499 4099 3778 4174 jactantior

2171 4198 2449 4270 afﬂigitur
2490 4198 2549 4252 in
2591 4197 2838 4252 inferno.
2881 4199 3186 4268 Despectus
3232 4200 3360 4252 erat
3408 4198 3641 4269 Moyses,
3684 4206 3775 4248 nec

2170 4292 2277 4347 sibi
2305 4291 2542 4348 idoneus
2571 4291 2885 4361 videbatur,
2910 4306 3040 4345 cum
3060 4290 3132 4345 ad
3160 4290 3522 4346 liberandum
3542 4288 3777 4345 Hebraic—

2168 4403 2296 4441 rum
2325 4385 2602 4458 populum
2635 4385 2978 4441 mitteretur.
3010 4385 3317 4455 Despectus
3354 4388 3477 4439 erat
3506 4380 3770 4442 Ieremias,

2171 4480 2269 4553 qui
2321 4480 2541 4535 dicebat
2591 4496 2605 4534 :
2663 4500 2690 4529 ‹‹
2730 4479 3059 4534 Dominator
3106 4477 3369 4545 Domine,
3425 4493 3552 4534 ecce
3604 4473 3775 4530 nescio

2169 4574 2358 4647 loqui;
2397 4574 2530 4645 quia
2562 4572 2789 4643 juvenis
2834 4589 2959 4627 sum
3006 4588 3114 4642 ego
3154 4571 3391 4642 (Ierem.,
3433 4588 3471 4637 ι,
3508 4571 3577 4639 6).
3616 4590 3645 4619 ››
3680 4564 3773 4622 Sed

2163 4668 2380 4723 facilius
2410 4668 2513 4722 iste
2541 4667 2845 4738 despectus
2884 4664 3134 4736 eligitur.
3172 4664 3430 4736 Denique
3465 4663 3666 4719 dicitur
3686 4659 3769 4714 ei:

2170 4783 2197 4812 «
2237 4762 2357 4817 Noli
2387 4760 2576 4816 dicere
2606 4760 2735 4831 quia
2757 4759 2982 4830 juvenis
3003 4774 3129 4813 sum
3155 4773 3296 4829 ego;
3330 4758 3467 4829 quia
3495 4756 3565 4812 ad
3591 4767 3771 4810 omnes

2164 4856 2238 4911 ad
2282 4870 2655 4928 quoscunque
2701 4852 2911 4907 misero
2965 4855 3044 4919 te,
3095 4850 3293 4917 abibis,
3351 4853 3407 4905 et
3453 4866 3558 4922 per
3599 4844 3773 4903 omnia

2165 4965 2519 5022 quascunque
2560 4947 2908 5002 mandavero
2945 4945 3069 5012 tibi,
3112 4944 3382 5015 loqueris.
3411 4944 3491 4998 Ne
3531 4942 3721 4997 timeas
3744 4951 3790 4988 a-

2164 5042 2307 5099 facie
2336 5058 2568 5109 eorum;
2598 5041 2734 5113 quia
2774 5056 2880 5112 ego
2912 5044 3102 5094 tecum
3151 5054 3303 5105 sum,
3333 5037 3471 5092 dicit
3495 5034 3768 5095 Dominus,

2164 5141 2231 5192 ut
2259 5136 2496 5192 liberem
2526 5138 2584 5190 te
2614 5135 2797 5205 (Ibid.,
2832 5138 2885 5202 7,
2914 5133 2990 5204 8).
3022 5154 3049 5184 ››
3082 5133 3390 5203 Despectus
3416 5132 3540 5185 erat
3564 5128 3651 5183 ille
3672 5126 3769 5179 Pu-

2164 5231 2439 5300 blicanus,
2469 5229 2568 5301 qui
2598 5228 2791 5283 oculos
2817 5226 2891 5282 ad
2932 5226 3135 5282 coelum
3162 5242 3282 5281 non
3312 5223 3555 5279 audebat
3580 5222 3768 5283 levare,

2167 5330 2224 5379 et
2249 5324 2376 5379 ideo
2406 5322 2630 5377 facilius
2654 5337 2828 5393 quam
2864 5320 2957 5374 ille
2990 5318 3311 5375 Pharisaeus
3337 5313 3766 5373 exaudiebatur:

2167 5439 2195 5467 ‹‹
2236 5417 2434 5472 Omnis
2466 5416 2623 5470 enim
2652 5416 2751 5487 qui
2786 5432 2846 5469 se
2890 5413 3120 5481 exaltat,
3152 5411 3576 5479 humiliabitur;
3606 5408 3658 5461 et
3683 5399 3767 5474 qui

2165 5529 2223 5566 se
2254 5508 2663 5577 humiliaverit,
2701 5507 3043 5564 exaltabitur
3074 5507 3247 5576 (Luc.,
3280 5520 3434 5565 xvul.
3465 5504 3568 5573 14).
3598 5522 3625 5551 ››

2238 5607 2327 5659 35.
2379 5605 2556 5667 (Vers.
2604 5602 2749 5672 142.)
2793 5600 3107 5672 Sequitur:
3148 5601 3370 5655 Iustitia
3416 5602 3532 5658 tua,
3562 5590 3767 5663 justam

2164 5736 2334 5801 quod,
2382 5736 2506 5786 loco
2547 5734 2699 5785 verbi
2744 5731 3101 5798 praestolatur,
3141 5744 3273 5782 mss.
3320 5728 3528 5791 aliquot
3578 5717 3767 5773 habent

2162 5813 2360 5872 sperat,
2390 5805 2540 5871 quod
2560 5806 2871 5869 significatu
2890 5817 3004 5854 non
3034 5807 3117 5854 est
3149 5802 3442 5854 diversum.
