3930 6168
234 220 335 275 1541

1305 218 1664 273 EXPOSITIO
1701 217 1768 272 IN
1805 215 2121 272 PSALMUM
2158 216 2386 272 CXVIII.

3397 225 3534 280 1542

226 351 272 401 in
312 348 557 409 ztemum,
611 349 665 397 et
710 345 797 398 lea:
848 350 946 399 tua
988 347 1212 401 veritas.
1268 347 1511 401 Possunt
1565 345 1801 417 quidem
1823 343 2094 429 Aitaque
2157 347 2241 399 est
2294 343 2638 415 exemplaria
2689 344 3002 400 caelestium
3055 346 3145 402 his
3196 350 3464 405 mandari
3516 369 3530 406 :

186 475 194 486 .
224 437 396 508 singuli
421 437 590 491 facere
636 453 808 509 opera
838 437 1096 508 justiﬁes,
1126 439 1227 494 sed
1260 455 1377 494 non
1422 440 1480 493 in
1518 443 1798 495 aeternum

220 530 486 586 manentia.
532 531 690 586 Dives
733 531 833 587 ille
872 532 962 586 cui
1008 532 1445 588 abundaverunt
1486 533 1697 588 divitiae
1741 534 1799 587 in

219 626 301 679 hoc
323 625 531 693 saeculo,
574 618 818 680 fortasse
857 625 1060 681 fecerit
1098 626 1289 698 aliqua
1326 643 1502 698 opera
1534 627 1798 697 justitiaa,

216 734 421 789 quorum
454 719 977 774 remunerationem
1008 719 1065 774 in
1088 720 1358 790 praesenti
1385 720 1498 775 vita
1518 720 1801 791 acceperit

218 812 325 883 (2t);
354 812 499 882 quod
543 828 657 867 non
698 829 910 883 magna
951 812 1167 869 fuerint
1209 830 1384 885 opera
1424 814 1540 884 illa,
1584 830 1691 868 nec
1716 830 1800 868 re-

214 905 569 959 muneratione
608 905 784 976 digna
822 911 1117 977 perpetua.
1150 907 1292 971 Quid
1336 908 1510 978 quod,
1539 908 1709 962 etiam
1752 907 1801 962 si

211 998 411 1052 facimus
440 1014 611 1069 opera
652 998 843 1070 aliqua
873 999 1129 1069 justitite,
1169 999 1410 1056 facimus
1451 1006 1642 1056 tamen
1684 1017 1797 1055 non

210 1092 468 1156 continua,
514 1092 611 1146 sed
655 1108 804 1147 rara.
850 1093 1111 1165 Plerique
1148 1110 1265 1149 non
1304 1094 1536 1165 rapiunt
1583 1094 1795 1162 aliena,

207 1187 282 1239 sed
325 1185 575 1240 nesciunt
618 1186 687 1240 de
738 1186 974 1257 proprio
1026 1186 1243 1258 largiri.
1303 1187 1411 1242 Alii
1466 1187 1799 1242 invadentes

206 1279 454 1333 indebitas
500 1279 818 1349 facultates,
846 1296 960 1350 quo
999 1281 1249 1351 speciem
1285 1281 1523 1351 justitiaa
1553 1280 1659 1335 sibi
1701 1298 1795 1336 ac-

202 1372 413 1443 quirant,
454 1373 643 1428 solent
686 1374 950 1429 conferre
1000 1374 1368 1446 pauperibus.
1412 1375 1533 1430 Non
1572 1380 1657 1431 est
1688 1375 1800 1430 ista

202 1465 246 1519 in
269 1471 526 1520 aeternum
548 1466 792 1536 justitia.
821 1467 977 1522 Multi
1000 1467 1141 1538 justi
1178 1468 1520 1539 plerumque
1548 1468 1798 1539 graviter

200 1558 541 1630 deliquerunt,
567 1576 681 1614 non
709 1560 984 1615 habentes
1012 1564 1243 1616 aeternas
1266 1562 1516 1616 fructum
1537 1562 1793 1633 justitiae.

192 1652 291 1707 Soli
326 1653 435 1706 Deo
469 1654 724 1724 suppetit
766 1655 823 1708 in
866 1659 1215 1725 perpetuum
1258 1671 1359 1726 per
1389 1655 1580 1710 omnia
1612 1656 1793 1727 possi-

1901 454 2035 492 nam
2082 438 2207 509 ipsa
2256 437 2501 493 coelestia
2548 437 2877 493 melioribus
2930 439 3159 509 hostiis;
3210 460 3321 497 non
3375 446 3534 499 enim

1899 532 1959 587 in
2004 531 2330 586 manufacta
2375 536 2570 586 sancta
2621 531 2853 588 intravit
2897 532 3149 588 Christus
3193 538 3536 607 exemplaria

1898 641 2188 687 verorum,
2232 625 2332 680 sed
2376 626 2436 680 in
2481 624 2671 697 ipsum
2712 628 2949 694 coelum;
2995 632 3054 681 et
3092 644 3246 682 nunc
3294 634 3537 701 apparet

1897 719 2077 773 vultui
2143 720 2240 774 Dei
2307 737 2409 790 pro
2465 719 2629 774 nobis
2682 720 2889 791 (Hebr.,
2948 737 3022 789 Ix,
3072 725 3161 791 23,
3216 724 3329 789 24).
3385 746 3413 773 ››
3466 726 3538 778 Ut

1897 828 2308 883 cognoscamus
2351 814 2720 884 autem‘quia
2758 815 2945 885 legem
2986 830 3188 869 novam
3230 815 3388 870 dedit
3425 818 3532 870 Do-

1898 906 2086 960 minus
2125 908 2302 973 Jesus,
2344 906 2518 961 habes
2559 906 2845 962 dicentem
2891 907 3165 978 Spiritum
3208 914 3471 964 sanctum
3518 926 3531 964 :

1899 1020 1927 1049 «
1974 1001 2082 1055 Hoc
2127 1006 2318 1055 autem
2363 1002 2769 1055 testamentum
2813 1002 2963 1072 quod
3009 1002 3264 1057 testabor
3299 1003 3371 1057 ad
3417 1020 3532 1071 eos,

1897 1093 2036 1147 dicit
2103 1093 2399 1149 Dominus.
2470 1094 2625 1149 Dabo
2693 1094 2848 1166 leges
2919 1111 3078 1150 meas
3147 1096 3205 1150 in
3267 1097 3538 1152 cordibus

1898 1203 2118 1253 eorum,
2156 1192 2213 1242 et
2249 1188 2308 1242 in
2349 1187 2606 1242 sensibus
2644 1204 2842 1242 eorum
2880 1188 3123 1243 scribam
3157 1205 3270 1255 eas,
3311 1194 3369 1245 et
3404 1207 3532 1261 pec-

1896 1280 2002 1334 cati
2049 1286 2105 1334 et
2152 1280 2443 1350 injustitiae
2495 1296 2697 1335 eorum
2743 1298 2861 1336 non
2911 1299 3008 1337 ero
3058 1299 3281 1338 memor
3324 1283 3531 1352 (chr.,

1896 1390 1951 1439 x,
2002 1377 2087 1442 16,
2141 1374 2248 1444 17).
2300 1396 2328 1424 ››
2373 1374 2478 1429 Ubi
2527 1390 2665 1445 ergo
2716 1374 2996 1442 remissio,
3033 1375 3155 1446 jam
3202 1394 3321 1431 non
3372 1377 3529 1432 obla-

1895 1467 1973 1522 tio
2014 1484 2116 1538 pro
2154 1468 2413 1539 peccatis.
2446 1468 2567 1531 Quo
2611 1468 2905 1523 evidenter
2947 1469 3267 1524 ostenditur
3297 1486 3533 1525 omnem

1897 1560 2191 1615 veritatem
2245 1561 2304 1615 in
2368 1561 2675 1632 Evangelio
2731 1562 3044 1631 contineri;
3101 1563 3239 1634 quia
3286 1562 3374 1617 lex
3430 1563 3533 1618 Dei

1896 1654 1955 1707 in
1996 1654 2253 1709 sensibus
2292 1655 2615 1722 hominum,
2653 1660 2711 1709 et
2748 1656 2809 1709 in
2850 1654 3113 1710 cordibus
3158 1672 3355 1711 eorum
3395 1658 3531 1712 scri-

200 1746 306 1801 dene
338 1746 645 1817 justitiam,
695 1748 791 1819 qui
834 1749 1013 1820 pascit
1040 1749 1223 1819 justos
1269 1755 1325 1804 et
1365 1749 1637 1820 injustos;
1681 1727 2069 1813 nouBbitur,
2108 1764 2227 1803 non
2271 1748 2331 1801 in
2377 1748 2582 1803 tabulis
2626 1747 2865 1819 lapideis
2905 1748 3025 1819 (qui
3070 1765 3207 1820 ergo
3249 1757 3534 1821 praacepta

198 1840 320 1894 enim
366 1840 641 1896 beneﬁcis
704 1841 834 1896 solis
890 1842 994 1913 (22)
1050 1842 1349 1897 referenda
1393 1842 1614 1913 justitia
1680 1848 1790 1910 est;

198 1933 271 1986 sed
297 1934 379 1987 illa
403 1950 539 1988 vera
564 1935 786 2005 justitia
813 1940 915 2004 est,
950 1952 1078 2007 quae
1119 1936 1254 2007 ipsis
1281 1952 1509 2008 quoque
1541 1935 1798 1991 defertur

197 2026 422 2082 inimicis.
470 2027 789 2099 Meritoque
834 2029 960 2083 ait:
1013 2029 1238 2085 Justitia
1287 2029 1389 2085 Dei
1427 2047 1440 2084 :
1491 2053 1519 2078 ιι
1569 2030 1795 2101 Diligite

196 2118 420 2175 inimicos
447 2124 669 2176 vestros
695 2123 935 2193 (Matth,
967 2139 1021 2190 ν,
1052 2123 1160 2191 44).
1196 2144 1222 2172 ι)

249 2216 322 2267 36.
372 2215 520 2285 Ergo
577 2215 727 2269 sicut
771 2216 831 2269 in
888 2220 1169 2271 aeternum
1225 2219 1313 2271 est
1353 2216 1573 2287 justitia
1623 2217 1797 2271 solius

197 2305 285 2372 Dei,
315 2308 390 2361 ita
429 2310 521 2362 lex
562 2309 667 2364 Dei
707 2310 927 2364 veritas.
973 2310 1084 2365 Sed
1121 2310 1413 2381 quomodo
1455 2310 1601 2365 istud
1644 2310 1793 2365 acci-

197 2400 385 2469 pimus?
438 2402 651 2457 Utrum
719 2404 856 2474 quia
922 2404 1007 2458 lex
1072 2404 1174 2458 Dei
1226 2403 1465 2472 veritas,
1523 2404 1630 2458 hoc
1681 2408 1792 2471 est,

196 2508 313 2558 vera,
360 2498 416 2549 et
470 2495 636 2566 quod
688 2497 886 2551 statuit
939 2497 1106 2565 Deus,
1162 2513 1331 2551 omne
1380 2513 1599 2566 verum,
1653 2498 1797 2553 sicut

196 2587 309 2640 infra
350 2589 427 2643 ait
472 2606 487 2643 :
540 2591 740 2646 Omnia
782 2596 1057 2660 praecepta
1105 2596 1202 2645 tua
1248 2593 1492 2646 vetitas?
1531 2592 1618 2645 An
1664 2590 1797 2662 quia

200 2681 362 2736 veritas
412 2681 684 2755 1206
724 2684 818 2738 lex
868 2684 968 2739 Dei
1013 2687 1125 2752 est;
1178 2684 1314 2756 quia
1355 2701 1474 2739 non
1516 2685 1797 2740 mentitur

198 2773 340 2830 Deus?
385 2777 557 2848 Apud
617 2794 752 2832 eum
804 2777 985 2849 igitur
1032 2778 1239 2833 veritas
1285 2779 1376 2833 lex
1431 2784 1535 2845 est,
1579 2778 1796 2833 fallacia

195 2870 539 2937 praevaricatio
596 2877 702 2926 est.
756 2871 868 2927 Sed
920 2878 976 2927 et
1030 2871 1109 2927 sic
1160 2875 1346 2943 potest
1396 2872 1656 2943 intelligi,
1709 2872 1795 2927 lex

195 2960 265 3015 Dei
302 2965 499 3019 veritas
544 2970 636 3021 est
686 2982 700 3019 :
744 2965 898 3036 apud
944 2965 1170 3020 Judaaos
1216 2982 1353 3037 ergo
1400 2983 1518 3020 non
1570 2970 1658 3021 est
1701 2966 1796 3021 lex

194 3055 283 3123 Dei,
310 3058 431 3129 quia
463 3075 586 3113 non
625 3058 912 3130 recipiunt
940 3058 1256 3117 veritatem.
1297 3081 1326 3109 «
1351 3060 1461 3114 Lex
1496 3060 1594 3114 Dei
1624 3060 1791 3131 spiri-

197 3148 290 3202 talis
325 3156 404 3206 est
441 3154 648 3223 (Rom,
694 3169 789 3219 vn,
840 3152 947 3225 14),
991 3175 1019 3201 ικ
1064 3152 1209 3208 sicut
1249 3154 1553 3224 Apostolus
1593 3152 1739 3208 dixit
1775 3171 1787 3208 :

194 3256 281 3295 non
328 3245 542 3301 habent
608 3262 747 3318 ergo
803 3262 993 3301 veram
1055 3248 1284 3319 legem,
1334 3247 1434 3318 qui
1495 3263 1624 3302 eam
1678 3264 1794 3302 non

194 3339 467 3408 acceperint
519 3340 880 3412 spiritaliter.
934 3340 1097 3405 Quod
1149 3346 1343 3396 autem
1394 3356 1509 3396 non
1562 3357 1791 3408 verum,

195 3430 398 3486 mendax
441 3439 563 3503 est;
610 3435 763 3504 quod
807 3435 1101 3502 mentitur,
1139 3434 1365 3490 occidit.
1407 3435 1620 3490 Littera
1657 3451 1795 3506 ergo

194 3537 291 3592 quas
323 3527 545 3595 occidit,
578 3527 883 3597 mentitur;
924 3527 1153 3600 spiritus
1191 3528 1289 3599 qui
1330 3528 1592 3597 vivilicat,
1626 3544 1794 3584 verus

195 3620 273 3671 est.

245 3713 319 3766 37.
358 3713 717 3785 Accipiamus
758 3718 814 3769 et
855 3713 976 3771 sic:
1008 3716 1123 3770 Lex
1161 3717 1255 3772 Dei
1296 3733 1410 3771 non
1447 3720 1638 3787 typus,
1676 3733 1794 3772 non

194 3804 379 3874 umbra,
417 3824 536 3863 non
580 3809 871 3879 exemplar
911 3809 1251 3877 caelestium;
1293 3809 1395 3864 sed
1432 3809 1555 3881 ipsa
1593 3810 1791 3864 coeles-

193 3896 265 3951 tia.
308 3900 457 3956 Unde
511 3904 572 3956 et
619 3901 895 3973 scriptum
944 3908 1046 3971 est,
1090 3903 1225 3974 quia
1267 3924 1297 3952 «
1346 3902 1476 3957 finis
1518 3902 1662 3974 legis
1709 3907 1796 3958 est

191 3990 405 4048 Christus
442 3996 643 4065 (Rom.,
684 4012 738 4065 x,
781 3996 858 4067 4).
902 4017 930 4045 ››
973 3997 1093 4051 Νοη
1138 3997 1391 4051 defectus
1430 3997 1652 4067 utique,
1696 3996 1794 4051 sed

190 4084 447 4151 plenitudo
498 4088 649 4158 legis
694 4089 753 4143 in
797 4090 1020 4144 Christo
1068 4095 1179 4157 est;
1226 4089 1363 4161 quia
1404 4090 1557 4144 venit
1603 4091 1791 4160 legem

193 4192 280 4232 non
320 4183 556 4251 solvere,
605 4182 708 4237 sed
751 4182 1010 4254 implere.
1059 4183 1214 4239 Sicut
1258 4183 1413 4238 enim
1459 4185 1789 4238 Testamen-

189 4274 288 4325 tum
336 4279 415 4329 est
476 4278 680 4344 Vetus,
734 4276 836 4331 sed
890 4277 1079 4332 omnis
1126 4278 1329 4332 veritas
1380 4274 1442 4331 in
1497 4278 1652 4332 Novo
1711 4284 1796 4333 est

190 4362 538 4436 Testamento,
596 4370 673 4425 ita
726 4373 784 4425 et
844 4370 937 4425 lex
990 4387 1097 4442 per
1148 4372 1375 4442 Moysen
1431 4371 1556 4426 data
1611 4372 1794 4442 ﬁgura

1894 1842 1992 1896 Dei
2054 1858 2172 1896 non
2228 1842 2447 1896 habent
2505 1842 2566 1896 in
2622 1841 2889 1896 cordibus
2945 1842 3092 1909 suis,
3149 1859 3262 1897 non
3322 1844 3535 1898 habent

1894 1935 2129 2007 legem),
2166 1935 2280 1990 sive
2311 1934 2447 2006 quia
2486 1935 2842 1991 inveteratur
2874 1936 2934 1991 in
2966 1936 3197 2004 Iudaeis,
3225 1942 3536 1992 renovatur

1894 2029 1955 2084 in
1986 2029 2170 2084 nobis.

1968 2125 2056 2178 38.
2098 2122 2304 2177 Umbra
2346 2127 2450 2189 est,
2490 2139 2605 2178 non
2644 2123 2867 2191 veritas,
2908 2128 2973 2178 ut
3015 2140 3144 2179 cum
3181 2124 3281 2179 ﬁat
3321 2124 3531 2180 oblatio

1897 2233 2000 2286 pro
2045 2215 2290 2287 peccatis
2317 2216 2653 2297 secundum
2702 2217 2910 2287 legem,
2956 2234 3074 2273 non
3126 2218 3227 2272 fiat
3270 2218 3529 2273 remissio

1896 2314 2279 2381 peccatorum.
2321 2330 2348 2359 «
2376 2310 2731 2381 Impossibile
2771 2316 2858 2366 est
2894 2311 3050 2365 enim
3089 2311 3366 2383 sanguine
3404 2318 3531 2367 tau-

1894 2419 2096 2459 rorum
2146 2407 2204 2458 et
2264 2403 2552 2458 hircorum
2613 2407 2845 2474 peccata
2899 2404 3163 2459 mundari
3215 2406 3420 2475 (Helm,
3476 2422 3531 2473 x,

1895 2497 1972 2567 4).
2014 2516 2041 2549 »
2070 2496 2306 2552 Mendax
2347 2513 2486 2567 ergo
2517 2499 2641 2551 erat
2666 2496 2762 2552 illa
2801 2498 3082 2565 remissio,
3118 2498 3299 2552 donec
3330 2498 3531 2552 remis-

1896 2590 2070 2645 sionis
2111 2590 2317 2645 veritas
2360 2590 2675 2645 adveniret.
2718 2590 2865 2654 Quid
2906 2591 3112 2645 deinde
3153 2591 3531 2659 manifestius,

1897 2700 2071 2755 quam
2099 2684 2329 2738 Joannis
2354 2685 2717 2756 evangelistee
2746 2685 3049 2752 sententia,
3078 2683 3176 2755 qui
3202 2684 3282 2739 ait
3305 2702 3318 2739 :
3344 2707 3373 2735 ι(
3393 2686 3534 2750 Quia

1896 2778 1985 2832 lex
2022 2793 2126 2849 per
2164 2778 2392 2849 Moysen
2436 2777 2565 2831 data
2602 2782 2717 2846 est;
2764 2778 2949 2849 gratia
2990 2780 3184 2832 autem
3226 2782 3285 2834 et
3319 2779 3531 2833 veritas

1894 2888 2002 2942 per
2051 2872 2239 2925 Jesum
2292 2870 2582 2925 Christum
2630 2870 2780 2925 facta
2836 2874 2921 2925 est
2970 2870 3170 2940 (Joan.,
3224 2888 3261 2939 1,
3319 2871 3447 2941 l7)?
3496 2893 3525 2921 ››

1894 2973 2021 3036 Πρός
2052 2972 2406 3030 ἀντιδιαστολὴν
2435 2964 2582 3035 legis
2620 2964 2813 3020 retulit
2853 2965 3171 3019 veritatem.
3212 2966 3356 3019 Nam
3398 2982 3530 3020 cum

1895 3059 1967 3113 sit
2002 3064 2201 3119 autem,
2246 3058 2548 3129 disjunctio
2580 3058 3027 3129 intelligendum
3069 3064 3154 3114 est
3194 3058 3527 3130 disjunctio-

1896 3169 2029 3208 nem
2072 3153 2202 3208 ideo
2246 3153 2658 3223 interpositam,
2705 3151 2838 3225 quia
2879 3152 2926 3207 si
2969 3150 3180 3207 veritas
3222 3153 3425 3209 fuisset
3468 3171 3529 3207 in

1894 3248 2048 3319 lege,
2073 3263 2189 3301 non
2217 3246 2418 3302 fuisset
2445 3246 2594 3301 facta
2618 3261 2722 3317 per
2746 3245 3035 3301 Christum
3060 3245 3193 3319 (24).

1966 3343 2054 3396 39.
2084 3342 2387 3395 Possumus
2417 3342 2474 3394 et
2502 3339 2579 3394 sic
2616 3339 2940 3410 intelligere
2975 3358 2989 3394 :
3024 3340 3236 3394 Veritas
3272 3339 3532 3396 Christus

1895 3439 2009 3503 est;
2039 3450 2178 3505 ergo
2215 3434 2423 3488 veritas
2460 3434 2558 3488 lux
2596 3439 2699 3488 est.
2740 3434 2807 3486 Et
2842 3434 2889 3487 si
2930 3434 3265 3489 mandatum
3305 3435 3530 3490 Domini

1893 3530 1985 3583 lex
2011 3532 2116 3595 est,
2143 3528 2324 3583 multo
2352 3527 2537 3598 magis
2566 3526 2754 3581 vivum
2782 3529 2838 3581 et
2862 3527 3249 3598 operatorium
3278 3528 3525 3584 Verbum

1896 3622 1992 3677 Dei
2018 3623 2111 3677 lex
2142 3627 2245 3676 est.

1964 3717 2054 3771 40.
2096 3715 2269 3785 (Vers.
2304 3713 2450 3785 143.)
2481 3714 2751 3785 Sequitur
2794 3729 2991 3768 versus
3032 3713 3306 3785 septimus
3348 3731 3361 3768 :
3406 3717 3526 3769 Tri—

1895 3810 2098 3865 bulatio
2146 3815 2198 3864 et
2248 3809 2530 3863 necessitas
2578 3809 2902 3862 invenerunt
2950 3824 3059 3869 me,
3110 3808 3379 3863 mandata
3432 3813 3531 3863 tua

1892 3905 2176 3959 meditatio
2212 3918 2329 3957 mea
2367 3906 2461 3957 est.
2498 3902 2770 3965 Quaerunt
2798 3899 3195 3955 tribulationes
3232 3907 3289 3954 et
3330 3917 3524 3955 neces-

1895 3997 2092 4052 sitates
2132 3996 2386 4067 justum,
2446 3991 2699 4066 1207
2753 3999 2809 4049 et
2858 3995 3145 4049 interdum
3192 3995 3525 4063 inveniunt,

1892 4090 2179 4146 interdum
2206 4106 2321 4143 non
2348 4088 2650 4143 inveniunt
2674 4104 2827 4142 eum.
2858 4088 3166 4157 Invenitur,
3198 4090 3288 4144 cui
3320 4105 3528 4144 corona

1894 4183 2132 4239 debetur
2160 4200 2173 4239 :
2202 4200 2321 4238 non
2352 4182 2659 4251 invenitur,
2688 4181 2789 4253 qui
2812 4180 3054 4237 idoneus
3079 4184 3381 4238 certamini
3410 4200 3529 4238 non

1893 4277 2182 4349 probatur.
2231 4276 2546 4331 Tribulatio
2596 4276 2776 4347 igitur
2823 4276 2982 4331 velut
3030 4278 3290 4347 quaedam
3342 4278 3531 4347 gratia

1893 4376 1999 4428 est.
2038 4371 2295 4443 Denique
2341 4391 2368 4421 «
2411 4369 2765 4426 Sacrificium
2806 4370 2924 4423 Deo
2962 4369 3194 4441 spiritus
3234 4370 3527 4424 contribu-

192 4456 309 4529 legis
356 4466 454 4518 est.
506 4465 654 4518 Vere
714 4480 854 4535 ergo
914 4464 1012 4518 illa
1062 4465 1151 4519 lex
1200 4464 1452 4520 veritatis
1505 4465 1870 4538 exemplarD
1893 4466 2040 4519 latus
2064 4465 2228 4534 (Psal.
2260 4481 2310 4530 L,
2344 4466 2449 4536 l9).
2479 4484 2506 4512 »
2535 4466 2738 4517 Annon
2768 4464 2853 4515 est
2880 4461 3078 4531 gratia,
3109 4478 3236 4532 quae
3261 4466 3531 4532 operatur

192 4555 259 4605 est
292 4556 411 4625 (23),
445 4557 503 4611 in
550 4558 865 4629 exemplari
909 4558 1063 4613 enim
1105 4559 1240 4630 agni
1280 4558 1510 4630 sanguis
1549 4557 1791 4614 effundi-

192 4648 290 4713 tur,
338 4650 393 4704 in
454 4651 698 4706 veritate
760 4652 1015 4707 Christus
1075 4652 1424 4707 immolatur.
1479 4653 1795 4724 Meritoque

196 4741 462 4809 Apostolus
505 4762 637 4800 cum
682 4745 1053 4817 praemisisset
1094 4746 1403 4801 vitulorum
1446 4745 1793 4800 immolatio-

198 4846 301 4888 nem
349 4838 666 4895 secundum
717 4839 930 4911 legem,
980 4839 1192 4911 adjecit
1242 4857 1255 4894 :
1315 4861 1343 4889 ‹‹
1396 4839 1792 4895 Necessarium

243 4989 325 5061 (ﬁt)
349 4993 485 5045 Voci
528 4995 791 5059 acceperit
828 4994 1236 5047 connectebant
1281 5009 1475 5047 omnes
1514 4995 1642 5047 edit.
1682 5010 1797 5061 qua:

199 5060 254 5108 ad
284 5065 432 5114 vitam
474 5070 730 5117 aeternam
767 5080 877 5118 non
916 5069 1287 5130 pertinuerint.
1336 5068 1445 5119 Sed
1493 5060 1703 5120 isthmc’
1736 5070 1793 5118 in

200 5136 383 5187 cunctis
405 5151 539 5189 mss.
571 5138 968 5190 desiderantur.

247 5205 331 5265 (ἓξ)
373 5207 580 5261 Omnes
624 5210 753 5260 edit.
804 5225 869 5261 ac
920 5211 1080 5261 multi
1130 5224 1284 5271 mss.,
1333 5210 1591 5274 beneﬁciis
1633 5209 1793 5273 solis;

202 5271 471 5346 elegantius
494 5280 649 5346 Reg,
678 5282 835 5333 Sorb.
869 5282 1100 5346 Remig,
1130 5297 1195 5333 ac
1222 5284 1414 5333 Navar.
1439 5271 1617 5342 unus;
1647 5271 1796 5331 bene-

202 5341 288 5422 ﬁcis
325 5348 485 5413 solis;
517 5341 604 5402 ut'
620 5353 659 5402 ii
694 5341 1056 5417 opponantur
1085 5341 1334 5411 inimicis,
1379 5357 1434 5404 et
1470 5355 1696 5417 utrique
1727 5353 1795 5403 ad

198 5423 338 5473 mtas
372 5427 418 5471 et
448 5423 692 5486 injustas,
735 5424 803 5475 de
841 5424 1049 5489 quibus
1097 5429 1225 5475 ante
1263 5425 1476 5475 dictum
1511 5428 1614 5487 est,
1653 5425 1796 5474 refe-

206 5493 376 5540 rantur.

254 5560 333 5632 (23)
379 5564 452 5615 ιω
497 5568 681 5616 cuncti
716 5579 870 5628 mss.,
912 5571 1143 5631 excepto
1186 5567 1335 5632 quod
1378 5568 1435 5616 in
1472 5566 1584 5616 fine
1630 5566 1796 5629 pauci

210 5625 397 5693 habent,
433 5637 565 5686 Vera
590 5652 713 5702 ergo
741 5638 839 5689 illa
858 5625 972 5689 ilex.
1004 5625 1233 5689 cunctae
1258 5652 1388 5688 vero
1428 5636 1581 5699 edit.,
1614 5625 1797 5687 Testa-

209 5707 399 5752 mentum
434 5707 581 5757 Vetus
607 5712 744 5759 renit
780 5723 889 5759 non
917 5710 1134 5769 solvere,
1179 5710 1268 5760 sed
1303 5709 1552 5773 implere;
1577 5710 1654 5757 ita
1690 5711 1795 5759 No-

214 5782 305 5818 tum
337 5777 626 5838 certiﬁcare.
675 5783 772 5832 Sed
812 5783 942 5832 sicut
983 5783 1152 5832 omnis
1198 5782 1397 5831 veritas
1438 5782 1494 5830 in
1542 5783 1684 5831 Novo
1724 5786 1797 5829 est

1896 4556 2273 4630 patientiam?
2302 4556 2409 4621 Qui
2440 4573 2577 4627 ergo
2608 4559 2845 4610 noverat
2877 4553 3260 4609 tribulationis
3299 4555 3526 4626 profec-

1894 4658 2018 4707 tum
2050 4668 2193 4715 esse,
2227 4649 2495 4721 quaesitus
2525 4666 2559 4703 a
2586 4646 2949 4704 tribulatione
2989 4648 3254 4704 inventus
3289 4652 3393 4717 est,
3422 4664 3527 4703 nec

1895 4745 2127 4814 refugit.

1964 4842 2055 4894 41.
2084 4835 2227 4894 Dicit
2262 4836 2557 4908 Sapientia
2586 4852 2599 4891 :
2635 4857 2663 4886 «
2688 4836 2959 4901 Quarent
2990 4851 3085 4891 me
3115 4834 3274 4904 mali,
3313 4839 3369 4889 et
3409 4850 3526 4889 non

1901 4998 2243 5053 Testamento,
2268 4994 2345 5043 ita
2374 4995 2425 5042 et
2450 4992 2636 5043 ιθίεηη.
2667 4991 2794 5055 legis
2834 4997 2906 5043 est
2934 5005 3087 5041 verae.
3114 4992 3256 5054 Ergo
3295 4991 3394 5040 illa
3426 4990 3525 5049 (ex,

1896 5072 2001 5119 etc.
2036 5065 2144 5117 Sed
2174 5066 2270 5130 qui
2295 5065 2480 5115 locum
2510 5076 2576 5113 eo
2602 5065 2768 5114 modo
2798 5064 3271 5121 consarcinarunt,
3300 5062 3529 5111 Ambro.

1895 5141 1963 5189 sii
1994 5151 2221 5189 sensum
2262 5149 2617 5200 nequaquam
2656 5135 2916 5185 videntur
2957 5134 3226 5191 assecuti;
3256 5145 3385 5182 eum
3429 5145 3527 5182 au-

1896 5216 2011 5262 tem
2040 5213 2301 5273 putamus
2330 5220 2451 5257 esse
2481 5205 2799 5269 hujusmodi
2829 5220 2839 5253 :
2871 5201 3358 5266 Quemadmodum
3397 5203 3531 5252 licet

1896 5283 2070 5333 Vetus
2110 5281 2527 5331 Testamentum
2568 5277 2749 5335 fuerit,
2795 5276 2994 5325 veritas
3030 5278 3235 5335 tamen,
3275 5273 3382 5323 hoc
3424 5279 3529 5337 est,

1895 5353 2199 5418 ﬁgurarum
2230 5352 2345 5414 ejus
2371 5348 2637 5411 impletio,
2668 5348 2723 5395 in
2766 5346 2920 5395 Novo
2954 5348 3036 5418 est
3068 5360 3078 5392 :
3124 5345 3219 5418 ita,
3263 5343 3397 5418 licet
3438 5346 3529 5395 lex

1896 5417 1994 5490 per
2021 5425 2250 5488 Moysen
2278 5422 2408 5471 data
2436 5421 2523 5481 sit,
2553 5432 2621 5469 ea
2647 5423 2831 5468 tamen
2878 5417 3122 5480 impleta,
3164 5417 3273 5466 nisi
3315 5417 3372 5466 in
3409 5418 3530 5481 lege

1896 5512 2041 5549 nova
2061 5507 2416 5559 nequaquam
2442 5492 2563 5541 fuit.

1962 5568 2055 5631 (24)
2087 5558 2229 5616 Edit.
2264 5577 2473 5622 omnes,
2499 5572 2606 5609 non
2633 5558 2815 5621 fuisset
2840 5559 3024 5622 gratia
3054 5558 3199 5621 facta
3221 5572 3318 5622 per
3348 5559 3528 5631 Chris-

1897 5630 2025 5689 tum.
2056 5638 2180 5686 Mss.
2213 5639 2401 5685 contra
2426 5631 2848 5696 praetermittunt
2879 5641 3094 5689 vocem,
3139 5631 3334 5693 gratia.
3375 5630 3529 5682 Con-

1898 5710 2144 5765 clanius;
2176 5719 2281 5754 vox
2312 5706 2457 5754 enim
2490 5700 2631 5761 facta
2662 5700 2947 5751 referenda
2971 5704 3055 5750 est
3080 5698 3148 5750 ad
3188 5701 3525 5763 superiorem

1900 5780 2111 5835 veritus,
2138 5777 2206 5825 de
2232 5789 2341 5839 qua
2372 5775 2464 5829 hic
2490 5773 2769 5836 praecipue
2800 5772 2997 5837 agitur.
