3930 6168
406 214 537 270 1543

1781 177 1786 192 ’
1881 211 1936 264 s.
1980 165 2293 265 silanos“

3618 215 3735 269 1544

400 339 693 394 invenient
727 340 929 412 (Prov.,
968 357 1002 407 ι,
1032 340 1152 410 28);
1186 361 1213 389 »
1244 350 1358 394 non
1391 339 1521 410 quia
1559 339 1834 394 Dominus
1877 339 2034 393 nole-
2060 350 2116 420 Α
2138 338 2258 408 ipse
2299 341 2556 407 testatur,
2595 338 2786 394 dicens
2817 355 2830 392 :
2866 358 2894 389 «
2925 336 3368 393 Tribulationem
3411 343 3468 393 et
3501 339 3740 397 dolorem

399 433 498 488 bat
539 433 784 488 inveniri
823 433 892 487 ab
934 433 1283 502 hominibus,
1321 433 1416 504 qui
1460 450 1516 488 se
1558 433 1826 488 omnibus
1865 433 2034 487 etiam

402 544 516 580 non
556 527 942 599 qumrentibus
982 528 1276 594 offerebat,
1320 528 1418 582 sed
1461 527 1596 598 quia
1639 529 1723 582 his
1769 527 2037 597 operibus

402 623 788 692 qurerebatur,
816 628 880 676 ut
908 621 1130 692 indigni
1166 625 1353 677 essent
1376 621 1472 691 qui
1503 624 1846 692 quaererent,
1877 621 2032 673 inve-

403 715 546 768 nire.
580 717 861 769 Caeterum
889 715 1144 785 Simeon,
1177 716 1274 786 qui
1304 732 1438 769 eum
1471 714 1848 786 exspectabat,
1877 713 2033 766 inve-

407 809 492 862 nit
538 811 709 876 (Luc.,
759 827 812 878 n,
862 812 928 863 25
973 816 1125 878 seq.).
1175 810 1400 864 Invenit
1448 809 1703 862 Andreas
1745 807 1949 878 (Joan.,
1999 823 2034 873 ι,

405 902 515 971 40).
559 903 805 973 Denique
845 903 924 956 ait
967 904 1034 957 ad
1077 903 1364 958 Simonem
1410 920 1421 956 :
1460 924 1486 951 «
1527 901 1851 955 Invenimus
1896 902 2032 955 Mes-

406 997 571 1062 siam,
629 997 780 1066 quod
833 997 1243 1068 interpretatur
1295 997 1551 1051 Christus
1603 996 1788 1065 (Ibid.,
1843 996 1952 1064 41).
2009 1018 2034 1042 ››

406 1090 700 1160 Philippus
751 1107 979 1162 quoque
1029 1091 1165 1145 dicit
1219 1091 1292 1145 ad
1342 1090 1651 1144 Nathanael
1701 1106 1713 1142 :
1773 1111 1799 1138 «
1852 1088 2037 1152 Quem

409 1184 634 1254 scripsit
667 1185 878 1255 Moyses
914 1186 972 1238 in
1002 1186 1128 1256 lege
1162 1188 1216 1238 et
1253 1184 1563 1254 propheta,
1595 1182 1919 1237 invenimus
1949 1183 2036 1236 Je-

409 1294 535 1332 sum
569 1277 750 1332 ﬁlium
786 1279 1015 1350 Joseph,
1045 1279 1143 1349 qui
1174 1283 1258 1332 est
1285 1295 1317 1331 a
1348 1278 1624 1331 Nazareth
1656 1277 1842 1345 (Ibid.,
1867 1277 1975 1345 45).
2012 1297 2036 1323 ››

411 1374 476 1427 Et
502 1379 564 1426 ut
595 1373 919 1426 ostenderet
949 1371 1445 1443 quemadmodum
1480 1370 1733 1424 Christus
1765 1369 2039 1424 invenire-

409 1472 521 1534 tur,
562 1467 640 1520 ait
682 1484 694 1519 :
743 1487 770 1514 ‹‹
813 1466 971 1532 Veni,
1015 1470 1071 1520 et
1121 1466 1248 1520 vide
1295 1466 1480 1528 (Ibid.,
1527 1465 1634 1534 46).
1685 1486 1710 1512 n
1750 1464 1856 1526 Qui
1902 1479 2040 1534 ergo

408 1560 692 1613 Christum
733 1560 958 1630 quaerit,
1000 1560 1190 1614 veniat
1235 1576 1347 1613 non
1392 1558 1640 1629 corporis
1686 1572 1903 1628 gressu,
1945 1557 2040 1610 sed

409 1654 620 1708 mentis
654 1654 912 1724 vestigio,
947 1654 1136 1708 videat
1177 1669 1310 1708 eum
1350 1669 1466 1706 non
1508 1651 1880 1705 exterioribus
1909 1666 2038 1704 ocu-

409 1749 497 1813 lis,
539 1749 637 1802 sed
684 1749 941 1801 internis.
984 1749 1250 1800 Aiternus
1294 1746 1447 1799 enim
1493 1745 1877 1816 corporalibus
1925 1721 2119 1798 nonB

409 1841 636 1894 videtur
665 1841 1010 1910 aspectibus;
1047 1840 1320 1911 quoniam
1351 1860 1376 1886 α
1411 1855 1537 1910 quae
1574 1839 1858 1904 videntur,
1890 1843 2038 1891 tem-

413 1934 631 2004 poralia
656 1939 786 1988 sunt
814 1934 948 2004 (25);
982 1950 1108 2005 quae
1140 1937 1334 1987 autem
1369 1949 1484 1987 non
1515 1931 1799 2000 videntur,
1829 1935 2043 1986 aeterna

414 2030 476 2096 (ll
519 2030 662 2090 Cor.,
710 2045 782 2094 IV,
819 2028 923 2096 18).
967 2050 993 2075 ››
1025 2028 1282 2083 Christus
1327 2027 1502 2098 igitur
1539 2042 1651 2080 non
1696 2025 2042 2096 temporalis,

413 2123 512 2175 sed
552 2139 615 2174 ex
649 2123 807 2176 Patre
843 2126 973 2176 ante
1005 2128 1290 2192 tempora,
1329 2121 1493 2192 quasi
1535 2122 1697 2185 Deus,
1735 2137 1899 2174 verus
1943 2118 2045 2172 Dei

417 2216 609 2280 Filius,
649 2219 705 2269 et
742 2215 900 2285 quasi
945 2215 1120 2270 virtus
1166 2215 1510 2285 sempiterna
1553 2229 1725 2286 supra
1764 2219 2044 2284 tempora,

415 2325 584 2380 quem
630 2309 820 2362 nullus
865 2312 1190 2379 temporum
1233 2308 1362 2361 ﬁnis
1406 2307 1688 2376 includat;
1731 2307 1889 2378 quasi
1931 2306 2048 2360 vita

416 2418 584 2472 supra
626 2406 898 2472 tempora,
934 2418 1107 2472 quem
1150 2417 1446 2471 nunquam
1491 2399 1610 2454 dies
1649 2401 1846 2454 mortis
1885 2399 2044 2452 inve-

415 2496 540 2550 niat
589 2512 600 2549 :
659 2517 685 2543 ‹‹
729 2495 892 2558 Quod
943 2495 1097 2549 enim
1150 2499 1407 2548 mortuus
1456 2499 1539 2548 est
1593 2497 1847 2564 peccato,
1894 2509 2045 2547 mor—

417 2595 547 2643 tuus
576 2594 660 2644 est
697 2589 900 2657 semel;
939 2589 1086 2660 quod
1119 2592 1310 2642 autem
1354 2588 1508 2654 vivit,
1544 2587 1680 2642 vivit
1710 2588 1821 2642 Deo
1851 2588 2046 2656 (Rom,

418 2700 490 2749 Vl,
529 2686 631 2752 10).
666 2704 694 2732 ›)

491 2778 577 2830 42.
617 2775 791 2831 Audis
836 2776 970 2848 quid
1015 2776 1220 2831 dixerit
1264 2775 1436 2830 hodie
1481 2773 1812 2845 Apostolus?
1855 2795 1880 2822 ι(
1920 2775 2047 2828 Pec-

420 2874 562 2937 cato,
595 2869 802 2940 inquit,
833 2873 1095 2924 mortuus
1136 2875 1219 2925 est
1259 2869 1453 2923 semel.
1489 2891 1514 2915 ››
1549 2867 1734 2922 Semel
1777 2866 1878 2920 tibi
1917 2883 2050 2937 pec-

419 2963 592 3018 catori
637 2968 899 3017 mortuus
945 2967 1028 3016 est
1070 2963 1360 3030 Christus;
1409 2962 1522 3016 noli
1566 2961 1769 3015 iterum
1817 2976 2052 3030 peccare

421 3061 553 3128 post
611 3056 981 3126 baptismum.
1049 3055 1328 3109 Omnibus
1389 3055 1447 3108 in
1511 3069 1814 3107 commune
1877 3053 2129 3164 semelC

423 3153 683 3204 mortuus
726 3152 830 3214 est,
875 3153 934 3202 et
973 3148 1211 3218 singulis
1256 3148 1429 3202 semel
1475 3146 1734 3213 moritur,
1779 3163 1892 3200 non
1941 3147 2050 3200 fre-

424 3249 687 3314 quenter.
741 3245 1038 3296 Peccatum
1093 3259 1185 3308 es,
1236 3258 1268 3294 o
1321 3242 1528 3307 homo,
1582 3241 1708 3294 ideo
1761 3244 2054 3310 peccatum

424 3336 558 3391 fecit
597 3335 882 3390 Christum
924 3352 1089 3390 suum
1130 3334 1494 3406 omnipotens
1535 3335 1715 3388 Pater.
1752 3333 2052 3388 Hominem

422 3429 576 3497 fecit,
616 3431 713 3500 qui
755 3436 986 3499 peccata
1027 3434 1218 3484 nostra
1259 3432 1532 3501 portaret.
1566 3428 1697 3482 Mihi
1739 3445 1876 3499 ergo
1919 3444 2053 3499 pec-

425 3530 550 3581 cato
589 3529 850 3580 mortuus
891 3526 1163 3580 Dominus
1203 3528 1362 3580 Jesus
1397 3543 1410 3579 :
1452 3547 1479 3574 ‹‹
1517 3526 1585 3579 Ut
1623 3541 1727 3578 nos
1767 3525 1864 3578 illo
1907 3540 2052 3578 esse-

425 3636 553 3674 mus
585 3619 810 3689 justitia-
852 3619 951 3674 Dei
989 3620 1052 3688 (II
1096 3619 1238 3682 Cor.,
1281 3636 1333 3685 v,
1375 3618 1489 3689 2t).
1529 3640 1556 3666 »
1596 3617 1732 3672 Mihi
1777 3621 1864 3671 est
1903 3635 2054 3672 mor-

426 3721 586 3780 tuus,
636 3717 701 3767 ut
759 3713 900 3767 mihi
964 3718 1310 3784 resurgeret.
1365 3713 1553 3768 Semel
1619 3715 1704 3766 est
1766 3717 2054 3778 mortuus,

427 3807 601 3861 semel
653 3806 985 3861 resurrexit.
1040 3809 1107 3862 Et
1155 3813 1215 3859 tu
1265 3821 1394 3859 cum
1445 3805 1540 3858 illo
1591 3809 1874 3870 mortuus,
1927 3821 2054 3857 cum

425 3901 521 3954 illo
565 3901 837 3971 sepultus,
875 3917 1004 3954 cum
1043 3899 1142 3954 illo
1187 3900 1243 3953 in
1285 3898 1624 3970 baptismate
1671 3897 2055 3965 resuscitatus,

426 4010 557 4048 cave
587 4010 657 4047 ne
684 4010 813 4047 cum
844 3997 1100 4047 mortuus
1124 3992 1299 4047 fueris
1325 3993 1521 4059 semel,
1545 3992 1804 4046 moriaris
1829 3991 2054 4045 iterum.

425 4089 550 4142 Jam
605 4104 718 4140 non
772 4092 1002 4156 peccato
1057 4086 1336 4155 morieris,
1396 4086 1489 4140 sed
1541 4085 1747 4153 veniae;
1803 4101 1876 4139 ne
1930 4101 2058 4139 cum

428 4180 822 4246 resurrexeris,
872 4179 1131 4233 moriaris
1177 4180 1419 4234 secundo
1467 4197 1480 4234 :
1531 4201 1558 4228 ‹‹
1604 4180 1856 4233 Christus
1908 4177 2058 4233 enim

427 4290 737 4345 resurgens
773 4290 836 4328 ex
876 4273 1136 4340 mortuis,
1175 4274 1296 4342 jam
1343 4290 1460 4328 non
1501 4272 1765 4339 moritur,
1808 4288 1964 4326 mors
2001 4272 2058 4326 in

429 4385 561 4424 eum
598 4369 717 4439 jam
770 4384 882 4422 non
929 4367 1316 4422 dominabitur
1357 4367 1551 4439 (Rom,
1600 4383 1673 4432 v1,
1717 4367 1792 4436 9).
1837 4388 1861 4413 η
1915 4368 2061 4436 Ergo

2135 432 2352 501 inveni,
2392 431 2648 505 1208
2691 438 2745 488 et
2783 449 2999 488 nomen
3043 432 3265 487 Domini
3306 434 3556 488 invocavi
3590 437 3738 502 (Psal.

2138 541 2281 590 cxrv,
2316 528 2366 595 3,
2409 529 2482 592 4).
2530 550 2556 575 ››
2599 528 2666 581 Et
2705 527 2841 581 alibi
2877 543 2888 581 ε
2935 549 2960 574 α
2998 528 3060 581 Ῑῐὶ
3105 523 3464 581 tribulatione
3506 528 3742 584 invocavi

2138 620 2476 690 Dominum,
2531 628 2587 676 et
2636 621 2925 676 exaudivit
2979 637 3072 675 me
3134 621 3189 674 in
3242 621 3541 676 latitudine
3593 623 3741 691 (Psal.

2140 729 2304 780 cxvn,
2337 715 2409 783 5).
2441 735 2468 762 ››
2510 715 2658 769 Bona
2695 731 2834 786 ergo
2876 714 3186 781 tribulatio,
3224 731 3353 784 quae
3397 715 3594 784 dignos
3631 715 3744 769 facit

2139 824 2243 862 nos
2269 807 2366 879 qui
2395 808 2453 861 in
2493 808 2795 862 latitudine
2827 807 3203 862 exaudiamur
3228 824 3261 860 a
3291 807 3546 861 Domino.
3574 808 3747 862 Gratia

2140 906 2226 955 est
2249 908 2442 956 autem
2469 902 2723 956 exaudiri
2754 919 2786 956 a
2817 902 3056 956 Domino
3089 903 3201 956 Deo
3233 906 3445 955 nostro.

2211 997 2295 1049 44.
2328 996 2430 1059 Qui
2461 996 2666 1066 quaerit
2693 995 2868 1066 igitur
2891 995 3345 1062 tribulationem,
3379 1011 3492 1048 non
3523 995 3746 1066 refugit;

2141 1089 2239 1160 qui
2281 1105 2396 1143 non
2433 1090 2662 1160 refugit,
2709 1089 3012 1144 invenitur.
3055 1090 3178 1142 Non
3218 1088 3372 1143 enim
3416 1088 3636 1158 refugit,
3665 1091 3750 1160 qui

2140 1182 2407 1236 mandata
2465 1183 2561 1238 Dei
2616 1200 2784 1237 sensu
2841 1183 2948 1253 (26)
3003 1183 3385 1254 operibusque
3439 1181 3748 1237 meditatur.

2141 1277 2276 1330 Nam
2323 1277 2520 1347 utique
2569 1278 2725 1331 illum
2773 1277 3048 1332 athletam
3095 1277 3411 1330 certamina
3455 1275 3749 1340 inveniunt,

2141 1370 2240 1441 qui
2291 1371 2350 1424 in
2401 1388 2504 1425 usu
2552 1371 2800 1428 exercitii
2852 1370 3027 1425 fuerit
3079 1370 3452 1435 constitutus;
3501 1369 3594 1440 qui
3637 1385 3752 1422 vero

2144 1464 2478 1519 exercitium
2531 1465 2924 1534 dereliquerit,
2981 1465 3103 1518 sine
3162 1463 3337 1518 dubio
3393 1480 3510 1518 non
3565 1463 3756 1534 poterit

2143 1559 2410 1628 reperiri;
2441 1559 2537 1629 qui
2568 1559 2838 1630 indignus
2869 1563 2954 1613 est
2991 1562 3056 1612 ut
3085 1564 3399 1628 quzeratur.
3435 1556 3606 1611 David
3635 1572 3755 1627 ergo

2143 1653 2300 1724 quasi
2341 1653 2521 1707 bonus
2566 1653 2779 1707 athleta
2821 1652 2956 1707 dicit
2997 1668 3008 1706 :
3058 1652 3362 1707 Tribulatio
3402 1657 3455 1706 et
3499 1637 3784 1705 necessitas'

2143 1748 2464 1802 invenerunt
2512 1763 2611 1809 me,
2660 1747 2793 1818 quia
2844 1751 3107 1817 paratum
3156 1761 3386 1816 semper
3432 1743 3758 1810 habuerunt,

2143 1856 2257 1895 non
2321 1841 2703 1910 refugientem
2768 1839 3161 1895 necessitatum
3221 1842 3281 1892 et
3347 1837 3758 1894 tribulationum

2144 1934 2358 2006 praelia,
2389 1934 2489 1988 sed
2521 1938 2826 2005 petentem.

2217 2028 2304 2081 45.
2347 2027 2518 2096 (Vers.
2565 2027 2714 2097 144.)
2761 2025 3031 2098 Sequitur
3074 2043 3086 2080 :
3129 2030 3293 2081 Justa
3345 2028 3639 2081 testimonia
3682 2033 3759 2079 tua

2146 2123 2205 2175 in
2244 2128 2532 2187 xternum;
2576 2121 2904 2175 intellectum
2943 2121 3016 2176 da
3060 2122 3196 2174 mihi
3233 2136 3444 2188 eorum,
3483 2125 3534 2174 et
3574 2121 3759 2189 vivi/ica

2147 2231 2246 2270 me.
2279 2215 2415 2278 Quis
2442 2218 2652 2282 tantus,
2683 2215 2780 2285 qui
2810 2214 2990 2285 possit
3015 2213 3338 2284 intelligere
3373 2214 3596 2268 Domini
3623 2214 3758 2268 testi-

2149 2309 2381 2362 monia?
2418 2311 2485 2362 Et
2526 2309 2656 2362 ideo
2699 2308 3020 2364 intellectus
3061 2326 3093 2362 a
3135 2309 3380 2362 Domino
3417 2306 3762 2379 postulandus

2149 2407 2250 2470 est,
2278 2402 2437 2472 cujus
2465 2405 2620 2456 tanta
2649 2407 2734 2456 est
2760 2402 2859 2469 vis,
2888 2406 2953 2456 ut
2980 2401 3210 2456 initium
3239 2401 3366 2471 ejus
3394 2401 3466 2455 sit
3492 2400 3762 2472 plenitudo

2150 2496 2387 2550 virtutis.
2429 2496 2679 2566 Denique
2723 2496 2998 2566 scriptum
3037 2499 3122 2550 est
3157 2514 3169 2549 :
3205 2517 3231 2542 ‹‹
3277 2495 3460 2550 Pietas
3499 2497 3678 2548 autem
3715 2493 3761 2546 iu

2152 2592 2262 2644 Deo
2306 2589 2531 2643 initium
2574 2589 2892 2643 intellectus
2931 2588 3134 2660 (Prou,
3175 2605 3210 2656 ι,
3255 2589 3336 2658 7),
3371 2608 3398 2641 »
3443 2604 3567 2659 quae
3609 2587 3760 2640 virtu-

2153 2689 2276 2737 tum
2311 2682 2571 2737 omnium
2611 2682 3054 2736 fundamentum
3084 2687 3168 2738 est
3187 2682 3363 2752 juxta
3405 2683 3765 2735 humanarum

2155 2794 2342 2831 rerum
2381 2783 2437 2832 et
2472 2777 2782 2832 caelestium
2817 2776 3198 2848 disciplinam.
3228 2776 3416 2831 Pietas
3445 2775 3622 2830 amica
3651 2774 3763 2837 Deo,

2155 2870 2487 2943 parentibus
2539 2875 2729 2942 grata,
2784 2871 3088 2925 Dominum
3138 2870 3427 2939 conciliat,
3481 2868 3764 2924 necessitu-

2156 2965 2315 3019 dines
2345 2966 2515 3030 fovet,
2546 2964 2644 3018 Dei
2671 2964 2911 3033 cultura,
2940 2981 3158 3019 merces
3186 2967 3514 3034 parentum,
3544 2963 3764 3016 ﬁliorum

2157 3058 2523 3129 stipendium.
2581 3058 2785 3127 Pietas,
2849 3059 3108 3128 inquam,
3159 3059 3455 3128 justorum
3514 3053 3765 3118 tribunal,

2157 3169 2473 3224 egenorum
2503 3157 2715 3224 portus,
2745 3152 3088 3207 miserorum
3117 3151 3457 3224 suffugium,
3486 3150 3765 3219 indulgen-

2159 3247 2234 3301 tia
2259 3251 2646 3318 peccatorum.

2229 3342 2315 3395 46.
2365 3341 2469 3404 Qui
2517 3340 2689 3394 habet
2733 3340 3105 3406 intellectum,
3147 3339 3267 3411 ipse
3323 3355 3454 3394 vere
3500 3343 3581 3392 est
3623 3337 3764 3407 pius;

2161 3433 2426 3505 intelligit
2479 3435 2635 3488 enim
2687 3434 2955 3488 humanae
3006 3433 3288 3488 lubricum
3345 3431 3674 3505 fragilitatis,
3721 3433 3769 3481 et

2159 3527 2269 3583 cito
2295 3527 2541 3598 ignoscit
2578 3529 2814 3582 erranti.
2849 3527 3121 3600 lntelligit
3155 3543 3463 3582 commune
3501 3525 3654 3581 nobis
3681 3523 3763 3577 da-

2159 3627 2281 3676 tum
2323 3624 2540 3675 naturae
2580 3637 2827 3693 ususque
2860 3622 3239 3688 consortium;
3274 3626 3334 3676 et
3369 3621 3492 3676 ideo
3525 3616 3762 3691 pauperi-

2160 3716 2263 3770 bus
2313 3718 2578 3786 tanquam
2631 3716 2885 3770 debitum
2934 3715 3116 3784 solvit,
3167 3732 3285 3769 non
3334 3715 3611 3770 inﬁciatur
3657 3714 3764 3764 tan-

2161 3825 2333 3880 quam
2362 3809 2701 3863 indebitum.
2736 3809 3006 3881 lntelligit
3039 3809 3187 3864 vices
3214 3827 3339 3864 esse
3367 3808 3766 3868 calamitatum;

2161 3910 2215 3958 et
2268 3902 2396 3957 ideo
2453 3909 2722 3974 tanquam
2779 3903 3097 3974 naufragiis
3151 3904 3356 3958 mundi
3411 3903 3569 3957 istius
3619 3902 3766 3972 portu

2161 3998 2405 4067 quodam
2462 4015 2579 4051 suae
2628 3998 2999 4051 humanitatis
3045 3997 3310 4052 occurrit.
3366 3999 3489 4051 Haec
3547 3993 3768 4067 perfecta

2161 4091 2340 4145 virtus
2366 4091 2426 4145 in
2458 4091 2802 4158 hominibus,
2830 4091 2951 4145 haec
2979 4091 3146 4162 plena
3168 4091 3226 4144 in
3259 4091 3376 4146 Deo
3403 4091 3526 4146 laus
3553 4091 3651 4142 est.

2233 4185 2321 4239 47.
2365 4185 2558 4239 Merito
2600 4184 2951 4240 intellectum
2992 4185 3100 4239 sibi
3140 4184 3313 4239 etiam
3356 4185 3634 4248 Salomon,
3665 4193 3763 4233 ma-

2163 4277 2461 4347 gisterium
2503 4285 2728 4333 secutus
2765 4285 3088 4350 paternum,
3124 4295 3156 4332 a
3187 4279 3426 4334 Domino
3469 4271 3765 4350 postulavit,

2164 4372 2361 4425 dicens
2404 4389 2416 4426 :
2467 4395 2492 4420 «
2533 4373 2650 4443 Ego
2701 4389 2825 4427 sum
2874 4389 3018 4444 puer
3065 4373 3314 4440 humilis,
3359 4376 3417 4427 et
3460 4372 3650 4443 ignoro
3692 4365 3765 4418 in-

430 4478 582 4517 mors
624 4462 914 4516 dominata
957 4465 1043 4515 est
1087 4460 1176 4515 ei?
1227 4462 1282 4514 In
1336 4476 1402 4514 eo
1450 4461 1644 4530 utique
1697 4460 1848 4530 quod
1900 4459 2402 4532 dixit,Dtroitum
2453 4482 2644 4520 meum
2695 4469 2751 4521 et
2799 4467 3014 4521 exitum
3065 4483 3280 4535 meum,
3332 4471 3389 4520 et
3430 4479 3616 4520 servus
3656 4463 3767 4513 tuus

431 4577 459 4605 ‹‹
482 4556 602 4624 jam
630 4571 742 4609 non
769 4553 1175 4621 dominabitur,
1209 4576 1234 4604 n
1263 4553 1512 4608 ostendit
1541 4570 1660 4607 esse
1690 4553 2058 4608 dominatum.

392 4693 405 4707 .
429 4649 556 4704 Noli
588 4651 809 4702 tantum
842 4649 1103 4703 amittere
1129 4648 1494 4715 beneficium,
1525 4664 1557 4702 o
1589 4648 1794 4702 homo!
1826 4648 2064 4718 Propter

430 4749 486 4796 te
529 4743 784 4799 Christus
827 4742 1207 4797 dominationi
1248 4742 1445 4797 mortis
1487 4758 1543 4796 se
1575 4741 1866 4806 subdidit;
1909 4747 1967 4794 ut
2008 4745 2061 4795 te

420 4838 566 4909 jugo
623 4836 1025 4891 dominationis
1078 4841 1332 4891 exueret.
1390 4836 1487 4889 llle
1551 4835 1798 4906 suscepit
1861 4836 2061 4889 mortis

428 4932 784 4998 servitutem,
821 4936 886 4984 ut
918 4929 1017 4984 tibi
1060 4929 1340 4985 tribueret
1381 4930 1509 4983 vitae
1551 4935 1783 4985 aeternae
1826 4929 2058 4983 liberta-

431 5031 568 5082 tem.

499 5121 588 5174 43.
625 5121 727 5184 Qui
771 5118 978 5190 quaerit
1018 5134 1156 5189 ergo
1196 5117 1503 5183 Christum,
1547 5117 1753 5189 quaerit
1792 5123 1847 5172 et
1881 5117 2058 5172 tribu-

428 5213 701 5269 lationem
764 5215 918 5283 ejus,
976 5229 1077 5267 nec
1139 5211 1354 5282 refugit
1410 5212 1753 5281 passionem.
1809 5209 2063 5281 Denique

429 5307 619 5374 David,
659 5308 757 5378 qui
799 5308 1006 5378 dignus
1047 5309 1169 5360 erat
1203 5310 1329 5359 uta
1367 5305 1730 5359 tribulatione
1773 5320 2060 5375 quarere-

433 5402 555 5468 tur,
619 5399 1046 5455 tribulationem
1111 5405 1166 5453 et
1234 5399 1350 5469 ipse
1415 5397 1692 5468 quaesivit.
1751 5399 1887 5451 Nam
1959 5397 2061 5450 nisi

433 5493 743 5563 quaesisset,
787 5510 898 5547 non
945 5493 1272 5548 invenisset.
1320 5491 1480 5555 Quod
1525 5491 1807 5544 invenerit
1847 5495 2062 5557 autem,

499 5634 593 5695 (‘25)
626 5633 752 5682 Mss.
785 5633 1054 5696 plerique,
1084 5646 1202 5696 quas
1225 5632 1492 5686 videntur,
1522 5630 1828 5694 corporalia
1853 5637 1990 5681 sunt.

493 5708 591 5770 (26)
641 5704 777 5757 Cod.
831 5707 1024 5755 Navar.
1071 5719 1238 5760 unus.
1274 5705 1474 5770 refugit
1522 5705 1780 5756 mandata
1827 5707 1938 5763 Dei,
1978 5707 2065 5756 sed

431 5795 608 5842 sensu,
654 5787 758 5832 etc.
811 5779 1010 5830 Melius
1062 5781 1152 5829 alii
1202 5785 1254 5830 et
1298 5779 1451 5842 edit.,
1507 5785 1564 5829 ut
1617 5781 1673 5830 in
1731 5784 1914 5832 textu:
1970 5781 2065 5830 ubi

2164 4562 2220 4614 in
2256 4560 2444 4614 medio
2475 4561 2671 4632 populi
2709 4560 2812 4631 tui,
2846 4577 3021 4632 quem
3061 4560 3302 4632 elegisti,
3334 4561 3602 4632 populum
3636 4549 3764 4608 mul-

2163 4659 2284 4708 tum
2335 4653 2478 4708 sicut
2527 4670 2764 4709 arenam
2821 4655 3022 4724 maris,
3077 4671 3202 4726 quae
3255 4650 3606 4709 dinumerari
3667 4659 3764 4699 non

2165 4752 2349 4818 potest
2400 4765 2516 4820 prae
2574 4748 2970 4818 multitudine;
3027 4753 3082 4803 et
3129 4749 3284 4803 dabis
3334 4763 3493 4802 servo
3545 4748 3639 4797 tuo
3685 4752 3768 4792 cor

2163 4842 2433 4912 prudens,
2477 4841 2676 4896 audire
2716 4846 2771 4895 et
2804 4842 3061 4912 judicare
3101 4859 3229 4896 cum
3264 4841 3484 4912 justitia
3519 4834 3765 4909 populum

2166 4942 2348 5005 tuum,
2396 4941 2454 4991 et
2505 4936 2826 5007 intelligere
2878 4936 3027 4990 inter
3075 4937 3284 4991 bonum
3336 4942 3390 4990 et
3438 4933 3643 4988 malum
3691 4922 3763 4996 (ill

2165 5033 2316 5099 Beg.,
2363 5046 2442 5097 in,
2491 5031 2633 5098 7-9).
2683 5051 2710 5078 »
2760 5030 2918 5085 Unde
2964 5032 3305 5102 complacuit
3352 5027 3609 5092 Domino;
3649 5017 3762 5091 quia

2164 5139 2280 5177 non
2309 5121 2414 5175 sibi
2445 5123 2866 5193 longaevitatem
2899 5123 3046 5193 vitae,
3079 5127 3135 5178 et
3159 5124 3432 5196 regalium
3461 5116 3761 5174 divitiarum

2167 5215 2387 5287 cepias,
2445 5216 2540 5271 sed
2607 5217 2952 5288 sapientiam
3015 5217 3086 5272 ad
3148 5215 3507 5288 intelligenda
3567 5200 3760 5264 Domini

2161 5309 2374 5380 judicia
2411 5315 2465 5364 et
2487 5310 2737 5381 justitias
2779 5311 3136 5383 depoposcit;
3171 5316 3229 5366 et
3264 5312 3388 5366 ideo
3425 5312 3636 5364 tantum
3671 5311 3757 5368 ρο·

2167 5403 2367 5474 pulum
2410 5420 2592 5474 regno
2636 5405 2866 5475 paciﬁco
2900 5405 3270 5476 gubernavit;
3306 5405 3439 5477 quia
3474 5414 3583 5456 non
3619 5405 3755 5447 usur-

2165 5498 2341 5568 pavit,
2395 5501 2451 5551 ut
2503 5499 2711 5565 Adam,
2765 5500 2898 5553 boni
2950 5504 3006 5552 et
3059 5500 3188 5554 mali
3249 5500 3386 5554 scire
3436 5487 3754 5549 distantiam,

2169 5643 2291 5701 post
2346 5639 2576 5690 verbum
2630 5639 2850 5704 refugit,
2898 5639 3426 5705 subintelligendum
3481 5624 3754 5684 tribulatio—

2167 5725 2306 5763 nem.
