3930 6168
160 251 255 302 1545
1207 242 1558 299 EXPOSITIO
1599 244 1667 299 IN
1707 245 1712 298 l

1866 244 2023 300 .MUM
2063 244 2288 300 CXVIII.
3287 251 3418 304 1546

149 365 574 435 sedintelligendae
601 364 722 435 ejus
753 365 995 435 gratiam
1027 365 1211 420 oravit
1241 383 1274 419 a
1303 366 1524 421 Christo
1556 366 1688 438 (27).
1729 405 1758 445 Α
1796 367 2067 421 auxilium
2131 365 2390 438 quasivit
2441 372 2496 422 et
2547 368 2778 422 meruit.
2841 389 2867 416 «
2918 369 3150 441 Levavi,
3207 374 3416 445 inquit,

148 462 266 526 Quod
298 461 435 514 enim
476 460 608 513 scire
637 458 894 513 divinum
932 463 1037 528 est,
1066 459 1173 514 hoc
1215 476 1248 513 a
1289 461 1528 515 Domino
1574 461 1690 516 Deo
1716 458 1772 476 “
1793 462 1984 514 oculos
2012 477 2167 514 meos
2196 461 2267 514 ad
2293 464 2537 528 montes,
2573 461 2803 532 quaesivi
2843 462 2994 516 unde
3022 463 3165 518 mihi
3193 467 3416 521 veniret

143 565 228 616 tuo.
266 559 318 607 ut
357 554 524 625 possis
569 567 935 623 cognoscere,
984 553 1428 624 promerendum
1479 557 1582 608 est.
1636 553 1692 609 Si
1789 554 2066 607 auxilium
2114 555 2278 623 (Psal.
2334 569 2459 621 cxx,
2507 554 2577 622 1).
2609 576 2634 603 ››
2682 555 2803 609 Non
2847 555 3039 609 inveni
3083 557 3191 610 nisi
3234 575 3267 612 a
3312 560 3416 614 Do-

144 649 315 721 petisset
351 651 402 700 et
442 645 634 714 Adam,
679 647 822 701 sicut
857 646 1056 716 petivit
1099 646 1270 701 David
1307 646 1443 718 (28),
1477 662 1688 717 nequa-
1791 646 1973 714 mino;
2004 646 2101 716 qui
2145 647 2299 700 enim
2339 647 2615 701 mundum
2653 647 2930 715 condidit,
2973 651 3164 703 tuetur
3203 651 3417 705 accolas

141 757 264 812 quam
294 741 401 794 illos
428 739 841 794 inextricabiles
873 739 1078 794 erroris
1116 741 1349 811 laqueos
1380 739 1688 806 incidisset,
1789 739 2008 793 mundi.
2053 740 2254 809 Aspice
2295 755 2450 809 ergo,
2480 744 2537 793 et
2573 756 2805 810 semper
2852 741 3064 812 aspice,
3107 742 3243 812 quia
3280 743 3418 813 justi

138 835 287 905 quibus
331 835 506 888 omnis
561 833 683 904 ejus
740 833 1048 888 haereditas
1097 834 1500 903 strangulatur.
1553 833 1689 888 Ideo
1789 832 1938 885 oculi
1968 847 2196 902 semper
2226 833 2295 886 ad
2326 831 2650 886 Dominum.

136 933 331 982 mortuus
370 933 466 993 est,
506 930 563 980 et
601 926 752 998 quod
799 926 1028 996 gravius
1065 929 1168 993 est,
1204 925 1460 998 1209
1505 930 1689 980 morte
1861 929 1912 980 3.
1943 927 2054 979 Hoc
2086 931 2278 980 monet
2317 930 2370 979 te
2417 927 2587 980 etiam
2613 926 2894 981 Jeremias
2935 928 2992 980 in
3029 928 3269 982 Threuis
3309 929 3412 983 sub

135 1020 319 1090 peccati;
359 1019 480 1089 quia
512 1025 642 1074 ante
687 1021 978 1091 usurpavit
1016 1020 1179 1086 scire,
1221 1035 1392 1089 quam
1435 1019 1686 1073 intellec-
1789 1019 1898 1072 hac
1927 1017 2050 1090 ipsa
2081 1019 2289 1086 littera,
2327 1018 2522 1072 dicens
2561 1018 2633 1072 ad
2669 1019 3030 1073 Jerusalem:
3071 1040 3097 1068 ‹‹
3129 1020 3311 1090 Surge
3357 1027 3414 1076 et

131 1119 214 1167 tum
239 1129 336 1183 quo
367 1112 750 1179 viviﬁcaretur,
781 1113 1082 1184 acciperet.
1790 1110 2180 1182 expergiscere
2211 1111 2266 1164 in
2308 1117 2469 1166 nocte
2498 1111 2631 1181 (30),
2663 1112 2722 1166 in
2751 1111 3032 1182 principio
3064 1112 3270 1183 vigilia
3299 1118 3412 1168 tuae

174 1208 241 1260 i8.
276 1205 513 1259 Viviﬁcat
549 1222 688 1276 ergo
729 1207 1064 1273 intellectus,
1117 1210 1180 1259 ut
1223 1205 1499 1276 Spiritus;
1551 1207 1689 1276 quia
1789 1205 2015 1260 effunde
2041 1205 2185 1259 sicut
2213 1220 2419 1276 aquam
2448 1221 2547 1259 cor
2571 1207 2736 1258 tuum
2769 1209 2900 1259 ante
2926 1205 3131 1260 faciem
3163 1207 3410 1275 Domini,

132 1303 214 1369 ipse
237 1299 530 1352 intellectus
568 1299 752 1369 gratia
795 1299 1065 1369 spiritalis
1106 1302 1223 1367 est;
1254 1299 1495 1370 ideoque
1521 1298 1684 1352 intel-
1789 1299 1998 1353 extolle
2051 1298 2124 1352 ad
2172 1298 2476 1352 Dominum
2533 1314 2738 1352 manus
2789 1301 2914 1351 tuas
2969 1315 3070 1368 pro
3113 1299 3412 1354 animabus

127 1394 285 1444 lectum
309 1408 538 1446 munere
567 1409 668 1446 suo
694 1392 931 1463 Spiritus
963 1375 1189 1446 sanctus
1215 1398 1505 1463 operatur.
1543 1412 1569 1440 «
1598 1393 1685 1446 In-
1787 1392 2151 1462 parvulorum
2190 1396 2444 1459 tuorum,
2482 1390 2581 1462 qui
2617 1390 2881 1444 deﬁciunt
2923 1392 3072 1444 fame
3113 1392 3171 1445 in
3211 1392 3412 1462 plateis

122 1486 321 1538 tellectus
370 1486 604 1554 (autem)
673 1485 853 1540 bonus
911 1489 997 1540 est
1062 1485 1327 1540 omnibus
1390 1486 1486 1555 qui
1551 1501 1684 1540 eum
1789 1485 2046 1540 omnium
2073 1484 3102 1554 itinerum(Thren.,u,l9).»Nonne
3132 1490 3187 1539 et
3212 1493 3408 1556 aperte

123 1578 288 1631 faciunt
331 1579 485 1646 (Psal.
534 1595 620 1645 cx,
674 1579 790 1648 I0);
836 1599 863 1628 ››
911 1594 1026 1648 quo
1079 1578 1352 1633 docemur
1393 1578 1524 1649 quia
1571 1594 1687 1633 non
1787 1578 2164 1633 conclusionis
2190 1577 2437 1632 ostendit
2471 1578 2780 1647 angustias,
2812 1580 2868 1630 et
2902 1583 3096 1632 monet
3128 1583 3186 1632 ut
3223 1579 3404 1634 inten-

125 1671 264 1724 solum
303 1687 459 1725 sensu
505 1671 824 1742 complecti,
873 1671 970 1726 sed
1013 1671 1187 1726 etiam
1226 1671 1406 1738 factis,
1444 1671 1498 1725 id
1538 1671 1685 1742 quod
1787 1673 1943 1726 tione
1968 1671 2172 1739 cordis,
2204 1671 2264 1725 in
2300 1688 2413 1742 quo
2452 1676 2534 1724 est
2561 1671 2706 1724 oculi
2753 1671 3002 1724 melioris
3043 1671 3293 1738 obtutus,
3323 1689 3406 1726 re-

121 1763 696 1835 intelligimus-exsequi
722 1764 1047 1819 debeamus.
1710 1765 2042 1840 Bmedium
2101 1765 2201 1818 tibi
2245 1764 2490 1818 salutare
2547 1763 2882 1833 provideas?
2930 1765 3183 1834 Denique
3232 1765 3403 1819 etiam

446 1857 676 1913 SERMO
715 1857 1010 1912 DECIMUS
1051 1857 1298 1914 NONUS.
1788 1859 1936 1913 infra
1963 1859 2174 1913 iterum
2198 1857 2302 1912 sub
2345 1857 2449 1911 hac
2483 1855 2672 1912 littera
2707 1857 2786 1910 ait
2815 1873 2828 1911 :
2865 1877 2892 1904 «
2921 1857 3406 1929 Appropinquavit

833 1941 1018 2022 Koph.
1785 1953 1941 2007 enim
1988 1949 2245 2023 1210
2277 1956 2501 2021 tempus
2540 1956 2817 2018 nostrum,
2858 1950 3060 2021 repleti
3108 1958 3241 2006 sunt
3285 1951 3406 2006 dies

173 2047 208 2095 1.
236 2043 417 2114 Incipit
444 2044 635 2098 littera
667 2043 882 2098 decima
923 2060 1074 2098 nona
1110 2043 1285 2114 Κορῆ,
1317 2044 1481 2113 cujus
1509 2044 1683 2098 inter-
1786 2045 1982 2111 nostri,
2031 2043 2257 2098 advenit
2302 2042 2428 2097 tinis
2472 2047 2680 2097 noster.
2743 2042 2914 2098 Leves
2955 2043 3084 2096 facti
3133 2050 3263 2097 sunt
3308 2045 3406 2115 qui

123 2135 305 2204 pretatio
345 2140 444 2202 est,
492 2138 815 2202 Conclusio;
868 2140 926 2192 et
972 2137 1117 2191 sicut
1151 2137 1288 2191 alibi
1340 2137 1683 2204 invenimus,
1785 2137 2064 2208 persecuti
2089 2143 2219 2191 sunt
2247 2153 2368 2204 nos,
2397 2152 2569 2207 super
2601 2135 2818 2206 aquilas
2844 2135 2986 2190 caeli.
3015 2137 3078 2190 In
3117 2137 3406 2191 montibus

123 2231 279 2298 Aspice.
325 2228 499 2284 Distat
541 2230 756 2296 littera,
807 2231 1076 2301 congruit
1120 2245 1338 2285 sensus.
1394 2231 1532 2284 Nam
1589 2229 1684 2300 qui
1785 2230 2005 2286 accensi
2027 2234 2180 2296 sunt,
2213 2229 2270 2283 in
2299 2229 2522 2285 deserto
2543 2228 2840 2284 insidiatus
2869 2233 2954 2284 est
2977 2229 3405 2300 nobis(Thren.,

124 2321 413 2376 concluditur
438 2322 874 2394 circumspicere
917 2340 976 2377 se
1013 2323 1202 2390 debet,
1234 2326 1292 2378 et
1329 2340 1557 2378 causam
1586 2339 1682 2394 pe-
1787 2341 1858 2391 iv,
1891 2327 1976 2392 18,
2012 2327 2120 2392 19).
2152 2345 2179 2373 ››

124 2413 232 2467 riculi
252 2431 356 2470 non
385 2415 770 2484 dissimulare,
809 2416 1064 2471 maxime
1094 2431 1225 2470 cum
1250 2417 1464 2470 lethale
1495 2417 1689 2471 discri-
1856 2420 1908 2471 4.
1937 2417 2344 2472 Demonstravit
2379 2431 2663 2471 summam
2703 2415 3150 2482 conclusionem,
3178 2432 3284 2471 nec
3319 2417 3402 2470 ul-

125 2522 213 2559 men
247 2509 324 2563 sit.
374 2509 752 2565 Concluditur
795 2509 1184 2581 unusquisque
1240 2509 1686 2564 tumescentibus
1786 2511 1905 2565 lum
1935 2509 2255 2565 remedium
2289 2509 2395 2564 nisi
2429 2509 2489 2564 in
2524 2509 2769 2563 adventu
2805 2508 3029 2563 Domini
3070 2510 3247 2564 nostri
3275 2511 3406 2565 .lesu

127 2599 389 2671 visceribus,
455 2602 771 2657 internisve
835 2603 1119 2668 faucibus,
1188 2619 1319 2657 cum
1383 2603 1686 2659 intercluso
1785 2604 2010 2670 Christi,
2045 2604 2142 2674 qui
2186 2604 2340 2658 solus
2380 2602 2694 2673 desperatis
2729 2603 2907 2673 possit
2942 2601 3145 2657 afferre
3173 2602 3408 2658 medici-

133 2692 292 2759 sp'u'itus
342 2698 696 2760 commeatu,
752 2696 1006 2766 spirandi
1058 2712 1124 2751 ac
1173 2696 1491 2766 respirandi
1540 2712 1688 2749 com-
1783 2713 1937 2752 nam.
1981 2698 2049 2750 Et
2090 2695 2250 2766 quasi
2295 2695 2597 2751 ostendens
2641 2711 2795 2764 eum,
2845 2695 2981 2750 dicit
3031 2712 3044 2749 :
3097 2716 3125 2744 «
3166 2695 3406 2766 Spiritus

133 2788 273 2840 mercia
312 2792 699 2844 coarctantur.
745 2789 1113 2844 Concluditur
1163 2789 1398 2854 femina,
1445 2804 1573 2842 cum
1624 2787 1688 2842 ﬁt
1786 2796 1916 2845 ante
1959 2789 2166 2844 faciem
2211 2791 2484 2854 nostram,
2528 2789 2781 2842 Christus
2828 2788 3099 2842 Dominus
3142 2804 3404 2859 compre-

127 2878 379 2944 peridrome
424 2881 707 2949 matricis,
744 2898 856 2953 qua
902 2883 1147 2954 pectoris
1195 2882 1371 2953 ipsius
1411 2881 1688 2952 premitur
1787 2885 1999 2939 hensus
2052 2886 2137 2938 est
2179 2884 2237 2937 in
2293 2881 2524 2936 interitu
2575 2887 2881 2937 nostro.....
2927 2881 2988 2936 In
3037 2881 3238 2936 umbra
3285 2883 3407 2952 ejus

123 2971 369 3043 principale
397 2992 411 3029 :
455 2975 614 3029 unde
657 2990 853 3045 graves
889 2977 1148 3032 oriuntur
1171 2975 1465 3045 angustiae,
1495 2982 1550 3029 et
1579 2975 1688 3028 nisi
1788 2979 2038 3031 vivemus
2063 2977 2212 3031 inter
2237 2981 2437 3046 gentes
2458 2975 2643 3044 (Ibid,
2673 2979 2780 3042 20).
2809 2996 2835 3025 η
2858 2977 2926 3031 Et
2949 2976 3099 3030 infra
3128 2993 3142 3030 :
3171 2997 3198 3026 «
3220 2975 3407 3045 Bibes,

124 3060 160 3113 in
189 3064 342 3120 locum
380 3083 555 3122 suum
600 3066 699 3120 illa
739 3066 1200 3137 recipiendorum
1230 3068 1516 3122 seminum
1556 3067 1687 3122 aula
1717 3130 1758 3142 Α
1783 3071 1991 3142 inquit,
2024 3075 2083 3125 et
2105 3069 2477 3124 inebriaberis
2504 3070 2687 3138 (Ibid.,
2719 3070 2831 3139 21).
2865 3090 2893 3119 ››
2938 3068 3139 3124 Adhuc
3172 3091 3182 3122 :
3219 3089 3247 3119 «
3276 3069 3412 3122 Visi-

119 3164 366 3226 m‘ocetur,
397 3161 582 3215 vitam
609 3130 901 3214 consuevit
929 3160 1243 3215 excludere.
1276 3163 1359 3215 Ita
1386 3160 1558 3214 etiam
1588 3160 1686 3232 qui
1708 3130 1762 3204 C
1787 3130 1929 3218 tabit
1955 3130 2284 3234 iniquitates
2305 3165 2452 3231 tuas,
2475 3130 2747 3218 revelabit
2772 3130 2943 3234 super
2967 3165 3196 3233 peccata
3221 3161 3404 3232 (Ibid.,

119 3250 522 3324 animo‘angitur,
549 3259 607 3308 et
626 3253 966 3324 quibusdam
986 3254 1233 3308 adversis
1255 3253 1687 3308 imminentibus
1784 3261 1895 3328 22).
1925 3279 1952 3306 »
1979 3258 2158 3320 Quam
2200 3256 2450 3311 breviter
2488 3256 2797 3311 adventum
2832 3261 2890 3309 et
2924 3256 3248 3326 passionem
3287 3254 3409 3326 ejus

119 3350 412 3416 pemrgetur,
429 3347 694 3402 concludi
715 3347 1050 3402 diciturnon
1071 3348 1386 3402 minoribus
1409 3347 1687 3418 angustiis
1787 3349 2081 3420 expressit,
2137 3349 2652 3419 remissionemque
2706 3348 2966 3403 omnium
3020 3353 3406 3420 peccatorum,

119 3438 273 3490 mentis
299 3455 464 3510 quam
497 3439 773 3511 corporis.
805 3441 1037 3512 Majores
1073 3441 1226 3496 enim
1253 3441 1461 3496 animae
1497 3447 1684 3510 aestus,
1787 3459 1957 3515 quam
1990 3446 2185 3513 aperte
2214 3443 2719 3513 congregationem
2744 3442 2995 3496 futuram
3021 3441 3280 3511 gentium
3313 3440 3410 3496 de-

117 3524 411 3604 ferveresque
450 3537 592 3588 sunt
636 3534 960 3589 animorum
1000 3534 1108 3606 (29)
1145 3550 1321 3606 quam
1359 3550 1684 3604 corporum.
1787 3536 2046 3592 claravit!
2095 3536 2231 3591 Hinc
2273 3536 2412 3590 illud
2453 3535 2842 3606 Apostolicum
2882 3551 2895 3588 :
2943 3554 2970 3581 ‹‹
3003 3534 3146 3597 Quia
3189 3534 3409 3588 caecitas

166 3625 206 3676 2.
234 3627 529 3682 Conclusus
571 3627 748 3698 igitur
787 3627 1065 3683 viscerum
1111 3632 1354 3698 tumore,
1400 3627 1688 3682 medicum
1788 3648 1857 3686 ex
1885 3637 2042 3702 parte
2071 3630 2240 3685 Israel
2273 3629 2574 3699 contingit,
2603 3628 2781 3683 donec
2819 3627 3116 3698 plenitudo
3147 3626 3410 3696 gentium

117 3716 284 3786 quatit,
307 3723 368 3774 ut
391 3721 578 3791 possit
603 3721 937 3792 propulsare
965 3721 1282 3792 periculum
1303 3726 1359 3775 et
1383 3721 1688 3775 constricta
1788 3726 2047 3791 intraret,
2080 3727 2138 3778 et
2165 3724 2246 3778 sic
2273 3723 2463 3776 omnis
2494 3721 2660 3776 Israel
2695 3720 2880 3775 salvus
2909 3720 3070 3775 fieret
3111 3721 3302 3786 (Rom,
3332 3735 3409 3789 x1,

116 3803 274 3864 laxare.
323 3813 572 3868 Veniens
619 3813 870 3868 medicus
924 3817 1108 3868 tentet
1152 3814 1380 3881 omnia,
1435 3814 1690 3884 explorat
1785 3821 1877 3885 25,
1911 3819 2017 3890 26).
2049 3839 2077 3868 »

115 3896 302 3959 interna.
328 3906 389 3959 Et
418 3910 481 3961 tu
515 3922 660 3977 ergo
689 3907 981 3961 conclusus
1009 3907 1188 3961 animi
1225 3908 1470 3975 fervore,
1501 3906 1688 3977 aspice
1860 3917 1912 3968 5.
1953 3911 2110 3978 Veni,
2157 3908 2398 3965 Domine
2440 3910 2590 3976 Jesu,
2624 3907 2722 3962 sed
2749 3907 2875 3977 jam
2923 3922 3038 3961 non
3084 3906 3141 3959 in
3189 3905 3409 3972 umbra,

115 3997 151 4043 te
190 3994 348 4064 ipsum
390 4000 658 4055 interiori
699 4000 1103 4055 oculo.'ltIorbi
1147 4001 1228 4054 vis
1279 4005 1462 4071 urget,
1508 4000 1691 4054 fervet
1790 4006 1889 4060 sed
1917 4007 1976 4060 in
2007 4005 2118 4059 sole
2153 4003 2411 4073 justitiaa.
2441 4002 2495 4057 Si
2534 4001 2739 4055 umbra
2777 3999 3010 4070 profuit,
3053 3999 3100 4053 si
3137 3998 3413 4070 passionis

112 4087 234 4141 noxia
268 4093 635 4159 conscientia,
691 4094 876 4148 moles
917 4099 1278 4164 peccatorum
1324 4093 1553 4163 premit.
1603 4093 1684 4147 in-
1787 4105 1898 4154 tuae
1940 4097 2143 4152 umbra
2195 4095 2467 4166 protexit,
2511 4095 2559 4147 si
2603 4094 2853 4164 corporis
2906 4093 3107 4148 umbra
3156 4091 3412 4158 salvavit,

112 4180 357 4250 tercipiunt
394 4201 632 4240 sensum
669 4187 881 4241 mentis
931 4187 1212 4257 angustiae
1243 4203 1255 4241 :
1306 4202 1584 4257 cognosce
1631 4188 1688 4239 te
1788 4195 2070 4264 quantum
2107 4189 2367 4244 conferre
2406 4189 2615 4259 poterit
2653 4187 2884 4242 claritas
2925 4192 3120 4258 aperta
3155 4186 3416 4241 virtutis?

112 4285 271 4342 'Psum,
324 4281 376 4332 et
427 4279 708 4333 orationis
757 4295 948 4350 quaere
993 4279 1359 4348 medicinam,
1409 4295 1573 4349 posce
1627 4281 1691 4332 ut
1789 4288 1892 4340 Per
1920 4284 2180 4338 umbram
2223 4283 2384 4354 lepra
2421 4287 2614 4336 curata
2649 4284 2735 4335 est
2764 4281 3008 4354 (Matth.,
3041 4295 3157 4347 vm,
3187 4280 3273 4349 3);
3312 4295 3418 4349 per

112 4366 258 4420 Veniat
303 4372 561 4426 medicus
614 4372 707 4426 ille
752 4373 852 4443 qui
910 4372 1202 4427 descendit
1257 4372 1326 4426 de
1383 4372 1543 4439 οωιο,
1590 4371 1691 4443 qui
1787 4379 2054 4434 umbram
2087 4391 2318 4448 quoque
2339 4375 2491 4429 illius
2513 4374 2744 4430 feminas
2772 4389 2901 4444 quae
2929 4372 3220 4426 fimbriam
3249 4372 3416 4426 vestis

113 4460 305 4518 maxime
345 4468 596 4535 aegrotos
642 4466 901 4537 requirit,
951 4466 1096 4520 Sicut
1138 4466 1258 4536 ipse
1306 4466 1386 4520 ait
1432 4481 1446 4518 ε
1494 4486 1521 4514 α
1567 4465 2095 4568 ΝΟΗΒΒοωὶηἱοω
2122 4470 2326 4538 attigit,
2356 4468 2590 4537 sanguis
2628 4467 2781 4521 stetit
2814 4467 2980 4533 (Luc.,
3011 4481 3124 4532 vui,
3154 4465 3274 4535 44);
3314 4479 3416 4534 per

111 4564 215 4617 “Pus
256 4561 334 4609 est
370 4559 524 4612 sanis
562 4558 833 4626 ῖηθάίοιιεν
886 4559 986 4614 sed
1027 4559 1094 4613 iis
1135 4559 1234 4630 qui
1287 4558 1432 4613 male
1474 4556 1759 4612 habent"
1794 4565 2056 4620 umbram
2086 4569 2140 4618 te
2170 4562 2438 4627 vidimus,
2467 4559 2697 4631 quando
2739 4573 2856 4612 non
2887 4557 3134 4612 habebas
3162 4556 3410 4628 speciem

114 4643 308 4711 (κακὴ-ι
353 4667 427 4718 IX,
471 4651 584 4721 42)-
637 4672 663 4700 η
717 4651 898 4707 Habes
941 4652 1218 4706 vulnera?
1267 4652 1347 4705 Ne
1399 4649 1631 4704 differas
1676 4667 1688 4703 ε
1791 4674 1978 4728 neque
2010 4657 2292 4710 decorem.
2323 4653 2534 4708 Umbra
2565 4657 2665 4706 tua
2705 4666 2834 4705 caro
2875 4651 3003 4718 fuit,
3030 4666 3159 4722 quas
3189 4653 3414 4704 nostra-

117 4745 292 4794 nonest
323 4744 474 4814 apud
523 4760 656 4798 eum
683 4745 800 4799 ulla
843 4744 1382 4817 comperendinatio
1414 4743 1692 4798 sanitatis.
1794 4767 1922 4804 rum
1989 4753 2156 4803 astus
2217 4745 2574 4816 refrigeravit
2632 4744 3004 4815 cupiditatum
3067 4743 3214 4814 (31),
3287 4758 3415 4813 quae

119 4824 251 4886 Habes
276 4835 505 4892 Ulcera?
549 4838 627 4891 Ne
665 4837 1122 4908 tim0833V81‘b0,
1163 4854 1277 4892 n00
1312 4837 1466 4892 ferro
1497 4851 1695 4890 curare
1796 4842 2088 4898 restrinxit
2128 4841 2288 4911 ignes
2335 4839 2656 4906 libidinum,
2699 4855 2828 4909 quae
2875 4838 3123 4892 avaritia:
3166 4836 3415 4890 diversa-

120 4928 373 4983 εοιιειιενίι.
425 4930 625 5002 Aspice
669 4931 846 5002 igitur
892 4931 1000 4986 illis
1049 4931 1224 4986 oculis
1274 4930 1480 5003 quibus
1525 4929 1696 4984 David
1796 4951 2042 5006 rumque
2085 4933 2420 5005 passionum
2468 4931 2732 4986 incendia
2774 4929 3127 5002 temperavit.
3178 4929 3244 4982 Et
3283 4927 3417 4998 quid

164 5061 407 5125 (alliam.
445 5070 604 5133 edit.,
648 5072 832 5122 oravit
872 5084 908 5121 α
959 5072 1194 5121 Domino.
1240 5070 1350 5122 Sed
1393 5084 1504 5120 non
1548 5070 1698 5119 inso-
1795 5089 2004 5140 resque,
2035 5079 2140 5125 etc.

125 5130 212 5210 18in
243 5147 317 5192 est
368 5130 682 5208 Ambrosio,
726 5151 790 5196 ut
829 5159 956 5210 qua
1000 5147 1218 5210 proprie
1271 5145 1452 5196 Verbo
1496 5157 1698 5196 conve—
1861 5130 1958 5210 (30)
1989 5130 2158 5197 'Rom.
2220 5143 2372 5204 edit.,
2427 5142 2590 5207 Surge
2640 5141 2888 5191 meditari
2935 5141 2992 5188 in
3040 5144 3186 5189 nocte
3229 5153 3245 5185 :
3283 5139 3420 5210 forte

128 5206 262 5274 niunt,
309 5229 371 5268 ea
425 5219 648 5271 Christo
671 5206 676 5208 Ἴ
699 5206 937 5270 Domino
983 5206 1204 5284 propter
1258 5221 1528 5269 unitatem
1578 5231 1697 5281 per-
1799 5206 2063 5282 ut‘magis
2093 5222 2248 5268 locus
2273 5206 2565 5265 accederet
2598 5212 2669 5262 ad
2708 5211 2870 5274 Vulg.
2899 5211 2995 5260 ubi
3033 5210 3248 5274 legitur,
3287 5209 3424 5284 Cou-

129 5287 239 5352 59118
273 5290 545 5341 attribuat.
587 5290 680 5343 Sic
716 5305 879 5342 serm.
920 5279 1001 5352 i5,
1040 5279 1194 5340 num.
1241 5289 1323 5348 30,
1368 5289 1438 5340 de
1479 5279 1700 5339 Christo
1799 5279 2174 5352 surgo,'lauda
2202 5300 2259 5335 ιη
2286 5291 2448 5336 nocte.
2479 5284 2687 5336 Omnes
2710 5295 2841 5332 vero
2864 5294 3008 5352 imss.
3055 5284 3109 5329 et
3141 5283 3246 5352 vet.
3289 5279 3420 5328 edit.

132 5345 303 5417 ciicitur,
342 5361 436 5423 qui
481 5362 637 5413 totius
679 5368 867 5414 auctor
908 5345 996 5412 est,
1019 5345 1316 5412 creaturas.—
1344 5359 1437 5410 Sic
1475 5362 1532 5410 et
1567 5358 1700 5409 alibi
1801 5345 2087 5409 nobiscum
2112 5357 2343 5407 faciunt.
2370 5355 2442 5406 Et
2463 5357 2610 5406 certe
2641 5357 2826 5403 nostra
2863 5351 3036 5423 lectio
3071 5350 3246 5423 magis
3282 5361 3423 5423 con-

136 5425 307 5476 Passim.
351 5419 369 5423 ’

1871 5431 1949 5478 uit
1995 5442 2123 5479 cum
2166 5427 2334 5487 LXX,
2384 5426 2530 5490 apud
2565 5437 2705 5488 quos
2757 5423 2908 5486 legas
2958 5437 2968 5468 :
3025 5419 3244 5479 Ἀνάστα,
3275 5419 3423 5481 ἀγαλ-

178 5493 251 5550 (33)
292 5501 492 5553 Omnes
544 5505 696 5566 edit.,
751 5506 883 5554 sicut
934 5504 1118 5568 petivit
1173 5502 1442 5554 Salomon.
1493 5501 1703 5552 Omnes
1802 5499 1962 5548 λίασαι
1989 5499 2037 5547 ἐν
2059 5499 2210 5556 νυκτὶ,
2232 5501 2336 5548 etc.
2369 5498 2553 5560 Surge,
2580 5493 2784 5545 exculta
2807 5493 2865 5541 in
2894 5497 3052 5568 nocte.

141 5573 250 5641 nam,
283 5574 404 5625 sicut
437 5579 612 5641 petivit
661 5562 852 5628 David.
897 5562 1016 5628 Non
1057 5578 1220 5638 male,
1271 5589 1400 5626 cum
1443 5576 1560 5638 ipse
1593 5575 1704 5625 Da-
1869 5572 1964 5632 (31)
2004 5571 2083 5620 Ita
2127 5583 2257 5618 mss.
2295 5580 2495 5641 magno
2531 5577 2829 5641 consensu,
2869 5567 3086 5641 cunctae
3130 5573 3258 5611 vero
3292 5562 3420 5610 edit.

144 5639 208 5689 Vid
231 5645 274 5692 in
311 5647 412 5699 hoc
437 5634 572 5714 'ipso
614 5663 777 5701 versu
817 5663 847 5700 a
885 5651 1122 5700 Domino
1161 5634 1404 5714 postulet
1445 5634 1706 5699 intellec-
1805 5645 1930 5706 post
1956 5653 2169 5714 vocem,
2197 5638 2560 5714 cupiditatum,
2607 5635 2698 5684 illa
2732 5634 3089 5692 subnectunt,
3131 5646 3248 5694 quae
3286 5645 3423 5682 com-

147 5713 244 5759 ‘um.
480 5707 496 5714 ’
1161 5707 1179 5714 ’
1803 5711 2001 5776 pescuit
2023 5708 2353 5760 insolentiam
2382 5707 2647 5755 vitiorum.

201 5781 262 5842 ξω
293 5786 448 5848 Εὐίι..
491 5788 758 5854 febresque
798 5797 920 5840 sunt
959 5790 1258 5840 animorum
1280 5805 1295 5852 ;
1339 5803 1492 5849 mss,
1531 5796 1704 5850 [er-vo-

414 5867 677 5934 Pmm..
726 5869 831 5932 xv
878 5869 1053 5948 (xw,
1106 5890 1256 5933 PARS
1307 5869 1408 5950 ll.)
3033 5861 3108 5918 ‘9
