3930 6168
505 249 523 298 1
539 246 638 298 547

1979 241 2034 299 S.
2078 239 2393 296 AMBROSII

3673 250 3782 304 1548

503 368 686 420 dicam
713 366 782 420 de
825 365 1033 420 umbra
1068 365 1314 434 Domini,
1360 364 1598 436 quando
1641 366 1698 419 et
1739 363 2127 435 apostolorum
2152 377 2208 447 Α
2233 371 2440 418 terram
2492 363 2680 430 exivit,
2733 367 2790 418 et
2836 362 3005 417 verba
3053 361 3108 415 in
3158 360 3295 416 ﬁnes
3340 362 3482 417 orbis
3524 369 3786 423 terrarum.

499 460 709 514 umbra
729 459 972 514 sanabat
991 458 1160 529 (Act.,
1186 475 1239 525 v,
1267 459 1350 529 15)
1369 458 1397 512 ‘?
1417 458 1691 512 Veniente
1712 458 1923 512 etenim
1944 459 2128 522 Petro,

502 553 888 624 unusquisque
912 550 1184 606 offerebat
1215 567 1399 622 aegros
1430 567 1584 619 suos,
1615 567 1758 622 quos
1789 550 2133 605 transeuntis

501 645 742 716 apostoli
772 645 980 699 umbra
1008 644 1260 699 reddidit
1288 643 1541 698 sanitati.

576 742 630 792 6.
672 737 818 792 Audi
862 737 995 808 quia
1033 753 1161 792 caro
1202 737 1424 792 Domini
1469 736 1676 791 umbra
1720 740 1843 791 erat
1882 753 1895 790 :
1939 758 1967 786 ‹‹
1996 737 2134 792 Ecce

505 821 777 886 Dominus
819 830 984 884 sedet
1023 846 1196 900 super
1232 830 1445 885 nubem
1490 831 1695 897 levem,
1732 835 1788 884 et
1837 829 2032 883 veniet
2074 829 2133 882 in

507 926 810 995 Egyptum
855 927 1008 990 (Isa.,
1051 939 1160 990 xxx,
1212 924 1280 994 l).
1313 945 1340 973 »
1386 924 1454 976 Et
1497 923 1671 978 David
1716 922 1851 976 dicit
1889 941 1903 976 :
1957 944 1984 971 ί(
2021 921 2134 977 Sub

511 1017 712 1072 umbra
751 1016 972 1072 alarum
1013 1021 1240 1071 tuarum
1278 1022 1512 1087 protege
1540 1032 1630 1070 me
1656 1016 1826 1087 (Psal.
1855 1031 1964 1082 xv1,
1998 1017 2071 1084 8).
2105 1037 2132 1065 »

512 1111 713 1164 Factus
753 1113 836 1164 est
867 1109 1041 1180 igitur
1079 1109 1399 1164 exinanitus
1437 1109 1638 1163 umbra
1669 1108 1850 1175 nobis,
1882 1125 2024 1179 quos
2051 1108 2135 1162 sol

508 1203 825 1274 iniquitatis
853 1206 1158 1258 exusserat.
1188 1202 1445 1256 Vidimus
1482 1218 1620 1273 ergo
1649 1203 1706 1256 in
1745 1202 1946 1256 umbra
1979 1217 2132 1269 eum,

512 1312 643 1350 cum
682 1296 866 1351 adhuc
902 1295 1045 1350 ﬁdes
1073 1297 1256 1366 prima
1296 1296 1646 1366 procederet.
1687 1295 1790 1350 Sed
1827 1311 1981 1349 nunc
2011 1296 2132 1365 jam

511 1393 693 1444 totum
747 1388 1033 1443 illuminat
1083 1389 1385 1455 mundum,
1434 1394 1492 1444 et
1531 1391 1721 1444 tamen
1767 1387 1953 1442 adhuc
2004 1403 2137 1442 eum

513 1498 615 1552 per
656 1483 739 1536 sui
787 1481 1061 1552 corporis,
1105 1498 1231 1552 qum
1269 1486 1352 1537 est
1394 1481 1657 1549 Ecclesia,
1699 1481 1958 1536 umbram
1991 1480 2140 1535 vide-

515 1591 662 1642 mus,
708 1575 963 1629 nondum
1006 1575 1146 1629 facie
1184 1575 1254 1630 ad
1297 1575 1530 1643 faciem;
1576 1590 1760 1646 neque
1798 1574 1954 1628 enim
1992 1573 2136 1628 oculi

2231 458 2432 511 Gracili
2475 474 2608 510 voce
2659 457 2870 527 Moyses
2917 455 3274 526 loquebatur,
3315 460 3368 510 et
3414 457 3530 526 plus
3565 460 3789 516 omnibus

2231 549 2570 604 audiebatur
2614 548 2745 619 (32).
2781 548 3044 613 Quotidie
3088 547 3317 602 auditur
3357 548 3413 602 in
3454 549 3789 606 Ecclesiazab

2233 643 2344 697 illis
2382 643 2532 710 solis,
2574 644 2682 698 hoc
2729 644 2834 709 est,
2871 641 3082 696 Iudaeis
3126 656 3238 694 non
3277 641 3508 710 auditur,
3551 643 3638 711 qui
3677 660 3789 700 aure

2232 736 2488 803 audiunt,
2521 737 2618 791 sed
2662 753 2775 792 non
2825 734 3153 789 exaudiunt.
3182 733 3473 804 Prophetas
3513 733 3698 788 dicitur
3729 737 3793 790 al-

2231 829 2339 884 teri
2369 846 2383 884 :
2420 850 2447 876 ‹‹
2476 831 2672 884 Exalta
2699 828 2911 883 viribus
2948 843 3145 882 vocem
3180 829 3331 881 tuam
3363 828 3502 895 (ἴδω,
3540 842 3668 894 Lvni,
3692 833 3750 896 1).
3773 852 3796 877 ››

2305 925 2358 977 9.
2387 925 2551 977 Anna
2574 926 2767 977 tamen
2797 938 2910 976 non
2934 920 3220 976 clamabat
3239 920 3296 974 in
3317 919 3481 974 corde
3501 935 3594 973 suo
3615 922 3652 984 (l
3673 923 3800 990 Περ..

2235 1031 2272 1083 ι,
2341 1016 2446 1085 13),
2515 1015 2658 1068 sicut
2724 1016 2962 1085 Moyses,
3028 1012 3128 1067 sed
3189 1011 3543 1083 loquebatur;
3605 1011 3800 1066 fortasse

2235 1107 2372 1178 quia
2411 1107 2556 1162 ﬁlios
2601 1106 2939 1178 postulabat,
2983 1107 3092 1161 hoc
3128 1110 3230 1175 est,
3272 1105 3420 1159 bona
3462 1104 3690 1175 quidem,
3725 1106 3801 1159 sed

2234 1201 2474 1272 privata,
2526 1217 2641 1255 non
2685 1200 2934 1271 publica,
2987 1215 3104 1254 non
3150 1198 3445 1253 clamabat.
3487 1197 3588 1252 Sed
3630 1197 3743 1268 quia
3777 1215 3802 1250 a

2239 1294 2480 1349 Domino
2525 1293 2859 1364 postulabat,
2912 1292 3047 1364 quia
3093 1292 3334 1347 Domino
3382 1306 3531 1360 eum,
3577 1290 3620 1344 si
3663 1305 3803 1360 quem

2237 1387 2568 1459 susciperet,
2623 1386 2918 1452 offerebat,
2975 1385 3316 1456 loquebatur
3373 1384 3514 1452 Deo;
3570 1381 3806 1436 clamabat

2235 1485 2431 1536 autem
2479 1481 2710 1550 Moyses,
2771 1479 2905 1550 quia
2954 1495 3068 1533 non
3115 1495 3218 1549 pro
3262 1493 3350 1544 se,
3395 1477 3488 1531 sed
3535 1492 3630 1547 pro
3682 1474 3809 1529 omni

2235 1573 2446 1645 populo
2478 1572 2837 1644 precabatur.
2867 1571 3026 1628 Unde
3065 1571 3280 1626 dictum
3309 1573 3392 1624 est
3426 1569 3474 1623 ei
3511 1585 3542 1622 a
3566 1569 3806 1623 Domino:

511 1668 762 1738 corporis
791 1668 1097 1722 divinitatis
1126 1672 1365 1738 possunt
1388 1667 1641 1738 recipere
1671 1669 1975 1738 fulgorem.
2011 1669 2138 1721 Haec
2162 1737 2188 1738 ί
2241 1687 2270 1715 ι(
2308 1666 2453 1730 Quid
2482 1666 2690 1720 clamas
2721 1666 2939 1737 (Emod.,
2971 1680 3083 1732 xiv,
3120 1663 3250 1734 15)?
3275 1683 3302 1712 ››
3331 1661 3616 1719 Clamabat
3643 1659 3807 1715 aﬁectu

511 1737 740 1832 quoque
763 1761 965 1815 umbra
991 1737 1173 1814 totum
1202 1760 1450 1830 quotidie
1473 1737 1721 1831 protegit
1745 1737 1945 1814 orbem
1967 1764 2138 1814 terra-
2158 1737 2214 1808 B
2237 1760 2354 1831 pio,
2407 1764 2464 1814 et
2515 1775 2682 1814 sensu
2735 1757 3040 1828 profundo,
3093 1761 3153 1810 et
3194 1755 3534 1827 personabat
3584 1754 3638 1807 in
3682 1752 3805 1818 coelo,

511 1870 660 1907 rum.
704 1853 920 1907 Profuit
965 1853 1140 1921 igitur
1189 1853 1475 1907 conclusio
1525 1870 1537 1906 :
1581 1873 1608 1901 «
1650 1853 1939 1907 Conclusit
1981 1853 2138 1908 enim

510 1948 652 2001 Deus
672 1945 863 1999 omnia
887 1945 947 1998 in
978 1946 1394 2012 incredulitate,
1427 1949 1484 1998 ut
1513 1946 1772 2000 omnium
1796 1946 2140 2000 misereatur

511 2039 706 2107 (Rom,
757 2054 830 2105 x1,
877 2037 987 2108 32).
1030 2059 1057 2085 ››
1108 2037 1219 2091 Sed
1255 2038 1377 2108 jam
1424 2038 1849 2092 consideremus
1894 2039 2032 2110 quid
2077 2039 2136 2093 in

513 2131 872 2185 conclusione
910 2129 1219 2184 dicendum
1249 2135 1352 2199 est,
1387 2137 1444 2185 et
1470 2131 1620 2184 unde
1655 2130 2064 2202 incipiendum.

586 2229 638 2278 7.
694 2223 874 2294 (Vers.
929 2223 1076 2291 145.)
1129 2224 1449 2278 Εωοιατηαυὶ
1501 2226 1560 2277 in
1619 2228 1727 2278 toto
1781 2225 1938 2278 corde
1990 2241 2135 2288 meo,

514 2317 718 2371 exaudi
776 2331 888 2377 me,
959 2319 1178 2370 Domine
1240 2335 1255 2369 :
1322 2316 1572 2383 justitias
1646 2323 1765 2371 tuas
1834 2319 2136 2387 exquiram.

511 2412 654 2464 Cum
694 2407 1099 2478 impressiones
1133 2408 1391 2478 patimur
1426 2410 1771 2478 corporales,
1819 2411 2137 2465 exclamare

512 2501 929 2567 consuevimus,
963 2503 1028 2554 ut
1067 2500 1211 2555 alios
1250 2501 1319 2554 ad
1364 2501 1698 2572 praesidium
1737 2502 1902 2557 nobis
1942 2519 2138 2558 vocare

513 2595 809 2666 possimus.
839 2593 1212 2648 Premebatur
1235 2600 1459 2648 sanctus
1489 2595 1790 2665 Propheta,
1825 2597 2135 2667 appropin-

513 2687 818 2758 quantibus
849 2685 953 2740 sibi
987 2687 1461 2757 persecutoribus.
1497 2688 1625 2743 Saul
1662 2689 1850 2759 primo
1898 2689 2138 2744 infestus

517 2784 743 2835 armato
791 2795 924 2835 eum
971 2779 1378 2852 insequebatur
1415 2781 1693 2849 exercitu;
1732 2788 1928 2852 postea
1966 2783 2138 2853 parri-

514 2875 640 2930 cida
699 2874 850 2928 ﬁlius
912 2874 1279 2943 imminebat;
1333 2891 1450 2928 non
1514 2879 1815 2929 contentus
1869 2875 2140 2945 fugientis

516 2968 733 3036 exsilio,
762 2968 932 3021 vitam
961 2967 1134 3037 patris
1175 2968 1470 3037 quaerebat
1507 2968 1748 3037 eripere.
1783 2968 1889 3022 Sed
1920 2969 1989 3022 ab
2031 2968 2139 3022 illis

517 3061 708 3115 minus
737 3059 853 3130 pati
881 3063 1109 3129 poterat
1134 3075 1276 3130 quos
1302 3059 1362 3112 in
1389 3060 1657 3130 praesenti
1689 3059 1938 3127 videbat,
1967 3077 2138 3131 quam

518 3154 590 3208 ab
640 3153 748 3206 illis
811 3169 950 3223 quos
1007 3167 1120 3206 non
1167 3151 1427 3218 videbat;
1480 3158 1564 3206 est
1615 3153 1770 3206 enim
1821 3153 2140 3208 colluctatio

517 3245 729 3300 sanctis
782 3261 899 3299 non
948 3244 1134 3298 solum
1187 3245 1456 3299 adversus
1505 3261 1735 3300 carnem
1799 3252 1855 3300 et
1919 3248 2144 3318 sangui-

515 3354 677 3405 nem,
727 3336 973 3410 1211
1025 3337 1121 3392 sed
1171 3338 1343 3392 etiam
1394 3338 1663 3394 adversus
1705 3339 2052 3410 principatus
2089 3345 2146 3395 et

518 3417 822 3502 potestates
864 3431 1030 3485 istius
1077 3431 1294 3499 mundi,
1347 3437 1710 3503 rectoresque
1753 3432 2142 3501 tenebrarum,

518 3525 616 3595 qui
651 3525 942 3578 latronum
975 3523 1150 3579 modo
1182 3525 1240 3578 in
1275 3525 1437 3579 istius
1461 3525 1654 3579 saeculi
1695 3528 1856 3581 nocte
1881 3525 2145 3581 humanis

519 3616 863 3672 insidiantur
902 3617 1218 3672 affectibus.
1249 3619 1465 3673 Horum
1501 3619 1677 3689 igitur
1713 3625 1942 3674 sanctus
1971 3619 2144 3674 David

517 3727 647 3764 cum
699 3727 902 3780 graves
949 3711 1245 3766 adversum
1299 3728 1359 3766 se
1412 3711 1632 3766 videret
1690 3712 1810 3766 ﬁeri
1866 3713 2143 3780 incursus,

519 3805 853 3859 exclamavit
917 3805 974 3857 in
1027 3808 1144 3859 toto
1199 3806 1367 3860 corde
1419 3821 1540 3859 suo.
1605 3806 1827 3859 Etenim
1879 3806 2146 3860 adversus

521 3897 808 3952 diabolum
838 3913 956 3952 non
986 3897 1134 3952 vocis
1182 3898 1600 3968 magnitudine,
1635 3897 1732 3953 sed
1765 3899 2143 3969 magnanimi-

524 3993 638 4045 tate
669 3991 856 4044 cordis
886 3991 1162 4044 utendum
1193 3995 1292 4045 est.

594 4085 647 4136 8.
680 4084 771 4135 Est
803 4085 997 4138 tamen
1041 4088 1100 4136 et
1133 4099 1238 4137 vox
1281 4083 1488 4152 cordis,
1517 4083 1651 4155 quia
1679 4088 1764 4140 est
1803 4088 1860 4138 et
1892 4100 1999 4139 vox
2025 4102 2148 4139 san-

527 4174 740 4245 guinis,
769 4191 896 4244 quse
922 4176 994 4229 ad
1021 4175 1196 4229 Deum
1221 4177 1495 4246 pervenit.
1527 4177 1783 4248 Denique
1805 4178 1953 4232 Deus
1973 4179 2142 4233 dicit:

531 4289 558 4315 ‹‹
599 4269 709 4321 Vox
741 4267 1031 4339 sanguinis
1055 4267 1242 4322 fratris
1286 4268 1366 4322 tui
1412 4269 1480 4325 de
1521 4272 1669 4324 terra
1709 4270 1922 4325 clamat
1957 4272 2026 4325 ad
2055 4287 2147 4326 me

527 4361 700 4426 (Gem,
729 4376 804 4428 ιν,
841 4360 948 4430 10).
980 4379 1007 4411 ››
1036 4361 1258 4415 Clamat
1287 4376 1425 4433 ergo
1459 4378 1558 4416 cor
1585 4368 1840 4417 nostrum
1870 4380 1987 4418 non
2014 4380 2150 4420 sono

2238 1851 2528 1906 miraculis
2563 1854 2764 1922 petens
2801 1851 2973 1921 digna
3009 1849 3354 1915 caelestibus,
3394 1852 3459 1903 ut
3504 1845 3688 1901 mundi
3727 1845 3807 1898 ele-

2241 1952 2431 2000 menta
2463 1951 2730 2000 mutaret.

2313 2041 2397 2093 10.
2443 2038 2694 2108 Denique
2733 2042 2798 2092 ut
2834 2037 3009 2107 ipsius
3049 2036 3156 2090 loci
3199 2035 3407 2090 seriem
3449 2046 3810 2093 recenseamus,

2237 2131 2484 2186 instabat
2508 2131 2744 2199 Pharao,
2777 2135 2834 2185 et
2861 2128 3176 2184 innumeris
3201 2128 3592 2199 Egyptiorum
3623 2123 3817 2194 stipatus

2237 2224 2514 2291 curribus,
2544 2223 2791 2295 urgebat
2826 2224 3094 2277 Hebraeos
3127 2238 3138 2276 :
3167 2221 3304 2276 hinc
3334 2219 3690 2275 circumfusus
3716 2217 3816 2270 hos-

2236 2317 2328 2386 tis,
2374 2317 2508 2371 inde
2556 2316 2896 2370 interfusum
2946 2331 3103 2370 mare
3146 2314 3384 2385 plebem
3431 2312 3523 2367 Dei
3560 2311 3815 2365 clauserat.

2238 2411 2396 2464 Nulla
2423 2411 2483 2463 in
2513 2410 2684 2464 armis
2714 2409 2938 2477 ﬁducia,
2971 2425 3100 2478 spes
3140 2407 3304 2462 nulla
3345 2406 3406 2460 in
3443 2404 3664 2459 viribus.
3689 2402 3820 2456 Stre-

2238 2502 2410 2572 pebat
2434 2501 2825 2556 tantummodo
2868 2501 3098 2572 querela
3135 2498 3494 2564 miserabilis,
3531 2495 3670 2568 quod
3693 2508 3819 2548 com-

2241 2595 2460 2650 modius
2487 2595 2593 2648 sibi
2631 2595 2779 2649 foret
2819 2594 2962 2649 dura
2999 2593 3059 2648 in
3090 2595 3338 2664 Egypto
3382 2588 3657 2645 servitutis
3680 2601 3824 2640 onera

2237 2689 2446 2756 subire,
2491 2704 2665 2759 quam
2717 2687 2924 2742 acerba
2968 2687 3027 2740 in
3074 2686 3303 2740 deserto
3355 2689 3536 2740 morte
3586 2677 3822 2740 consumi,

2237 2783 2471 2852 querela
2510 2781 2651 2835 nihil
2699 2779 2948 2852 praesidii
2988 2779 3258 2846 offerens,
3302 2777 3607 2849 plurimum
3635 2772 3823 2828 offensa:

2239 2875 2499 2929 efferens.
2549 2873 2750 2929 Stabat
2801 2889 2938 2944 ergo
2993 2874 3208 2943 Moyses
3265 2874 3530 2937 mmstus,
3576 2865 3823 2926 sollicitus,

2240 2968 2438 3022 anxius
2482 2967 2678 3038 populi
2720 2973 2776 3021 et
2822 2965 3086 3037 periculis
3127 2969 3186 3019 et
3224 2964 3500 3036 querelis,
3539 2965 3828 3031 exspectans

2242 3061 2411 3115 ﬁdem
2440 3060 2752 3114 caelestium
2775 3059 3214 3130 promissorum,
3237 3064 3300 3114 et
3325 3059 3521 3112 tacitus
3541 3069 3717 3111 secum
3733 3051 3827 3121 ipse

2241 3153 2499 3208 volvebat
2520 3169 2633 3224 qua
2660 3152 2889 3207 tandem
2927 3152 3204 3207 Dominus
3233 3168 3371 3224 ope,
3405 3149 3626 3222 injuriae
3655 3147 3825 3200 imme-

2241 3263 2385 3316 mor,
2417 3261 2637 3300 memor
2665 3245 2886 3317 gratiae,
2911 3246 3248 3300 subveniret.
3281 3245 3425 3300 Dicit
3443 3244 3512 3298 ad
3534 3257 3656 3298 eum
3679 3236 3829 3294 Domi-

2243 3357 2350 3394 nus
2375 3356 2388 3394 :
2419 3361 2446 3389 «
2465 3339 2613 3403 Quid
2640 3339 2854 3395 clamas
2877 3339 2946 3394 ad
2968 3339 3097 3394 me?
3121 3360 3148 3389 ››
3171 3339 3390 3394 Sonum
3411 3339 3532 3409 ejus
3547 3351 3658 3391 non
3674 3330 3828 3395 audio.

2242 3449 2439 3488 vocem
2467 3433 2587 3504 ejus
2615 3448 2898 3504 agnosco:
2923 3432 3212 3488 silentium
3239 3433 3368 3502 ejus
3385 3432 3540 3503 lego,
3561 3429 3828 3484 clamorem

2243 3528 2365 3598 ejus
2399 3527 2457 3580 in
2488 3527 2760 3597 operibus
2787 3526 3171 3597 deprehendo.
3205 3525 3500 3582 Clamabat
3525 3519 3766 3594 populus,
3790 3519 3831 3568 el

2243 3637 2361 3675 non
2415 3619 2784 3689 audiebatur;
2837 3619 3057 3674 tacebat
3105 3621 3344 3691 Moyses,
3406 3623 3465 3673 et
3515 3614 3829 3672 audiebatur.

2243 3715 2363 3768 Non
2395 3711 2659 3786 1212
2696 3714 2903 3784 p0pulo
2934 3713 3148 3768 dictum
3178 3716 3266 3767 est
3297 3729 3312 3768 :
3342 3732 3368 3764 «
3398 3711 3538 3776 Quid
3566 3710 3758 3764 clamas
3779 3701 3832 3756 ad

2245 3807 2374 3862 me?
2399 3825 2426 3857 ι)
2459 3807 2582 3861 Non
2621 3807 2773 3860 enim
2823 3806 2895 3860 ad
2939 3806 3114 3860 Deum
3148 3806 3435 3860 clamabat
3479 3801 3724 3875 populus,
3760 3794 3834 3867 qui

2244 3900 2457 3971 injusta
2485 3902 2542 3953 et
2568 3899 2698 3953 viris
2724 3899 2964 3969 indigna
2989 3899 3292 3954 clamabat.
3327 3898 3435 3954 Sed
3466 3895 3633 3968 Moysi
3661 3892 3836 3948 dictum

2245 3999 2329 4048 est
2362 4011 2375 4047 :
2424 4013 2451 4040 «
2490 3992 2636 4056 Quid
2672 3991 2886 4046 clamas
2921 3991 2991 4045 ad
3039 3992 3169 4046 me?
3197 4013 3224 4041 »
3265 3992 3375 4047 hoc
3425 3994 3554 4046 est:
3601 3990 3677 4043 Tu
3715 3983 3837 4037 solus

2248 4087 2318 4140 ad
2358 4102 2447 4141 me
2482 4086 2704 4154 clamas,
2739 4084 2838 4156 qui
2877 4085 2945 4138 de
2986 4101 3076 4140 me
3119 4100 3340 4156 speras,
3379 4087 3444 4139 tu
3485 4083 3634 4138 solus
3671 4078 3734 4133 ad
3769 4088 3840 4128 me

2247 4180 2472 4249 clamas,
2504 4179 2603 4249 qui
2623 4179 2888 4233 virtutem
2916 4193 3102 4232 meam
3134 4177 3382 4247 excitas;
3416 4181 3478 4232 tu
3509 4177 3655 4230 solus
3678 4171 3740 4225 ad
3767 4181 3837 4220 me

2247 4273 2475 4339 clamas,
2498 4272 2594 4343 qui
2623 4288 2725 4343 per
2747 4270 3062 4326 universam
3089 4275 3298 4326 terram
3323 4267 3652 4333 annuntiari
3679 4273 3838 4320 meum

2251 4381 2461 4420 nomen
2487 4369 2801 4436 exspectas.

526 4453 802 4524 corporis,
852 4453 951 4508 sed
995 4453 1406 4524 cogitationum
1449 4454 1812 4534 sublimitate,
1847 4459 2226 4531 concentu-D
2323 4463 2406 4514 11.
2433 4457 2727 4515 Clamabat
2753 4472 2891 4527 ergo
2928 4457 3140 4528 Moyses
3173 4456 3232 4511 in
3259 4457 3434 4512 corde
3464 4473 3589 4523 suo,
3613 4456 3670 4509 et
3689 4446 3844 4506 omnis

531 4562 641 4615 que
685 4547 977 4601 virtutum.
1029 4547 1270 4602 Grandis
1319 4547 1453 4602 ﬁdei
1500 4548 1735 4604 clamor.
1787 4551 2041 4622 Denique
2091 4551 2149 4605 in

522 4638 722 4708 spiritu
763 4639 1086 4710 adOptionis
1128 4641 1464 4708 clamamus,
1502 4641 1664 4696 Abba
1703 4648 1887 4713 pater,
1934 4647 1992 4699 et
2034 4644 2151 4714 ipse

524 4729 765 4801 Spiritus
797 4731 895 4785 Dei
939 4733 1150 4786 clamat
1189 4734 1248 4786 in
1291 4733 1476 4789 nobis.
1512 4735 1718 4805 Magna
1760 4752 1865 4790 vox
1893 4735 2151 4806 justitiaa,

525 4841 737 4896 magna
763 4828 847 4878 est
867 4825 1150 4893 castitatis,
1174 4841 1280 4896 per
1300 4843 1471 4897 quam
1495 4833 1550 4880 et
1573 4829 1779 4882 mortui
1804 4830 2150 4900 loquuntur;

505 4934 630 4983 nec
657 4917 839 4972 solum
866 4919 1195 4988 loquuntur,
1226 4919 1325 4973 sed
1351 4920 1524 4974 etiam
1551 4919 1695 4975 sicut
1727 4921 1862 4976 Abel
1889 4923 2150 4978 clamant.

525 5017 590 5068 At
640 5027 771 5066 vero
827 5011 1023 5082 injusti
1081 5012 1273 5066 anima
1316 5029 1418 5067 nec
1463 5013 1703 5068 viventis
1747 5015 1976 5082 clamat,
2021 5016 2156 5086 quia

526 5104 646 5158 Deo
671 5106 895 5159 mortua
923 5108 1027 5159 est.
1055 5103 1206 5158 Nihil
1233 5104 1293 5158 in
1326 5105 1425 5159 illa
1456 5105 1722 5175 sublime,
1753 5106 1895 5162 nihil
1929 5107 2152 5179 magni-

527 5197 698 5252 ﬁcum
727 5204 830 5267 est,
873 5198 1040 5269 quale
1079 5213 1302 5264 eorum,
1343 5214 1584 5270 quorum
1628 5216 1801 5255 sonus
1836 5200 1894 5256 in
1927 5217 2157 5256 omnem

590 5339 688 5398 (32)
733 5339 891 5390 Rom.
941 5337 1073 5388 edit.
1126 5337 1273 5399 sola,
1333 5338 1536 5389 (ἓναοὶιὶ
1590 5353 1712 5390 voce
1763 5345 1878 5390 erat
1934 5342 2155 5405 Moyses,

528 5421 622 5457 nec
665 5407 978 5472 loquebatur
1013 5423 1031 5457 :
1058 5407 1182 5472 plus
1224 5409 1465 5459 omnibus
1500 5415 1674 5460 tamen
1711 5410 2045 5460 audiebatur.
2089 5411 2158 5460 Et

531 5478 698 5541 paulo
742 5485 884 5541 post,
926 5479 1021 5530 ubi
1068 5480 1261 5530 eadem
1308 5480 1459 5540 edit.,
1513 5486 1558 5530 et
1606 5483 1761 5531 corde
1804 5495 1912 5530 non
1956 5481 2159 5532 intelli-

531 5554 675 5612 gunt.
732 5549 920 5600 Vet....
973 5563 1082 5601 non
1147 5551 1390 5600 audiunt.
1451 5551 1577 5601 Mss.
1637 5553 1900 5602 omittunt
1965 5565 2158 5603 vocem

533 5617 706 5676 cordo,
754 5631 822 5668 ex
859 5620 1065 5682 quibus
1107 5620 1219 5671 duo
1257 5621 1440 5672 solum
1483 5634 1598 5685 pro,
1634 5622 1723 5673 sed
1766 5635 1873 5673 non
1915 5623 2157 5682 audiunt,

534 5691 818 5752 exhibent,
845 5695 934 5743 sed
955 5707 1064 5743 non
1089 5696 1400 5746 exaudiunt.
1431 5697 1595 5747 Haud
1620 5699 1796 5756 male;
1829 5697 1976 5749 idem
2011 5700 2159 5749 enim

534 5771 618 5816 est
643 5779 706 5815 ac
735 5779 843 5815 non
869 5770 1238 5819 consentiunt.

2251 4551 2474 4623 sapiens
2527 4551 2585 4604 in
2635 4550 2804 4605 corde
2853 4565 2956 4604 suo
3006 4550 3228 4604 clamat.
3277 4550 3544 4621 Denique
3591 4539 3844 4617 Sapientia

2252 4662 2382 4700 cum
2413 4643 2685 4699 altissima
2715 4641 3121 4714 praedicatione
3159 4648 3436 4698 convocat
3461 4642 3536 4696 ad
3573 4643 3846 4695 crateram.

2253 4739 2445 4793 dicens
2490 4752 2504 4791 :
2557 4758 2584 4785 ‹‹
2620 4735 2940 4807 Relinquite
2989 4735 3499 4806 insipientiam.....
3540 4738 3598 4790 et
3645 4727 3847 4803 quatrite

2254 4831 2592 4903 sapientiam
2649 4832 2847 4897 (Prom,
2901 4844 2975 4895 IX,
3020 4831 3094 4897 6).
3139 4849 3166 4877 »
3225 4830 3444 4900 Magnae
3500 4816 3849 4882 sublimitatis,

2254 4941 2478 4996 magnae
2502 4922 2651 4978 vocis
2676 4923 2796 4976 haec
2817 4921 3150 4992 praedicatio
3173 4924 3276 4988 est,
3303 4937 3436 4992 quas
3458 4919 3641 4975 stultis
3663 4913 3852 4985 sapien-

2253 5019 2394 5073 tiam
2420 5017 2735 5088 pollicetur.
2771 5017 2838 5071 Et
2859 5015 3019 5069 Iesus
3046 5014 3316 5069 Dominus
3342 5011 3731 5068 exclamabat:
3763 5026 3787 5054 «
3806 4999 3850 5055 Si

2257 5111 2381 5181 quis
2410 5111 2547 5174 sitit,
2585 5109 2774 5162 veniat
2813 5107 2884 5162 ad
2926 5124 3018 5162 me
3057 5110 3116 5161 et
3153 5106 3308 5162 bibat
3347 5107 3552 5177 (Joan.,
3579 5120 3674 5169 vu,
3704 5097 3801 5166 37).
3829 5113 3850 5139 ιι

2258 5205 2324 5259 Et
2347 5219 2479 5256 vere
2509 5217 2720 5272 magna
2757 5199 3038 5255 clamabat
3065 5200 3191 5268 (33),
3224 5199 3322 5270 qui
3355 5198 3599 5254 vocabat
3622 5189 3854 5251 homines

2318 5345 2417 5407 (33)
2463 5343 2671 5394 Omnes
2709 5341 2862 5402 edit.,
2904 5342 2970 5390 Et
3017 5353 3139 5390 voca
3179 5353 3302 5390 vere
3348 5351 3551 5402 magna
3602 5328 3852 5409 clamabat-

2258 5402 2367 5469 Sed
2396 5402 2544 5479 cum,
2575 5429 2711 5474 voce,
2741 5417 2798 5465 in
2823 5415 2993 5465 nullis
3020 5415 3324 5478 reperiatur
3356 5425 3516 5470 mss.,
3542 5420 3752 5472 magna;
3783 5402 3858 5451 hic

2257 5492 2475 5542 videtur
2499 5503 2619 5541 esse
2643 5492 2699 5539 in
2726 5487 2920 5539 eodem
2946 5501 3100 5549 casu,
3130 5500 3242 5550 quo
3266 5484 3410 5536 infra
3443 5484 3647 5534 dicitur
3684 5484 3860 5550 magna

2257 5576 2377 5620 ora,
2407 5566 2509 5612 etc.
2544 5561 2757 5612 Rursus
2794 5558 2921 5609 edit.
2955 5547 3116 5610 Rom.
3145 5547 3273 5608 cum
3313 5559 3470 5627 parte
3514 5547 3862 5627 £938.,ﬂtt2‘l‘f

2258 5610 2865 5696 infunditurrbielius,
2909 5642 3040 5680 cum
3093 5610 3345 5679 videatur
3395 5625 3574 5696 alludi
3623 5610 3704 5671 ad.
3741 5610 3861 5666 illud

2261 5693 2576 5768 Scriptura,
2604 5703 2668 5752 Et
2692 5705 2923 5752 torrente
2943 5698 3230 5762 voluptatis
3255 5701 3354 5748 tua
3383 5693 3596 5758 potabis
3625 5703 3720 5740 eos.
