3930 6168
111 255 203 309 1519
1141 248 1494 305 EXPOSITIO
1533 251 1601 306 IN
1641 251 1954 309 PSALMUM
1994 253 2222 310 CXVIII.
2325 247 2336 254 “
3231 262 3368 314 1350

104 380 150 433 ad
168 391 364 448 regnum
388 375 668 441 caelorum,
699 375 769 430 ad
806 369 971 430 illum
1006 377 1394 430 venerabilem
1433 381 1634 446 potum
1659 390 1715 462 Α
1738 377 1848 432 tiva
1888 379 2068 448 pluris
2107 396 2324 448 sumus,
2362 380 2460 434 sed
2503 379 2795 436 inferiores
2832 381 3149 437 devotionis
3181 386 3367 455 gratia

103 489 175 544 quo
193 473 296 524 vita
319 478 526 524 aeterna:
550 470 752 524 ﬂuctus
777 469 1121 524 infunditur.
1145 471 1210 523 Et
1243 477 1300 523 tu
1326 487 1456 524 cum
1485 487 1634 538 oras,
1738 474 1868 542 (35),
1900 479 1958 527 et
1982 475 2461 544 praevaricationis
2487 475 2780 544 injustitia.

105 581 247 635 magna
272 581 377 629 ora,
407 563 463 618 id
487 571 586 629 est,
619 581 720 618 ora
762 580 890 635 quae
920 568 1130 619 aeterna
1171 568 1323 632 sunt,
1353 581 1468 619 non
1507 580 1637 635 quas
1812 569 1896 619 15.
1943 568 2113 636 (Vers.
2163 570 2301 637 146.)
2333 568 2600 638 Sequitur
2639 585 2832 623 versus
2869 569 3154 623 secundus
3185 587 3198 623 :
3239 570 3365 625 Cla-

107 659 261 712 aduca.
303 656 401 711 Ora
439 674 562 728 quae
608 657 802 712 divina
841 661 973 712 sunt
1019 663 1191 728 atque
1241 658 1520 726 coelestia;
1572 663 1639 712 ut
1735 661 1883 713 γηαυὶ
1926 661 2000 714 ad
2048 667 2116 723 te,
2160 662 2317 715 salva
2360 677 2463 724 me,
2507 667 2558 716 et
2598 663 2895 716 custodiam
2937 664 3206 717 mandata
3252 670 3365 718 tua.

106 757 143 804 sis
169 751 279 804 sicut
318 752 494 822 angeli
532 752 588 805 in
632 753 791 806 cmlo.
833 751 956 806 Noli
1007 768 1172 806 orare
1218 769 1320 823 pro
1365 751 1625 823 pecunia,
1737 752 1961 822 Repetit
1993 754 2143 824 quod
2171 754 2241 808 ad
2268 755 2574 809 Dominum
2606 755 2946 822 clamaverit,
2981 759 3042 810 et
3071 756 3367 810 custodem

101 845 181 915 quia
209 860 376 913 aarugo
404 852 504 910 est,
537 845 653 899 noli
683 861 787 916 pro
816 861 981 912 auro,
1011 847 1144 916 quia
1181 847 1478 901 metallum
1521 852 1631 914 est,
1736 863 1795 899 se
1823 847 2110 916 promittit
2136 849 2448 903 caelestium
2474 852 2840 915 statutorum,
2869 865 2995 920 quae
3021 851 3159 904 coelo
3188 857 3364 904 terra-

99 940 168 991 nuli
204 954 289 1007 pro
334 939 698 1007 possessione,
744 940 878 1009 quia
929 943 1082 993 terra
1117 945 1202 994 est
1245 963 1254 992 :
1310 940 1417 994 ista
1457 939 1636 994 oratio
1737 955 1849 1008 que
1877 940 2113 994 testibus
2139 942 2408 996 Dominus
2443 943 2593 997 Deus
2620 943 2841 1006 sanxit;
2878 948 2937 996 ut
2973 944 3366 1012 praevaricato-

97 1031 138 1084 ad
169 1029 426 1084 Dominum
467 1048 580 1085 non
631 1033 905 1102 pervenit.
956 1034 1078 1088 Non
1127 1034 1286 1088 audit
1330 1035 1476 1087 Deus
1527 1032 1634 1086 nisi
1735 1049 1828 1086 res
1868 1033 2288 1089 elementorum
2323 1036 2662 1090 testimoniis
2692 1043 3027 1106 arguantur.
3067 1036 3368 1100 Quomodo

95 1125 192 1192 quod
221 1124 435 1194 dignum
481 1125 593 1178 suis
630 1125 787 1179 ducit
822 1141 947 1179 esse
993 1126 1299 1194 beneﬁciis,
1333 1126 1431 1181 sed
1475 1126 1636 1180 audit
1735 1127 1939 1180 caelum
1997 1127 2277 1197 aspiciant
2329 1129 2813 1199 praevaricationis
2865 1146 2980 1183 sum
3034 1130 3370 1184 conscium?

94 1219 193 1285 piam
214 1233 404 1282 vocem,
434 1219 663 1287 plenam
701 1219 1014 1274 devotionis
1044 1226 1102 1274 et
1127 1220 1343 1290 gratias.
1735 1220 2030 1283 Quomodo
2079 1221 2294 1275 fructus
2344 1221 2413 1276 de
2464 1227 2615 1276 terra
2666 1227 2989 1292 exspectent
3033 1239 3160 1294 qua:
3212 1223 3370 1276 novit

136 1314 195 1365 l2.
233 1311 337 1364 Non
377 1311 554 1364 solum
601 1328 739 1382 ergo
783 1311 1146 1366 clamandum
1197 1314 1254 1366 in
1301 1312 1490 1379 corde,
1534 1313 1635 1366 sed
1735 1312 2029 1381 ingratos?
2069 1313 2204 1368 Vide
2251 1314 2426 1384 igitur
2467 1330 2640 1384 quam
2688 1331 2803 1368 non
2849 1331 3022 1385 parva
3071 1316 3371 1385 promittat

92 1404 212 1456 etiam
253 1404 305 1456 in
346 1409 461 1458 toto
507 1405 672 1459 corde
714 1405 1075 1460 clamandum
1119 1411 1221 1460 est.
1275 1406 1432 1460 Sicut
1480 1406 1635 1460 enim
1737 1405 2038 1474 Propheta.
2072 1407 2129 1460 In
2156 1408 2452 1462 clamando
2489 1407 2670 1461 ﬁdelis
2710 1414 2767 1461 et
2805 1414 3103 1478 promptus
3131 1408 3368 1462 affectus

86 1497 365 1566 corporaliter
413 1502 549 1551 tunc
605 1499 755 1552 bene
811 1499 1118 1566 clamatur,
1172 1516 1301 1554 cum
1359 1501 1476 1554 toto
1535 1516 1635 1553 ore
1737 1499 2110 1568 exprimitur;
2141 1500 2199 1553 in
2228 1500 2598 1555 custodiendo
2627 1500 2969 1569 testimonia,
2999 1501 3368 1555 continentite

86 1591 313 1657 clamatur;
335 1591 406 1645 ita
431 1592 767 1661 spiritaliter
793 1597 908 1646 toto
937 1599 1022 1648 est
1047 1593 1410 1647 clamandum
1437 1594 1634 1662 corde,
1739 1593 1939 1660 virtus,
1971 1593 2225 1664 obsequii
2253 1594 2516 1648 sedulitas
2543 1593 2885 1648 declaratur.

85 1686 111 1735 si
129 1684 340 1738 volumus
369 1701 574 1755 magna
602 1685 837 1754 referre,
873 1692 931 1741 et
957 1704 988 1740 a
1019 1687 1258 1742 Domino
1287 1703 1414 1757 quia
1442 1686 1631 1758 posci-
1814 1689 1896 1740 16.
1938 1687 2109 1752 (Vers.
2158 1687 2302 1756 147.)
2334 1687 2606 1758 Sequitur
2643 1703 2836 1740 versus
2874 1686 3074 1741 tertius
3107 1708 3117 1740 :
3150 1689 3365 1741 Antici-

86 1793 170 1829 mus
201 1778 498 1847 impetrare.
542 1779 695 1832 Hanc
741 1779 1013 1834 Dominus
1059 1796 1256 1835 vocem
1301 1780 1563 1851 exigebat
1603 1759 1711 1832 aB
1731 1781 1865 1850 pavi
1906 1781 1966 1833 in
1999 1782 2321 1834 maturitate
2359 1786 2410 1835 et
2445 1781 2748 1835 exclamavi
2775 1796 2794 1834 :
2820 1782 2877 1833 in
2914 1781 3080 1834 verba
3119 1785 3214 1834 tua
3247 1796 3367 1850 spe—

87 1872 250 1940 populo,
298 1888 461 1942 quam
517 1873 760 1944 populus
817 1873 1128 1927 nesciebat.
1186 1873 1433 1944 Ideoque
1487 1873 1636 1928 dixit
1733 1875 1876 1927 ruvi.
1917 1873 2140 1927 Gracus
2175 1880 2224 1928 tv
2259 1880 2415 1943 ἀωρίᾳ
2441 1873 2604 1940 dixit,
2642 1873 2798 1944 quod
2837 1879 2941 1939 est,
2972 1879 3101 1928 ante
3138 1875 3369 1940 horam,

89 1963 288 2017 Dominus
327 1983 337 2018 :
379 1986 406 2012 ιι
447 1966 698 2036 Populus
745 1965 834 2020 hic
877 1966 1040 2020 labiis
1084 1982 1176 2020 me
1225 1967 1499 2033 honorat;
1542 1983 1638 2020 cor
1735 1970 1868 2020 ante
1901 1970 2150 2036 tempus.
2189 1966 2293 2029 Qui
2333 1983 2471 2038 ergo
2513 1968 2814 2022 Dominum
2854 1967 3212 2038 deprecatur,
3247 1984 3363 2021 non

89 2060 216 2110 autem
239 2074 418 2112 eorum
461 2059 632 2129 longe
670 2062 757 2112 est
786 2075 819 2112 a
849 2076 939 2114 me
975 2060 1124 2129 (1311.,
1157 2075 1301 2128 xxrx,
1336 2061 1440 2130 13).
1473 2079 1500 2111 ι)
1531 2060 1636 2124 Qui
1736 2059 1889 2113 velut
1940 2059 2269 2130 praescripta
2322 2059 2609 2131 praecipua
2663 2065 2924 2130 tempora
2980 2062 3368 2130 praestoletur,

94 2150 705 2222 ergoappropinquaverit
724 2151 1052 2222 corde,ipse
1074 2152 1632 2206 audituraDomino.
1736 2152 1994 2206 nesciens
2043 2153 2102 2206 in
2157 2153 2642 2208 obsecrationibus
2692 2154 2924 2208 Domini
2972 2160 3197 2224 tempus
3247 2170 3368 2208 esse

93 2243 160 2296 Cor
178 2261 286 2315 ergo
308 2244 459 2315 prius
485 2246 713 2311 clamet,
749 2248 809 2298 ut
839 2261 1024 2299 sermo
1056 2247 1231 2316 possit
1258 2246 1466 2300 audiri.
1735 2245 1984 2316 aliquod,
2014 2246 2112 2300 sed
2148 2261 2376 2316 semper
2406 2248 2464 2299 in
2493 2247 2627 2316 ipsis
2653 2247 2743 2300 sit.
2778 2247 2908 2301 Sive
2939 2247 3367 2315 manducamus,

138 2340 194 2390 l3.
216 2337 303 2392 Sed
331 2355 441 2392 non
475 2339 618 2392 satis
662 2343 747 2393 est
775 2338 1024 2393 clamare
1066 2339 1139 2392 ad
1179 2340 1506 2407 Dominum,
1536 2340 1636 2393 sed
1737 2338 1850 2392 sive
1901 2338 2180 2406 bibimus,
2237 2339 2521 2395 Christum
2584 2340 3022 2408 annuntiemus,
3078 2341 3369 2396 Christum

99 2430 449 2500 etiamjustitias
477 2433 606 2502 ejus
633 2431 952 2502 exquirere.
983 2432 1239 2503 Exquirit
1265 2437 1458 2487 autem
1479 2433 1639 2502 justi-
1739 2447 2033 2499 rogemus,
2084 2431 2371 2487 Christum
2425 2431 2774 2502 cogitemus,
2825 2432 3112 2488 Christum
3166 2434 3368 2502 loqua-

97 2523 172 2586 tias,
193 2524 266 2592 qui
303 2524 358 2577 id
387 2525 542 2596 quod
577 2525 636 2578 in
667 2525 931 2578 omnibus
967 2526 1259 2593 creaturis,
1303 2531 1361 2579 et
1396 2526 1637 2579 maxime
1738 2540 1869 2578 mur
1907 2541 1920 2578 :
1965 2524 2023 2578 in
2061 2524 2228 2578 corde
2275 2528 2466 2580 nostro
2510 2541 2758 2596 semper,
2801 2541 3025 2596 semper
3061 2526 3120 2579 in
3162 2540 3262 2580 ore
3300 2527 3374 2578 sit

101 2617 132 2665 in
152 2616 485 2672 animantibus
517 2617 913 2683 rationalibus,
940 2619 1025 2671 vel
1063 2619 1238 2673 etiam
1275 2618 1634 2673 irrationabi-
1739 2618 2013 2672 Christus.

106 2706 187 2760 libus
207 2709 401 2778 justum
443 2714 531 2766 est
568 2713 698 2781 (34),
730 2711 1101 2782 providentia:
1145 2712 1373 2766 ascribit
1411 2711 1634 2766 divinae.
1813 2715 1896 2766 l7.
1945 2711 2056 2766 Sed
2103 2712 2245 2764 forte
2295 2710 2444 2765 dicas
2491 2728 2503 2764 :
2557 2711 2854 2775 Quomodo
2897 2712 3172 2782 scriptum
3219 2717 3306 2766 est
3357 2729 3371 2766 :

108 2798 194 2854 inde
241 2804 432 2859 turturi
495 2803 758 2858 studium
814 2805 1131 2876 pudicitiae,
1185 2822 1313 2876 quae
1369 2821 1637 2875 compare
1740 2826 1767 2852 «
1809 2805 2054 2874 Tempus
2088 2804 2371 2869 omnibus,
2406 2809 2463 2858 et
2502 2809 2724 2874 tempus
2765 2805 2922 2859 omni
2965 2804 3046 2858 rei
3085 2805 3190 2858 sub
3229 2806 3373 2860 caelo

101 2895 252 2962 amisso,
295 2897 620 2952 concubitui
677 2898 977 2968 indulgere
1035 2915 1150 2953 non
1210 2899 1365 2953 novit
1422 2915 1435 2952 :
1489 2898 1638 2968 quod
1739 2905 1824 2953 est
1877 2900 2092 2965 (Ecclc.,
2148 2914 2226 2963 in,
2287 2899 2374 2966 1)?
2428 2917 2456 2949 ››
2511 2898 2621 2952 Sed
2673 2898 2940 2952 Dominus
2988 2899 3148 2953 Jesus
3201 2914 3374 2969 supra

95 2984 276 3044 homines
324 3007 547 3046 servare
616 3008 730 3045 non
791 2992 1071 3063 possunt?
1127 2992 1288 3047 Unde
1350 2991 1636 3064 plerisque
1739 2993 1939 3047 caelum
1973 2995 2078 3060 est,
2110 2991 2266 3046 nullo
2297 2990 2752 3062 circumscriptus
2781 2996 2867 3046 est
2896 2996 3175 3062 tempore.
3209 2991 3372 3046 Clau-

94 3082 384 3138 animantibus
433 3090 560 3139 tam
607 3084 794 3138 sobria
836 3087 1028 3155 partus
1070 3102 1206 3140 cura
1249 3085 1529 3151 servandi,
1578 3088 1639 3138 ut
1659 3126 1710 3156 η
1739 3087 1838 3140 dat
1883 3103 1944 3139 os
1993 3101 2160 3140 suum
2211 3085 2406 3138 ariana
2454 3083 2714 3155 perﬁdia.
2765 3105 2794 3134 «
2843 3085 3110 3156 Tempus,
3159 3085 3368 3156 inquit,

97 3126 384 3138 κ-.--υηηυ
440 3126 560 3139 .-.μ
607 3126 794 3138 πω...
837 3126 1028 3155 ,κη-υ
1071 3126 1206 3140 νη...
1249 3126 1529 3151 suum...“
1578 3126 1639 3138 ..ν
1739 3126 1838 3140 μ...
1884 3126 1944 3139 υ..
1993 3126 2160 3140 νη...
2211 3126 2406 3138 -..μην
2457 3126 2714 3155 ,μη-...νη
2768 3126 2794 3134 ς.
2852 3126 3110 3156 “nurus,
3159 3126 3368 3156 ...νηη

92 3171 154 3224 ubi
173 3178 514 3248 conceptionis
545 3193 755 3232 munus
783 3177 1140 3248 agnoverint,
1169 3179 1246 3233 ibi
1276 3179 1490 3232 coitum
1520 3195 1636 3233 non
1658 3126 1712 3199 Ο
1738 3179 1898 3234 omni
1939 3179 2024 3233 rei
2065 3179 2168 3233 sub
2199 3178 2355 3247 caelo,
2388 3199 2416 3227 »
2456 3184 2668 3248 quanto
2698 3178 2881 3249 magis
2920 3177 3023 3232 sub
3063 3179 3180 3232 Deo
3222 3183 3368 3233 tem-

93 3270 355 3331 putentesse
390 3271 799 3342 repetendum;
843 3287 913 3324 ne
944 3276 1308 3342 receptorum
1347 3272 1637 3326 seminum
1736 3289 1863 3343 pus,
1914 3289 2028 3326 non
2082 3288 2253 3342 supra
2305 3271 2521 3326 Deum?
2572 3271 2871 3327 Generatio
2922 3287 2993 3325 ex
3041 3272 3201 3325 Patre
3253 3287 3372 3326 non

92 3355 153 3410 ﬁat
173 3361 443 3419 adulterina
479 3364 822 3436 permistio?
850 3365 1080 3419 Phoenix
1116 3365 1297 3420 coitus
1327 3381 1636 3436 corporeos
1739 3366 1907 3420 habet
1947 3368 2202 3436 tempus;
2249 3381 2436 3436 neque
2485 3365 2641 3420 enim
2687 3381 2829 3436 Opus
2870 3367 3002 3419 ante
3049 3368 3370 3434 auctorem,

94 3448 265 3520 ignorat,
285 3456 533 3512 libidinis
563 3457 1078 3525 nescitillecebras,
1105 3458 1204 3513 sed
1231 3458 1302 3512 de
1329 3475 1429 3513 suo
1455 3474 1640 3513 resur—
1739 3459 1839 3513 sed
1884 3462 2082 3514 auctor
2123 3474 2293 3529 supra
2335 3458 2526 3528 operis
2567 3457 2885 3513 exordium.
2932 3458 3184 3513 Fortasse
3225 3458 3367 3528 obji-

95 3545 146 3609 ϐπ
165 3562 295 3617 rogo;
319 3551 418 3604 sibi
449 3551 579 3606 avis
606 3554 909 3622 superstes,
939 3551 1061 3622 ipsa
1086 3555 1141 3606 et
1171 3552 1257 3606 sui
1296 3551 1480 3606 haeres
1512 3568 1636 3606 cor-
1739 3552 1891 3606 ciant
1916 3552 2050 3623 quia
2079 3551 2219 3606 dixit
2252 3568 2264 3605 :
2301 3571 2330 3600 «
2357 3551 2603 3622 Tempus
2632 3566 2825 3606 meum
2852 3551 3110 3605 nondum
3139 3549 3371 3605 advenit

94 3639 211 3704 Poris,
247 3647 294 3696 et
338 3645 546 3700 cineris
596 3644 686 3698 sui
733 3644 899 3699 fetus.
954 3645 1152 3715 Aquila
1198 3661 1270 3700 ne
1323 3645 1640 3715 degeneres
1741 3648 1939 3715 (Joan.,
1984 3661 2076 3711 vn,
2119 3647 2192 3714 6).
2237 3665 2264 3693 »
2309 3645 2374 3698 Et
2419 3645 2628 3698 iterum
2675 3643 2814 3697 dixit
2857 3660 2869 3698 :
2921 3665 2948 3693 ‹‹
2990 3645 3170 3709 Pater,
3215 3643 3371 3698 venit

96 3735 221 3793 Partus
251 3737 464 3805 nutriat,
507 3737 771 3808 diligenti
813 3737 982 3792 librat
1023 3738 1319 3804 examine;
1353 3741 1412 3792 et
1451 3737 1640 3792 adhuc
1738 3739 1880 3793 hora
1909 3741 2105 3808 (Joan.,
2139 3752 2264 3805 xvn,
2297 3737 2369 3808 1).
2405 3758 2432 3787 ››
2465 3736 2576 3792 Sed
2611 3737 2729 3790 hinc
2765 3738 2910 3792 hora
2947 3743 3030 3791 est
3066 3736 3367 3807 passionis.

94 3825 247 3879 teneros
279 3828 414 3884 fetus
451 3832 556 3902 pio
599 3845 795 3900 ungue
838 3831 1150 3901 suspendit,
1189 3832 1435 3902 solisque
1475 3831 1641 3886 oﬂ'ert
1740 3835 1835 3888 Est
1878 3833 2050 3886 etiam
2095 3835 2318 3902 tempus
2359 3830 2653 3902 virginalis
2697 3829 3084 3900 conceptionis
3116 3846 3128 3882 :
3167 3851 3196 3877 ‹‹
3228 3830 3367 3882 Ecce

95 3914 235 3987 radiis;
261 3927 313 3976 ut
336 3923 376 3976 si
399 3924 554 3979 forte
579 3925 768 3978 oculos
794 3940 924 3978 suos
948 3924 1000 3978 vi
1025 3924 1262 3995 fulgoris
1290 3924 1638 3995 inﬂexerint,
1739 3928 1898 3996 virgo
1937 3927 1995 3980 in
2034 3929 2196 3982 utero
2230 3925 2465 3994 accipiet
2501 3923 2652 3992 (Isa.,
2685 3939 2780 3992 vn,
2825 3924 2930 3992 14),
2971 3945 2999 3971 ››
3038 3923 3171 3992 quia
3205 3922 3366 3991 virgo

94 4011 288 4078 tanquam
315 4015 625 4088 degeneres
649 4017 837 4071 laxato
866 4017 923 4070 in
951 4033 1203 4088 princeps
1228 4035 1422 4090 ungue
1450 4017 1641 4073 dimit-
1741 4019 1845 4075 sub
1876 4023 2102 4090 tempus
2132 4021 2191 4072 et
2217 4018 2341 4073 ideo
2369 4017 2704 4088 praescripta
2735 4018 2898 4070 astate
2925 4016 3207 4086 concepit.

94 4101 273 4159 talzsin
315 4107 572 4182 1213
612 4127 745 4166 vero
791 4115 1011 4165 naturae
1056 4110 1314 4182 vigorem
1365 4111 1638 4166 constanti
1816 4116 1898 4168 18.
1945 4113 2050 4175 Qui
2092 4115 2255 4182 rogat
2297 4112 2512 4182 itaque,
2557 4126 2784 4181 semper
2832 4112 3014 4180 roget,
3059 4115 3116 4164 et
3158 4109 3202 4162 si
3249 4123 3366 4163 non

95 4191 312 4252 adversum
348 4203 543 4257 radios
583 4203 718 4258 solis
758 4203 962 4258 obtutu
1000 4205 1293 4274 potuerint
1332 4204 1636 4274 vindicare,
1741 4222 1968 4276 semper
1994 4211 2278 4276 precatur,
2307 4211 2574 4275 paratum
2599 4219 2827 4274 semper
2851 4203 3059 4257 habeat
3087 4203 3370 4272 precantis

97 4281 223 4355 digne
245 4291 472 4350 indolem
505 4296 718 4350 sobolis
744 4312 915 4352 onere
951 4301 1117 4367 grato
1150 4301 1424 4368 reportet.
1741 4299 2027 4354 affectum.
2071 4298 2444 4352 Pernoctabat
2489 4297 2544 4351 in
2590 4297 2847 4351 oratione
2893 4295 3168 4351 Dominus
3209 4297 3370 4350 Iesus

143 4380 204 4434 11.
229 4385 454 4442 Volatilia
487 4389 617 4443 coeli
657 4390 849 4445 omnia
889 4405 1006 4445 non
1047 4395 1260 4455 serunt,
1300 4407 1485 4462 neque
1516 4407 1638 4446 me-
1745 4394 1918 4463 (Luc.,
1960 4409 2092 4458 xvn,
2138 4393 2247 4461 i2),
2291 4408 2404 4446 non
2446 4390 2713 4460 indigens
2752 4388 3093 4460 precationis
3137 4387 3366 4454 auxilio,

99 4471 194 4538 lunt,
236 4482 283 4531 et
331 4481 468 4537 Deus
520 4483 696 4554 pascit
750 4483 878 4553 illa;
935 4483 1071 4555 quia
1114 4484 1365 4554 justitias
1418 4484 1842 4567 DominiDsed
1895 4488 2148 4540 statuens
2200 4484 2297 4538 tibi
2350 4483 2678 4538 imitationis
2725 4480 3068 4550 exemplum.
3120 4479 3216 4532 llle
3262 4494 3368 4549 pro

100 4567 362 4655 testodiunt,
413 4576 565 4630 nihil
618 4577 730 4655 sibi
779 4577 1077 4648 proprium
1132 4577 1488 4643 vindicando,
1543 4578 1638 4633 sed
1742 4586 1796 4633 te
1848 4595 2052 4648 rogans
2104 4576 2489 4648 pernoctabat,
2544 4579 2607 4628 ut
2662 4579 2722 4628 tu
2773 4573 3033 4640 disceres,
3086 4571 3370 4642 quomodo

103 4651 202 4722 “imo
232 4661 501 4723 fructifero
553 4651 730 4739 quod
753 4669 971 4725 Domini
1021 4669 1226 4724 indicio
1273 4687 1642 4726 communem
1742 4688 1846 4742 pro
1877 4677 1932 4726 te
1963 4686 2214 4741 rogares.
2249 4667 2438 4723 Redde
2466 4667 2644 4738 igitur
2671 4666 2723 4720 ei
2750 4665 2899 4738 quod
2931 4680 3034 4735 pro
3061 4668 3120 4720 te
3146 4665 3368 4719 detulit.

105 4747 147 4798 δά
174 4767 323 4812 escam
352 4760 546 4816 datum
575 4767 681 4829 est,
718 4763 933 4818 famem
968 4764 1216 4818 relevare
1247 4766 1526 4818 contenta.
1564 4765 1643 4818 Ex
1742 4765 1890 4819 Audi
1928 4780 2099 4834 supra
2123 4762 2406 4816 dicentem
2434 4760 2779 4831 Prophetam
2813 4775 2826 4812 :
2855 4759 3038 4813 Media
3061 4763 3211 4812 nocte
3245 4772 3368 4812 sur-

107 4838 158 4892 his
177 4843 316 4915 igitur
341 4869 438 4908 nos
472 4857 895 4926 cognoscimus,
933 4872 1106 4927 quam
1145 4856 1350 4911 divinae
1391 4856 1644 4911 subsidia
1744 4859 1933 4927 gebam
1978 4857 2053 4911 ad
2095 4854 2452 4924 conﬁtendum
2499 4853 2598 4907 tibi
2639 4857 2834 4922 (supr.,
2874 4867 3012 4906 vers.
3053 4853 3160 4920 63).
3202 4851 3270 4903 Et
3310 4854 3369 4904 tu

111 4937 392 5000 Providentia
427 4947 755 5003 hominibus
792 4965 905 5004 non
947 4949 1229 5016 deessent,
1257 4949 1303 5003 si
1342 4950 1440 5003 Dei
1473 4950 1642 5020 justi-
1745 4967 1914 5021 surge
1944 4950 2032 5004 vel
2073 4949 2261 5002 media
2291 4949 2478 5014 nocte,
2519 4945 2568 5017 1
2590 4944 2786 5018 214
2827 4945 2871 4999 si
2907 4960 3021 4998 non
3055 4949 3217 5014 potes
3256 4946 3372 4996 tota

112 5023 199 5082 τάλαι
229 5049 430 5094 servare
477 5041 772 5096 vellemus.
821 5041 927 5106 Qui
971 5043 1068 5096 alit
1112 5059 1263 5108 aves,
1308 5059 1426 5097 non
1473 5043 1649 5097 aleret
1746 5059 1969 5114 semper
2021 5044 2181 5096 nocte
2234 5039 2500 5112 vigilare;
2548 5045 2610 5092 ut
2661 5038 2800 5092 dum
2852 5053 2978 5092 oras
3025 5040 3210 5101 nocte,
3256 5032 3372 5087 veri

116 5113 299 5207 “mines
336 5148 472 5202 quos
516 5134 588 5189 ad
629 5135 946 5206 imaginem
991 5142 1049 5190 et
1092 5135 1518 5190 similitudinem
1563 5135 1649 5190 sui
1747 5113 1885 5192 solis
1925 5134 2142 5207 pectori
2195 5136 2293 5187 tuo
2345 5131 2612 5202 splendor
2664 5129 2936 5198 irradiet;
2989 5129 3123 5198 quia
3183 5125 3374 5180 omnis

117 5205 226 5267 fecit?
252 5218 428 5280 Nonne
459 5228 636 5298 pluris
674 5205 870 5284 sumus
911 5229 1058 5283 illis?
1087 5229 1314 5283 Naturae
1354 5245 1648 5300 praeroga-
1749 5205 1945 5285 anima
1989 5244 2117 5299 quas
2165 5227 2453 5282 Christum
2501 5224 2731 5295 cogitat,
2777 5223 2834 5277 in
2881 5221 3097 5274 lumine
3148 5233 3376 5290 semper

156 5351 219 5435 Ψ)
242 5356 322 5410 Sic
339 5377 535 5435 omnes
569 5380 701 5417 mss.
746 5381 812 5418 ac
845 5371 952 5418 vet.
990 5368 1123 5418 edit.
1160 5368 1217 5418 in
1261 5381 1488 5432 corpore
1528 5369 1650 5420 Fra.
1751 5382 1878 5435 quin
1907 5367 2175 5419 continuo
2211 5363 2520 5426 traduntur,
2552 5375 2683 5414 cum
2715 5361 2815 5412 lib.
2852 5373 2905 5408 v.
2954 5359 3222 5416 Ησεαοπιυ
3253 5370 3373 5422 cap.

130 5426 447 5510 ξξίξῃιᾳεῦῃι.
475 5439 531 5486 in
570 5439 1001 5510 marglinsitum
1035 5445 1125 5499 est,
1160 5439 1310 5502 quod
1348 5426 1404 5488 in
1440 5443 1654 5490 textum
1754 5426 1834 5498 is.
1863 5441 1925 5490 19
1952 5443 2007 5510 et
2029 5438 2108 5488 22.
2219 5509 2245 5510 ﬂ
2421 5506 2434 5510 _
2737 5503 2774 5510 η
2839 5503 2847 5510 _
2949 5500 2960 5510 _
3007 5501 3039 5510 η
3281 5501 3315 5510 η

358 5505 514 5580 Rom.
546 5499 715 5580 edit.—
743 5508 853 5559 Sed
903 5514 1051 5560 recta
1096 5499 1195 5559 est'
1225 5513 1413 5559 nostra
1457 5511 1651 5571 lectio;
1817 5512 1914 5571 (35)
1937 5509 2142 5561 Omnes
2161 5509 2294 5580 edit.
2314 5521 2380 5558 ac
2404 5506 2525 5580 duo
2541 5500 3140 5580 missi-dissimulatione
3166 5501 3374 5580 gratia.

135 5567 203 5644 Elin
224 5566 296 5620 hic
316 5577 497 5640 utique
529 5577 846 5641 doceamur,
883 5580 1162 5644 quomodo
1196 5581 1296 5630 Dei
1335 5582 1566 5644 justitias
1598 5566 1654 5630 in
1756 5566 1910 5633 Unus
1930 5579 2365 5630 dissimulationis
2385 5577 2578 5640 gratia.
2606 5575 2843 5637 Reliqui,
2862 5572 3152 5621 devotionis
3171 5573 3384 5634 gratia;

136 5639 692 5716 flgnubusromnibus
721 5639 1120 5716 investigandas
1160 5653 1270 5700 sint
1300 5639 1495 5714 :vquod
1536 5656 1657 5701 tum
1759 5654 1813 5704 id
1857 5658 1962 5714 est,
2005 5653 2345 5711 obedientia,
2386 5639 2518 5713 quae
2567 5661 2702 5696 sane
2762 5647 2816 5694 in
2864 5644 3042 5694 brutis
3083 5647 3256 5708 major
3302 5647 3387 5693 est

223 5697 519 5790 «iaciamur,
533 5697 540 5698 ί
553 5697 776 5788 eam;
795 5697 1341 5782 ἐἶῖίὲιῖὶὲῖἷθῶἷιὶιὴ
1353 5697 1659 5788 ﬁnierit—iiii
1760 5697 2275 5788 gessissemus.

134 5781 210 5825 J‘NI
234 5781 276 5830 in
297 5787 392 5838 illis
415 5781 893 5856 deprehendimus.
923 5795 1128 5846 Confer
1155 5781 1361 5855 autem,
1399 5781 1443 5844 si
1481 5781 1658 5856 va'cat,
