  <div class='ocr_page' id='page_1' title='image "/cluster/home/n/w/nwhite01/storage/ocr_20150623/15/hvd.32044048207278/157.png"; bbox 0 0 3930 6168; ppageno 0'>
   <div class='ocr_carea' id='block_1_1' title="bbox 588 233 711 283">
    <p class='ocr_par' dir='ltr' id='par_1_1' title="bbox 588 233 711 283">
     <span class='ocr_line' id='line_1_1' title="bbox 588 233 711 283; baseline -0.008 0"><span class='ocrx_word' id='word_1_1' title='bbox 588 233 711 283; x_wconf 72' lang='grc'><strong>1551</strong></span> 
     </span>
    </p>
   </div>
   <div class='ocr_carea' id='block_1_2' title="bbox 2039 223 2451 280">
    <p class='ocr_par' dir='ltr' id='par_1_2' title="bbox 2039 223 2451 280">
     <span class='ocr_line' id='line_1_2' title="bbox 2039 223 2451 280; baseline -0.007 -1"><span class='ocrx_word' id='word_1_2' title='bbox 2039 226 2097 279; x_wconf 93' lang='lat' dir='ltr'>S.</span> <span class='ocrx_word' id='word_1_3' title='bbox 2136 223 2451 280; x_wconf 81' lang='lat' dir='ltr'>AMBROSII</span> 
     </span>
    </p>
   </div>
   <div class='ocr_carea' id='block_1_3' title="bbox 3748 232 3854 282">
    <p class='ocr_par' dir='ltr' id='par_1_3' title="bbox 3748 232 3854 282">
     <span class='ocr_line' id='line_1_3' title="bbox 3748 232 3854 282; baseline 0.038 -3"><span class='ocrx_word' id='word_1_4' title='bbox 3748 232 3854 282; x_wconf 69' lang='grc' dir='ltr'>1Ξὶὄὲ</span> 
     </span>
    </p>
   </div>
   <div class='ocr_carea' id='block_1_4' title="bbox 584 347 3855 435">
    <p class='ocr_par' dir='ltr' id='par_1_4' title="bbox 584 347 3855 435">
     <span class='ocr_line' id='line_1_4' title="bbox 584 347 3855 435; baseline -0 -29"><span class='ocrx_word' id='word_1_5' title='bbox 584 359 698 422; x_wconf 85' lang='lat' dir='ltr'>est;</span> <span class='ocrx_word' id='word_1_6' title='bbox 741 353 861 409; x_wconf 91' lang='lat' dir='ltr'>dies</span> <span class='ocrx_word' id='word_1_7' title='bbox 905 353 1075 420; x_wconf 89' lang='lat' dir='ltr'>lucet,</span> <span class='ocrx_word' id='word_1_8' title='bbox 1118 351 1217 406; x_wconf 90' lang='lat' dir='ltr'>tibi</span> <span class='ocrx_word' id='word_1_9' title='bbox 1263 367 1489 423; x_wconf 83' lang='lat' dir='ltr'>semper</span> <span class='ocrx_word' id='word_1_10' title='bbox 1529 351 1784 408; x_wconf 81' lang='lat' dir='ltr'>Christus</span> <span class='ocrx_word' id='word_1_11' title='bbox 1825 351 2038 422; x_wconf 87' lang='lat' dir='ltr'>aspirat</span> <span class='ocrx_word' id='word_1_12' title='bbox 2080 352 2206 419; x_wconf 86' lang='lat'>(36).</span> <span class='ocrx_word' id='word_1_13' title='bbox 2234 366 2288 435; x_wconf 76' lang='grc' dir='ltr'><strong>Α</strong></span> <span class='ocrx_word' id='word_1_14' title='bbox 2313 349 2472 416; x_wconf 88' lang='lat' dir='ltr'>mini,</span> <span class='ocrx_word' id='word_1_15' title='bbox 2501 348 2873 404; x_wconf 90' lang='lat' dir='ltr'>consolamini</span> <span class='ocrx_word' id='word_1_16' title='bbox 2910 347 3186 419; x_wconf 87' lang='lat' dir='ltr'>populum</span> <span class='ocrx_word' id='word_1_17' title='bbox 3217 363 3419 414; x_wconf 91' lang='lat' dir='ltr'>meum,</span> <span class='ocrx_word' id='word_1_18' title='bbox 3449 347 3574 402; x_wconf 86' lang='lat' dir='ltr'>dicit</span> <span class='ocrx_word' id='word_1_19' title='bbox 3606 349 3855 416; x_wconf 85' lang='lat' dir='ltr'>Dominus;</span> 
     </span>
    </p>
   </div>
   <div class='ocr_carea' id='block_1_5' title="bbox 585 443 2208 517">
    <p class='ocr_par' dir='ltr' id='par_1_5' title="bbox 585 443 2208 517">
     <span class='ocr_line' id='line_1_5' title="bbox 585 443 2208 517; baseline -0.004 -14"><span class='ocrx_word' id='word_1_20' title='bbox 585 449 693 503; x_wconf 87' lang='lat' dir='ltr'>Sed</span> <span class='ocrx_word' id='word_1_21' title='bbox 737 447 870 517; x_wconf 88' lang='lat' dir='ltr'>quia</span> <span class='ocrx_word' id='word_1_22' title='bbox 912 461 1153 517; x_wconf 89' lang='lat' dir='ltr'>sequens</span> <span class='ocrx_word' id='word_1_23' title='bbox 1188 444 1494 500; x_wconf 84' lang='lat' dir='ltr'>versiculus</span> <span class='ocrx_word' id='word_1_24' title='bbox 1532 446 1600 501; x_wconf 94' lang='lat' dir='ltr'>de</span> <span class='ocrx_word' id='word_1_25' title='bbox 1641 452 1896 517; x_wconf 88' lang='lat' dir='ltr'>tempore</span> <span class='ocrx_word' id='word_1_26' title='bbox 1935 443 2208 517; x_wconf 86' lang='lat' dir='ltr'>precandi</span> 
     </span>
    </p>
   </div>
   <div class='ocr_carea' id='block_1_6' title="bbox 587 539 2209 611">
    <p class='ocr_par' dir='ltr' id='par_1_6' title="bbox 587 539 2209 611">
     <span class='ocr_line' id='line_1_6' title="bbox 587 539 2209 611; baseline -0.002 -17"><span class='ocrx_word' id='word_1_27' title='bbox 587 540 879 611; x_wconf 78' lang='lat' dir='ltr'>expressit,</span> <span class='ocrx_word' id='word_1_28' title='bbox 907 539 966 594; x_wconf 91' lang='lat' dir='ltr'>in</span> <span class='ocrx_word' id='word_1_29' title='bbox 1007 539 1112 593; x_wconf 89' lang='lat' dir='ltr'>isto</span> <span class='ocrx_word' id='word_1_30' title='bbox 1148 539 1420 593; x_wconf 84' lang='lat' dir='ltr'>versiculo</span> <span class='ocrx_word' id='word_1_31' title='bbox 1451 543 1680 593; x_wconf 86' lang='lat' dir='ltr'>actuum</span> <span class='ocrx_word' id='word_1_32' title='bbox 1714 539 1897 608; x_wconf 85' lang='lat' dir='ltr'>magis</span> <span class='ocrx_word' id='word_1_33' title='bbox 1934 553 2209 610; x_wconf 90' lang='lat' dir='ltr'>operum-</span> 
     </span>
    </p>
   </div>
   <div class='ocr_carea' id='block_1_7' title="bbox 583 631 1932 704">
    <p class='ocr_par' dir='ltr' id='par_1_7' title="bbox 583 631 1932 704">
     <span class='ocr_line' id='line_1_7' title="bbox 583 631 1932 704; baseline -0.001 -16"><span class='ocrx_word' id='word_1_34' title='bbox 583 650 695 704; x_wconf 90' lang='lat' dir='ltr'>que</span> <span class='ocrx_word' id='word_1_35' title='bbox 721 633 982 702; x_wconf 82' lang='lat' dir='ltr'>arbitror,</span> <span class='ocrx_word' id='word_1_36' title='bbox 1016 648 1188 702; x_wconf 89' lang='lat' dir='ltr'>quam</span> <span class='ocrx_word' id='word_1_37' title='bbox 1219 638 1448 702; x_wconf 88' lang='lat' dir='ltr'>tempus</span> <span class='ocrx_word' id='word_1_38' title='bbox 1475 631 1932 702; x_wconf 90' lang='lat' dir='ltr'>intelligendum.</span> 
     </span>
    </p>
   </div>
   <div class='ocr_carea' id='block_1_8' title="bbox 658 725 2208 796">
    <p class='ocr_par' dir='ltr' id='par_1_8' title="bbox 658 725 2208 796">
     <span class='ocr_line' id='line_1_8' title="bbox 658 725 2208 796; baseline -0.002 -16"><span class='ocrx_word' id='word_1_39' title='bbox 658 730 745 780; x_wconf 86' lang='grc'>19.</span> <span class='ocrx_word' id='word_1_40' title='bbox 796 727 1096 780; x_wconf 72' lang='lat' dir='ltr'>Praecurrit</span> <span class='ocrx_word' id='word_1_41' title='bbox 1142 727 1324 780; x_wconf 66' lang='lat' dir='ltr'>astatis</span> <span class='ocrx_word' id='word_1_42' title='bbox 1379 727 1771 779; x_wconf 80' lang='lat' dir='ltr'>maturitatem</span> <span class='ocrx_word' id='word_1_43' title='bbox 1834 725 2091 796; x_wconf 89' lang='lat' dir='ltr'>quisquis</span> <span class='ocrx_word' id='word_1_44' title='bbox 2150 725 2208 777; x_wconf 90' lang='lat' dir='ltr'>in</span> 
     </span>
    </p>
   </div>
   <div class='ocr_carea' id='block_1_9' title="bbox 584 818 2212 891">
    <p class='ocr_par' dir='ltr' id='par_1_9' title="bbox 584 818 2212 891">
     <span class='ocr_line' id='line_1_9' title="bbox 584 818 2212 891; baseline -0.002 -17"><span class='ocrx_word' id='word_1_45' title='bbox 584 820 965 875; x_wconf 82' lang='lat' dir='ltr'>adolescentia</span> <span class='ocrx_word' id='word_1_46' title='bbox 1005 819 1218 891; x_wconf 88' lang='lat' dir='ltr'>positus</span> <span class='ocrx_word' id='word_1_47' title='bbox 1261 819 1497 874; x_wconf 87' lang='lat' dir='ltr'>senilem</span> <span class='ocrx_word' id='word_1_48' title='bbox 1540 819 1872 889; x_wconf 86' lang='lat' dir='ltr'>gravitatem</span> <span class='ocrx_word' id='word_1_49' title='bbox 1911 818 2115 884; x_wconf 89' lang='lat' dir='ltr'>induit,</span> <span class='ocrx_word' id='word_1_50' title='bbox 2156 823 2212 871; x_wconf 90' lang='lat' dir='ltr'>et</span> 
     </span>
    </p>
   </div>
   <div class='ocr_carea' id='block_1_10' title="bbox 580 911 2206 984">
    <p class='ocr_par' dir='ltr' id='par_1_10' title="bbox 580 911 2206 984">
     <span class='ocr_line' id='line_1_10' title="bbox 580 911 2206 984; baseline -0.001 -16"><span class='ocrx_word' id='word_1_51' title='bbox 580 914 860 983; x_wconf 86' lang='lat' dir='ltr'>juveniles</span> <span class='ocrx_word' id='word_1_52' title='bbox 900 929 1084 967; x_wconf 91' lang='lat' dir='ltr'>annos</span> <span class='ocrx_word' id='word_1_53' title='bbox 1125 916 1390 967; x_wconf 88' lang='lat' dir='ltr'>veterana</span> <span class='ocrx_word' id='word_1_54' title='bbox 1435 912 1681 984; x_wconf 88' lang='lat' dir='ltr'>quadam</span> <span class='ocrx_word' id='word_1_55' title='bbox 1724 911 2075 966; x_wconf 87' lang='lat' dir='ltr'>continentia</span> <span class='ocrx_word' id='word_1_56' title='bbox 2122 927 2206 966; x_wconf 87' lang='lat' dir='ltr'>re-</span> 
     </span>
    </p>
   </div>
   <div class='ocr_carea' id='block_1_11' title="bbox 589 1005 2208 1078">
    <p class='ocr_par' dir='ltr' id='par_1_11' title="bbox 589 1005 2208 1078">
     <span class='ocr_line' id='line_1_11' title="bbox 589 1005 2208 1078; baseline -0.001 -18"><span class='ocrx_word' id='word_1_57' title='bbox 589 1007 691 1078; x_wconf 89' lang='lat' dir='ltr'>git,</span> <span class='ocrx_word' id='word_1_58' title='bbox 736 1007 1129 1077; x_wconf 89' lang='lat' dir='ltr'>fervoremque</span> <span class='ocrx_word' id='word_1_59' title='bbox 1172 1005 1406 1060; x_wconf 84' lang='lat' dir='ltr'>virentis</span> <span class='ocrx_word' id='word_1_60' title='bbox 1449 1006 1698 1076; x_wconf 90' lang='lat' dir='ltr'>corporis</span> <span class='ocrx_word' id='word_1_61' title='bbox 1744 1005 1944 1059; x_wconf 89' lang='lat' dir='ltr'>incana</span> <span class='ocrx_word' id='word_1_62' title='bbox 1983 1020 2208 1059; x_wconf 89' lang='lat' dir='ltr'>morum</span> 
     </span>
    </p>
   </div>
   <div class='ocr_carea' id='block_1_12' title="bbox 585 1099 2210 1170">
    <p class='ocr_par' dir='ltr' id='par_1_12' title="bbox 585 1099 2210 1170">
     <span class='ocr_line' id='line_1_12' title="bbox 585 1099 2210 1170; baseline -0.002 -14"><span class='ocrx_word' id='word_1_63' title='bbox 585 1101 909 1156; x_wconf 82' lang='lat' dir='ltr'>maturitate</span> <span class='ocrx_word' id='word_1_64' title='bbox 975 1099 1283 1170; x_wconf 87' lang='lat' dir='ltr'>componit.</span> <span class='ocrx_word' id='word_1_65' title='bbox 1350 1100 1489 1152; x_wconf 87' lang='lat' dir='ltr'>Nam</span> <span class='ocrx_word' id='word_1_66' title='bbox 1553 1099 1691 1168; x_wconf 92' lang='lat' dir='ltr'>quid</span> <span class='ocrx_word' id='word_1_67' title='bbox 1755 1104 1939 1169; x_wconf 87' lang='lat' dir='ltr'>potest</span> <span class='ocrx_word' id='word_1_68' title='bbox 1997 1099 2210 1153; x_wconf 90' lang='lat' dir='ltr'>habere</span> 
     </span>
    </p>
   </div>
   <div class='ocr_carea' id='block_1_13' title="bbox 586 1191 2210 1263">
    <p class='ocr_par' dir='ltr' id='par_1_13' title="bbox 586 1191 2210 1263">
     <span class='ocr_line' id='line_1_13' title="bbox 586 1191 2210 1263; baseline -0.001 -16"><span class='ocrx_word' id='word_1_69' title='bbox 586 1193 796 1263; x_wconf 89' lang='lat' dir='ltr'>laudis,</span> <span class='ocrx_word' id='word_1_70' title='bbox 851 1195 894 1247; x_wconf 89' lang='lat' dir='ltr'>si</span> <span class='ocrx_word' id='word_1_71' title='bbox 956 1192 1188 1248; x_wconf 80' lang='lat' dir='ltr'>effetum</span> <span class='ocrx_word' id='word_1_72' title='bbox 1255 1208 1458 1262; x_wconf 90' lang='lat' dir='ltr'>corpus</span> <span class='ocrx_word' id='word_1_73' title='bbox 1520 1192 1931 1262; x_wconf 88' lang='lat' dir='ltr'>voluptatibus,</span> <span class='ocrx_word' id='word_1_74' title='bbox 1986 1195 2046 1245; x_wconf 91' lang='lat' dir='ltr'>et</span> <span class='ocrx_word' id='word_1_75' title='bbox 2089 1191 2210 1261; x_wconf 87' lang='lat' dir='ltr'>jam</span> 
     </span>
    </p>
   </div>
   <div class='ocr_carea' id='block_1_14' title="bbox 585 1284 2208 1356">
    <p class='ocr_par' dir='ltr' id='par_1_14' title="bbox 585 1284 2208 1356">
     <span class='ocr_line' id='line_1_14' title="bbox 585 1284 2208 1356; baseline -0.001 -16"><span class='ocrx_word' id='word_1_76' title='bbox 585 1287 888 1341; x_wconf 86' lang='lat' dir='ltr'>senectutis</span> <span class='ocrx_word' id='word_1_77' title='bbox 915 1287 1047 1356; x_wconf 82' lang='lat' dir='ltr'>gelu</span> <span class='ocrx_word' id='word_1_78' title='bbox 1076 1284 1370 1356; x_wconf 89' lang='lat' dir='ltr'>frigidum,</span> <span class='ocrx_word' id='word_1_79' title='bbox 1401 1285 1473 1339; x_wconf 91' lang='lat' dir='ltr'>ad</span> <span class='ocrx_word' id='word_1_80' title='bbox 1500 1301 1627 1338; x_wconf 90' lang='lat' dir='ltr'>sera</span> <span class='ocrx_word' id='word_1_81' title='bbox 1655 1284 1969 1338; x_wconf 87' lang='lat' dir='ltr'>devotionis</span> <span class='ocrx_word' id='word_1_82' title='bbox 2003 1284 2208 1349; x_wconf 83' lang='lat' dir='ltr'>ofﬁcia,</span> 
     </span>
    </p>
   </div>
   <div class='ocr_carea' id='block_1_15' title="bbox 586 1378 2212 1451">
    <p class='ocr_par' dir='ltr' id='par_1_15' title="bbox 586 1378 2212 1451">
     <span class='ocr_line' id='line_1_15' title="bbox 586 1378 2212 1451; baseline -0.002 -17"><span class='ocrx_word' id='word_1_83' title='bbox 586 1380 842 1451; x_wconf 88' lang='lat' dir='ltr'>deposito</span> <span class='ocrx_word' id='word_1_84' title='bbox 881 1379 1000 1449; x_wconf 91' lang='lat' dir='ltr'>jam</span> <span class='ocrx_word' id='word_1_85' title='bbox 1049 1379 1283 1448; x_wconf 82' lang='lat' dir='ltr'>segnior</span> <span class='ocrx_word' id='word_1_86' title='bbox 1328 1379 1540 1448; x_wconf 83' lang='lat' dir='ltr'>vigore,</span> <span class='ocrx_word' id='word_1_87' title='bbox 1588 1378 1911 1433; x_wconf 84' lang='lat' dir='ltr'>convertat?</span> <span class='ocrx_word' id='word_1_88' title='bbox 1956 1378 2080 1432; x_wconf 90' lang='lat' dir='ltr'>Non</span> <span class='ocrx_word' id='word_1_89' title='bbox 2126 1380 2212 1431; x_wconf 92' lang='lat' dir='ltr'>est</span> 
     </span>
    </p>
   </div>
   <div class='ocr_carea' id='block_1_16' title="bbox 583 1470 2206 1538">
    <p class='ocr_par' dir='ltr' id='par_1_16' title="bbox 583 1470 2206 1538">
     <span class='ocr_line' id='line_1_16' title="bbox 583 1470 2206 1538; baseline 0 -13"><span class='ocrx_word' id='word_1_90' title='bbox 583 1489 807 1538; x_wconf 87' lang='lat' dir='ltr'>corona,</span> <span class='ocrx_word' id='word_1_91' title='bbox 834 1471 942 1526; x_wconf 89' lang='lat' dir='ltr'>nisi</span> <span class='ocrx_word' id='word_1_92' title='bbox 975 1471 1069 1525; x_wconf 91' lang='lat' dir='ltr'>ubi</span> <span class='ocrx_word' id='word_1_93' title='bbox 1101 1471 1271 1526; x_wconf 88' lang='lat' dir='ltr'>fuerit</span> <span class='ocrx_word' id='word_1_94' title='bbox 1302 1470 1630 1525; x_wconf 81' lang='lat' dir='ltr'>difﬁcilioris</span> <span class='ocrx_word' id='word_1_95' title='bbox 1656 1472 1808 1526; x_wconf 90' lang='lat' dir='ltr'>lucta</span> <span class='ocrx_word' id='word_1_96' title='bbox 1832 1471 2163 1526; x_wconf 85' lang='lat' dir='ltr'>certaminis</span> <span class='ocrx_word' id='word_1_97' title='bbox 2194 1487 2206 1525; x_wconf 90' lang='lat'><strong>:</strong></span> 
     </span>
    </p>
   </div>
   <div class='ocr_carea' id='block_1_17' title="bbox 586 1564 2210 1636">
    <p class='ocr_par' dir='ltr' id='par_1_17' title="bbox 586 1564 2210 1636">
     <span class='ocr_line' id='line_1_17' title="bbox 586 1564 2210 1636; baseline -0.002 -16"><span class='ocrx_word' id='word_1_98' title='bbox 586 1566 654 1620; x_wconf 87' lang='lat' dir='ltr'>ad</span> <span class='ocrx_word' id='word_1_99' title='bbox 699 1581 870 1636; x_wconf 89' lang='lat' dir='ltr'>quam</span> <span class='ocrx_word' id='word_1_100' title='bbox 923 1566 1034 1618; x_wconf 90' lang='lat' dir='ltr'>rari</span> <span class='ocrx_word' id='word_1_101' title='bbox 1079 1565 1358 1635; x_wconf 81' lang='lat' dir='ltr'>attingere</span> <span class='ocrx_word' id='word_1_102' title='bbox 1407 1569 1659 1635; x_wconf 90' lang='lat' dir='ltr'>possunt,</span> <span class='ocrx_word' id='word_1_103' title='bbox 1709 1581 1826 1619; x_wconf 90' lang='lat' dir='ltr'>non</span> <span class='ocrx_word' id='word_1_104' title='bbox 1872 1581 2073 1619; x_wconf 91' lang='lat' dir='ltr'>omnes</span> <span class='ocrx_word' id='word_1_105' title='bbox 2113 1564 2210 1635; x_wconf 90' lang='lat' dir='ltr'>qui</span> 
     </span>
    </p>
   </div>
   <div class='ocr_carea' id='block_1_18' title="bbox 585 1656 2207 1728">
    <p class='ocr_par' dir='ltr' id='par_1_18' title="bbox 585 1656 2207 1728">
     <span class='ocr_line' id='line_1_18' title="bbox 585 1656 2207 1728; baseline -0.001 -16"><span class='ocrx_word' id='word_1_106' title='bbox 585 1659 831 1728; x_wconf 87' lang='lat' dir='ltr'>ingressi</span> <span class='ocrx_word' id='word_1_107' title='bbox 865 1658 1076 1712; x_wconf 86' lang='lat' dir='ltr'>fuerint</span> <span class='ocrx_word' id='word_1_108' title='bbox 1109 1658 1376 1723; x_wconf 88' lang='lat' dir='ltr'>stadium,</span> <span class='ocrx_word' id='word_1_109' title='bbox 1405 1658 1726 1728; x_wconf 87' lang='lat' dir='ltr'>pervenire.</span> <span class='ocrx_word' id='word_1_110' title='bbox 1755 1658 1851 1712; x_wconf 90' lang='lat' dir='ltr'>Ille</span> <span class='ocrx_word' id='word_1_111' title='bbox 1893 1656 2207 1725; x_wconf 90' lang='lat' dir='ltr'>laudabilis,</span> 
     </span>
    </p>
   </div>
   <div class='ocr_carea' id='block_1_19' title="bbox 2309 440 3858 515">
    <p class='ocr_par' dir='ltr' id='par_1_19' title="bbox 2309 440 3858 515">
     <span class='ocr_line' id='line_1_19' title="bbox 2309 440 3858 515; baseline -0.001 -17"><span class='ocrx_word' id='word_1_112' title='bbox 2309 442 2662 510; x_wconf 86' lang='lat' dir='ltr'>sacerdotes,</span> <span class='ocrx_word' id='word_1_113' title='bbox 2723 442 3020 515; x_wconf 88' lang='lat' dir='ltr'>loquimini</span> <span class='ocrx_word' id='word_1_114' title='bbox 3081 441 3357 511; x_wconf 86' lang='lat' dir='ltr'>justitiam</span> <span class='ocrx_word' id='word_1_115' title='bbox 3419 440 3472 494; x_wconf 90' lang='lat' dir='ltr'>in</span> <span class='ocrx_word' id='word_1_116' title='bbox 3530 457 3620 495; x_wconf 90' lang='lat' dir='ltr'>cor</span> <span class='ocrx_word' id='word_1_117' title='bbox 3675 443 3858 497; x_wconf 79' lang='lat' dir='ltr'>Jerusa-</span> 
     </span>
    </p>
   </div>
   <div class='ocr_carea' id='block_1_20' title="bbox 2311 534 3861 605">
    <p class='ocr_par' dir='ltr' id='par_1_20' title="bbox 2311 534 3861 605">
     <span class='ocr_line' id='line_1_20' title="bbox 2311 534 3861 605; baseline -0.001 -14"><span class='ocrx_word' id='word_1_118' title='bbox 2311 537 2444 604; x_wconf 89' lang='lat' dir='ltr'>lem,</span> <span class='ocrx_word' id='word_1_119' title='bbox 2487 537 2856 592; x_wconf 89' lang='lat' dir='ltr'>consolamini</span> <span class='ocrx_word' id='word_1_120' title='bbox 2904 551 3064 603; x_wconf 88' lang='lat' dir='ltr'>eam;</span> <span class='ocrx_word' id='word_1_121' title='bbox 3112 535 3241 605; x_wconf 89' lang='lat' dir='ltr'>quia</span> <span class='ocrx_word' id='word_1_122' title='bbox 3284 534 3494 604; x_wconf 90' lang='lat' dir='ltr'>repleta</span> <span class='ocrx_word' id='word_1_123' title='bbox 3533 539 3611 588; x_wconf 89' lang='lat' dir='ltr'>est</span> <span class='ocrx_word' id='word_1_124' title='bbox 3649 535 3861 604; x_wconf 82' lang='lat' dir='ltr'>dejectio,</span> 
     </span>
    </p>
   </div>
   <div class='ocr_carea' id='block_1_21' title="bbox 2311 627 3864 700">
    <p class='ocr_par' dir='ltr' id='par_1_21' title="bbox 2311 627 3864 700">
     <span class='ocr_line' id='line_1_21' title="bbox 2311 627 3864 700; baseline -0.002 -15"><span class='ocrx_word' id='word_1_125' title='bbox 2311 637 2367 686; x_wconf 92' lang='lat' dir='ltr'>et</span> <span class='ocrx_word' id='word_1_126' title='bbox 2419 631 2668 685; x_wconf 90' lang='lat' dir='ltr'>solutum</span> <span class='ocrx_word' id='word_1_127' title='bbox 2725 636 2809 684; x_wconf 90' lang='lat' dir='ltr'>est</span> <span class='ocrx_word' id='word_1_128' title='bbox 2857 635 3151 700; x_wconf 89' lang='lat' dir='ltr'>peccatum</span> <span class='ocrx_word' id='word_1_129' title='bbox 3206 628 3355 697; x_wconf 89' lang='lat' dir='ltr'>ejus;</span> <span class='ocrx_word' id='word_1_130' title='bbox 3409 627 3533 698; x_wconf 90' lang='lat' dir='ltr'>quia</span> <span class='ocrx_word' id='word_1_131' title='bbox 3582 629 3766 698; x_wconf 90' lang='lat' dir='ltr'>recepit</span> <span class='ocrx_word' id='word_1_132' title='bbox 3809 630 3864 682; x_wconf 87' lang='lat' dir='ltr'>de</span> 
     </span>
    </p>
   </div>
   <div class='ocr_carea' id='block_1_22' title="bbox 2311 723 3866 794">
    <p class='ocr_par' dir='ltr' id='par_1_22' title="bbox 2311 723 3866 794">
     <span class='ocr_line' id='line_1_22' title="bbox 2311 723 3866 794; baseline -0.003 -15"><span class='ocrx_word' id='word_1_133' title='bbox 2311 741 2482 779; x_wconf 89' lang='lat' dir='ltr'>manu</span> <span class='ocrx_word' id='word_1_134' title='bbox 2532 724 2755 778; x_wconf 89' lang='lat' dir='ltr'>Domini</span> <span class='ocrx_word' id='word_1_135' title='bbox 2807 723 3056 794; x_wconf 88' lang='lat' dir='ltr'>duplicia</span> <span class='ocrx_word' id='word_1_136' title='bbox 3106 724 3333 792; x_wconf 88' lang='lat' dir='ltr'>peccata</span> <span class='ocrx_word' id='word_1_137' title='bbox 3384 736 3482 773; x_wconf 91' lang='lat' dir='ltr'>sua</span> <span class='ocrx_word' id='word_1_138' title='bbox 3526 723 3661 785; x_wconf 86' lang='lat' dir='ltr'>(Isa.,</span> <span class='ocrx_word' id='word_1_139' title='bbox 3709 737 3780 786; x_wconf 80' lang='lat' dir='ltr'>1.x,</span> <span class='ocrx_word' id='word_1_140' title='bbox 3828 727 3866 786; x_wconf 91' lang='grc'>1,</span> 
     </span>
    </p>
   </div>
   <div class='ocr_carea' id='block_1_23' title="bbox 2311 813 3868 888">
    <p class='ocr_par' dir='ltr' id='par_1_23' title="bbox 2311 813 3868 888">
     <span class='ocr_line' id='line_1_23' title="bbox 2311 813 3868 888; baseline -0.003 -16"><span class='ocrx_word' id='word_1_141' title='bbox 2311 821 2388 888; x_wconf 88' lang='grc'>2).</span> <span class='ocrx_word' id='word_1_142' title='bbox 2445 840 2472 867; x_wconf 81' lang='grc'>››</span> <span class='ocrx_word' id='word_1_143' title='bbox 2533 819 2710 882; x_wconf 91' lang='lat' dir='ltr'>Quam</span> <span class='ocrx_word' id='word_1_144' title='bbox 2773 817 2883 872; x_wconf 92' lang='lat' dir='ltr'>cito</span> <span class='ocrx_word' id='word_1_145' title='bbox 2946 815 3085 869; x_wconf 83' lang='lat' dir='ltr'>dixit</span> <span class='ocrx_word' id='word_1_146' title='bbox 3135 813 3537 884; x_wconf 90' lang='lat' dir='ltr'>plenitudinem</span> <span class='ocrx_word' id='word_1_147' title='bbox 3588 813 3868 883; x_wconf 84' lang='lat' dir='ltr'>dejectionis</span> 
     </span>
    </p>
   </div>
   <div class='ocr_carea' id='block_1_24' title="bbox 2310 906 3865 981">
    <p class='ocr_par' dir='ltr' id='par_1_24' title="bbox 2310 906 3865 981">
     <span class='ocr_line' id='line_1_24' title="bbox 2310 906 3865 981; baseline -0.004 -16"><span class='ocrx_word' id='word_1_148' title='bbox 2310 911 2654 965; x_wconf 88' lang='lat' dir='ltr'>solutionem</span> <span class='ocrx_word' id='word_1_149' title='bbox 2699 926 2818 965; x_wconf 90' lang='lat' dir='ltr'>esse</span> <span class='ocrx_word' id='word_1_150' title='bbox 2862 909 3097 981; x_wconf 88' lang='lat' dir='ltr'>peccati,</span> <span class='ocrx_word' id='word_1_151' title='bbox 3139 911 3196 962; x_wconf 91' lang='lat' dir='ltr'>et</span> <span class='ocrx_word' id='word_1_152' title='bbox 3233 906 3487 978; x_wconf 86' lang='lat' dir='ltr'>repetivit</span> <span class='ocrx_word' id='word_1_153' title='bbox 3524 922 3726 960; x_wconf 89' lang='lat' dir='ltr'>causam</span> <span class='ocrx_word' id='word_1_154' title='bbox 3761 923 3865 960; x_wconf 90' lang='lat' dir='ltr'>con-</span> 
     </span>
    </p>
   </div>
   <div class='ocr_carea' id='block_1_25' title="bbox 2311 998 3866 1074">
    <p class='ocr_par' dir='ltr' id='par_1_25' title="bbox 2311 998 3866 1074">
     <span class='ocr_line' id='line_1_25' title="bbox 2311 998 3866 1074; baseline -0.005 -16"><span class='ocrx_word' id='word_1_155' title='bbox 2311 1003 2603 1059; x_wconf 87' lang='lat' dir='ltr'>solationis</span> <span class='ocrx_word' id='word_1_156' title='bbox 2648 1020 2713 1058; x_wconf 93' lang='lat' dir='ltr'>eo</span> <span class='ocrx_word' id='word_1_157' title='bbox 2763 1003 2944 1074; x_wconf 88' lang='lat' dir='ltr'>majus</span> <span class='ocrx_word' id='word_1_158' title='bbox 2993 1018 3114 1056; x_wconf 90' lang='lat' dir='ltr'>esse</span> <span class='ocrx_word' id='word_1_159' title='bbox 3165 998 3620 1056; x_wconf 87' lang='lat' dir='ltr'>reconciliationis</span> <span class='ocrx_word' id='word_1_160' title='bbox 3659 998 3866 1070; x_wconf 70' lang='grc'><strong>1215</strong></span> 
     </span>
    </p>
   </div>
   <div class='ocr_carea' id='block_1_26' title="bbox 2312 1093 3867 1169">
    <p class='ocr_par' dir='ltr' id='par_1_26' title="bbox 2312 1093 3867 1169">
     <span class='ocr_line' id='line_1_26' title="bbox 2312 1093 3867 1169; baseline -0.005 -17"><span class='ocrx_word' id='word_1_161' title='bbox 2312 1098 2575 1169; x_wconf 89' lang='lat' dir='ltr'>insigne,</span> <span class='ocrx_word' id='word_1_162' title='bbox 2640 1097 2775 1169; x_wconf 88' lang='lat' dir='ltr'>quia</span> <span class='ocrx_word' id='word_1_163' title='bbox 2845 1094 3208 1151; x_wconf 88' lang='lat' dir='ltr'>numerosior</span> <span class='ocrx_word' id='word_1_164' title='bbox 3277 1093 3445 1148; x_wconf 85' lang='lat' dir='ltr'>fuerit</span> <span class='ocrx_word' id='word_1_165' title='bbox 3512 1108 3668 1164; x_wconf 61' lang='lat' dir='ltr'>paena</span> <span class='ocrx_word' id='word_1_166' title='bbox 3731 1109 3867 1162; x_wconf 88' lang='lat' dir='ltr'>quam</span> 
     </span>
    </p>
   </div>
   <div class='ocr_carea' id='block_1_27' title="bbox 2312 1193 2495 1262">
    <p class='ocr_par' dir='ltr' id='par_1_27' title="bbox 2312 1193 2495 1262">
     <span class='ocr_line' id='line_1_27' title="bbox 2312 1193 2495 1262; baseline -0.005 -16"><span class='ocrx_word' id='word_1_167' title='bbox 2312 1193 2495 1262; x_wconf 90' lang='lat' dir='ltr'>culpa.</span> 
     </span>
    </p>
   </div>
   <div class='ocr_carea' id='block_1_28' title="bbox 2382 1278 3866 1354">
    <p class='ocr_par' dir='ltr' id='par_1_28' title="bbox 2382 1278 3866 1354">
     <span class='ocr_line' id='line_1_28' title="bbox 2382 1278 3866 1354; baseline -0.005 -14"><span class='ocrx_word' id='word_1_168' title='bbox 2382 1289 2470 1340; x_wconf 91' lang='grc'>21.</span> <span class='ocrx_word' id='word_1_169' title='bbox 2514 1285 2621 1339; x_wconf 87' lang='lat' dir='ltr'>Job</span> <span class='ocrx_word' id='word_1_170' title='bbox 2674 1288 2755 1338; x_wconf 89' lang='lat' dir='ltr'>tot</span> <span class='ocrx_word' id='word_1_171' title='bbox 2804 1288 3069 1354; x_wconf 90' lang='lat' dir='ltr'>gravatus</span> <span class='ocrx_word' id='word_1_172' title='bbox 3115 1278 3602 1336; x_wconf 89' lang='lat' dir='ltr'>incommodorum</span> <span class='ocrx_word' id='word_1_173' title='bbox 3645 1278 3866 1333; x_wconf 88' lang='lat' dir='ltr'>acerbita-</span> 
     </span>
    </p>
   </div>
   <div class='ocr_carea' id='block_1_29' title="bbox 2312 1372 3871 1449">
    <p class='ocr_par' dir='ltr' id='par_1_29' title="bbox 2312 1372 3871 1449">
     <span class='ocr_line' id='line_1_29' title="bbox 2312 1372 3871 1449; baseline -0.006 -16"><span class='ocrx_word' id='word_1_174' title='bbox 2312 1379 2479 1449; x_wconf 88' lang='lat' dir='ltr'>tibus,</span> <span class='ocrx_word' id='word_1_175' title='bbox 2533 1378 2625 1448; x_wconf 87' lang='lat' dir='ltr'>pio</span> <span class='ocrx_word' id='word_1_176' title='bbox 2679 1393 2836 1448; x_wconf 92' lang='lat' dir='ltr'>spem</span> <span class='ocrx_word' id='word_1_177' title='bbox 2889 1375 3220 1430; x_wconf 89' lang='lat' dir='ltr'>cumulabat</span> <span class='ocrx_word' id='word_1_178' title='bbox 3269 1373 3495 1438; x_wconf 79' lang='lat' dir='ltr'>affectu,</span> <span class='ocrx_word' id='word_1_179' title='bbox 3546 1372 3807 1427; x_wconf 86' lang='lat' dir='ltr'>discretam</span> <span class='ocrx_word' id='word_1_180' title='bbox 3849 1389 3871 1424; x_wconf 87' lang='lat' dir='ltr'>a</span> 
     </span>
    </p>
   </div>
   <div class='ocr_carea' id='block_1_30' title="bbox 2311 1465 3870 1544">
    <p class='ocr_par' dir='ltr' id='par_1_30' title="bbox 2311 1465 3870 1544">
     <span class='ocr_line' id='line_1_30' title="bbox 2311 1465 3870 1544; baseline -0.006 -18"><span class='ocrx_word' id='word_1_181' title='bbox 2311 1472 2417 1544; x_wconf 90' lang='lat' dir='ltr'>piis</span> <span class='ocrx_word' id='word_1_182' title='bbox 2470 1487 2700 1526; x_wconf 88' lang='lat' dir='ltr'>causam</span> <span class='ocrx_word' id='word_1_183' title='bbox 2757 1485 3012 1525; x_wconf 89' lang='lat' dir='ltr'>asserens</span> <span class='ocrx_word' id='word_1_184' title='bbox 3066 1467 3394 1540; x_wconf 89' lang='lat' dir='ltr'>impiorum,</span> <span class='ocrx_word' id='word_1_185' title='bbox 3445 1481 3674 1537; x_wconf 90' lang='lat' dir='ltr'>quorum</span> <span class='ocrx_word' id='word_1_186' title='bbox 3717 1465 3870 1519; x_wconf 90' lang='lat' dir='ltr'>lumen</span> 
     </span>
    </p>
   </div>
   <div class='ocr_carea' id='block_1_31' title="bbox 2311 1557 3870 1636">
    <p class='ocr_par' dir='ltr' id='par_1_31' title="bbox 2311 1557 3870 1636">
     <span class='ocr_line' id='line_1_31' title="bbox 2311 1557 3870 1636; baseline -0.005 -18"><span class='ocrx_word' id='word_1_187' title='bbox 2311 1565 2701 1636; x_wconf 88' lang='lat' dir='ltr'>exstinguetur</span> <span class='ocrx_word' id='word_1_188' title='bbox 2742 1564 2877 1634; x_wconf 82' lang='lat' dir='ltr'>(Job,</span> <span class='ocrx_word' id='word_1_189' title='bbox 2919 1578 3066 1630; x_wconf 88' lang='lat' dir='ltr'>xvm,</span> <span class='ocrx_word' id='word_1_190' title='bbox 3109 1566 3182 1631; x_wconf 83' lang='lat'>5).</span> <span class='ocrx_word' id='word_1_191' title='bbox 3229 1561 3347 1616; x_wconf 90' lang='lat' dir='ltr'>Lux</span> <span class='ocrx_word' id='word_1_192' title='bbox 3390 1563 3580 1614; x_wconf 90' lang='lat' dir='ltr'>autem</span> <span class='ocrx_word' id='word_1_193' title='bbox 3619 1557 3870 1612; x_wconf 89' lang='lat' dir='ltr'>secundum</span> 
     </span>
    </p>
   </div>
   <div class='ocr_carea' id='block_1_32' title="bbox 2311 1653 3866 1728">
    <p class='ocr_par' dir='ltr' id='par_1_32' title="bbox 2311 1653 3866 1728">
     <span class='ocr_line' id='line_1_32' title="bbox 2311 1653 3866 1728; baseline -0.006 -15"><span class='ocrx_word' id='word_1_194' title='bbox 2311 1659 2668 1714; x_wconf 90' lang='lat' dir='ltr'>Salomonem</span> <span class='ocrx_word' id='word_1_195' title='bbox 2711 1679 2735 1707; x_wconf 88' lang='grc'>‹‹</span> <span class='ocrx_word' id='word_1_196' title='bbox 2777 1672 3008 1728; x_wconf 89' lang='lat' dir='ltr'>semper</span> <span class='ocrx_word' id='word_1_197' title='bbox 3054 1661 3139 1710; x_wconf 90' lang='lat' dir='ltr'>est</span> <span class='ocrx_word' id='word_1_198' title='bbox 3170 1655 3341 1726; x_wconf 88' lang='lat' dir='ltr'>justis</span> <span class='ocrx_word' id='word_1_199' title='bbox 3385 1655 3578 1724; x_wconf 62' lang='lat' dir='ltr'>(Prom,</span> <span class='ocrx_word' id='word_1_200' title='bbox 3618 1668 3722 1714; x_wconf 87' lang='lat' dir='ltr'>xm,</span> <span class='ocrx_word' id='word_1_201' title='bbox 3761 1653 3815 1720; x_wconf 83' lang='lat'>9).</span> <span class='ocrx_word' id='word_1_202' title='bbox 3849 1673 3866 1694; x_wconf 67' lang='grc' dir='ltr'>ιν</span> 
     </span>
    </p>
   </div>
   <div class='ocr_carea' id='block_1_33' title="bbox 586 1730 3861 1823">
    <p class='ocr_par' dir='ltr' id='par_1_33' title="bbox 586 1730 3861 1823">
     <span class='ocr_line' id='line_1_33' title="bbox 586 1730 3861 1823; baseline -0.003 -18"><span class='ocrx_word' id='word_1_203' title='bbox 586 1753 677 1806; x_wconf 90' lang='lat' dir='ltr'>cui</span> <span class='ocrx_word' id='word_1_204' title='bbox 714 1755 801 1805; x_wconf 88' lang='lat' dir='ltr'>est</span> <span class='ocrx_word' id='word_1_205' title='bbox 830 1752 887 1805; x_wconf 91' lang='lat' dir='ltr'>in</span> <span class='ocrx_word' id='word_1_206' title='bbox 916 1751 1098 1822; x_wconf 91' lang='lat' dir='ltr'>seipso</span> <span class='ocrx_word' id='word_1_207' title='bbox 1136 1754 1269 1804; x_wconf 86' lang='lat' dir='ltr'>ante</span> <span class='ocrx_word' id='word_1_208' title='bbox 1306 1755 1617 1818; x_wconf 86' lang='lat' dir='ltr'>certamen,</span> <span class='ocrx_word' id='word_1_209' title='bbox 1651 1750 1749 1823; x_wconf 90' lang='lat' dir='ltr'>qui</span> <span class='ocrx_word' id='word_1_210' title='bbox 1780 1767 2011 1806; x_wconf 89' lang='lat' dir='ltr'>carnem</span> <span class='ocrx_word' id='word_1_211' title='bbox 2051 1730 2286 1805; x_wconf 87' lang='lat' dir='ltr'>suamB</span> <span class='ocrx_word' id='word_1_212' title='bbox 2311 1752 2471 1807; x_wconf 89' lang='lat' dir='ltr'>Unde</span> <span class='ocrx_word' id='word_1_213' title='bbox 2519 1751 2800 1821; x_wconf 88' lang='lat' dir='ltr'>colligitur</span> <span class='ocrx_word' id='word_1_214' title='bbox 2845 1750 2980 1822; x_wconf 90' lang='lat' dir='ltr'>quia</span> <span class='ocrx_word' id='word_1_215' title='bbox 3019 1750 3205 1820; x_wconf 88' lang='lat' dir='ltr'>justus</span> <span class='ocrx_word' id='word_1_216' title='bbox 3249 1763 3479 1818; x_wconf 90' lang='lat' dir='ltr'>semper</span> <span class='ocrx_word' id='word_1_217' title='bbox 3522 1746 3577 1799; x_wconf 90' lang='lat' dir='ltr'>in</span> <span class='ocrx_word' id='word_1_218' title='bbox 3621 1744 3766 1799; x_wconf 88' lang='lat' dir='ltr'>verba</span> <span class='ocrx_word' id='word_1_219' title='bbox 3799 1743 3861 1795; x_wconf 88' lang='lat' dir='ltr'>Dei</span> 
     </span>
    </p>
   </div>
   <div class='ocr_carea' id='block_1_34' title="bbox 587 1844 2211 1916">
    <p class='ocr_par' dir='ltr' id='par_1_34' title="bbox 587 1844 2211 1916">
     <span class='ocr_line' id='line_1_34' title="bbox 587 1844 2211 1916; baseline 0.001 -18"><span class='ocrx_word' id='word_1_220' title='bbox 587 1845 958 1900; x_wconf 83' lang='lat' dir='ltr'>reluctantem</span> <span class='ocrx_word' id='word_1_221' title='bbox 1015 1844 1120 1898; x_wconf 89' lang='lat' dir='ltr'>sibi</span> <span class='ocrx_word' id='word_1_222' title='bbox 1177 1844 1382 1898; x_wconf 89' lang='lat' dir='ltr'>mentis</span> <span class='ocrx_word' id='word_1_223' title='bbox 1436 1849 1659 1899; x_wconf 84' lang='lat' dir='ltr'>coercet</span> <span class='ocrx_word' id='word_1_224' title='bbox 1709 1845 1987 1916; x_wconf 88' lang='lat' dir='ltr'>imperio,</span> <span class='ocrx_word' id='word_1_225' title='bbox 2041 1860 2211 1916; x_wconf 90' lang='lat' dir='ltr'>parca</span> 
     </span>
    </p>
   </div>
   <div class='ocr_carea' id='block_1_35' title="bbox 587 1937 2212 2009">
    <p class='ocr_par' dir='ltr' id='par_1_35' title="bbox 587 1937 2212 2009">
     <span class='ocr_line' id='line_1_35' title="bbox 587 1937 2212 2009; baseline 0.001 -18"><span class='ocrx_word' id='word_1_226' title='bbox 587 1939 908 2009; x_wconf 84' lang='lat' dir='ltr'>frugalitate</span> <span class='ocrx_word' id='word_1_227' title='bbox 932 1937 1188 2007; x_wconf 81' lang='lat' dir='ltr'>castigat,</span> <span class='ocrx_word' id='word_1_228' title='bbox 1221 1944 1275 1990; x_wconf 88' lang='lat' dir='ltr'>et</span> <span class='ocrx_word' id='word_1_229' title='bbox 1305 1938 1556 1992; x_wconf 87' lang='lat' dir='ltr'>servituti</span> <span class='ocrx_word' id='word_1_230' title='bbox 1587 1938 1817 2009; x_wconf 85' lang='lat' dir='ltr'>redigit;</span> <span class='ocrx_word' id='word_1_231' title='bbox 1848 1954 1919 1992; x_wconf 90' lang='lat' dir='ltr'>ne</span> <span class='ocrx_word' id='word_1_232' title='bbox 1946 1937 2212 1992; x_wconf 72' lang='lat' dir='ltr'>effrenata</span> 
     </span>
    </p>
   </div>
   <div class='ocr_carea' id='block_1_36' title="bbox 589 2029 2209 2102">
    <p class='ocr_par' dir='ltr' id='par_1_36' title="bbox 589 2029 2209 2102">
     <span class='ocr_line' id='line_1_36' title="bbox 589 2029 2209 2102; baseline 0 -18"><span class='ocrx_word' id='word_1_233' title='bbox 589 2031 851 2085; x_wconf 89' lang='lat' dir='ltr'>libertate</span> <span class='ocrx_word' id='word_1_234' title='bbox 891 2029 1157 2097; x_wconf 84' lang='lat' dir='ltr'>luxuriet,</span> <span class='ocrx_word' id='word_1_235' title='bbox 1200 2035 1368 2100; x_wconf 87' lang='lat' dir='ltr'>atque</span> <span class='ocrx_word' id='word_1_236' title='bbox 1411 2031 1689 2085; x_wconf 88' lang='lat' dir='ltr'>indomita</span> <span class='ocrx_word' id='word_1_237' title='bbox 1731 2032 1950 2085; x_wconf 85' lang='lat' dir='ltr'>fervens</span> <span class='ocrx_word' id='word_1_238' title='bbox 1993 2031 2209 2102; x_wconf 85' lang='lat' dir='ltr'>cupidi-</span> 
     </span>
    </p>
   </div>
   <div class='ocr_carea' id='block_1_37' title="bbox 586 2123 2214 2195">
    <p class='ocr_par' dir='ltr' id='par_1_37' title="bbox 586 2123 2214 2195">
     <span class='ocr_line' id='line_1_37' title="bbox 586 2123 2214 2195; baseline 0.001 -18"><span class='ocrx_word' id='word_1_239' title='bbox 586 2129 726 2193; x_wconf 90' lang='lat' dir='ltr'>tate,</span> <span class='ocrx_word' id='word_1_240' title='bbox 778 2123 1026 2178; x_wconf 89' lang='lat' dir='ltr'>habenas</span> <span class='ocrx_word' id='word_1_241' title='bbox 1074 2123 1246 2176; x_wconf 90' lang='lat' dir='ltr'>animi</span> <span class='ocrx_word' id='word_1_242' title='bbox 1300 2124 1551 2194; x_wconf 90' lang='lat' dir='ltr'>regentis</span> <span class='ocrx_word' id='word_1_243' title='bbox 1595 2124 1918 2195; x_wconf 88' lang='lat' dir='ltr'>abrumpat.</span> <span class='ocrx_word' id='word_1_244' title='bbox 1966 2126 2022 2179; x_wconf 88' lang='lat' dir='ltr'>In</span> <span class='ocrx_word' id='word_1_245' title='bbox 2070 2125 2214 2179; x_wconf 87' lang='lat' dir='ltr'>hora</span> 
     </span>
    </p>
   </div>
   <div class='ocr_carea' id='block_1_38' title="bbox 585 2217 2207 2288">
    <p class='ocr_par' dir='ltr' id='par_1_38' title="bbox 585 2217 2207 2288">
     <span class='ocr_line' id='line_1_38' title="bbox 585 2217 2207 2288; baseline 0.001 -17"><span class='ocrx_word' id='word_1_246' title='bbox 585 2223 670 2272; x_wconf 90' lang='lat' dir='ltr'>est</span> <span class='ocrx_word' id='word_1_247' title='bbox 708 2233 844 2288; x_wconf 89' lang='lat' dir='ltr'>ergo</span> <span class='ocrx_word' id='word_1_248' title='bbox 883 2233 1070 2283; x_wconf 89' lang='lat' dir='ltr'>senex,</span> <span class='ocrx_word' id='word_1_249' title='bbox 1110 2217 1154 2270; x_wconf 92' lang='lat' dir='ltr'>si</span> <span class='ocrx_word' id='word_1_250' title='bbox 1197 2217 1394 2271; x_wconf 86' lang='lat' dir='ltr'>munia</span> <span class='ocrx_word' id='word_1_251' title='bbox 1436 2217 1639 2271; x_wconf 82' lang='lat' dir='ltr'>sobriae</span> <span class='ocrx_word' id='word_1_252' title='bbox 1681 2218 2021 2272; x_wconf 87' lang='lat' dir='ltr'>maturitatis</span> <span class='ocrx_word' id='word_1_253' title='bbox 2051 2234 2207 2272; x_wconf 89' lang='lat' dir='ltr'>exer-</span> 
     </span>
    </p>
   </div>
   <div class='ocr_carea' id='block_1_39' title="bbox 586 2310 2212 2381">
    <p class='ocr_par' dir='ltr' id='par_1_39' title="bbox 586 2310 2212 2381">
     <span class='ocr_line' id='line_1_39' title="bbox 586 2310 2212 2381; baseline -0.001 -16"><span class='ocrx_word' id='word_1_254' title='bbox 586 2315 737 2377; x_wconf 91' lang='lat' dir='ltr'>ceat;</span> <span class='ocrx_word' id='word_1_255' title='bbox 792 2316 923 2366; x_wconf 88' lang='lat' dir='ltr'>ante</span> <span class='ocrx_word' id='word_1_256' title='bbox 977 2311 1181 2364; x_wconf 88' lang='lat' dir='ltr'>horam</span> <span class='ocrx_word' id='word_1_257' title='bbox 1236 2326 1593 2380; x_wconf 65' lang='lat' dir='ltr'>praecurrens</span> <span class='ocrx_word' id='word_1_258' title='bbox 1634 2310 1892 2381; x_wconf 88' lang='lat' dir='ltr'>juvenis,</span> <span class='ocrx_word' id='word_1_259' title='bbox 1949 2311 1991 2365; x_wconf 90' lang='lat' dir='ltr'>si</span> <span class='ocrx_word' id='word_1_260' title='bbox 2049 2311 2212 2365; x_wconf 89' lang='lat' dir='ltr'>senili</span> 
     </span>
    </p>
   </div>
   <div class='ocr_carea' id='block_1_40' title="bbox 584 2403 2209 2475">
    <p class='ocr_par' dir='ltr' id='par_1_40' title="bbox 584 2403 2209 2475">
     <span class='ocr_line' id='line_1_40' title="bbox 584 2403 2209 2475; baseline 0 -17"><span class='ocrx_word' id='word_1_261' title='bbox 584 2405 839 2475; x_wconf 90' lang='lat' dir='ltr'>pondere</span> <span class='ocrx_word' id='word_1_262' title='bbox 877 2403 1156 2457; x_wconf 89' lang='lat' dir='ltr'>incentiva</span> <span class='ocrx_word' id='word_1_263' title='bbox 1200 2403 1543 2474; x_wconf 89' lang='lat' dir='ltr'>comprimat</span> <span class='ocrx_word' id='word_1_264' title='bbox 1585 2404 1957 2475; x_wconf 90' lang='lat' dir='ltr'>voluptatum,</span> <span class='ocrx_word' id='word_1_265' title='bbox 1997 2421 2059 2458; x_wconf 90' lang='lat' dir='ltr'>ac</span> <span class='ocrx_word' id='word_1_266' title='bbox 2100 2405 2209 2459; x_wconf 88' lang='lat' dir='ltr'>fer-</span> 
     </span>
    </p>
   </div>
   <div class='ocr_carea' id='block_1_41' title="bbox 586 2496 2214 2568">
    <p class='ocr_par' dir='ltr' id='par_1_41' title="bbox 586 2496 2214 2568">
     <span class='ocr_line' id='line_1_41' title="bbox 586 2496 2214 2568; baseline 0.001 -19"><span class='ocrx_word' id='word_1_267' title='bbox 586 2498 764 2552; x_wconf 86' lang='lat' dir='ltr'>ventis</span> <span class='ocrx_word' id='word_1_268' title='bbox 801 2496 1092 2551; x_wconf 89' lang='lat' dir='ltr'>illecebras</span> <span class='ocrx_word' id='word_1_269' title='bbox 1128 2496 1457 2567; x_wconf 86' lang='lat' dir='ltr'>cupiditatis</span> <span class='ocrx_word' id='word_1_270' title='bbox 1503 2496 1822 2568; x_wconf 83' lang='lat' dir='ltr'>exstinguat</span> <span class='ocrx_word' id='word_1_271' title='bbox 1865 2515 1877 2551; x_wconf 92' lang='lat'>:</span> <span class='ocrx_word' id='word_1_272' title='bbox 1921 2501 2096 2553; x_wconf 86' lang='lat' dir='ltr'>Bonus</span> <span class='ocrx_word' id='word_1_273' title='bbox 2136 2504 2214 2553; x_wconf 82' lang='lat' dir='ltr'>est</span> 
     </span>
    </p>
   </div>
   <div class='ocr_carea' id='block_1_42' title="bbox 587 2591 2211 2662">
    <p class='ocr_par' dir='ltr' id='par_1_42' title="bbox 587 2591 2211 2662">
     <span class='ocr_line' id='line_1_42' title="bbox 587 2591 2211 2662; baseline 0.001 -18"><span class='ocrx_word' id='word_1_274' title='bbox 587 2591 740 2645; x_wconf 93' lang='lat' dir='ltr'>enim</span> <span class='ocrx_word' id='word_1_275' title='bbox 781 2593 1031 2644; x_wconf 77' lang='lat' dir='ltr'>Dominus</span> <span class='ocrx_word' id='word_1_276' title='bbox 1063 2591 1473 2653; x_wconf 79' lang='lat' dir='ltr'>sustinentibus,</span> <span class='ocrx_word' id='word_1_277' title='bbox 1501 2591 1775 2644; x_wconf 84' lang='lat' dir='ltr'>Jercmias</span> <span class='ocrx_word' id='word_1_278' title='bbox 1805 2591 1942 2646; x_wconf 89' lang='lat' dir='ltr'>dicit</span> <span class='ocrx_word' id='word_1_279' title='bbox 1969 2592 2211 2662; x_wconf 85' lang='lat' dir='ltr'>(Thren.,</span> 
     </span>
    </p>
   </div>
   <div class='ocr_carea' id='block_1_43' title="bbox 585 2683 2209 2756">
    <p class='ocr_par' dir='ltr' id='par_1_43' title="bbox 585 2683 2209 2756">
     <span class='ocr_line' id='line_1_43' title="bbox 585 2683 2209 2756; baseline 0.001 -17"><span class='ocrx_word' id='word_1_280' title='bbox 585 2700 666 2753; x_wconf 77' lang='lat' dir='ltr'>ru,</span> <span class='ocrx_word' id='word_1_281' title='bbox 710 2684 818 2754; x_wconf 84' lang='lat'>25).</span> <span class='ocrx_word' id='word_1_282' title='bbox 871 2685 957 2751; x_wconf 89' lang='lat' dir='ltr'>Et,</span> <span class='ocrx_word' id='word_1_283' title='bbox 1009 2701 1037 2731; x_wconf 87' lang='grc'>‹‹</span> <span class='ocrx_word' id='word_1_284' title='bbox 1086 2684 1300 2738; x_wconf 89' lang='lat' dir='ltr'>Bonum</span> <span class='ocrx_word' id='word_1_285' title='bbox 1352 2687 1436 2737; x_wconf 89' lang='lat' dir='ltr'>est</span> <span class='ocrx_word' id='word_1_286' title='bbox 1489 2683 1608 2738; x_wconf 91' lang='lat' dir='ltr'>viro</span> <span class='ocrx_word' id='word_1_287' title='bbox 1662 2683 1758 2754; x_wconf 91' lang='lat' dir='ltr'>qui</span> <span class='ocrx_word' id='word_1_288' title='bbox 1811 2701 1978 2755; x_wconf 88' lang='lat' dir='ltr'>grave</span> <span class='ocrx_word' id='word_1_289' title='bbox 2021 2691 2209 2756; x_wconf 90' lang='lat' dir='ltr'>porta-</span> 
     </span>
    </p>
   </div>
   <div class='ocr_carea' id='block_1_44' title="bbox 585 2776 2210 2849">
    <p class='ocr_par' dir='ltr' id='par_1_44' title="bbox 585 2776 2210 2849">
     <span class='ocr_line' id='line_1_44' title="bbox 585 2776 2210 2849; baseline -0.001 -17"><span class='ocrx_word' id='word_1_290' title='bbox 585 2779 666 2832; x_wconf 87' lang='lat' dir='ltr'>vit</span> <span class='ocrx_word' id='word_1_291' title='bbox 711 2778 919 2848; x_wconf 90' lang='lat' dir='ltr'>jugum</span> <span class='ocrx_word' id='word_1_292' title='bbox 975 2793 1008 2830; x_wconf 89' lang='lat' dir='ltr'>a</span> <span class='ocrx_word' id='word_1_293' title='bbox 1049 2778 1380 2846; x_wconf 88' lang='lat' dir='ltr'>juventute;</span> <span class='ocrx_word' id='word_1_294' title='bbox 1435 2776 1652 2832; x_wconf 89' lang='lat' dir='ltr'>sedebit</span> <span class='ocrx_word' id='word_1_295' title='bbox 1707 2777 2105 2849; x_wconf 89' lang='lat' dir='ltr'>singulariter,</span> <span class='ocrx_word' id='word_1_296' title='bbox 2158 2785 2210 2832; x_wconf 91' lang='lat' dir='ltr'>et</span> 
     </span>
    </p>
   </div>
   <div class='ocr_carea' id='block_1_45' title="bbox 585 2869 2213 2941">
    <p class='ocr_par' dir='ltr' id='par_1_45' title="bbox 585 2869 2213 2941">
     <span class='ocr_line' id='line_1_45' title="bbox 585 2869 2213 2941; baseline 0 -17"><span class='ocrx_word' id='word_1_297' title='bbox 585 2869 797 2938; x_wconf 88' lang='lat' dir='ltr'>silebit;</span> <span class='ocrx_word' id='word_1_298' title='bbox 845 2869 978 2940; x_wconf 89' lang='lat' dir='ltr'>quia</span> <span class='ocrx_word' id='word_1_299' title='bbox 1021 2869 1150 2923; x_wconf 89' lang='lat' dir='ltr'>tulit</span> <span class='ocrx_word' id='word_1_300' title='bbox 1189 2869 1396 2940; x_wconf 91' lang='lat' dir='ltr'>jugum</span> <span class='ocrx_word' id='word_1_301' title='bbox 1441 2869 1591 2924; x_wconf 88' lang='lat' dir='ltr'>verbi</span> <span class='ocrx_word' id='word_1_302' title='bbox 1641 2869 1824 2939; x_wconf 78' lang='lat' dir='ltr'>(Ibid.,</span> <span class='ocrx_word' id='word_1_303' title='bbox 1869 2874 1979 2941; x_wconf 91' lang='lat'>27).</span> <span class='ocrx_word' id='word_1_304' title='bbox 2034 2891 2061 2920; x_wconf 83' lang='grc'><strong>››</strong></span> <span class='ocrx_word' id='word_1_305' title='bbox 2109 2871 2213 2934; x_wconf 89' lang='lat' dir='ltr'>Qui</span> 
     </span>
    </p>
   </div>
   <div class='ocr_carea' id='block_1_46' title="bbox 591 2962 2214 3033">
    <p class='ocr_par' dir='ltr' id='par_1_46' title="bbox 591 2962 2214 3033">
     <span class='ocr_line' id='line_1_46' title="bbox 591 2962 2214 3033; baseline 0 -16"><span class='ocrx_word' id='word_1_306' title='bbox 591 2964 744 3017; x_wconf 91' lang='lat' dir='ltr'>enim</span> <span class='ocrx_word' id='word_1_307' title='bbox 793 2979 826 3016; x_wconf 90' lang='lat' dir='ltr'>a</span> <span class='ocrx_word' id='word_1_308' title='bbox 868 2963 1164 3032; x_wconf 88' lang='lat' dir='ltr'>juventute</span> <span class='ocrx_word' id='word_1_309' title='bbox 1205 2962 1413 3033; x_wconf 89' lang='lat' dir='ltr'>jugum</span> <span class='ocrx_word' id='word_1_310' title='bbox 1467 2963 1804 3032; x_wconf 85' lang='lat' dir='ltr'>portaverit,</span> <span class='ocrx_word' id='word_1_311' title='bbox 1859 2968 1916 3017; x_wconf 91' lang='lat' dir='ltr'>et</span> <span class='ocrx_word' id='word_1_312' title='bbox 1973 2964 2214 3018; x_wconf 87' lang='lat' dir='ltr'>habenis</span> 
     </span>
    </p>
   </div>
   <div class='ocr_carea' id='block_1_47' title="bbox 588 3054 2209 3110">
    <p class='ocr_par' dir='ltr' id='par_1_47' title="bbox 588 3054 2209 3110">
     <span class='ocr_line' id='line_1_47' title="bbox 588 3054 2209 3110; baseline 0 0"><span class='ocrx_word' id='word_1_313' title='bbox 588 3057 796 3110; x_wconf 86' lang='lat' dir='ltr'>maturi</span> <span class='ocrx_word' id='word_1_314' title='bbox 835 3054 1237 3110; x_wconf 89' lang='lat' dir='ltr'>moderaminis</span> <span class='ocrx_word' id='word_1_315' title='bbox 1279 3055 1559 3109; x_wconf 87' lang='lat' dir='ltr'>teneriora</span> <span class='ocrx_word' id='word_1_316' title='bbox 1609 3056 1798 3108; x_wconf 90' lang='lat' dir='ltr'>volens</span> <span class='ocrx_word' id='word_1_317' title='bbox 1837 3056 1975 3110; x_wconf 89' lang='lat' dir='ltr'>colla</span> <span class='ocrx_word' id='word_1_318' title='bbox 2017 3056 2209 3110; x_wconf 90' lang='lat' dir='ltr'>subdi-</span> 
     </span>
    </p>
   </div>
   <div class='ocr_carea' id='block_1_48' title="bbox 589 3147 2210 3220">
    <p class='ocr_par' dir='ltr' id='par_1_48' title="bbox 589 3147 2210 3220">
     <span class='ocr_line' id='line_1_48' title="bbox 589 3147 2210 3220; baseline 0.001 -17"><span class='ocrx_word' id='word_1_319' title='bbox 589 3150 756 3216; x_wconf 91' lang='lat' dir='ltr'>derit,</span> <span class='ocrx_word' id='word_1_320' title='bbox 794 3147 1013 3202; x_wconf 90' lang='lat' dir='ltr'>sedebit</span> <span class='ocrx_word' id='word_1_321' title='bbox 1056 3147 1444 3217; x_wconf 87' lang='lat' dir='ltr'>singulariter,</span> <span class='ocrx_word' id='word_1_322' title='bbox 1478 3156 1730 3202; x_wconf 89' lang='lat' dir='ltr'>remotus</span> <span class='ocrx_word' id='word_1_323' title='bbox 1768 3166 1801 3202; x_wconf 91' lang='lat' dir='ltr'>a</span> <span class='ocrx_word' id='word_1_324' title='bbox 1844 3148 2083 3220; x_wconf 88' lang='lat' dir='ltr'>strepitu</span> <span class='ocrx_word' id='word_1_325' title='bbox 2122 3151 2210 3204; x_wconf 93' lang='lat' dir='ltr'>in-</span> 
     </span>
    </p>
   </div>
   <div class='ocr_carea' id='block_1_49' title="bbox 589 3239 2215 3312">
    <p class='ocr_par' dir='ltr' id='par_1_49' title="bbox 589 3239 2215 3312">
     <span class='ocr_line' id='line_1_49' title="bbox 589 3239 2215 3312; baseline 0.001 -17"><span class='ocrx_word' id='word_1_326' title='bbox 589 3240 1018 3312; x_wconf 89' lang='lat' dir='ltr'>terpellantium</span> <span class='ocrx_word' id='word_1_327' title='bbox 1072 3239 1416 3310; x_wconf 88' lang='lat' dir='ltr'>passionum,</span> <span class='ocrx_word' id='word_1_328' title='bbox 1466 3244 1524 3295; x_wconf 90' lang='lat' dir='ltr'>et</span> <span class='ocrx_word' id='word_1_329' title='bbox 1576 3241 1802 3312; x_wconf 89' lang='lat' dir='ltr'>quietus</span> <span class='ocrx_word' id='word_1_330' title='bbox 1858 3241 2074 3311; x_wconf 89' lang='lat' dir='ltr'>silebit;</span> <span class='ocrx_word' id='word_1_331' title='bbox 2125 3244 2215 3297; x_wconf 93' lang='lat' dir='ltr'>cui</span> 
     </span>
    </p>
   </div>
   <div class='ocr_carea' id='block_1_50' title="bbox 589 3333 2211 3406">
    <p class='ocr_par' dir='ltr' id='par_1_50' title="bbox 589 3333 2211 3406">
     <span class='ocr_line' id='line_1_50' title="bbox 589 3333 2211 3406; baseline 0 -16"><span class='ocrx_word' id='word_1_332' title='bbox 589 3349 818 3390; x_wconf 89' lang='lat' dir='ltr'>necesse</span> <span class='ocrx_word' id='word_1_333' title='bbox 850 3334 974 3404; x_wconf 90' lang='lat' dir='ltr'>jam</span> <span class='ocrx_word' id='word_1_334' title='bbox 1011 3349 1126 3388; x_wconf 93' lang='lat' dir='ltr'>non</span> <span class='ocrx_word' id='word_1_335' title='bbox 1165 3333 1238 3388; x_wconf 88' lang='lat' dir='ltr'>sit</span> <span class='ocrx_word' id='word_1_336' title='bbox 1271 3335 1494 3406; x_wconf 90' lang='lat' dir='ltr'>jurgari</span> <span class='ocrx_word' id='word_1_337' title='bbox 1534 3351 1664 3389; x_wconf 92' lang='lat' dir='ltr'>cum</span> <span class='ocrx_word' id='word_1_338' title='bbox 1710 3351 1970 3406; x_wconf 89' lang='lat' dir='ltr'>corpore,</span> <span class='ocrx_word' id='word_1_339' title='bbox 2013 3336 2211 3390; x_wconf 88' lang='lat' dir='ltr'>decer-</span> 
     </span>
    </p>
   </div>
   <div class='ocr_carea' id='block_1_51' title="bbox 589 3427 2213 3501">
    <p class='ocr_par' dir='ltr' id='par_1_51' title="bbox 589 3427 2213 3501">
     <span class='ocr_line' id='line_1_51' title="bbox 589 3427 2213 3501; baseline 0.001 -19"><span class='ocrx_word' id='word_1_340' title='bbox 589 3434 711 3483; x_wconf 85' lang='lat' dir='ltr'>tare</span> <span class='ocrx_word' id='word_1_341' title='bbox 759 3444 890 3482; x_wconf 90' lang='lat' dir='ltr'>cum</span> <span class='ocrx_word' id='word_1_342' title='bbox 941 3427 1106 3482; x_wconf 88' lang='lat' dir='ltr'>variis</span> <span class='ocrx_word' id='word_1_343' title='bbox 1158 3428 1592 3499; x_wconf 89' lang='lat' dir='ltr'>cupiditatibus;</span> <span class='ocrx_word' id='word_1_344' title='bbox 1646 3429 1777 3500; x_wconf 90' lang='lat' dir='ltr'>quia</span> <span class='ocrx_word' id='word_1_345' title='bbox 1833 3430 1961 3484; x_wconf 88' lang='lat' dir='ltr'>tulit</span> <span class='ocrx_word' id='word_1_346' title='bbox 2003 3430 2213 3501; x_wconf 89' lang='lat' dir='ltr'>jugum</span> 
     </span>
    </p>
   </div>
   <div class='ocr_carea' id='block_1_52' title="bbox 590 3521 2214 3602">
    <p class='ocr_par' dir='ltr' id='par_1_52' title="bbox 590 3521 2214 3602">
     <span class='ocr_line' id='line_1_52' title="bbox 590 3521 2214 3602; baseline 0.001 -26"><span class='ocrx_word' id='word_1_347' title='bbox 590 3522 747 3577; x_wconf 89' lang='lat' dir='ltr'>verbi</span> <span class='ocrx_word' id='word_1_348' title='bbox 785 3521 978 3602; x_wconf 83' lang='lat' dir='ltr'>anima</span> <span class='ocrx_word' id='word_1_349' title='bbox 1007 3538 1134 3593; x_wconf 64' lang='lat' dir='ltr'>quae</span> <span class='ocrx_word' id='word_1_350' title='bbox 1173 3523 1376 3594; x_wconf 71' lang='lat' dir='ltr'>quaerit</span> <span class='ocrx_word' id='word_1_351' title='bbox 1416 3523 1615 3591; x_wconf 91' lang='lat' dir='ltr'>Deum,</span> <span class='ocrx_word' id='word_1_352' title='bbox 1650 3539 1780 3593; x_wconf 64' lang='lat' dir='ltr'>quae</span> <span class='ocrx_word' id='word_1_353' title='bbox 1818 3524 2066 3594; x_wconf 86' lang='lat' dir='ltr'>captivas</span> <span class='ocrx_word' id='word_1_354' title='bbox 2108 3523 2214 3578; x_wconf 87' lang='lat' dir='ltr'>sibi</span> 
     </span>
    </p>
   </div>
   <div class='ocr_carea' id='block_1_53' title="bbox 592 3615 2218 3686">
    <p class='ocr_par' dir='ltr' id='par_1_53' title="bbox 592 3615 2218 3686">
     <span class='ocr_line' id='line_1_53' title="bbox 592 3615 2218 3686; baseline 0.001 -18"><span class='ocrx_word' id='word_1_355' title='bbox 592 3615 728 3670; x_wconf 90' lang='lat' dir='ltr'>fecit</span> <span class='ocrx_word' id='word_1_356' title='bbox 771 3630 974 3670; x_wconf 89' lang='lat' dir='ltr'>omnes</span> <span class='ocrx_word' id='word_1_357' title='bbox 1013 3615 1253 3669; x_wconf 89' lang='lat' dir='ltr'>delicias</span> <span class='ocrx_word' id='word_1_358' title='bbox 1287 3615 1618 3686; x_wconf 88' lang='lat' dir='ltr'>juventutis.</span> <span class='ocrx_word' id='word_1_359' title='bbox 1666 3616 1823 3672; x_wconf 83' lang='lat' dir='ltr'>Unde</span> <span class='ocrx_word' id='word_1_360' title='bbox 1866 3616 2103 3671; x_wconf 87' lang='lat' dir='ltr'>fortasse</span> <span class='ocrx_word' id='word_1_361' title='bbox 2159 3619 2218 3670; x_wconf 90' lang='lat' dir='ltr'>et</span> 
     </span>
    </p>
   </div>
   <div class='ocr_carea' id='block_1_54' title="bbox 592 3708 2214 3779">
    <p class='ocr_par' dir='ltr' id='par_1_54' title="bbox 592 3708 2214 3779">
     <span class='ocr_line' id='line_1_54' title="bbox 592 3708 2214 3779; baseline 0.001 -17"><span class='ocrx_word' id='word_1_362' title='bbox 592 3708 732 3762; x_wconf 90' lang='lat' dir='ltr'>illud</span> <span class='ocrx_word' id='word_1_363' title='bbox 769 3708 1125 3763; x_wconf 89' lang='lat' dir='ltr'>Dominicum</span> <span class='ocrx_word' id='word_1_364' title='bbox 1156 3725 1169 3762; x_wconf 91' lang='lat'>:</span> <span class='ocrx_word' id='word_1_365' title='bbox 1205 3729 1233 3757; x_wconf 85' lang='lat'><strong>«</strong></span> <span class='ocrx_word' id='word_1_366' title='bbox 1261 3709 1382 3764; x_wconf 87' lang='lat' dir='ltr'>Non</span> <span class='ocrx_word' id='word_1_367' title='bbox 1407 3709 1686 3771; x_wconf 75' lang='lat' dir='ltr'>clamabit,</span> <span class='ocrx_word' id='word_1_368' title='bbox 1715 3724 1889 3779; x_wconf 86' lang='lat' dir='ltr'>neque</span> <span class='ocrx_word' id='word_1_369' title='bbox 1913 3709 2214 3772; x_wconf 83' lang='lat' dir='ltr'>contendet,</span> 
     </span>
    </p>
   </div>
   <div class='ocr_carea' id='block_1_55' title="bbox 591 3802 2213 3873">
    <p class='ocr_par' dir='ltr' id='par_1_55' title="bbox 591 3802 2213 3873">
     <span class='ocr_line' id='line_1_55' title="bbox 591 3802 2213 3873; baseline 0.001 -16"><span class='ocrx_word' id='word_1_370' title='bbox 591 3818 759 3873; x_wconf 86' lang='lat' dir='ltr'>neque</span> <span class='ocrx_word' id='word_1_371' title='bbox 786 3803 974 3857; x_wconf 81' lang='lat' dir='ltr'>audiet</span> <span class='ocrx_word' id='word_1_372' title='bbox 999 3805 1287 3872; x_wconf 81' lang='lat' dir='ltr'>quisquam</span> <span class='ocrx_word' id='word_1_373' title='bbox 1313 3804 1374 3855; x_wconf 83' lang='lat' dir='ltr'>in</span> <span class='ocrx_word' id='word_1_374' title='bbox 1406 3802 1603 3872; x_wconf 80' lang='lat' dir='ltr'>plateis</span> <span class='ocrx_word' id='word_1_375' title='bbox 1632 3818 1808 3857; x_wconf 80' lang='lat' dir='ltr'>vocem</span> <span class='ocrx_word' id='word_1_376' title='bbox 1833 3803 1946 3870; x_wconf 84' lang='lat' dir='ltr'>ejus</span> <span class='ocrx_word' id='word_1_377' title='bbox 1973 3804 2213 3872; x_wconf 84' lang='lat' dir='ltr'>(Matth.,</span> 
     </span>
    </p>
   </div>
   <div class='ocr_carea' id='block_1_56' title="bbox 594 3896 2217 3967">
    <p class='ocr_par' dir='ltr' id='par_1_56' title="bbox 594 3896 2217 3967">
     <span class='ocr_line' id='line_1_56' title="bbox 594 3896 2217 3967; baseline -0.001 -15"><span class='ocrx_word' id='word_1_378' title='bbox 594 3913 684 3965; x_wconf 84' lang='lat' dir='ltr'>xu,</span> <span class='ocrx_word' id='word_1_379' title='bbox 721 3899 813 3963; x_wconf 70' lang='lat'>19;</span> <span class='ocrx_word' id='word_1_380' title='bbox 855 3899 986 3958; x_wconf 87' lang='lat' dir='ltr'>Isa.,</span> <span class='ocrx_word' id='word_1_381' title='bbox 1030 3911 1156 3964; x_wconf 74' lang='lat' dir='ltr'><strong>XLII,</strong></span> <span class='ocrx_word' id='word_1_382' title='bbox 1195 3896 1269 3967; x_wconf 94' lang='lat'>2),</span> <span class='ocrx_word' id='word_1_383' title='bbox 1315 3917 1342 3946; x_wconf 91' lang='grc'><strong>››</strong></span> <span class='ocrx_word' id='word_1_384' title='bbox 1383 3911 1500 3950; x_wconf 90' lang='lat' dir='ltr'>non</span> <span class='ocrx_word' id='word_1_385' title='bbox 1545 3897 1723 3950; x_wconf 89' lang='lat' dir='ltr'>solum</span> <span class='ocrx_word' id='word_1_386' title='bbox 1764 3897 1834 3951; x_wconf 89' lang='lat' dir='ltr'>ad</span> <span class='ocrx_word' id='word_1_387' title='bbox 1876 3896 2217 3952; x_wconf 90' lang='lat' dir='ltr'>defensionis</span> 
     </span>
    </p>
   </div>
   <div class='ocr_carea' id='block_1_57' title="bbox 592 3987 2212 4059">
    <p class='ocr_par' dir='ltr' id='par_1_57' title="bbox 592 3987 2212 4059">
     <span class='ocr_line' id='line_1_57' title="bbox 592 3987 2212 4059; baseline 0.001 -17"><span class='ocrx_word' id='word_1_388' title='bbox 592 3990 900 4055; x_wconf 87' lang='lat' dir='ltr'>silentium,</span> <span class='ocrx_word' id='word_1_389' title='bbox 924 3987 1403 4059; x_wconf 90' lang='lat' dir='ltr'>absolutionisque</span> <span class='ocrx_word' id='word_1_390' title='bbox 1432 3992 1842 4059; x_wconf 91' lang='lat' dir='ltr'>contemptum,</span> <span class='ocrx_word' id='word_1_391' title='bbox 1875 3995 1932 4043; x_wconf 91' lang='lat' dir='ltr'>et</span> <span class='ocrx_word' id='word_1_392' title='bbox 1961 3989 2212 4043; x_wconf 89' lang='lat' dir='ltr'>toleran-</span> 
     </span>
    </p>
   </div>
   <div class='ocr_carea' id='block_1_58' title="bbox 591 4080 2217 4153">
    <p class='ocr_par' dir='ltr' id='par_1_58' title="bbox 591 4080 2217 4153">
     <span class='ocr_line' id='line_1_58' title="bbox 591 4080 2217 4153; baseline -0.001 -15"><span class='ocrx_word' id='word_1_393' title='bbox 591 4083 731 4138; x_wconf 86' lang='lat' dir='ltr'>tiam</span> <span class='ocrx_word' id='word_1_394' title='bbox 756 4082 1052 4153; x_wconf 88' lang='lat' dir='ltr'>passionis,</span> <span class='ocrx_word' id='word_1_395' title='bbox 1073 4080 1176 4136; x_wconf 88' lang='lat' dir='ltr'>sed</span> <span class='ocrx_word' id='word_1_396' title='bbox 1196 4081 1366 4136; x_wconf 89' lang='lat' dir='ltr'>etiam</span> <span class='ocrx_word' id='word_1_397' title='bbox 1392 4081 1465 4135; x_wconf 90' lang='lat' dir='ltr'>ad</span> <span class='ocrx_word' id='word_1_398' title='bbox 1491 4082 1941 4153; x_wconf 89' lang='lat' dir='ltr'>compressiones</span> <span class='ocrx_word' id='word_1_399' title='bbox 1961 4084 2217 4137; x_wconf 90' lang='lat' dir='ltr'>omnium</span> 
     </span>
    </p>
   </div>
   <div class='ocr_carea' id='block_1_59' title="bbox 592 4175 2218 4246">
    <p class='ocr_par' dir='ltr' id='par_1_59' title="bbox 592 4175 2218 4246">
     <span class='ocr_line' id='line_1_59' title="bbox 592 4175 2218 4246; baseline -0.001 -16"><span class='ocrx_word' id='word_1_400' title='bbox 592 4176 844 4246; x_wconf 87' lang='lat' dir='ltr'>accipere</span> <span class='ocrx_word' id='word_1_401' title='bbox 880 4189 1182 4244; x_wconf 88' lang='lat' dir='ltr'>possumus</span> <span class='ocrx_word' id='word_1_402' title='bbox 1223 4175 1604 4244; x_wconf 88' lang='lat' dir='ltr'>corporalium</span> <span class='ocrx_word' id='word_1_403' title='bbox 1645 4176 2022 4246; x_wconf 86' lang='lat' dir='ltr'>voluptatum.</span> <span class='ocrx_word' id='word_1_404' title='bbox 2057 4177 2218 4231; x_wconf 90' lang='lat' dir='ltr'>Unde</span> 
     </span>
    </p>
   </div>
   <div class='ocr_carea' id='block_1_60' title="bbox 597 4267 2220 4340">
    <p class='ocr_par' dir='ltr' id='par_1_60' title="bbox 597 4267 2220 4340">
     <span class='ocr_line' id='line_1_60' title="bbox 597 4267 2220 4340; baseline 0.001 -18"><span class='ocrx_word' id='word_1_405' title='bbox 597 4275 654 4324; x_wconf 91' lang='lat' dir='ltr'>et</span> <span class='ocrx_word' id='word_1_406' title='bbox 691 4268 823 4322; x_wconf 87' lang='lat' dir='ltr'>alibi</span> <span class='ocrx_word' id='word_1_407' title='bbox 868 4267 1138 4338; x_wconf 79' lang='lat' dir='ltr'>scriptum</span> <span class='ocrx_word' id='word_1_408' title='bbox 1185 4272 1312 4322; x_wconf 90' lang='lat' dir='ltr'>est:</span> <span class='ocrx_word' id='word_1_409' title='bbox 1351 4288 1378 4317; x_wconf 83' lang='lat'><strong>«</strong></span> <span class='ocrx_word' id='word_1_410' title='bbox 1408 4267 1548 4331; x_wconf 88' lang='lat' dir='ltr'>Quia</span> <span class='ocrx_word' id='word_1_411' title='bbox 1589 4274 1884 4340; x_wconf 90' lang='lat' dir='ltr'>peccatum</span> <span class='ocrx_word' id='word_1_412' title='bbox 1928 4286 2044 4324; x_wconf 91' lang='lat' dir='ltr'>non</span> <span class='ocrx_word' id='word_1_413' title='bbox 2085 4270 2220 4324; x_wconf 90' lang='lat' dir='ltr'>fecit</span> 
     </span>
    </p>
   </div>
   <div class='ocr_carea' id='block_1_61' title="bbox 597 4361 2220 4432">
    <p class='ocr_par' dir='ltr' id='par_1_61' title="bbox 597 4361 2220 4432">
     <span class='ocr_line' id='line_1_61' title="bbox 597 4361 2220 4432; baseline 0.001 -16"><span class='ocrx_word' id='word_1_414' title='bbox 597 4364 634 4432; x_wconf 91' lang='lat' dir='ltr'>(l</span> <span class='ocrx_word' id='word_1_415' title='bbox 676 4364 845 4425; x_wconf 58' lang='lat' dir='ltr'>Petra,</span> <span class='ocrx_word' id='word_1_416' title='bbox 890 4377 944 4425; x_wconf 88' lang='grc' dir='ltr'>ιι,</span> <span class='ocrx_word' id='word_1_417' title='bbox 989 4363 1098 4432; x_wconf 93' lang='lat'>22).</span> <span class='ocrx_word' id='word_1_418' title='bbox 1143 4383 1170 4408; x_wconf 85' lang='lat'><strong>»</strong></span> <span class='ocrx_word' id='word_1_419' title='bbox 1217 4361 1385 4416; x_wconf 83' lang='lat' dir='ltr'>Recte</span> <span class='ocrx_word' id='word_1_420' title='bbox 1426 4361 1604 4432; x_wconf 88' lang='lat' dir='ltr'>igitur</span> <span class='ocrx_word' id='word_1_421' title='bbox 1647 4362 1868 4416; x_wconf 79' lang='lat' dir='ltr'>tacebat</span> <span class='ocrx_word' id='word_1_422' title='bbox 1913 4364 1970 4416; x_wconf 93' lang='lat' dir='ltr'>in</span> <span class='ocrx_word' id='word_1_423' title='bbox 2022 4365 2220 4418; x_wconf 90' lang='lat' dir='ltr'>mortis</span> 
     </span>
    </p>
   </div>
   <div class='ocr_carea' id='block_1_62' title="bbox 2310 1837 3866 1918">
    <p class='ocr_par' dir='ltr' id='par_1_62' title="bbox 2310 1837 3866 1918">
     <span class='ocr_line' id='line_1_62' title="bbox 2310 1837 3866 1918; baseline -0.008 -18"><span class='ocrx_word' id='word_1_424' title='bbox 2310 1850 2534 1918; x_wconf 86' lang='lat' dir='ltr'>sperat,</span> <span class='ocrx_word' id='word_1_425' title='bbox 2601 1847 2659 1898; x_wconf 86' lang='lat' dir='ltr'>et</span> <span class='ocrx_word' id='word_1_426' title='bbox 2723 1860 2882 1915; x_wconf 89' lang='lat' dir='ltr'>spem</span> <span class='ocrx_word' id='word_1_427' title='bbox 2945 1842 3135 1914; x_wconf 90' lang='lat' dir='ltr'>adjicit</span> <span class='ocrx_word' id='word_1_428' title='bbox 3196 1843 3336 1913; x_wconf 91' lang='lat' dir='ltr'>spei.</span> <span class='ocrx_word' id='word_1_429' title='bbox 3403 1839 3558 1905; x_wconf 86' lang='lat' dir='ltr'>Quod</span> <span class='ocrx_word' id='word_1_430' title='bbox 3618 1837 3866 1891; x_wconf 86' lang='lat' dir='ltr'>evidentius</span> 
     </span>
    </p>
   </div>
   <div class='ocr_carea' id='block_1_63' title="bbox 2312 1931 3871 2009">
    <p class='ocr_par' dir='ltr' id='par_1_63' title="bbox 2312 1931 3871 2009">
     <span class='ocr_line' id='line_1_63' title="bbox 2312 1931 3871 2009; baseline -0.008 -17"><span class='ocrx_word' id='word_1_431' title='bbox 2312 1937 2584 2009; x_wconf 86' lang='lat' dir='ltr'>expressit</span> <span class='ocrx_word' id='word_1_432' title='bbox 2618 1937 2804 1998; x_wconf 87' lang='lat' dir='ltr'>Isaias,</span> <span class='ocrx_word' id='word_1_433' title='bbox 2847 1936 3082 1990; x_wconf 90' lang='lat' dir='ltr'>dicens:</span> <span class='ocrx_word' id='word_1_434' title='bbox 3119 1957 3146 1983; x_wconf 85' lang='lat'><strong>«</strong></span> <span class='ocrx_word' id='word_1_435' title='bbox 3187 1933 3624 1988; x_wconf 86' lang='lat' dir='ltr'>Tribulatiouem</span> <span class='ocrx_word' id='word_1_436' title='bbox 3666 1931 3871 1999; x_wconf 83' lang='lat' dir='ltr'>exspecta</span> 
     </span>
    </p>
   </div>
   <div class='ocr_carea' id='block_1_64' title="bbox 2312 2019 3871 2102">
    <p class='ocr_par' dir='ltr' id='par_1_64' title="bbox 2312 2019 3871 2102">
     <span class='ocr_line' id='line_1_64' title="bbox 2312 2019 3871 2102; baseline -0.008 -16"><span class='ocrx_word' id='word_1_437' title='bbox 2312 2033 2440 2100; x_wconf 87' lang='lat'>(37),</span> <span class='ocrx_word' id='word_1_438' title='bbox 2498 2047 2655 2102; x_wconf 89' lang='lat' dir='ltr'>spem</span> <span class='ocrx_word' id='word_1_439' title='bbox 2719 2046 2889 2101; x_wconf 87' lang='lat' dir='ltr'>super</span> <span class='ocrx_word' id='word_1_440' title='bbox 2950 2045 3112 2100; x_wconf 87' lang='lat' dir='ltr'>spem</span> <span class='ocrx_word' id='word_1_441' title='bbox 3163 2029 3316 2099; x_wconf 82' lang='lat' dir='ltr'>(Isa.,</span> <span class='ocrx_word' id='word_1_442' title='bbox 3372 2043 3556 2094; x_wconf 80' lang='lat' dir='ltr'>xxvm,</span> <span class='ocrx_word' id='word_1_443' title='bbox 3611 2027 3704 2094; x_wconf 92' lang='grc'><strong>10).</strong></span> <span class='ocrx_word' id='word_1_444' title='bbox 3749 2045 3771 2071; x_wconf 84' lang='grc'><strong>››</strong></span> <span class='ocrx_word' id='word_1_445' title='bbox 3816 2019 3871 2075; x_wconf 77' lang='lat' dir='ltr'>Ad</span> 
     </span>
    </p>
   </div>
   <div class='ocr_carea' id='block_1_65' title="bbox 2311 2115 3872 2198">
    <p class='ocr_par' dir='ltr' id='par_1_65' title="bbox 2311 2115 3872 2198">
     <span class='ocr_line' id='line_1_65' title="bbox 2311 2115 3872 2198; baseline -0.01 -17"><span class='ocrx_word' id='word_1_446' title='bbox 2311 2127 2644 2198; x_wconf 85' lang='lat' dir='ltr'>perlaetatos</span> <span class='ocrx_word' id='word_1_447' title='bbox 2696 2127 2754 2178; x_wconf 90' lang='lat' dir='ltr'>et</span> <span class='ocrx_word' id='word_1_448' title='bbox 2803 2122 3076 2177; x_wconf 85' lang='lat' dir='ltr'>abductos</span> <span class='ocrx_word' id='word_1_449' title='bbox 3131 2122 3200 2176; x_wconf 89' lang='lat' dir='ltr'>ab</span> <span class='ocrx_word' id='word_1_450' title='bbox 3255 2120 3520 2175; x_wconf 89' lang='lat' dir='ltr'>uberibus</span> <span class='ocrx_word' id='word_1_451' title='bbox 3568 2115 3872 2187; x_wconf 81' lang='lat' dir='ltr'>loquebatur,</span> 
     </span>
    </p>
   </div>
   <div class='ocr_carea' id='block_1_66' title="bbox 2311 2213 3876 2288">
    <p class='ocr_par' dir='ltr' id='par_1_66' title="bbox 2311 2213 3876 2288">
     <span class='ocr_line' id='line_1_66' title="bbox 2311 2213 3876 2288; baseline -0.009 -14"><span class='ocrx_word' id='word_1_452' title='bbox 2311 2220 2416 2274; x_wconf 91' lang='lat' dir='ltr'>hoc</span> <span class='ocrx_word' id='word_1_453' title='bbox 2443 2224 2546 2288; x_wconf 88' lang='lat' dir='ltr'>est,</span> <span class='ocrx_word' id='word_1_454' title='bbox 2575 2218 2647 2273; x_wconf 92' lang='lat' dir='ltr'>ad</span> <span class='ocrx_word' id='word_1_455' title='bbox 2684 2235 2776 2272; x_wconf 91' lang='lat' dir='ltr'>eos</span> <span class='ocrx_word' id='word_1_456' title='bbox 2813 2217 2910 2287; x_wconf 93' lang='lat' dir='ltr'>qui</span> <span class='ocrx_word' id='word_1_457' title='bbox 2951 2216 3140 2286; x_wconf 87' lang='lat' dir='ltr'>prima</span> <span class='ocrx_word' id='word_1_458' title='bbox 3174 2215 3435 2268; x_wconf 64' lang='lat' dir='ltr'>infantiae</span> <span class='ocrx_word' id='word_1_459' title='bbox 3465 2213 3714 2267; x_wconf 87' lang='lat' dir='ltr'>alimenta</span> <span class='ocrx_word' id='word_1_460' title='bbox 3740 2215 3876 2262; x_wconf 81' lang='lat' dir='ltr'>trans-</span> 
     </span>
    </p>
   </div>
   <div class='ocr_carea' id='block_1_67' title="bbox 2312 2303 3874 2382">
    <p class='ocr_par' dir='ltr' id='par_1_67' title="bbox 2312 2303 3874 2382">
     <span class='ocr_line' id='line_1_67' title="bbox 2312 2303 3874 2382; baseline -0.009 -15"><span class='ocrx_word' id='word_1_461' title='bbox 2312 2314 2504 2380; x_wconf 85' lang='lat' dir='ltr'>issent,</span> <span class='ocrx_word' id='word_1_462' title='bbox 2560 2311 2686 2366; x_wconf 89' lang='lat' dir='ltr'>cibo</span> <span class='ocrx_word' id='word_1_463' title='bbox 2742 2311 2863 2382; x_wconf 89' lang='lat' dir='ltr'>jam</span> <span class='ocrx_word' id='word_1_464' title='bbox 2927 2309 3140 2363; x_wconf 90' lang='lat' dir='ltr'>habiles</span> <span class='ocrx_word' id='word_1_465' title='bbox 3201 2307 3445 2362; x_wconf 88' lang='lat' dir='ltr'>fortiori.</span> <span class='ocrx_word' id='word_1_466' title='bbox 3502 2304 3748 2375; x_wconf 86' lang='lat' dir='ltr'>Exemplo</span> <span class='ocrx_word' id='word_1_467' title='bbox 3800 2303 3874 2362; x_wconf 82' lang='lat' dir='ltr'>sit,</span> 
     </span>
    </p>
   </div>
   <div class='ocr_carea' id='block_1_68' title="bbox 2313 2394 3874 2477">
    <p class='ocr_par' dir='ltr' id='par_1_68' title="bbox 2313 2394 3874 2477">
     <span class='ocr_line' id='line_1_68' title="bbox 2313 2394 3874 2477; baseline -0.01 -16"><span class='ocrx_word' id='word_1_468' title='bbox 2313 2406 2465 2477; x_wconf 88' lang='lat' dir='ltr'>quod</span> <span class='ocrx_word' id='word_1_469' title='bbox 2506 2405 2816 2459; x_wconf 89' lang='lat' dir='ltr'>ablactatus</span> <span class='ocrx_word' id='word_1_470' title='bbox 2866 2405 3017 2458; x_wconf 89' lang='lat' dir='ltr'>Isaac</span> <span class='ocrx_word' id='word_1_471' title='bbox 3061 2401 3392 2473; x_wconf 86' lang='lat' dir='ltr'>patriarcha</span> <span class='ocrx_word' id='word_1_472' title='bbox 3434 2402 3621 2455; x_wconf 89' lang='lat' dir='ltr'>tantus</span> <span class='ocrx_word' id='word_1_473' title='bbox 3664 2394 3874 2460; x_wconf 86' lang='lat' dir='ltr'>evaserit,</span> 
     </span>
    </p>
   </div>
   <div class='ocr_carea' id='block_1_69' title="bbox 2312 2487 3875 2567">
    <p class='ocr_par' dir='ltr' id='par_1_69' title="bbox 2312 2487 3875 2567">
     <span class='ocr_line' id='line_1_69' title="bbox 2312 2487 3875 2567; baseline -0.01 -13"><span class='ocrx_word' id='word_1_474' title='bbox 2312 2503 2377 2554; x_wconf 87' lang='lat' dir='ltr'>ut</span> <span class='ocrx_word' id='word_1_475' title='bbox 2405 2499 2588 2553; x_wconf 88' lang='lat' dir='ltr'>adhuc</span> <span class='ocrx_word' id='word_1_476' title='bbox 2617 2499 2768 2552; x_wconf 90' lang='lat' dir='ltr'>inter</span> <span class='ocrx_word' id='word_1_477' title='bbox 2799 2495 3128 2551; x_wconf 89' lang='lat' dir='ltr'>rudimenta</span> <span class='ocrx_word' id='word_1_478' title='bbox 3162 2495 3457 2567; x_wconf 62' lang='lat' dir='ltr'>primmvre</span> <span class='ocrx_word' id='word_1_479' title='bbox 3491 2493 3695 2564; x_wconf 91' lang='lat' dir='ltr'>positus</span> <span class='ocrx_word' id='word_1_480' title='bbox 3719 2487 3875 2549; x_wconf 65' lang='lat' dir='ltr'>astatis,</span> 
     </span>
    </p>
   </div>
   <div class='ocr_carea' id='block_1_70' title="bbox 2313 2585 3874 2664">
    <p class='ocr_par' dir='ltr' id='par_1_70' title="bbox 2313 2585 3874 2664">
     <span class='ocr_line' id='line_1_70' title="bbox 2313 2585 3874 2664; baseline -0.008 -18"><span class='ocrx_word' id='word_1_481' title='bbox 2313 2609 2677 2664; x_wconf 88' lang='lat' dir='ltr'>nequaquam</span> <span class='ocrx_word' id='word_1_482' title='bbox 2713 2597 2904 2646; x_wconf 89' lang='lat' dir='ltr'>tamen</span> <span class='ocrx_word' id='word_1_483' title='bbox 2940 2590 3198 2660; x_wconf 88' lang='lat' dir='ltr'>gladium</span> <span class='ocrx_word' id='word_1_484' title='bbox 3239 2588 3467 2645; x_wconf 84' lang='lat' dir='ltr'>ferituri</span> <span class='ocrx_word' id='word_1_485' title='bbox 3508 2585 3742 2658; x_wconf 84' lang='lat' dir='ltr'>parentis</span> <span class='ocrx_word' id='word_1_486' title='bbox 3777 2585 3874 2636; x_wconf 87' lang='lat' dir='ltr'>hor-</span> 
     </span>
    </p>
   </div>
   <div class='ocr_carea' id='block_1_71' title="bbox 2313 2676 3877 2755">
    <p class='ocr_par' dir='ltr' id='par_1_71' title="bbox 2313 2676 3877 2755">
     <span class='ocr_line' id='line_1_71' title="bbox 2313 2676 3877 2755; baseline -0.008 -15"><span class='ocrx_word' id='word_1_487' title='bbox 2313 2685 2496 2740; x_wconf 89' lang='lat' dir='ltr'>ruerit</span> <span class='ocrx_word' id='word_1_488' title='bbox 2541 2685 2714 2754; x_wconf 87' lang='lat' dir='ltr'>(Gen.,</span> <span class='ocrx_word' id='word_1_489' title='bbox 2762 2701 2891 2755; x_wconf 86' lang='lat' dir='ltr'>xxn,</span> <span class='ocrx_word' id='word_1_490' title='bbox 2944 2684 3047 2755; x_wconf 89' lang='grc'><strong>10).</strong></span> <span class='ocrx_word' id='word_1_491' title='bbox 3099 2683 3293 2738; x_wconf 85' lang='lat' dir='ltr'>Plures</span> <span class='ocrx_word' id='word_1_492' title='bbox 3340 2683 3480 2737; x_wconf 84' lang='lat' dir='ltr'>ﬁlios</span> <span class='ocrx_word' id='word_1_493' title='bbox 3523 2678 3706 2735; x_wconf 89' lang='lat' dir='ltr'>habuit</span> <span class='ocrx_word' id='word_1_494' title='bbox 3744 2676 3877 2731; x_wconf 81' lang='lat' dir='ltr'>Abra-</span> 
     </span>
    </p>
   </div>
   <div class='ocr_carea' id='block_1_72' title="bbox 2312 2769 3878 2846">
    <p class='ocr_par' dir='ltr' id='par_1_72' title="bbox 2312 2769 3878 2846">
     <span class='ocr_line' id='line_1_72' title="bbox 2312 2769 3878 2846; baseline -0.008 -12"><span class='ocrx_word' id='word_1_495' title='bbox 2312 2780 2468 2846; x_wconf 90' lang='lat' dir='ltr'>ham,</span> <span class='ocrx_word' id='word_1_496' title='bbox 2527 2779 2746 2833; x_wconf 90' lang='lat' dir='ltr'>nullum</span> <span class='ocrx_word' id='word_1_497' title='bbox 2797 2777 3101 2832; x_wconf 89' lang='lat' dir='ltr'>ablactavit</span> <span class='ocrx_word' id='word_1_498' title='bbox 3151 2777 3361 2844; x_wconf 89' lang='lat' dir='ltr'>alium,</span> <span class='ocrx_word' id='word_1_499' title='bbox 3412 2777 3505 2830; x_wconf 91' lang='lat' dir='ltr'>sed</span> <span class='ocrx_word' id='word_1_500' title='bbox 3557 2775 3610 2828; x_wconf 92' lang='lat' dir='ltr'>in</span> <span class='ocrx_word' id='word_1_501' title='bbox 3657 2773 3746 2826; x_wconf 90' lang='lat' dir='ltr'>hoc</span> <span class='ocrx_word' id='word_1_502' title='bbox 3790 2769 3878 2822; x_wconf 89' lang='lat' dir='ltr'>solo</span> 
     </span>
    </p>
   </div>
   <div class='ocr_carea' id='block_1_73' title="bbox 2312 2861 3880 2942">
    <p class='ocr_par' dir='ltr' id='par_1_73' title="bbox 2312 2861 3880 2942">
     <span class='ocr_line' id='line_1_73' title="bbox 2312 2861 3880 2942; baseline -0.008 -15"><span class='ocrx_word' id='word_1_503' title='bbox 2312 2873 2510 2927; x_wconf 86' lang='lat' dir='ltr'>fecisse</span> <span class='ocrx_word' id='word_1_504' title='bbox 2549 2873 2762 2942; x_wconf 89' lang='lat' dir='ltr'>legitur</span> <span class='ocrx_word' id='word_1_505' title='bbox 2801 2872 3033 2942; x_wconf 88' lang='lat' dir='ltr'>epulum</span> <span class='ocrx_word' id='word_1_506' title='bbox 3072 2885 3354 2941; x_wconf 89' lang='lat' dir='ltr'>magnum</span> <span class='ocrx_word' id='word_1_507' title='bbox 3395 2870 3564 2940; x_wconf 67' lang='lat' dir='ltr'>(Gem,</span> <span class='ocrx_word' id='word_1_508' title='bbox 3599 2882 3705 2934; x_wconf 76' lang='lat' dir='ltr'>xxi,</span> <span class='ocrx_word' id='word_1_509' title='bbox 3740 2864 3802 2931; x_wconf 89' lang='lat'>8).</span> <span class='ocrx_word' id='word_1_510' title='bbox 3833 2861 3880 2913; x_wconf 79' lang='lat' dir='ltr'>Et</span> 
     </span>
    </p>
   </div>
   <div class='ocr_carea' id='block_1_74' title="bbox 2312 2960 3881 3037">
    <p class='ocr_par' dir='ltr' id='par_1_74' title="bbox 2312 2960 3881 3037">
     <span class='ocr_line' id='line_1_74' title="bbox 2312 2960 3881 3037; baseline -0.009 -17"><span class='ocrx_word' id='word_1_511' title='bbox 2312 2967 2457 3020; x_wconf 90' lang='lat' dir='ltr'>bene</span> <span class='ocrx_word' id='word_1_512' title='bbox 2500 2981 2777 3037; x_wconf 89' lang='lat' dir='ltr'>magnum</span> <span class='ocrx_word' id='word_1_513' title='bbox 2817 2965 3048 3036; x_wconf 90' lang='lat' dir='ltr'>epulum</span> <span class='ocrx_word' id='word_1_514' title='bbox 3087 2963 3383 3035; x_wconf 88' lang='lat' dir='ltr'>Scriptura</span> <span class='ocrx_word' id='word_1_515' title='bbox 3422 2963 3577 3029; x_wconf 84' lang='lat' dir='ltr'>dixit,</span> <span class='ocrx_word' id='word_1_516' title='bbox 3606 2960 3726 3032; x_wconf 85' lang='lat' dir='ltr'>quia</span> <span class='ocrx_word' id='word_1_517' title='bbox 3755 2961 3881 3026; x_wconf 60' lang='lat' dir='ltr'>tyrias</span> 
     </span>
    </p>
   </div>
   <div class='ocr_carea' id='block_1_75' title="bbox 2313 3054 3879 3129">
    <p class='ocr_par' dir='ltr' id='par_1_75' title="bbox 2313 3054 3879 3129">
     <span class='ocr_line' id='line_1_75' title="bbox 2313 3054 3879 3129; baseline -0.008 -16"><span class='ocrx_word' id='word_1_518' title='bbox 2313 3062 2433 3114; x_wconf 90' lang='lat' dir='ltr'>erat</span> <span class='ocrx_word' id='word_1_519' title='bbox 2478 3059 2600 3129; x_wconf 89' lang='lat' dir='ltr'>ejus</span> <span class='ocrx_word' id='word_1_520' title='bbox 2649 3074 2821 3128; x_wconf 90' lang='lat' dir='ltr'>quem</span> <span class='ocrx_word' id='word_1_521' title='bbox 2875 3073 3099 3128; x_wconf 89' lang='lat' dir='ltr'>semper</span> <span class='ocrx_word' id='word_1_522' title='bbox 3146 3056 3460 3128; x_wconf 89' lang='lat' dir='ltr'>epulantur</span> <span class='ocrx_word' id='word_1_523' title='bbox 3505 3054 3665 3110; x_wconf 87' lang='lat' dir='ltr'>corda</span> <span class='ocrx_word' id='word_1_524' title='bbox 3707 3054 3879 3105; x_wconf 90' lang='lat' dir='ltr'>sancto-</span> 
     </span>
    </p>
   </div>
   <div class='ocr_carea' id='block_1_76' title="bbox 2314 3168 2469 3206">
    <p class='ocr_par' dir='ltr' id='par_1_76' title="bbox 2314 3168 2469 3206">
     <span class='ocr_line' id='line_1_76' title="bbox 2314 3168 2469 3206; baseline 0 0"><span class='ocrx_word' id='word_1_525' title='bbox 2314 3168 2469 3206; x_wconf 88' lang='lat' dir='ltr'>rum.</span> 
     </span>
    </p>
   </div>
   <div class='ocr_carea' id='block_1_77' title="bbox 2385 3239 3877 3315">
    <p class='ocr_par' dir='ltr' id='par_1_77' title="bbox 2385 3239 3877 3315">
     <span class='ocr_line' id='line_1_77' title="bbox 2385 3239 3877 3315; baseline -0.006 -15"><span class='ocrx_word' id='word_1_526' title='bbox 2385 3249 2473 3300; x_wconf 84' lang='lat'>22.</span> <span class='ocrx_word' id='word_1_527' title='bbox 2517 3245 2689 3314; x_wconf 88' lang='lat' dir='ltr'>(Vers.</span> <span class='ocrx_word' id='word_1_528' title='bbox 2736 3245 2880 3315; x_wconf 79' lang='grc'><strong>148.)</strong></span> <span class='ocrx_word' id='word_1_529' title='bbox 2920 3244 3186 3314; x_wconf 90' lang='lat' dir='ltr'>Sequitur</span> <span class='ocrx_word' id='word_1_530' title='bbox 3225 3259 3428 3298; x_wconf 90' lang='lat' dir='ltr'>versus</span> <span class='ocrx_word' id='word_1_531' title='bbox 3467 3245 3690 3314; x_wconf 88' lang='lat' dir='ltr'>quartus</span> <span class='ocrx_word' id='word_1_532' title='bbox 3727 3255 3738 3291; x_wconf 90' lang='lat'><strong>:</strong></span> <span class='ocrx_word' id='word_1_533' title='bbox 3772 3239 3877 3291; x_wconf 62' lang='lat' dir='ltr'>Prw-</span> 
     </span>
    </p>
   </div>
   <div class='ocr_carea' id='block_1_78' title="bbox 2312 3330 3880 3397">
    <p class='ocr_par' dir='ltr' id='par_1_78' title="bbox 2312 3330 3880 3397">
     <span class='ocr_line' id='line_1_78' title="bbox 2312 3330 3880 3397; baseline -0.008 -3"><span class='ocrx_word' id='word_1_534' title='bbox 2312 3345 2576 3394; x_wconf 77' lang='lat' dir='ltr'>venerunt</span> <span class='ocrx_word' id='word_1_535' title='bbox 2605 3339 2744 3392; x_wconf 84' lang='lat' dir='ltr'>oculi</span> <span class='ocrx_word' id='word_1_536' title='bbox 2775 3339 2881 3393; x_wconf 86' lang='lat' dir='ltr'>mei</span> <span class='ocrx_word' id='word_1_537' title='bbox 2911 3352 3069 3392; x_wconf 77' lang='lat' dir='ltr'>mane</span> <span class='ocrx_word' id='word_1_538' title='bbox 3098 3337 3367 3394; x_wconf 82' lang='lat' dir='ltr'>meditari</span> <span class='ocrx_word' id='word_1_539' title='bbox 3403 3337 3562 3390; x_wconf 77' lang='lat' dir='ltr'>verba</span> <span class='ocrx_word' id='word_1_540' title='bbox 3606 3340 3712 3388; x_wconf 83' lang='lat' dir='ltr'>tua.</span> <span class='ocrx_word' id='word_1_541' title='bbox 3742 3330 3880 3397; x_wconf 82' lang='lat' dir='ltr'>Supra</span> 
     </span>
    </p>
   </div>
   <div class='ocr_carea' id='block_1_79' title="bbox 2315 3418 3879 3504">
    <p class='ocr_par' dir='ltr' id='par_1_79' title="bbox 2315 3418 3879 3504">
     <span class='ocr_line' id='line_1_79' title="bbox 2315 3418 3879 3504; baseline -0.007 -18"><span class='ocrx_word' id='word_1_542' title='bbox 2315 3432 2468 3502; x_wconf 78' lang='lat' dir='ltr'>(vers.</span> <span class='ocrx_word' id='word_1_543' title='bbox 2525 3433 2644 3498; x_wconf 79' lang='grc'><strong>147)</strong></span> <span class='ocrx_word' id='word_1_544' title='bbox 2697 3418 2776 3485; x_wconf 76' lang='lat' dir='ltr'>ait</span> <span class='ocrx_word' id='word_1_545' title='bbox 2827 3449 2839 3485; x_wconf 92' lang='lat'>:</span> <span class='ocrx_word' id='word_1_546' title='bbox 2887 3432 3133 3486; x_wconf 64' lang='lat' dir='ltr'>Przveni</span> <span class='ocrx_word' id='word_1_547' title='bbox 3177 3438 3224 3486; x_wconf 77' lang='grc' dir='ltr'>ἐν</span> <span class='ocrx_word' id='word_1_548' title='bbox 3278 3437 3453 3504; x_wconf 55' lang='lat' dir='ltr'>impia,</span> <span class='ocrx_word' id='word_1_549' title='bbox 3505 3430 3607 3484; x_wconf 92' lang='lat' dir='ltr'>hoc</span> <span class='ocrx_word' id='word_1_550' title='bbox 3655 3431 3745 3493; x_wconf 91' lang='lat' dir='ltr'>est,</span> <span class='ocrx_word' id='word_1_551' title='bbox 3788 3425 3879 3475; x_wconf 76' lang='lat' dir='ltr'>ante</span> 
     </span>
    </p>
   </div>
   <div class='ocr_carea' id='block_1_80' title="bbox 2315 3512 3879 3595">
    <p class='ocr_par' dir='ltr' id='par_1_80' title="bbox 2315 3512 3879 3595">
     <span class='ocr_line' id='line_1_80' title="bbox 2315 3512 3879 3595; baseline -0.008 -15"><span class='ocrx_word' id='word_1_552' title='bbox 2315 3526 2500 3593; x_wconf 89' lang='lat' dir='ltr'>horas,</span> <span class='ocrx_word' id='word_1_553' title='bbox 2549 3529 2682 3580; x_wconf 91' lang='lat' dir='ltr'>ante</span> <span class='ocrx_word' id='word_1_554' title='bbox 2733 3528 2986 3595; x_wconf 91' lang='lat' dir='ltr'>tempus;</span> <span class='ocrx_word' id='word_1_555' title='bbox 3033 3524 3124 3578; x_wconf 87' lang='lat' dir='ltr'>hic</span> <span class='ocrx_word' id='word_1_556' title='bbox 3174 3524 3272 3590; x_wconf 89' lang='lat' dir='ltr'>ait,</span> <span class='ocrx_word' id='word_1_557' title='bbox 3323 3539 3513 3590; x_wconf 87' lang='lat' dir='ltr'>mane;</span> <span class='ocrx_word' id='word_1_558' title='bbox 3558 3519 3700 3576; x_wconf 89' lang='lat' dir='ltr'>aliud</span> <span class='ocrx_word' id='word_1_559' title='bbox 3746 3512 3879 3585; x_wconf 83' lang='lat' dir='ltr'>signi-</span> 
     </span>
    </p>
   </div>
   <div class='ocr_carea' id='block_1_81' title="bbox 2316 3605 3883 3689">
    <p class='ocr_par' dir='ltr' id='par_1_81' title="bbox 2316 3605 3883 3689">
     <span class='ocr_line' id='line_1_81' title="bbox 2316 3605 3883 3689; baseline -0.01 -15"><span class='ocrx_word' id='word_1_560' title='bbox 2316 3619 2489 3674; x_wconf 86' lang='lat' dir='ltr'>ﬁcans</span> <span class='ocrx_word' id='word_1_561' title='bbox 2515 3624 2738 3689; x_wconf 88' lang='lat' dir='ltr'>tempus</span> <span class='ocrx_word' id='word_1_562' title='bbox 2770 3619 2968 3673; x_wconf 90' lang='lat' dir='ltr'>orandi</span> <span class='ocrx_word' id='word_1_563' title='bbox 2996 3621 3166 3688; x_wconf 89' lang='lat' dir='ltr'>atque</span> <span class='ocrx_word' id='word_1_564' title='bbox 3193 3617 3468 3688; x_wconf 90' lang='lat' dir='ltr'>psallendi</span> <span class='ocrx_word' id='word_1_565' title='bbox 3498 3613 3742 3678; x_wconf 91' lang='lat' dir='ltr'>Domino,</span> <span class='ocrx_word' id='word_1_566' title='bbox 3766 3611 3816 3661; x_wconf 89' lang='lat' dir='ltr'>nt</span> <span class='ocrx_word' id='word_1_567' title='bbox 3834 3605 3883 3657; x_wconf 79' lang='lat' dir='ltr'>sit</span> 
     </span>
    </p>
   </div>
   <div class='ocr_carea' id='block_1_82' title="bbox 2318 3710 3880 3784">
    <p class='ocr_par' dir='ltr' id='par_1_82' title="bbox 2318 3710 3880 3784">
     <span class='ocr_line' id='line_1_82' title="bbox 2318 3710 3880 3784; baseline -0.006 -18"><span class='ocrx_word' id='word_1_568' title='bbox 2318 3712 2450 3767; x_wconf 91' lang='lat' dir='ltr'>illud</span> <span class='ocrx_word' id='word_1_569' title='bbox 2481 3712 2658 3784; x_wconf 88' lang='lat' dir='ltr'>prius,</span> <span class='ocrx_word' id='word_1_570' title='bbox 2688 3710 3006 3766; x_wconf 90' lang='lat' dir='ltr'>secundum</span> <span class='ocrx_word' id='word_1_571' title='bbox 3033 3711 3186 3782; x_wconf 90' lang='lat' dir='ltr'>quod</span> <span class='ocrx_word' id='word_1_572' title='bbox 3211 3711 3293 3766; x_wconf 86' lang='lat' dir='ltr'>ait</span> <span class='ocrx_word' id='word_1_573' title='bbox 3325 3728 3338 3765; x_wconf 90' lang='lat'><strong>:</strong></span> <span class='ocrx_word' id='word_1_574' title='bbox 3365 3711 3549 3767; x_wconf 84' lang='lat' dir='ltr'>Media</span> <span class='ocrx_word' id='word_1_575' title='bbox 3578 3712 3717 3762; x_wconf 86' lang='lat' dir='ltr'>nocte</span> <span class='ocrx_word' id='word_1_576' title='bbox 3737 3713 3880 3767; x_wconf 64' lang='lat' dir='ltr'>surge-</span> 
     </span>
    </p>
   </div>
   <div class='ocr_carea' id='block_1_83' title="bbox 2319 3796 3880 3876">
    <p class='ocr_par' dir='ltr' id='par_1_83' title="bbox 2319 3796 3880 3876">
     <span class='ocr_line' id='line_1_83' title="bbox 2319 3796 3880 3876; baseline -0.008 -17"><span class='ocrx_word' id='word_1_577' title='bbox 2319 3807 2440 3860; x_wconf 76' lang='lat' dir='ltr'>bam</span> <span class='ocrx_word' id='word_1_578' title='bbox 2476 3806 2669 3876; x_wconf 57' lang='grc' dir='ltr'>(ευριπ,</span> <span class='ocrx_word' id='word_1_579' title='bbox 2699 3819 2837 3859; x_wconf 81' lang='lat' dir='ltr'>vers.</span> <span class='ocrx_word' id='word_1_580' title='bbox 2869 3807 2984 3875; x_wconf 89' lang='lat'>62);</span> <span class='ocrx_word' id='word_1_581' title='bbox 3019 3803 3124 3857; x_wconf 91' lang='lat' dir='ltr'>hoc</span> <span class='ocrx_word' id='word_1_582' title='bbox 3154 3809 3349 3858; x_wconf 88' lang='lat' dir='ltr'>autem</span> <span class='ocrx_word' id='word_1_583' title='bbox 3382 3804 3543 3874; x_wconf 86' lang='lat' dir='ltr'>juxta</span> <span class='ocrx_word' id='word_1_584' title='bbox 3581 3799 3709 3854; x_wconf 91' lang='lat' dir='ltr'>illud</span> <span class='ocrx_word' id='word_1_585' title='bbox 3737 3813 3748 3849; x_wconf 93' lang='lat'>:</span> <span class='ocrx_word' id='word_1_586' title='bbox 3777 3796 3880 3848; x_wconf 57' lang='lat' dir='ltr'>Pre-</span> 
     </span>
    </p>
   </div>
   <div class='ocr_carea' id='block_1_84' title="bbox 2315 3891 3884 3968">
    <p class='ocr_par' dir='ltr' id='par_1_84' title="bbox 2315 3891 3884 3968">
     <span class='ocr_line' id='line_1_84' title="bbox 2315 3891 3884 3968; baseline -0.01 -15"><span class='ocrx_word' id='word_1_587' title='bbox 2315 3901 2440 3953; x_wconf 76' lang='lat' dir='ltr'>rem&#39;</span> <span class='ocrx_word' id='word_1_588' title='bbox 2474 3901 2729 3953; x_wconf 77' lang='lat' dir='ltr'>orientem</span> <span class='ocrx_word' id='word_1_589' title='bbox 2768 3899 2958 3962; x_wconf 85' lang='lat' dir='ltr'>solem;</span> <span class='ocrx_word' id='word_1_590' title='bbox 2989 3913 3156 3968; x_wconf 87' lang='lat' dir='ltr'>grave</span> <span class='ocrx_word' id='word_1_591' title='bbox 3196 3900 3282 3951; x_wconf 91' lang='lat' dir='ltr'>est</span> <span class='ocrx_word' id='word_1_592' title='bbox 3314 3898 3494 3964; x_wconf 90' lang='lat' dir='ltr'>enim,</span> <span class='ocrx_word' id='word_1_593' title='bbox 3529 3896 3572 3949; x_wconf 90' lang='lat' dir='ltr'>si</span> <span class='ocrx_word' id='word_1_594' title='bbox 3601 3899 3654 3948; x_wconf 90' lang='lat' dir='ltr'>te</span> <span class='ocrx_word' id='word_1_595' title='bbox 3689 3891 3884 3945; x_wconf 87' lang='lat' dir='ltr'>otiosum</span> 
     </span>
    </p>
   </div>
   <div class='ocr_carea' id='block_1_85' title="bbox 2318 3978 3886 4053">
    <p class='ocr_par' dir='ltr' id='par_1_85' title="bbox 2318 3978 3886 4053">
     <span class='ocr_line' id='line_1_85' title="bbox 2318 3978 3886 4053; baseline -0.004 -8"><span class='ocrx_word' id='word_1_596' title='bbox 2318 3992 2376 4045; x_wconf 93' lang='lat' dir='ltr'>in</span> <span class='ocrx_word' id='word_1_597' title='bbox 2413 3991 2602 4045; x_wconf 90' lang='lat' dir='ltr'>stratis</span> <span class='ocrx_word' id='word_1_598' title='bbox 2638 3990 2827 4044; x_wconf 90' lang='lat' dir='ltr'>radius</span> <span class='ocrx_word' id='word_1_599' title='bbox 2863 3990 2996 4044; x_wconf 89' lang='lat' dir='ltr'>solis</span> <span class='ocrx_word' id='word_1_600' title='bbox 3029 3990 3263 4044; x_wconf 89' lang='lat' dir='ltr'>orientis</span> <span class='ocrx_word' id='word_1_601' title='bbox 3301 3985 3680 4044; x_wconf 83' lang='lat' dir='ltr'>inverecunde</span> <span class='ocrx_word' id='word_1_602' title='bbox 3717 3978 3886 4053; x_wconf 64' lang='lat' dir='ltr'>pudore</span> 
     </span>
    </p>
   </div>
   <div class='ocr_carea' id='block_1_86' title="bbox 2319 4073 3889 4152">
    <p class='ocr_par' dir='ltr' id='par_1_86' title="bbox 2319 4073 3889 4152">
     <span class='ocr_line' id='line_1_86' title="bbox 2319 4073 3889 4152; baseline -0.011 -12"><span class='ocrx_word' id='word_1_603' title='bbox 2319 4085 2632 4152; x_wconf 87' lang='lat' dir='ltr'>conveniat,</span> <span class='ocrx_word' id='word_1_604' title='bbox 2679 4087 2734 4137; x_wconf 94' lang='lat' dir='ltr'>et</span> <span class='ocrx_word' id='word_1_605' title='bbox 2781 4084 2874 4137; x_wconf 87' lang='lat' dir='ltr'>lux</span> <span class='ocrx_word' id='word_1_606' title='bbox 2923 4084 3076 4136; x_wconf 88' lang='lat' dir='ltr'>clara</span> <span class='ocrx_word' id='word_1_607' title='bbox 3124 4082 3294 4137; x_wconf 87' lang='lat' dir='ltr'>feriat</span> <span class='ocrx_word' id='word_1_608' title='bbox 3346 4082 3544 4137; x_wconf 91' lang='lat' dir='ltr'>oculos</span> <span class='ocrx_word' id='word_1_609' title='bbox 3595 4073 3889 4134; x_wconf 85' lang='lat' dir='ltr'>somnolento</span> 
     </span>
    </p>
   </div>
   <div class='ocr_carea' id='block_1_87' title="bbox 2317 4161 3888 4247">
    <p class='ocr_par' dir='ltr' id='par_1_87' title="bbox 2317 4161 3888 4247">
     <span class='ocr_line' id='line_1_87' title="bbox 2317 4161 3888 4247; baseline -0.008 -15"><span class='ocrx_word' id='word_1_610' title='bbox 2317 4179 2504 4232; x_wconf 90' lang='lat' dir='ltr'>adhuc</span> <span class='ocrx_word' id='word_1_611' title='bbox 2533 4183 2758 4247; x_wconf 88' lang='lat' dir='ltr'>torpore</span> <span class='ocrx_word' id='word_1_612' title='bbox 2787 4176 3104 4247; x_wconf 89' lang='lat' dir='ltr'>depressos.</span> <span class='ocrx_word' id='word_1_613' title='bbox 3134 4176 3341 4245; x_wconf 76' lang='lat' dir='ltr'>Arguit</span> <span class='ocrx_word' id='word_1_614' title='bbox 3377 4191 3479 4229; x_wconf 88' lang='lat' dir='ltr'>nos</span> <span class='ocrx_word' id='word_1_615' title='bbox 3507 4173 3641 4228; x_wconf 90' lang='lat' dir='ltr'>tanti</span> <span class='ocrx_word' id='word_1_616' title='bbox 3671 4161 3888 4235; x_wconf 72' lang='lat' dir='ltr'>temporis</span> 
     </span>
    </p>
   </div>
   <div class='ocr_carea' id='block_1_88' title="bbox 2319 4252 3886 4342">
    <p class='ocr_par' dir='ltr' id='par_1_88' title="bbox 2319 4252 3886 4342">
     <span class='ocr_line' id='line_1_88' title="bbox 2319 4252 3886 4342; baseline -0.011 -17"><span class='ocrx_word' id='word_1_617' title='bbox 2319 4271 2566 4342; x_wconf 86' lang='lat' dir='ltr'>spatium</span> <span class='ocrx_word' id='word_1_618' title='bbox 2601 4271 2722 4324; x_wconf 91' lang='lat' dir='ltr'>sine</span> <span class='ocrx_word' id='word_1_619' title='bbox 2759 4270 2909 4324; x_wconf 90' lang='lat' dir='ltr'>illius</span> <span class='ocrx_word' id='word_1_620' title='bbox 2944 4268 3259 4324; x_wconf 90' lang='lat' dir='ltr'>devotionis</span> <span class='ocrx_word' id='word_1_621' title='bbox 3301 4285 3560 4336; x_wconf 89' lang='lat' dir='ltr'>munere,</span> <span class='ocrx_word' id='word_1_622' title='bbox 3592 4283 3652 4319; x_wconf 91' lang='lat' dir='ltr'>ac</span> <span class='ocrx_word' id='word_1_623' title='bbox 3686 4252 3886 4316; x_wconf 81' lang='lat' dir='ltr'>sacrificii</span> 
     </span>
    </p>
   </div>
   <div class='ocr_carea' id='block_1_89' title="bbox 2319 4353 3886 4435">
    <p class='ocr_par' dir='ltr' id='par_1_89' title="bbox 2319 4353 3886 4435">
     <span class='ocr_line' id='line_1_89' title="bbox 2319 4353 3886 4435; baseline -0.008 -17"><span class='ocrx_word' id='word_1_624' title='bbox 2319 4364 2588 4435; x_wconf 89' lang='lat' dir='ltr'>spiritalis</span> <span class='ocrx_word' id='word_1_625' title='bbox 2625 4363 2925 4432; x_wconf 88' lang='lat' dir='ltr'>oblatione,</span> <span class='ocrx_word' id='word_1_626' title='bbox 2960 4361 3161 4416; x_wconf 88' lang='lat' dir='ltr'>feriata</span> <span class='ocrx_word' id='word_1_627' title='bbox 3202 4367 3367 4416; x_wconf 90' lang='lat' dir='ltr'>nocte</span> <span class='ocrx_word' id='word_1_628' title='bbox 3406 4360 3795 4416; x_wconf 89' lang='lat' dir='ltr'>transmissum.</span> <span class='ocrx_word' id='word_1_629' title='bbox 3828 4353 3886 4402; x_wconf 79' lang='lat' dir='ltr'>AD</span> 
     </span>
    </p>
   </div>
   <div class='ocr_carea' id='block_1_90' title="bbox 593 4440 3891 4529">
    <p class='ocr_par' dir='ltr' id='par_1_90' title="bbox 593 4440 3891 4529">
     <span class='ocr_line' id='line_1_90' title="bbox 593 4440 3891 4529; baseline -0.005 -18"><span class='ocrx_word' id='word_1_630' title='bbox 593 4456 844 4527; x_wconf 89' lang='lat' dir='ltr'>periculo</span> <span class='ocrx_word' id='word_1_631' title='bbox 872 4455 1230 4522; x_wconf 86' lang='lat' dir='ltr'>constitutus,</span> <span class='ocrx_word' id='word_1_632' title='bbox 1259 4455 1354 4526; x_wconf 91' lang='lat' dir='ltr'>qui</span> <span class='ocrx_word' id='word_1_633' title='bbox 1385 4455 1582 4510; x_wconf 88' lang='lat' dir='ltr'>mortis</span> <span class='ocrx_word' id='word_1_634' title='bbox 1607 4455 1864 4511; x_wconf 87' lang='lat' dir='ltr'>aculeum</span> <span class='ocrx_word' id='word_1_635' title='bbox 1894 4472 2010 4510; x_wconf 90' lang='lat' dir='ltr'>non</span> <span class='ocrx_word' id='word_1_636' title='bbox 2048 4456 2213 4510; x_wconf 90' lang='lat' dir='ltr'>time-</span> <span class='ocrx_word' id='word_1_637' title='bbox 2237 4459 2296 4529; x_wconf 86' lang='lat' dir='ltr'><strong>D</strong></span> <span class='ocrx_word' id='word_1_638' title='bbox 2319 4457 2518 4525; x_wconf 91' lang='lat' dir='ltr'>nescis,</span> <span class='ocrx_word' id='word_1_639' title='bbox 2553 4475 2585 4512; x_wconf 96' lang='lat' dir='ltr'>o</span> <span class='ocrx_word' id='word_1_640' title='bbox 2624 4457 2817 4525; x_wconf 90' lang='lat' dir='ltr'>homo,</span> <span class='ocrx_word' id='word_1_641' title='bbox 2852 4455 3004 4527; x_wconf 91' lang='lat' dir='ltr'>quod</span> <span class='ocrx_word' id='word_1_642' title='bbox 3044 4454 3329 4526; x_wconf 89' lang='lat' dir='ltr'>primitias</span> <span class='ocrx_word' id='word_1_643' title='bbox 3359 4456 3444 4509; x_wconf 90' lang='lat' dir='ltr'>tui</span> <span class='ocrx_word' id='word_1_644' title='bbox 3482 4453 3663 4508; x_wconf 88' lang='lat' dir='ltr'>cordis</span> <span class='ocrx_word' id='word_1_645' title='bbox 3687 4464 3744 4503; x_wconf 87' lang='lat' dir='ltr'>ac</span> <span class='ocrx_word' id='word_1_646' title='bbox 3779 4440 3891 4496; x_wconf 75' lang='lat' dir='ltr'>vocis</span> 
     </span>
    </p>
   </div>
   <div class='ocr_carea' id='block_1_91' title="bbox 595 4549 713 4604">
    <p class='ocr_par' dir='ltr' id='par_1_91' title="bbox 595 4549 713 4604">
     <span class='ocr_line' id='line_1_91' title="bbox 595 4549 713 4604; baseline -0.025 0"><span class='ocrx_word' id='word_1_647' title='bbox 595 4549 713 4604; x_wconf 86' lang='lat' dir='ltr'>bat.</span> 
     </span>
    </p>
   </div>
   <div class='ocr_carea' id='block_1_92' title="bbox 666 4642 2215 4714">
    <p class='ocr_par' dir='ltr' id='par_1_92' title="bbox 666 4642 2215 4714">
     <span class='ocr_line' id='line_1_92' title="bbox 666 4642 2215 4714; baseline 0.002 -19"><span class='ocrx_word' id='word_1_648' title='bbox 666 4645 755 4696; x_wconf 91' lang='lat'>20.</span> <span class='ocrx_word' id='word_1_649' title='bbox 802 4644 862 4695; x_wconf 90' lang='lat' dir='ltr'>In</span> <span class='ocrx_word' id='word_1_650' title='bbox 905 4643 1086 4709; x_wconf 81' lang='lat' dir='ltr'>verba,</span> <span class='ocrx_word' id='word_1_651' title='bbox 1137 4642 1340 4714; x_wconf 88' lang='lat' dir='ltr'>inquit,</span> <span class='ocrx_word' id='word_1_652' title='bbox 1391 4649 1488 4697; x_wconf 86' lang='lat' dir='ltr'>tua</span> <span class='ocrx_word' id='word_1_653' title='bbox 1527 4645 1760 4714; x_wconf 77' lang='lat' dir='ltr'>speravi.</span> <span class='ocrx_word' id='word_1_654' title='bbox 1807 4644 2032 4698; x_wconf 83' lang='lat' dir='ltr'>Graecus</span> <span class='ocrx_word' id='word_1_655' title='bbox 2075 4650 2215 4708; x_wconf 79' lang='grc' dir='ltr'><strong>ἐπήλ-</strong></span> 
     </span>
    </p>
   </div>
   <div class='ocr_carea' id='block_1_93' title="bbox 593 4734 2217 4809">
    <p class='ocr_par' dir='ltr' id='par_1_93' title="bbox 593 4734 2217 4809">
     <span class='ocr_line' id='line_1_93' title="bbox 593 4734 2217 4809; baseline 0.001 -20"><span class='ocrx_word' id='word_1_656' title='bbox 593 4757 712 4790; x_wconf 83' lang='grc' dir='ltr'>πισα</span> <span class='ocrx_word' id='word_1_657' title='bbox 736 4734 891 4801; x_wconf 86' lang='lat' dir='ltr'>dixit,</span> <span class='ocrx_word' id='word_1_658' title='bbox 921 4734 1075 4805; x_wconf 91' lang='lat' dir='ltr'>quod</span> <span class='ocrx_word' id='word_1_659' title='bbox 1103 4739 1188 4790; x_wconf 89' lang='lat' dir='ltr'>est</span> <span class='ocrx_word' id='word_1_660' title='bbox 1216 4734 1288 4788; x_wconf 89' lang='lat' dir='ltr'>ad</span> <span class='ocrx_word' id='word_1_661' title='bbox 1316 4736 1662 4807; x_wconf 88' lang='lat' dir='ltr'>sperandum</span> <span class='ocrx_word' id='word_1_662' title='bbox 1691 4752 1920 4809; x_wconf 90' lang='lat' dir='ltr'>semper</span> <span class='ocrx_word' id='word_1_663' title='bbox 1945 4752 2217 4805; x_wconf 90' lang='lat' dir='ltr'>crescere,</span> 
     </span>
    </p>
   </div>
   <div class='ocr_carea' id='block_1_94' title="bbox 595 4827 2218 4902">
    <p class='ocr_par' dir='ltr' id='par_1_94' title="bbox 595 4827 2218 4902">
     <span class='ocr_line' id='line_1_94' title="bbox 595 4827 2218 4902; baseline 0.002 -21"><span class='ocrx_word' id='word_1_664' title='bbox 595 4832 653 4881; x_wconf 91' lang='lat' dir='ltr'>et</span> <span class='ocrx_word' id='word_1_665' title='bbox 706 4843 864 4899; x_wconf 90' lang='lat' dir='ltr'>spem</span> <span class='ocrx_word' id='word_1_666' title='bbox 917 4828 1036 4898; x_wconf 89' lang='lat' dir='ltr'>spei</span> <span class='ocrx_word' id='word_1_667' title='bbox 1091 4827 1422 4900; x_wconf 89' lang='lat' dir='ltr'>adjungere.</span> <span class='ocrx_word' id='word_1_668' title='bbox 1479 4831 1666 4884; x_wconf 82' lang='lat' dir='ltr'>Justus</span> <span class='ocrx_word' id='word_1_669' title='bbox 1718 4845 1944 4902; x_wconf 85' lang='lat' dir='ltr'>semper</span> <span class='ocrx_word' id='word_1_670' title='bbox 1993 4835 2218 4901; x_wconf 89' lang='lat' dir='ltr'>sperat,</span> 
     </span>
    </p>
   </div>
   <div class='ocr_carea' id='block_1_95' title="bbox 596 4919 2222 4994">
    <p class='ocr_par' dir='ltr' id='par_1_95' title="bbox 596 4919 2222 4994">
     <span class='ocr_line' id='line_1_95' title="bbox 596 4919 2222 4994; baseline 0.001 -18"><span class='ocrx_word' id='word_1_671' title='bbox 596 4927 652 4976; x_wconf 90' lang='lat' dir='ltr'>et</span> <span class='ocrx_word' id='word_1_672' title='bbox 703 4921 762 4975; x_wconf 91' lang='lat' dir='ltr'>in</span> <span class='ocrx_word' id='word_1_673' title='bbox 825 4919 1072 4974; x_wconf 90' lang='lat' dir='ltr'>adversis</span> <span class='ocrx_word' id='word_1_674' title='bbox 1128 4921 1369 4991; x_wconf 89' lang='lat' dir='ltr'>positus,</span> <span class='ocrx_word' id='word_1_675' title='bbox 1423 4925 1479 4976; x_wconf 91' lang='lat' dir='ltr'>et</span> <span class='ocrx_word' id='word_1_676' title='bbox 1534 4922 1922 4994; x_wconf 87' lang='lat' dir='ltr'>frequentibus</span> <span class='ocrx_word' id='word_1_677' title='bbox 1982 4923 2222 4978; x_wconf 84' lang='lat' dir='ltr'>afﬂictus</span> 
     </span>
    </p>
   </div>
   <div class='ocr_carea' id='block_1_96' title="bbox 593 5014 2223 5089">
    <p class='ocr_par' dir='ltr' id='par_1_96' title="bbox 593 5014 2223 5089">
     <span class='ocr_line' id='line_1_96' title="bbox 593 5014 2223 5089; baseline 0.001 -19"><span class='ocrx_word' id='word_1_678' title='bbox 593 5014 863 5070; x_wconf 59' lang='lat' dir='ltr'>arumnis</span> <span class='ocrx_word' id='word_1_679' title='bbox 910 5014 1211 5084; x_wconf 88' lang='lat' dir='ltr'>desperare</span> <span class='ocrx_word' id='word_1_680' title='bbox 1261 5031 1373 5068; x_wconf 89' lang='lat' dir='ltr'>non</span> <span class='ocrx_word' id='word_1_681' title='bbox 1423 5016 1611 5085; x_wconf 90' lang='lat' dir='ltr'>novit;</span> <span class='ocrx_word' id='word_1_682' title='bbox 1661 5017 1754 5070; x_wconf 92' lang='lat' dir='ltr'>sed</span> <span class='ocrx_word' id='word_1_683' title='bbox 1806 5033 1918 5088; x_wconf 90' lang='lat' dir='ltr'>quo</span> <span class='ocrx_word' id='word_1_684' title='bbox 1961 5017 2223 5089; x_wconf 87' lang='lat' dir='ltr'>graviora</span> 
     </span>
    </p>
   </div>
   <div class='ocr_carea' id='block_1_97' title="bbox 596 5107 2219 5183">
    <p class='ocr_par' dir='ltr' id='par_1_97' title="bbox 596 5107 2219 5183">
     <span class='ocr_line' id='line_1_97' title="bbox 596 5107 2219 5183; baseline 0.002 -20"><span class='ocrx_word' id='word_1_685' title='bbox 596 5109 938 5177; x_wconf 89' lang='lat' dir='ltr'>toleraverit,</span> <span class='ocrx_word' id='word_1_686' title='bbox 991 5107 1174 5178; x_wconf 89' lang='lat' dir='ltr'>magis</span> <span class='ocrx_word' id='word_1_687' title='bbox 1219 5112 1410 5179; x_wconf 86' lang='lat' dir='ltr'>sperat</span> <span class='ocrx_word' id='word_1_688' title='bbox 1453 5112 1510 5162; x_wconf 89' lang='lat' dir='ltr'>et</span> <span class='ocrx_word' id='word_1_689' title='bbox 1553 5110 1822 5180; x_wconf 87' lang='lat' dir='ltr'>sperandi</span> <span class='ocrx_word' id='word_1_690' title='bbox 1870 5110 2045 5165; x_wconf 91' lang='lat' dir='ltr'>sumit</span> <span class='ocrx_word' id='word_1_691' title='bbox 2086 5127 2219 5183; x_wconf 89' lang='lat' dir='ltr'>pro-</span> 
     </span>
    </p>
   </div>
   <div class='ocr_carea' id='block_1_98' title="bbox 591 5202 2218 5272">
    <p class='ocr_par' dir='ltr' id='par_1_98' title="bbox 591 5202 2218 5272">
     <span class='ocr_line' id='line_1_98' title="bbox 591 5202 2218 5272; baseline 0.001 -16"><span class='ocrx_word' id='word_1_692' title='bbox 591 5203 837 5272; x_wconf 89' lang='lat' dir='ltr'>fectum,</span> <span class='ocrx_word' id='word_1_693' title='bbox 893 5202 1206 5257; x_wconf 87' lang='lat' dir='ltr'>secundum</span> <span class='ocrx_word' id='word_1_694' title='bbox 1260 5202 1396 5256; x_wconf 92' lang='lat' dir='ltr'>illud</span> <span class='ocrx_word' id='word_1_695' title='bbox 1452 5203 1745 5257; x_wconf 87' lang='lat' dir='ltr'>oraculum</span> <span class='ocrx_word' id='word_1_696' title='bbox 1805 5221 1817 5258; x_wconf 92' lang='lat'>:</span> <span class='ocrx_word' id='word_1_697' title='bbox 1875 5225 1901 5252; x_wconf 80' lang='grc' dir='ltr'>ι(</span> <span class='ocrx_word' id='word_1_698' title='bbox 1953 5202 2218 5259; x_wconf 89' lang='lat' dir='ltr'>Consola-</span> 
     </span>
    </p>
   </div>
   <div class='ocr_carea' id='block_1_99' title="bbox 655 5342 2225 5408">
    <p class='ocr_par' dir='ltr' id='par_1_99' title="bbox 655 5342 2225 5408">
     <span class='ocr_line' id='line_1_99' title="bbox 655 5342 2225 5408; baseline -0.001 -14"><span class='ocrx_word' id='word_1_699' title='bbox 655 5344 754 5405; x_wconf 76' lang='lat'>(36)</span> <span class='ocrx_word' id='word_1_700' title='bbox 796 5343 954 5395; x_wconf 87' lang='lat' dir='ltr'>Rom.</span> <span class='ocrx_word' id='word_1_701' title='bbox 1007 5343 1140 5394; x_wconf 88' lang='lat' dir='ltr'>edit.</span> <span class='ocrx_word' id='word_1_702' title='bbox 1185 5356 1388 5408; x_wconf 82' lang='lat' dir='ltr'>semper</span> <span class='ocrx_word' id='word_1_703' title='bbox 1438 5347 1510 5393; x_wconf 84' lang='lat' dir='ltr'>est</span> <span class='ocrx_word' id='word_1_704' title='bbox 1530 5359 1547 5392; x_wconf 85' lang='lat'><em>:</em></span> <span class='ocrx_word' id='word_1_705' title='bbox 1589 5356 1716 5393; x_wconf 85' lang='lat' dir='ltr'>nam</span> <span class='ocrx_word' id='word_1_706' title='bbox 1759 5343 1865 5394; x_wconf 84' lang='lat' dir='ltr'>diei</span> <span class='ocrx_word' id='word_1_707' title='bbox 1914 5342 2074 5394; x_wconf 82' lang='lat' dir='ltr'>lucem</span> <span class='ocrx_word' id='word_1_708' title='bbox 2131 5343 2225 5394; x_wconf 79' lang='lat' dir='ltr'>tibi</span> 
     </span>
    </p>
   </div>
   <div class='ocr_carea' id='block_1_100' title="bbox 594 5413 2225 5479">
    <p class='ocr_par' dir='ltr' id='par_1_100' title="bbox 594 5413 2225 5479">
     <span class='ocr_line' id='line_1_100' title="bbox 594 5413 2225 5479; baseline 0.002 -17"><span class='ocrx_word' id='word_1_709' title='bbox 594 5413 831 5466; x_wconf 74' lang='lat' dir='ltr'>Christus</span> <span class='ocrx_word' id='word_1_710' title='bbox 870 5415 1097 5479; x_wconf 83' lang='lat' dir='ltr'>aspirat.</span> <span class='ocrx_word' id='word_1_711' title='bbox 1145 5415 1266 5465; x_wconf 93' lang='lat' dir='ltr'>Duo</span> <span class='ocrx_word' id='word_1_712' title='bbox 1311 5428 1466 5475; x_wconf 89' lang='lat' dir='ltr'>mss.,</span> <span class='ocrx_word' id='word_1_713' title='bbox 1514 5427 1716 5478; x_wconf 80' lang='lat' dir='ltr'>semper</span> <span class='ocrx_word' id='word_1_714' title='bbox 1753 5420 1825 5465; x_wconf 84' lang='lat' dir='ltr'>est</span> <span class='ocrx_word' id='word_1_715' title='bbox 1869 5414 1992 5464; x_wconf 82' lang='lat' dir='ltr'>diei.</span> <span class='ocrx_word' id='word_1_716' title='bbox 2040 5417 2225 5466; x_wconf 85' lang='lat' dir='ltr'>Lucem</span> 
     </span>
    </p>
   </div>
   <div class='ocr_carea' id='block_1_101' title="bbox 591 5485 2004 5549">
    <p class='ocr_par' dir='ltr' id='par_1_101' title="bbox 591 5485 2004 5549">
     <span class='ocr_line' id='line_1_101' title="bbox 591 5485 2004 5549; baseline 0.001 -16"><span class='ocrx_word' id='word_1_717' title='bbox 591 5485 702 5544; x_wconf 86' lang='lat' dir='ltr'>tibi,</span> <span class='ocrx_word' id='word_1_718' title='bbox 727 5491 832 5537; x_wconf 91' lang='lat' dir='ltr'>etc.</span> <span class='ocrx_word' id='word_1_719' title='bbox 861 5485 984 5536; x_wconf 86' lang='lat' dir='ltr'>Vet.</span> <span class='ocrx_word' id='word_1_720' title='bbox 1015 5487 1144 5535; x_wconf 90' lang='lat' dir='ltr'>edit.</span> <span class='ocrx_word' id='word_1_721' title='bbox 1178 5494 1234 5536; x_wconf 89' lang='lat' dir='ltr'>et</span> <span class='ocrx_word' id='word_1_722' title='bbox 1263 5487 1464 5549; x_wconf 89' lang='lat' dir='ltr'>reliqui</span> <span class='ocrx_word' id='word_1_723' title='bbox 1492 5499 1622 5536; x_wconf 88' lang='lat' dir='ltr'>mss.</span> <span class='ocrx_word' id='word_1_724' title='bbox 1655 5490 1718 5536; x_wconf 88' lang='lat' dir='ltr'>ut</span> <span class='ocrx_word' id='word_1_725' title='bbox 1749 5489 1804 5534; x_wconf 90' lang='lat' dir='ltr'>in</span> <span class='ocrx_word' id='word_1_726' title='bbox 1831 5489 2004 5535; x_wconf 86' lang='lat' dir='ltr'>textu.</span> 
     </span>
    </p>
   </div>
   <div class='ocr_carea' id='block_1_102' title="bbox 653 5556 2220 5622">
    <p class='ocr_par' dir='ltr' id='par_1_102' title="bbox 653 5556 2220 5622">
     <span class='ocr_line' id='line_1_102' title="bbox 653 5556 2220 5622; baseline 0.001 -17"><span class='ocrx_word' id='word_1_727' title='bbox 653 5556 750 5617; x_wconf 89' lang='lat'>(37)</span> <span class='ocrx_word' id='word_1_728' title='bbox 784 5557 963 5606; x_wconf 68' lang='lat' dir='ltr'>Nullae</span> <span class='ocrx_word' id='word_1_729' title='bbox 993 5557 1123 5607; x_wconf 91' lang='lat' dir='ltr'>edit.</span> <span class='ocrx_word' id='word_1_730' title='bbox 1158 5561 1467 5620; x_wconf 85' lang='lat' dir='ltr'>agnoscunt</span> <span class='ocrx_word' id='word_1_731' title='bbox 1505 5569 1716 5618; x_wconf 86' lang='lat' dir='ltr'>vocem,</span> <span class='ocrx_word' id='word_1_732' title='bbox 1761 5563 2024 5621; x_wconf 70' lang='lat' dir='ltr'>exspecta,</span> <span class='ocrx_word' id='word_1_733' title='bbox 2055 5569 2220 5622; x_wconf 87' lang='lat' dir='ltr'>quam</span> 
     </span>
    </p>
   </div>
   <div class='ocr_carea' id='block_1_103' title="bbox 589 5627 2225 5692">
    <p class='ocr_par' dir='ltr' id='par_1_103' title="bbox 589 5627 2225 5692">
     <span class='ocr_line' id='line_1_103' title="bbox 589 5627 2225 5692; baseline 0.002 -17"><span class='ocrx_word' id='word_1_734' title='bbox 589 5630 773 5676; x_wconf 89' lang='lat' dir='ltr'>tamen</span> <span class='ocrx_word' id='word_1_735' title='bbox 819 5640 949 5676; x_wconf 89' lang='lat' dir='ltr'>mss.</span> <span class='ocrx_word' id='word_1_736' title='bbox 1001 5639 1194 5677; x_wconf 87' lang='lat' dir='ltr'>omnes</span> <span class='ocrx_word' id='word_1_737' title='bbox 1249 5627 1534 5688; x_wconf 85' lang='lat' dir='ltr'>exhibent,</span> <span class='ocrx_word' id='word_1_738' title='bbox 1582 5629 1832 5692; x_wconf 87' lang='lat' dir='ltr'>exceptis</span> <span class='ocrx_word' id='word_1_739' title='bbox 1883 5629 2079 5692; x_wconf 90' lang='lat' dir='ltr'>paucis</span> <span class='ocrx_word' id='word_1_740' title='bbox 2127 5629 2225 5679; x_wconf 90' lang='lat' dir='ltr'>ubi</span> 
     </span>
    </p>
   </div>
   <div class='ocr_carea' id='block_1_104' title="bbox 590 5695 2224 5761">
    <p class='ocr_par' dir='ltr' id='par_1_104' title="bbox 590 5695 2224 5761">
     <span class='ocr_line' id='line_1_104' title="bbox 590 5695 2224 5761; baseline 0.002 -17"><span class='ocrx_word' id='word_1_741' title='bbox 590 5695 793 5761; x_wconf 84' lang='lat' dir='ltr'>legitur</span> <span class='ocrx_word' id='word_1_742' title='bbox 838 5703 1120 5759; x_wconf 71' lang='lat' dir='ltr'>exspectat.</span> <span class='ocrx_word' id='word_1_743' title='bbox 1174 5699 1494 5761; x_wconf 88' lang='lat' dir='ltr'>Perperam;</span> <span class='ocrx_word' id='word_1_744' title='bbox 1558 5697 1706 5748; x_wconf 80' lang='lat' dir='ltr'>LXX</span> <span class='ocrx_word' id='word_1_745' title='bbox 1753 5699 1904 5748; x_wconf 88' lang='lat' dir='ltr'>enim</span> <span class='ocrx_word' id='word_1_746' title='bbox 1961 5703 2224 5750; x_wconf 84' lang='lat' dir='ltr'>constan-</span> 
     </span>
    </p>
   </div>
   <div class='ocr_carea' id='block_1_105' title="bbox 593 5765 2223 5832">
    <p class='ocr_par' dir='ltr' id='par_1_105' title="bbox 593 5765 2223 5832">
     <span class='ocr_line' id='line_1_105' title="bbox 593 5765 2223 5832; baseline 0.003 -17"><span class='ocrx_word' id='word_1_747' title='bbox 593 5770 676 5815; x_wconf 85' lang='lat' dir='ltr'>ter</span> <span class='ocrx_word' id='word_1_748' title='bbox 719 5765 931 5829; x_wconf 81' lang='lat' dir='ltr'>legunt,</span> <span class='ocrx_word' id='word_1_749' title='bbox 980 5767 1152 5829; x_wconf 79' lang='grc' dir='ltr'>Θλίψιν</span> <span class='ocrx_word' id='word_1_750' title='bbox 1199 5769 1274 5814; x_wconf 78' lang='grc' dir='ltr'>ἐπὶ</span> <span class='ocrx_word' id='word_1_751' title='bbox 1332 5767 1486 5831; x_wconf 77' lang='grc' dir='ltr'>θλίψιν</span> <span class='ocrx_word' id='word_1_752' title='bbox 1539 5769 1827 5832; x_wconf 73' lang='grc' dir='ltr'>προσδέχου,</span> <span class='ocrx_word' id='word_1_753' title='bbox 1871 5773 1973 5820; x_wconf 88' lang='lat' dir='ltr'>etc.</span> <span class='ocrx_word' id='word_1_754' title='bbox 2016 5769 2223 5820; x_wconf 85' lang='lat' dir='ltr'>Verum</span> 
     </span>
    </p>
   </div>
   <div class='ocr_carea' id='block_1_106' title="bbox 2320 4543 3889 4623">
    <p class='ocr_par' dir='ltr' id='par_1_106' title="bbox 2320 4543 3889 4623">
     <span class='ocr_line' id='line_1_106' title="bbox 2320 4543 3889 4623; baseline -0.009 -17"><span class='ocrx_word' id='word_1_755' title='bbox 2320 4551 2573 4623; x_wconf 89' lang='lat' dir='ltr'>quotidie</span> <span class='ocrx_word' id='word_1_756' title='bbox 2611 4551 2722 4605; x_wconf 93' lang='lat' dir='ltr'>Deo</span> <span class='ocrx_word' id='word_1_757' title='bbox 2755 4549 3000 4605; x_wconf 81' lang='lat' dir='ltr'>debeas?</span> <span class='ocrx_word' id='word_1_758' title='bbox 3028 4547 3369 4612; x_wconf 88' lang='lat' dir='ltr'>Quotidiana</span> <span class='ocrx_word' id='word_1_759' title='bbox 3412 4547 3512 4602; x_wconf 88' lang='lat' dir='ltr'>tibi</span> <span class='ocrx_word' id='word_1_760' title='bbox 3552 4543 3754 4607; x_wconf 89' lang='lat' dir='ltr'>messis,</span> <span class='ocrx_word' id='word_1_761' title='bbox 3786 4547 3889 4607; x_wconf 80' lang='lat' dir='ltr'>quo-</span> 
     </span>
    </p>
   </div>
   <div class='ocr_carea' id='block_1_107' title="bbox 2321 4633 3888 4712">
    <p class='ocr_par' dir='ltr' id='par_1_107' title="bbox 2321 4633 3888 4712">
     <span class='ocr_line' id='line_1_107' title="bbox 2321 4633 3888 4712; baseline -0.01 -13"><span class='ocrx_word' id='word_1_762' title='bbox 2321 4645 2568 4699; x_wconf 89' lang='lat' dir='ltr'>tidianus</span> <span class='ocrx_word' id='word_1_763' title='bbox 2607 4647 2691 4697; x_wconf 90' lang='lat' dir='ltr'>est</span> <span class='ocrx_word' id='word_1_764' title='bbox 2732 4643 2964 4696; x_wconf 90' lang='lat' dir='ltr'>fructus.</span> <span class='ocrx_word' id='word_1_765' title='bbox 3005 4642 3248 4696; x_wconf 88' lang='lat' dir='ltr'>Occurre</span> <span class='ocrx_word' id='word_1_766' title='bbox 3292 4657 3434 4712; x_wconf 89' lang='lat' dir='ltr'>ergo</span> <span class='ocrx_word' id='word_1_767' title='bbox 3475 4640 3547 4694; x_wconf 90' lang='lat' dir='ltr'>ad</span> <span class='ocrx_word' id='word_1_768' title='bbox 3589 4637 3716 4693; x_wconf 90' lang='lat' dir='ltr'>solis</span> <span class='ocrx_word' id='word_1_769' title='bbox 3753 4633 3888 4686; x_wconf 80' lang='lat' dir='ltr'>ortu5.</span> 
     </span>
    </p>
   </div>
   <div class='ocr_carea' id='block_1_108' title="bbox 2321 4724 3890 4805">
    <p class='ocr_par' dir='ltr' id='par_1_108' title="bbox 2321 4724 3890 4805">
     <span class='ocr_line' id='line_1_108' title="bbox 2321 4724 3890 4805; baseline -0.009 -14"><span class='ocrx_word' id='word_1_770' title='bbox 2321 4742 2385 4792; x_wconf 90' lang='lat' dir='ltr'>ut</span> <span class='ocrx_word' id='word_1_771' title='bbox 2424 4740 2479 4791; x_wconf 90' lang='lat' dir='ltr'>te</span> <span class='ocrx_word' id='word_1_772' title='bbox 2515 4737 2701 4792; x_wconf 91' lang='lat' dir='ltr'>oriens</span> <span class='ocrx_word' id='word_1_773' title='bbox 2737 4735 2986 4790; x_wconf 88' lang='lat' dir='ltr'>inveniat</span> <span class='ocrx_word' id='word_1_774' title='bbox 3017 4735 3139 4804; x_wconf 88' lang='lat' dir='ltr'>jam</span> <span class='ocrx_word' id='word_1_775' title='bbox 3173 4739 3458 4805; x_wconf 87' lang='lat' dir='ltr'>paratum,</span> <span class='ocrx_word' id='word_1_776' title='bbox 3489 4749 3562 4787; x_wconf 90' lang='lat' dir='ltr'>ne</span> <span class='ocrx_word' id='word_1_777' title='bbox 3595 4727 3791 4784; x_wconf 85' lang='lat' dir='ltr'>lumina</span> <span class='ocrx_word' id='word_1_778' title='bbox 3821 4724 3890 4771; x_wconf 62' lang='lat' dir='ltr'>tua</span> 
     </span>
    </p>
   </div>
   <div class='ocr_carea' id='block_1_109' title="bbox 2322 4815 3896 4900">
    <p class='ocr_par' dir='ltr' id='par_1_109' title="bbox 2322 4815 3896 4900">
     <span class='ocr_line' id='line_1_109' title="bbox 2322 4815 3896 4900; baseline -0.011 -14"><span class='ocrx_word' id='word_1_779' title='bbox 2322 4830 2555 4886; x_wconf 89' lang='lat' dir='ltr'>madido</span> <span class='ocrx_word' id='word_1_780' title='bbox 2582 4829 2768 4884; x_wconf 92' lang='lat' dir='ltr'>adhuc</span> <span class='ocrx_word' id='word_1_781' title='bbox 2794 4844 2997 4900; x_wconf 88' lang='lat' dir='ltr'>scpore</span> <span class='ocrx_word' id='word_1_782' title='bbox 3025 4827 3349 4898; x_wconf 88' lang='lat' dir='ltr'>mergentia</span> <span class='ocrx_word' id='word_1_783' title='bbox 3376 4827 3594 4898; x_wconf 90' lang='lat' dir='ltr'>primus</span> <span class='ocrx_word' id='word_1_784' title='bbox 3620 4820 3723 4877; x_wconf 91' lang='lat' dir='ltr'>diei</span> <span class='ocrx_word' id='word_1_785' title='bbox 3751 4815 3896 4881; x_wconf 76' lang='lat' dir='ltr'>fulgor</span> 
     </span>
    </p>
   </div>
   <div class='ocr_carea' id='block_1_110' title="bbox 2325 4925 3892 5001">
    <p class='ocr_par' dir='ltr' id='par_1_110' title="bbox 2325 4925 3892 5001">
     <span class='ocr_line' id='line_1_110' title="bbox 2325 4925 3892 5001; baseline -0.003 -20"><span class='ocrx_word' id='word_1_786' title='bbox 2325 4925 2590 4996; x_wconf 87' lang='lat' dir='ltr'>exagitet.</span> <span class='ocrx_word' id='word_1_787' title='bbox 3845 5000 3850 5001; x_wconf 12' lang='grc' dir='ltr'><em>γ</em></span> <span class='ocrx_word' id='word_1_788' title='bbox 3888 4997 3892 5001; x_wconf 27' lang='grc'>,</span> 
     </span>
    </p>
   </div>
   <div class='ocr_carea' id='block_1_111' title="bbox 2395 5000 3895 5085">
    <p class='ocr_par' dir='ltr' id='par_1_111' title="bbox 2395 5000 3895 5085">
     <span class='ocr_line' id='line_1_111' title="bbox 2395 5000 3895 5085; baseline -0.007 -13"><span class='ocrx_word' id='word_1_789' title='bbox 2395 5021 2482 5073; x_wconf 90' lang='lat'>23.</span> <span class='ocrx_word' id='word_1_790' title='bbox 2531 5037 2558 5065; x_wconf 89' lang='grc'>‹‹</span> <span class='ocrx_word' id='word_1_791' title='bbox 2606 5019 2667 5070; x_wconf 87' lang='lat' dir='ltr'>In</span> <span class='ocrx_word' id='word_1_792' title='bbox 2717 5016 2887 5070; x_wconf 90' lang='lat' dir='ltr'>cubili</span> <span class='ocrx_word' id='word_1_793' title='bbox 2941 5031 3071 5070; x_wconf 90' lang='lat' dir='ltr'>meo</span> <span class='ocrx_word' id='word_1_794' title='bbox 3120 5015 3251 5085; x_wconf 82' lang='lat'>(38),</span> <span class='ocrx_word' id='word_1_795' title='bbox 3300 5014 3359 5069; x_wconf 91' lang='lat' dir='ltr'>in</span> <span class='ocrx_word' id='word_1_796' title='bbox 3411 5012 3662 5069; x_wconf 88' lang='lat' dir='ltr'>noctibus</span> <span class='ocrx_word' id='word_1_797' title='bbox 3707 5000 3895 5077; x_wconf 42' lang='lat' dir='ltr'>questi“</span> 
     </span>
    </p>
   </div>
   <div class='ocr_carea' id='block_1_112' title="bbox 2324 5090 3895 5182">
    <p class='ocr_par' dir='ltr' id='par_1_112' title="bbox 2324 5090 3895 5182">
     <span class='ocr_line' id='line_1_112' title="bbox 2324 5090 3895 5182; baseline -0.01 -17"><span class='ocrx_word' id='word_1_798' title='bbox 2324 5128 2494 5182; x_wconf 88' lang='lat' dir='ltr'>quem</span> <span class='ocrx_word' id='word_1_799' title='bbox 2522 5109 2718 5165; x_wconf 85' lang='lat' dir='ltr'>dilexit</span> <span class='ocrx_word' id='word_1_800' title='bbox 2744 5110 2937 5164; x_wconf 84' lang='lat' dir='ltr'>anima</span> <span class='ocrx_word' id='word_1_801' title='bbox 2967 5125 3090 5163; x_wconf 89' lang='lat' dir='ltr'>mea</span> <span class='ocrx_word' id='word_1_802' title='bbox 3115 5109 3320 5180; x_wconf 86' lang='lat' dir='ltr'>(Cant.,</span> <span class='ocrx_word' id='word_1_803' title='bbox 3347 5125 3425 5175; x_wconf 84' lang='lat' dir='ltr'>Ill,</span> <span class='ocrx_word' id='word_1_804' title='bbox 3458 5109 3528 5176; x_wconf 86' lang='grc'><strong>1),</strong></span> <span class='ocrx_word' id='word_1_805' title='bbox 3552 5127 3578 5153; x_wconf 82' lang='grc'>›)</span> <span class='ocrx_word' id='word_1_806' title='bbox 3609 5100 3733 5158; x_wconf 91' lang='lat' dir='ltr'>dicit</span> <span class='ocrx_word' id='word_1_807' title='bbox 3755 5090 3895 5150; x_wconf 48' lang='lat' dir='ltr'>Eccl?</span> 
     </span>
    </p>
   </div>
   <div class='ocr_carea' id='block_1_113' title="bbox 2325 5188 3891 5270">
    <p class='ocr_par' dir='ltr' id='par_1_113' title="bbox 2325 5188 3891 5270">
     <span class='ocr_line' id='line_1_113' title="bbox 2325 5188 3891 5270; baseline -0.013 -11"><span class='ocrx_word' id='word_1_808' title='bbox 2325 5205 2424 5259; x_wconf 86' lang='lat' dir='ltr'>sia.</span> <span class='ocrx_word' id='word_1_809' title='bbox 2459 5205 2585 5259; x_wconf 86' lang='lat' dir='ltr'>Ideo</span> <span class='ocrx_word' id='word_1_810' title='bbox 2627 5204 2837 5258; x_wconf 88' lang='lat' dir='ltr'>meruit</span> <span class='ocrx_word' id='word_1_811' title='bbox 2883 5219 3013 5257; x_wconf 88' lang='lat' dir='ltr'>eum</span> <span class='ocrx_word' id='word_1_812' title='bbox 3054 5203 3324 5270; x_wconf 90' lang='lat' dir='ltr'>invenire,</span> <span class='ocrx_word' id='word_1_813' title='bbox 3365 5201 3496 5256; x_wconf 90' lang='lat' dir='ltr'>ideo</span> <span class='ocrx_word' id='word_1_814' title='bbox 3539 5199 3656 5269; x_wconf 89' lang='lat' dir='ltr'>ejus</span> <span class='ocrx_word' id='word_1_815' title='bbox 3697 5188 3891 5264; x_wconf 86' lang='lat' dir='ltr'>gratiam</span> 
     </span>
    </p>
   </div>
   <div class='ocr_carea' id='block_1_114' title="bbox 2323 5323 3897 5406">
    <p class='ocr_par' dir='ltr' id='par_1_114' title="bbox 2323 5323 3897 5406">
     <span class='ocr_line' id='line_1_114' title="bbox 2323 5323 3897 5406; baseline -0.013 -9"><span class='ocrx_word' id='word_1_816' title='bbox 2323 5349 2380 5397; x_wconf 85' lang='lat' dir='ltr'>in</span> <span class='ocrx_word' id='word_1_817' title='bbox 2413 5350 2567 5396; x_wconf 84' lang='lat' dir='ltr'>textu</span> <span class='ocrx_word' id='word_1_818' title='bbox 2607 5344 2851 5406; x_wconf 74' lang='lat' dir='ltr'>hebraso,</span> <span class='ocrx_word' id='word_1_819' title='bbox 2883 5349 2937 5394; x_wconf 90' lang='lat' dir='ltr'>et</span> <span class='ocrx_word' id='word_1_820' title='bbox 2975 5342 3097 5394; x_wconf 88' lang='lat' dir='ltr'>aliis</span> <span class='ocrx_word' id='word_1_821' title='bbox 3135 5340 3483 5394; x_wconf 87' lang='lat' dir='ltr'>versionibus</span> <span class='ocrx_word' id='word_1_822' title='bbox 3520 5350 3627 5388; x_wconf 89' lang='lat' dir='ltr'>non</span> <span class='ocrx_word' id='word_1_823' title='bbox 3664 5323 3897 5406; x_wconf 38' lang='lat' dir='ltr'>parva-PS)</span> 
     </span>
    </p>
   </div>
   <div class='ocr_carea' id='block_1_115' title="bbox 2324 5398 3899 5479">
    <p class='ocr_par' dir='ltr' id='par_1_115' title="bbox 2324 5398 3899 5479">
     <span class='ocr_line' id='line_1_115' title="bbox 2324 5398 3899 5479; baseline -0.015 -11"><span class='ocrx_word' id='word_1_824' title='bbox 2324 5419 2433 5468; x_wconf 89' lang='lat' dir='ltr'>hoc</span> <span class='ocrx_word' id='word_1_825' title='bbox 2475 5418 2598 5467; x_wconf 93' lang='lat' dir='ltr'>loco</span> <span class='ocrx_word' id='word_1_826' title='bbox 2632 5398 2941 5477; x_wconf 77' lang='lat' dir='ltr'>diversitas,</span> <span class='ocrx_word' id='word_1_827' title='bbox 2982 5428 3149 5479; x_wconf 87' lang='lat' dir='ltr'>quam</span> <span class='ocrx_word' id='word_1_828' title='bbox 3189 5416 3244 5464; x_wconf 88' lang='lat' dir='ltr'>in</span> <span class='ocrx_word' id='word_1_829' title='bbox 3279 5412 3478 5463; x_wconf 87' lang='lat' dir='ltr'>Bibliis</span> <span class='ocrx_word' id='word_1_830' title='bbox 3510 5406 3707 5474; x_wconf 82' lang='lat' dir='ltr'>polygl.</span> <span class='ocrx_word' id='word_1_831' title='bbox 3747 5398 3899 5449; x_wconf 71' lang='lat' dir='ltr'>viden&quot;</span> 
     </span>
    </p>
   </div>
   <div class='ocr_carea' id='block_1_116' title="bbox 2325 5492 3897 5621">
    <p class='ocr_par' dir='ltr' id='par_1_116' title="bbox 2325 5492 3897 5621">
     <span class='ocr_line' id='line_1_116' title="bbox 2325 5492 3897 5621; baseline -0.025 3"><span class='ocrx_word' id='word_1_832' title='bbox 2325 5492 2483 5621; x_wconf 42' lang='lat'>08333)</span> <span class='ocrx_word' id='word_1_833' title='bbox 2526 5558 2668 5608; x_wconf 88' lang='lat' dir='ltr'>Edit.</span> <span class='ocrx_word' id='word_1_834' title='bbox 2717 5571 2928 5620; x_wconf 88' lang='lat' dir='ltr'>omnes,</span> <span class='ocrx_word' id='word_1_835' title='bbox 2967 5558 3024 5606; x_wconf 86' lang='lat' dir='ltr'>in</span> <span class='ocrx_word' id='word_1_836' title='bbox 3066 5556 3302 5607; x_wconf 83' lang='lat' dir='ltr'>cubiculo</span> <span class='ocrx_word' id='word_1_837' title='bbox 3341 5566 3470 5602; x_wconf 88' lang='lat' dir='ltr'>meo.</span> <span class='ocrx_word' id='word_1_838' title='bbox 3522 5549 3645 5602; x_wconf 84' lang='lat' dir='ltr'>Mss.</span> <span class='ocrx_word' id='word_1_839' title='bbox 3682 5545 3732 5621; x_wconf 74' lang='lat' dir='ltr'>in</span> <span class='ocrx_word' id='word_1_840' title='bbox 3768 5531 3897 5621; x_wconf 57' lang='lat' dir='ltr'>cubili</span> 
     </span>
    </p>
   </div>
   <div class='ocr_carea' id='block_1_117' title="bbox 2323 5614 3896 5764">
    <p class='ocr_par' dir='ltr' id='par_1_117' title="bbox 2323 5614 3896 5764">
     <span class='ocr_line' id='line_1_117' title="bbox 2323 5614 3896 5694; baseline -0.017 -10"><span class='ocrx_word' id='word_1_841' title='bbox 2323 5614 2641 5694; x_wconf 47' lang='lat' dir='ltr'>meo,&#39;quod</span> <span class='ocrx_word' id='word_1_842' title='bbox 2683 5629 2886 5682; x_wconf 83' lang='lat' dir='ltr'>melius</span> <span class='ocrx_word' id='word_1_843' title='bbox 2916 5614 3221 5693; x_wconf 78' lang='lat' dir='ltr'>respondet</span> <span class='ocrx_word' id='word_1_844' title='bbox 3268 5624 3463 5677; x_wconf 68' lang='lat' dir='ltr'>Greece</span> <span class='ocrx_word' id='word_1_845' title='bbox 3513 5621 3588 5669; x_wconf 75' lang='grc' dir='ltr'>ἐπὶ</span> <span class='ocrx_word' id='word_1_846' title='bbox 3626 5614 3771 5673; x_wconf 75' lang='grc' dir='ltr'>κοίτην</span> <span class='ocrx_word' id='word_1_847' title='bbox 3805 5620 3896 5666; x_wconf 75' lang='grc' dir='ltr'>μον.</span> 
     </span>
     <span class='ocr_line' id='line_1_118' title="bbox 2325 5699 2678 5764; baseline -0.003 -14"><span class='ocrx_word' id='word_1_848' title='bbox 2325 5699 2470 5764; x_wconf 85' lang='lat' dir='ltr'>apud</span> <span class='ocrx_word' id='word_1_849' title='bbox 2512 5699 2678 5750; x_wconf 79' lang='lat' dir='ltr'>LXX.</span> 
     </span>
    </p>
   </div>
  </div>
