3930 6168
125 334 203 388 1553
1127 327 1478 384 EXPOSITIO
1516 328 1585 384 IN
1623 326 1938 383 PSALMUM
1977 328 2202 384 CXVIII.

3212 335 3344 390 1554

119 454 363 526 promereri;
387 451 505 522 quia
531 450 701 506 etiam
736 453 792 504 in
834 451 1004 530 cubili
1041 449 1321 523 quaesivit,
1352 451 1612 521 quaesivit
1633 464 1903 535 Asorum
1948 455 2005 505 et
2042 452 2546 524 innumerabilium
2598 454 2906 518 fructuum,
2957 458 3014 508 et
3058 457 3342 528 praecipue

119 551 149 602 in
166 546 374 601 noctibus.
405 546 692 615 Propterea
715 543 933 616 copiam
959 545 1080 615 ejus
1109 545 1314 615 adepta
1340 544 1398 598 in
1427 549 1607 615 poste-

123 641 271 695 rioribus
314 637 539 708 loquitur
587 637 658 690 ad
715 638 1003 708 Sponsum
1061 656 1073 692 :
1131 657 1158 688 α
1211 637 1378 703 Veni,
1433 638 1609 693 frater

122 749 221 797 meus,
246 747 478 786 exeamus
509 731 566 784 in
594 747 820 802 agrum,
849 731 1274 802 requiescamus
1311 731 1369 785 in
1401 733 1605 786 castel—

118 825 342 892 lis,diluculo
379 839 667 894 surgamus
706 824 767 878 in
814 824 1007 879 vineas
1045 826 1246 894 (Cant,
1288 842 1382 894 vn,
1429 825 1535 895 ll).
1579 847 1606 874 »

112 917 276 972 .idvertis
320 917 778 986 quemadmodum
833 918 1055 988 Sponsa
1110 919 1358 973 Verbum
1408 919 1609 974 invitet

110 1012 175 1072 Dei,
201 1015 246 1064 ut
273 1009 438 1063 veniat
472 1010 528 1064 in
571 1014 766 1078 terras,
811 1015 868 1065 et
905 1012 1065 1066 tollat
1105 1018 1331 1083 peccata
1372 1013 1606 1069 mundi?

104 1113 192 1173 Ager
220 1103 292 1157 hic
330 1109 436 1157 erat
483 1108 614 1158 ante
660 1104 937 1171 desertus,
979 1107 1232 1160 sentibus
1279 1111 1606 1162 nostrorum

104 1196 296 1266 squalidus
340 1196 686 1265 delictorum,
740 1197 1004 1252 horridus
1055 1200 1252 1270 spinis.
1303 1201 1606 1256 Castellum

101 1293 180 1357 erat,
209 1290 254 1343 in
279 1306 375 1360 quo
406 1291 684 1360 relegatus
724 1291 904 1345 Adam
944 1297 1220 1362 perpetuo
1261 1311 1378 1348 suae
1418 1298 1602 1364 postc-

103 1384 210 1436 ritatis
243 1384 462 1438 haeredes
499 1383 818 1456 stringebat
864 1385 1084 1440 exsilio.
1129 1388 1227 1441 Illo
1273 1403 1410 1458 ergo
1452 1387 1608 1442 ducit

99 1476 257 1531 Ecclesia
288 1476 577 1544 Christum,
620 1484 678 1532 ut
716 1479 894 1533 Adam
933 1480 1152 1535 liberet.
1187 1481 1397 1535 Deinde
1437 1498 1605 1536 exsu-

96 1571 180 1622 libus
215 1571 447 1625 absolutis
499 1571 669 1642 carpit
720 1572 916 1627 mundi
981 1574 1138 1627 istius
1187 1591 1326 1644 ager
1376 1575 1608 1629 idoneos

91 1663 226 1716 habere
245 1664 477 1731 cultores,
505 1668 564 1719 et
593 1666 692 1736 qui
729 1672 848 1720 erat
883 1670 1013 1720 ante
1033 1667 1288 1737 jejunus,
1317 1667 1496 1722 factus
1525 1673 1610 1722 est

91 1756 166 1808 vitis
194 1762 380 1810 aeternae
421 1759 769 1828 plantatione
809 1758 1104 1814 fecundus.
1144 1761 1255 1814 Nec
1295 1765 1487 1815 tamen
1531 1761 1609 1815 sic

1711 543 1842 598 fidei
1891 544 2182 611 odoribus,
2231 546 2450 615 gratiae,
2503 546 2794 617 sapientiae
2841 545 2976 616 (tt),
3028 554 3084 602 et
3125 548 3341 619 gloria,

1708 638 1952 707 vitaeque
2000 643 2227 692 aeterna:
2279 638 2520 693 subnixa
2570 639 2800 704 divitiis,
2852 656 2982 711 quas
3023 646 3155 696 sunt
3196 643 3344 696 circa

1708 731 1991 785 sinistram
2024 736 2080 785 et
2123 731 2419 787 dexteram
2460 733 2684 804 Sponsi,
2719 750 2823 803 per
2862 734 3079 788 animas
3120 739 3343 789 sanctas

1705 823 2062 878 laudantium
2085 827 2598 896 congregationum
2622 826 2909 898 plausibus
2930 827 3135 883 excitat
3156 828 3340 882 Chris-

1708 922 1851 983 tum,
1893 917 2088 972 dicens
2129 935 2142 972 :
2180 940 2207 968 ‹‹
2244 919 2517 989 Adjuravi
2552 937 2668 987 vos,
2719 920 2848 974 ﬁliae
2887 921 3224 988 Jerusalem,
3269 937 3341 976 ne

1708 1010 1981 1065 suscitetis
2018 1016 2076 1065 et
2109 1012 2450 1067 resuscitetis
2480 1013 2858 1081 dilectionem,
2903 1030 3198 1086 usquequo
3240 1032 3334 1069 vo-

1709 1105 1877 1160 luerit
1910 1105 2093 1170 (Ibid...
2125 1107 2196 1172 4).
2230 1127 2256 1153 η

1776 1202 1864 1252 27.
1899 1198 2057 1253 Unde
2099 1215 2221 1253 eam
2269 1200 2548 1253 mirantur
2589 1200 2721 1254 filias
2760 1201 3095 1268 Jerusalem,
3132 1203 3340 1255 sanctae

1706 1291 1911 1345 anima?
1960 1291 2418 1362 patriarcharum
2465 1298 2522 1346 et
2573 1293 3004 1364 prophetarum,
3051 1301 3336 1349 veterum-

1708 1401 1817 1455 que
1867 1384 2171 1454 justorum,
2228 1385 2314 1439 vel
2372 1386 2626 1440 caelestes
2680 1387 2971 1457 potentias,
3025 1387 3275 1442 dicentes
3325 1407 3336 1440 :

1709 1499 1738 1525 (ι
1773 1479 1908 1541 Qua:
1936 1483 2021 1532 est
2055 1478 2174 1532 haec
2216 1494 2346 1548 quas
2375 1478 2626 1559 ascendit
2655 1478 2940 1547 dealbata,
2969 1479 3216 1533 innitens
3243 1498 3339 1534 su-

1709 1587 1811 1641 per
1842 1571 2076 1625 fratrem
2116 1587 2282 1625 suum
2325 1572 2504 1637 (lbid.,
2538 1572 2633 1638 5)?
2669 1593 2697 1621 ››
2742 1572 2845 1626 hoc
2875 1576 2977 1639 est,
3012 1573 3217 1627 talibus
3247 1589 3340 1627 so-

1709 1664 2093 1718 lemnitatibus
2119 1665 2300 1734 fulget
2336 1665 2599 1734 Ecclesia,
2635 1669 2695 1718 et
2721 1682 2850 1736 quas
2889 1673 3024 1720 ante
3057 1682 3159 1736 per
3187 1666 3341 1722 diem

1707 1756 1866 1812 fusca
1897 1761 2037 1822 erat,
2062 1757 2188 1827 jam
2220 1757 2481 1828 splendet
2512 1758 2570 1812 in
2601 1758 2859 1813 noctibus
2885 1762 2944 1812 et
2973 1759 3203 1814 relucet.

90 1849 334 1917 spiritalibus
370 1827 493 1905 laeta
535 1852 861 1922 palmitibus
902 1857 1194 1924 evagatur,
1240 1854 1337 1908 sed
1390 1854 1462 1908 ad
1508 1827 1684 1909 hasB
1779 1853 1867 1905 28.
1900 1853 2020 1921 Ipse
2061 1827 2291 1922 quoque
2326 1850 2595 1907 Dominus
2624 1856 2784 1906 tanto
2823 1869 3065 1907 munere
3093 1853 3336 1924 psallen-

91 1943 211 1994 rine-as
234 1948 365 1997 vocat
396 1944 705 2013 Christum,
733 1945 828 1999 ubi
858 1947 1164 2017 psallentes
1195 1947 1310 2001 sint
1343 1952 1402 2001 et
1438 1964 1603 2002 oran-

89 2041 148 2099 tes,
172 2036 239 2090 ubi
269 2037 505 2092 noctibus
535 2054 602 2091 ac
640 2038 840 2092 diebus
876 2040 1090 2094 fructus
1127 2040 1387 2095 innoxius
1415 2057 1605 2110 perse-

93 2133 197 2181 reret.

129 2220 314 2295 1216
333 2227 412 2279 24.
445 2246 471 2274 ‹‹
493 2225 598 2292 lbi,
621 2225 826 2297 inquit,
857 2226 1000 2280 dabo
1020 2227 1198 2281 ubera
1220 2244 1348 2282 mea
1368 2228 1490 2296 tibi,
1513 2228 1606 2284 de-

93 2314 216 2368 derunt
229 2317 601 2388 mandragorm
619 2319 850 2374 odorem
869 2321 1050 2389 (1bid.,
1071 2321 1174 2391 l3).
1186 2343 1212 2370 ››
1228 2321 1486 2392 Plerique
1500 2322 1609 2377 dis-

95 2416 237 2462 cernunt
259 2411 553 2480 quemdam
582 2413 731 2467 inter
757 2414 1165 2484 mandragoras
1185 2430 1378 2468 sexum
1398 2414 1525 2484 (39),
1549 2422 1608 2470 ut

91 2505 255 2556 eineres
277 2509 462 2573 putent
487 2522 614 2560 esse
644 2509 700 2559 et
725 2506 991 2574 feminas,
1025 2507 1120 2562 sed
1149 2507 1394 2562 feminas
1420 2509 1607 2579 gravis

91 2592 212 2647 eloris.
243 2596 509 2666 Signiﬁcat
557 2614 696 2668 ergo
741 2603 939 2670 gentes
981 2617 1108 2670 quas
1152 2604 1282 2655 ante
1314 2601 1604 2667 fmtebant,

97 2701 164 2738 eum
185 2694 331 2743 essent
363 2691 712 2746 inﬁrmiores
753 2693 968 2746 evirata
1011 2693 1261 2764 quadam
1302 2694 1602 2750 imbecilli-

100 2783 401 2850 utfperﬁdiae,
445 2785 586 2839 boni
637 2784 824 2838 odoris
868 2786 1115 2839 fructum
1163 2787 1310 2840 ferre
1350 2787 1604 2858 coepisse,

93 2879 282 2943 pstquam
312 2878 365 2931 in
401 2879 717 2932 adventum
757 2878 978 2932 Domini
1010 2879 1396 2936 crediderunt.
1442 2881 1602 2951 Legi-

1711 1944 1855 1998 tium
1899 1944 2210 1998 delectatus
2239 1945 2319 1998 ait
2350 1961 2363 1998 :
2400 1967 2427 1994 «
2467 1946 2620 2000 Pone
2656 1963 2748 1999 me
2789 1951 2852 2000 ut
2888 1946 3247 2017 signaculum
3280 1948 3339 2002 in

1707 2054 1803 2091 cor
1839 2041 2024 2102 tuum,
2054 2041 2118 2091 ut
2159 2037 2414 2109 sigillum
2454 2037 2513 2092 in
2545 2038 2845 2093 brachium
2875 2045 3060 2108 tuum,
3089 2039 3224 2111 quia
3253 2058 3340 2094 va-

1706 2130 1821 2184 lida
1855 2134 1939 2184 est
1974 2134 2033 2184 ut
2073 2147 2228 2184 mors
2271 2131 2534 2198 Charitas,
2569 2131 2746 2185 durus
2787 2132 2929 2186 sicut
2969 2133 3135 2188 inferi
3166 2135 3336 2189 zelus.

1708 2224 1823 2278 Alae
1849 2224 1990 2293 ejus,
2020 2224 2122 2277 alas
2161 2223 2309 2294 ignis
2343 2229 2399 2278 et
2433 2224 2716 2291 ﬂammae;
2746 2241 2892 2304 aqua
2933 2228 3114 2280 multa
3143 2227 3336 2282 exclu-

1708 2317 1845 2371 dere
1876 2333 1990 2371 non
2026 2317 2237 2387 poterit
2269 2317 2626 2384 charitatem,
2660 2323 2717 2372 et
2744 2319 2983 2373 flumina
3013 2336 3130 2374 non
3167 2321 3335 2375 inun-

1707 2409 1918 2464 dabunt
1949 2426 2076 2464 eam
2105 2410 2286 2478 (Ibid.,
2320 2413 2372 2476 6,
2406 2415 2479 2480 7).
2514 2433 2539 2459 ››
2570 2411 2714 2474 Quia
2747 2411 2887 2465 vidit
2920 2417 3135 2467 tantam
3164 2413 3335 2468 devo-

1707 2505 1920 2558 tionem
1968 2503 2249 2569 Ecclesia,
2293 2504 2532 2559 idoneos
2571 2507 2733 2575 putat
2771 2521 2889 2559 esse
2933 2506 3053 2575 jam
3098 2508 3339 2577 papulos

1707 2598 1804 2668 qui
1845 2598 1904 2651 in
1947 2596 2118 2650 corde
2160 2602 2354 2651 nostro
2385 2601 2441 2651 et
2477 2597 2532 2650 in
2568 2597 2797 2652 brachio
2827 2597 3185 2668 signaculum
3217 2601 3340 2670 ejus

1709 2697 1934 2761 portare
1963 2690 2262 2760 possimus.
2295 2692 2484 2761 Ipsum
2517 2691 2670 2744 enim
2699 2693 2864 2745 Pater
2889 2693 3137 2762 signavit
3163 2695 3332 2760 Deus;

1708 2789 1765 2837 et
1789 2783 1885 2854 qui
1915 2783 2303 2837 testimonium
2332 2784 2454 2853 ejus
2481 2783 2715 2854 accepit,
2745 2783 3007 2854 signavit,
3037 2785 3166 2855 quia
3195 2787 3338 2841 Deus

1708 2893 1874 2930 verax
1933 2883 2054 2944 est;
2114 2881 2172 2930 et
2225 2875 2354 2930 ideo
2408 2882 2706 2946 operantes
2751 2876 2941 2930 cibum
2994 2894 3334 2947 permanen-

88 2975 158 3012 mas
192 2965 326 3019 etiam
384 2967 544 3037 quod
603 2966 1016 3037 mandragoras
1069 2969 1352 3038 acceperit
1414 2973 1607 3024 sancta
1709 2974 1823 3024 tem
1869 2969 1929 3023 in
1968 2969 2138 3023 vitam
2183 2967 2436 3041 1217
2483 2972 2780 3036 aeternam,
2829 2970 3035 3040 signati
3086 2975 3217 3025 sunt
3263 2973 3334 3026 ad

84 3053 217 3110 Rachel
239 3075 265 3111 a
289 3075 470 3114 sorore
505 3077 610 3114 sua
641 3060 754 3125 Lia,
790 3063 852 3113 ut
878 3061 1213 3115 concederet
1240 3061 1292 3115 ei
1319 3061 1413 3116 illa
1439 3067 1606 3117 nocte
1706 3063 2022 3134 imaginem
2064 3068 2120 3116 et
2155 3062 2588 3116 similitudinem
2630 3063 2856 3130 Christi,
2890 3062 2987 3134 qui
3029 3070 3115 3118 est
3145 3064 3335 3137 imago

79 3144 239 3203 dormire
285 3169 400 3206 cum
450 3157 655 3207 sancto
709 3152 879 3206 Jacob
931 3153 1105 3221 (Gem,
1163 3170 1291 3220 xxx,
1350 3155 1432 3222 14,
1502 3159 1601 3225 16).
1627 3187 1681 3260 C
1706 3156 2006 3210 invisibilis
2028 3156 2147 3210 Dei.
2175 3155 2327 3210 Sicut
2348 3171 2488 3227 ergo
2519 3157 2663 3209 Deus
2690 3172 2858 3210 verax
2885 3163 2987 3222 est,
3010 3161 3068 3210 et
3093 3163 3151 3211 tu
3174 3158 3334 3229 signa

79 3238 370 3312 llandragoras
406 3247 615 3301 Ruben
660 3246 1078 3316 primogenitus
1123 3247 1388 3302 attulerat
1436 3238 1763 3304 matriuin
1827 3253 1923 3303 tuo
1981 3266 2149 3303 sensu
2207 3255 2266 3303 et
2319 3265 2491 3319 opere
2545 3249 2874 3318 veritatem;
2934 3253 2994 3303 ut
3059 3266 3120 3304 os
3173 3256 3335 3306 tuum

79 3348 147 3386 sua
179 3335 278 3404 Περ,
319 3355 439 3410 quas
475 3339 851 3410 lippientibus
887 3339 1064 3394 oculis
1104 3340 1418 3411 Synagogaa
1457 3343 1601 3412 ﬁgu-
1709 3359 1824 3398 non
1852 3345 2118 3414 loquatur
2145 3342 2531 3424 mendacium,
2560 3358 2768 3397 manus
2798 3348 2894 3397 tua
2926 3359 3037 3398 non
3069 3348 3336 3414 operetur

79 3440 150 3478 πίω
172 3432 342 3502 accepit
375 3433 505 3502 (40);
550 3433 684 3504 quia
721 3433 926 3488 Christi
969 3433 1212 3504 gratiam
1252 3434 1446 3490 videre
1487 3452 1604 3490 non
1705 3453 1876 3508 opera
1917 3435 2244 3503 hominum,
2295 3452 2424 3505 quae
2469 3438 2603 3489 sunt
2642 3435 2853 3490 fallacis
2903 3436 3063 3491 istius
3111 3438 3332 3505 mundi,

78 3521 208 3588 potuit,
228 3523 472 3581 hebetato
509 3525 716 3581 debilis
750 3526 961 3580 mentis
999 3526 1220 3581 obtutu.
1257 3528 1378 3591 Quo
1420 3527 1603 3583 decla-

77 3618 172 3667 ratur
199 3619 319 3687 quod
355 3620 576 3674 fructus
615 3636 754 3691 quos
797 3623 931 3674 ante
976 3620 1277 3692 Synagoga
1313 3637 1343 3674 a
1388 3621 1602 3691 primo-

78 3707 199 3772 genito
220 3712 296 3766 Dei
333 3713 464 3768 Filio
495 3717 848 3784 susceperat,
883 3713 1139 3769 Ecclesiae
1169 3714 1480 3780 concessit;
1509 3716 1606 3770 sed

76 3800 156 3864 quia
183 3802 300 3858 illius
329 3809 505 3862 noctis
553 3806 736 3878 potita
777 3807 1081 3861 concubitu
1119 3807 1317 3877 genuit
1355 3807 1451 3862 Lia
1488 3825 1605 3863 suae

74 3896 313 3955 immutatis
357 3900 681 3967 heredem,
727 3900 985 3971 implevit
1036 3901 1406 3972 mysterium,
1459 3918 1602 3972 quo-

75 3986 182 4052 niam,
226 3994 572 4049 credentibus
625 3993 911 4064 apostolis,
971 3993 1228 4065 reliquize
1275 3994 1604 4049 Judaeorum

74 4092 132 4141 per
151 4082 438 4142 electionem
472 4087 677 4158 gratiae
705 4085 874 4140 salvae
909 4086 1069 4142 factae
1097 4092 1249 4142 sunt.

113 4175 172 4227 ‘25.
203 4177 334 4234 Unde
378 4182 456 4235 ait
505 4179 756 4236 Ecclesia
790 4201 800 4233 :
837 4201 864 4228 «
900 4181 1052 4234 Nova
1090 4186 1146 4234 et
1188 4185 1398 4247 vetera,
1434 4181 1608 4236 frater

77 4279 189 4333 meus,
224 4275 410 4329 servavi
458 4273 567 4329 tibi
619 4273 820 4343 (Cant.,
875 4289 968 4339 vn,
1024 4276 1127 4338 l3).
1178 4273 1311 4337 Quis
1353 4274 1512 4328 dabit
1551 4279 1607 4328 te

79 4357 232 4416 fratrem
252 4365 544 4422 lactentem
583 4365 758 4420 ubera
786 4365 978 4420 matris
1009 4366 1188 4420 meae?
1224 4367 1517 4421 Inveniens
1552 4372 1607 4422 te

77 4447 167 4519 iris,
201 4459 472 4515 osculabor
512 4465 590 4527 te,
640 4464 699 4514 et
741 4460 973 4532 quidem
1019 4475 1136 4513 non
1175 4465 1448 4528 spernent
1485 4476 1601 4514 me.

1707 3531 1802 3585 sed
1831 3530 1924 3583 illa
1960 3545 2086 3600 quae
2117 3528 2212 3582 Dei
2255 3531 2408 3596 sunt,
2437 3531 2502 3582 ut
2531 3529 2877 3599 pauperibus
2909 3531 3205 3601 largiatur,
3235 3532 3332 3587 de-

1703 3623 1846 3679 biles
1876 3622 2150 3688 sublevet,
2199 3626 2452 3675 mortuos
2489 3622 2735 3676 honoret
2781 3622 2983 3676 tumuli
3025 3625 3332 3694 sepultura.

1709 3717 1802 3772 [lis
1843 3715 2113 3787 operibus
2155 3714 2398 3769 Charitas
2439 3715 2737 3786 quaeritur,
2781 3719 2848 3768 ut
2889 3732 3060 3770 nemo
3100 3719 3273 3787 possit
3303 3737 3335 3772 a

1707 3809 1926 3864 Christo
1967 3809 2050 3863 vel
2090 3807 2342 3879 periculo
2381 3807 2584 3862 mortis
2629 3807 2813 3862 avelli.
2868 3808 3025 3862 Unde
3071 3809 3164 3863 ille
3206 3811 3284 3863 ait
3325 3827 3338 3864 :

1711 3925 1738 3951 ‹‹
1777 3902 1912 3966 Quis
1950 3919 2055 3956 nos
2085 3901 2369 3972 separabit
2401 3917 2435 3954 a
2473 3900 2739 3955 Christo?
2769 3901 3100 3968 Tribulatio,
3134 3919 3207 3956 an
3238 3919 3335 3957 an-

1708 3995 1956 4067 gustia...
1987 4011 2058 4048 an
2093 3995 2414 4065 persecutio
2451 3994 2644 4063 (Rom,
2679 4009 2789 4060 vui,
2831 3994 2958 4064 35)?
2987 4016 3013 4042 ››
3047 3996 3114 4048 Et
3141 3995 3289 4050 infra
3319 4013 3330 4049 :

1709 4110 1736 4138 ‹‹
1775 4089 2004 4145 Confido
2036 4087 2188 4142 enim
2223 4087 2356 4158 quia
2401 4104 2588 4159 neque
2627 4104 2799 4154 mors,
2839 4104 3021 4160 neque
3063 4088 3195 4155 vita,
3241 4105 3336 4145 ne-

1707 4199 1818 4254 que
1843 4181 2032 4253 angeli
2063 4182 2250 4250 (Ibid.,
2285 4182 2392 4250 38).
2426 4201 2453 4229 »ι

1776 4278 1864 4330 29.
1908 4276 1987 4328 Ea
2026 4273 2214 4346 specie
2256 4275 2431 4329 etiam
2477 4274 2628 4328 zelus
2668 4274 2844 4329 durus
2891 4279 2977 4328 est
3023 4275 3335 4343 charitatis,

1707 4373 1765 4423 et
1793 4368 1898 4422 alae
1939 4368 2083 4438 ejus,
2130 4368 2234 4421 alae
2265 4367 2433 4438 ignis.
2481 4367 2659 4421 Habet
2700 4368 2814 4420 alas
2861 4367 3007 4420 sicut
3045 4368 3334 4435 columba;

1710 4469 1840 4516 sunt
1887 4461 2042 4515 enim
2099 4477 2304 4531 pennae
2352 4460 2632 4514 columba:
2680 4459 3084 4530 deargentataa,
3133 4460 3338 4529 quibus

76 4547 276 4604 limam
309 4558 380 4620 te,
412 4559 468 4608 et
505 4554 777 4608 inducam
819 4555 876 4609 in
918 4553 1154 4608 domum
1195 4552 1390 4606 matris
1436 4568 1601 4620 meae,
1625 4553 1682 4624 D
1708 4552 1890 4610 evolat
1914 4555 2010 4626 qui
2053 4553 2254 4625 diligit,
2297 4553 2531 4608 dicens:
2569 4574 2596 4599 ‹‹
2629 4553 2764 4605 Ecce
2801 4552 3055 4622 elongavi
3086 4552 3336 4624 fugiens,

77 4636 107 4682 ξι
129 4636 166 4690 in
188 4652 442 4700 secretum
475 4646 602 4716 ejus
640 4662 769 4717 quas
809 4645 1068 4716 concepit
1099 4662 1192 4700 me
1227 4663 1239 4700 :
1275 4645 1352 4698 ibi
1383 4644 1606 4699 docebis

78 4739 126 4778 '3?
154 4736 314 4798 tif-unt,
349 4756 463 4804 vui,
502 4744 554 4804 l,
595 4742 667 4808 ‘2).
700 4760 723 4787 υ
768 4739 983 4793 Habens
1025 4738 1202 4808 igitur
1244 4738 1601 4792 informatio-

79 4832 153 4875 Πρω
172 4841 407 4887 novarum
437 4836 494 4888 et
523 4837 776 4886 veterum
807 4831 1250 4902 Scripturarum,
1281 4847 1385 4885 nec
1413 4830 1602 4901 despi-

80 4914 232 4973 nbilam
268 4941 321 4978 se
369 4942 492 4980 esse
541 4924 808 4994 sentiens,
854 4941 969 4979 non
1016 4925 1203 4979 solum
1254 4923 1606 4978 orationibus

83 5017 111 5054 ἰι
129 5019 289 5071 secreto
321 5019 505 5073 cordis
533 5019 781 5072 Verbum
817 5021 989 5086 tenet,
1021 5033 1221 5072 verum
1259 5017 1430 5072 etiam
1465 5017 1608 5088 psal-

83 5103 242 5159 ieatibus
271 5111 419 5166 chori
451 5112 680 5166 vocibus
708 5112 861 5166 velut
891 5111 1230 5182 quibusdam
1277 5128 1408 5166 eum
1451 5127 1607 5165 oscu-

85 5187 120 5241 lis
139 5199 282 5260 gratiae
308 5207 607 5260 osculatur.

126 5288 177 5339 26.
203 5292 372 5365 Itaque
404 5299 682 5353 malorum
717 5301 1103 5369 granatorum,
1141 5299 1246 5352 hoc
1286 5301 1388 5364 est,
1419 5298 1603 5352 diver-

131 5484 180 5546 ’ἓῖι
211 5493 447 5560 Sequitur
494 5500 598 5550 hoc
645 5501 769 5550 loco
825 5503 1050 5551 sanctus
1085 5491 1287 5551 hoster
1337 5501 1610 5565 imprimis

97 5557 319 5636 fflenuam
358 5570 694 5621 Dioscoridis
732 5571 826 5620 lib.
858 5585 936 5632 IV,
967 5585 1086 5636 cap.
1120 5575 1168 5631 7,
1211 5574 1283 5621 ita
1318 5557 1506 5622 tanien
1546 5575 1611 5622 ut

92 5630 240 5710 Ἣτῑιξῠ
262 5649 362 5688 non
391 5642 615 5704 rejiciat.
649 5644 765 5692 Has
801 5630 990 5694 videre
1017 5630 1160 5695 licet
1188 5643 1335 5708 apud
1366 5643 1609 5694 Mathio—

201 5703 243 5777 in
273 5702 518 5760 eumdem
563 5712 658 5762 lib.
707 5717 760 5763 et
803 5727 922 5777 cap.
969 5715 1141 5776 Disc.,
1187 5702 1285 5765 séd
1326 5717 1380 5766 et
1430 5714 1608 5765 critici

85 5769 172 5868 gi"
196 5772 623 5868 Sffapflragoris
653 5769 910 5868 nonnihil
941 5785 1109 5838 etiam
1130 5769 1371 5835 tradunt
1398 5785 1453 5835 in
1487 5799 1607 5848 cap.

93 5847 174 5886 λεῡ-
196 5855 311 5896 vers.
343 5853 412 5910 it,
444 5867 579 5917 quos
607 5855 858 5912 consule.

1707 4651 1766 4702 et
1809 4647 1990 4702 mansi
2049 4647 2106 4700 in
2166 4646 2471 4700 solitudine
2525 4646 2687 4713 (Psal.
2742 4661 2843 4710 Liv,
2891 4646 2965 4713 8);
3016 4667 3042 4692 »
3095 4646 3190 4700 sed
3233 4647 3339 4701 alas

1708 4740 2020 4805 charitatis,
2063 4741 2164 4794 alae
2208 4739 2376 4809 ignis,
2421 4738 2626 4808 quibus
2665 4737 2980 4792 dilectionis
3021 4738 3341 4793 inﬂammat

1709 4834 1996 4888 ardorem.
2039 4835 2150 4887 Hoc
2194 4848 2400 4902 vapore
2449 4832 2725 4886 ferventes
2762 4831 2895 4885 fecit
2935 4831 3206 4886 Dominus
3246 4849 3340 4884 an-

1708 4927 1870 4997 gelos
1905 4942 2034 4980 suos
2073 4925 2324 4995 spiritus,
2366 4928 2424 4979 et
2459 4924 2753 4979 ministros
2787 4941 2917 4979 suos
2950 4927 3143 4996 ignem
3172 4940 3342 4978 uren-

1709 5025 1845 5088 tem,
1875 5019 1971 5074 sed
2013 5035 2128 5072 non
2167 5024 2524 5072 exurentem.
2554 5017 2823 5088 Legimus
2855 5023 2910 5072 et
2943 5018 3089 5071 alam
3123 5018 3340 5087 templi,

1709 5130 1879 5184 supra
1926 5129 2098 5184 quam
2146 5111 2401 5168 diabolus
2446 5116 2670 5165 tentans
2711 5111 2843 5165 fecit
2881 5110 3182 5164 ascendere
3223 5110 3340 5164 Sal-

1708 5212 1983 5272 vatorem,
2027 5222 2157 5276 quae
2197 5208 2317 5258 erat
2358 5206 2413 5259 in
2447 5204 2646 5274 templi
2693 5203 2938 5257 culmine
2985 5203 3224 5271 (Matth.,
3267 5218 3340 5267 iv,

1711 5303 1781 5364 5).
1839 5299 1983 5353 Sunt
2035 5315 2172 5368 ergo
2221 5298 2443 5368 fastigia
2491 5298 2682 5369 pinum
2735 5297 2863 5362 (42),
2916 5298 3049 5348 sunt
3089 5294 3343 5348 culmina

1774 5502 1870 5562 (40)
1905 5501 2035 5551 Post
2057 5501 2309 5559 verbum,
2340 5500 2552 5564 accepit,
2587 5499 2877 5562 irrepserat
2905 5497 2960 5546 in
3006 5495 3136 5546 edit.
3164 5511 3345 5561 quas-

1710 5571 1836 5622 dam
1867 5573 2058 5633 Paris.,
2089 5573 2182 5636 qui
2221 5571 2413 5622 Christi
2453 5571 2690 5634 gratiam
2715 5570 2931 5632 accepit,
2961 5568 3113 5630 quod
3152 5581 3255 5618 nos
3285 5575 3346 5619 ut

1711 5643 2087 5694 adulterinum
2119 5642 2516 5693 abdicavimus.

1775 5715 1872 5775 (41)
1913 5715 1993 5764 Ita
2030 5714 2159 5764 edit.
2204 5726 2269 5763 ac
2312 5713 2468 5761 multi
2522 5724 2650 5761 mss.
2700 5711 2810 5762 Alii
2847 5715 3031 5761 tamen
3087 5725 3193 5761 nec
3239 5713 3350 5774 ipsi

1712 5785 1894 5847 pauci,
1923 5784 2047 5846 ﬁdei
2073 5781 2324 5833 odoribus
2348 5786 2526 5846 grata,
2551 5781 2848 5844 sapientiae,
2873 5785 2977 5832 etc.

1773 5856 1872 5918 (42)
1903 5855 2109 5908 Omnes
2138 5853 2267 5906 edit.
2292 5858 2346 5906 et
2368 5855 2530 5918 pauci
2559 5867 2692 5908 mss.
2721 5854 2944 5921 fastigia
2968 5855 3205 5925 pietatis.
3238 5855 3352 5906 Alii
