3930 6168
164 291 261 344 1557

1228 285 1580 342 EXPOSITIO
1619 284 1686 340 IN
1728 283 2039 341 PSALMUM
2081 287 2303 341 CXVIII.

3309 254 3439 343 455's

160 427 255 474 χω,
287 409 379 477 39).
418 427 442 458 η
483 409 596 464 Non
636 422 776 478 ergo
823 408 1044 463 oderim
1083 409 1340 475 fratrem,
1385 424 1456 464 ne
1492 409 1792 493 dicatnrA
1815 409 2152 479 procedente
2193 409 2283 464 die
2329 413 2443 464 toto
2481 411 2618 465 orbe
2659 411 2849 465 radios
2893 411 3170 466 diffundat
3203 429 3350 479 suos,
3383 416 3442 467 et

157 503 259 560 mihi
284 519 337 554 :«
363 501 416 556 Si
438 501 660 554 fratrem
686 506 848 556 tuum
878 501 926 574 1
943 501 1058 574 21
1077 501 1137 574 9
1160 518 1277 557 non
1304 501 1516 573 diligis,
1539 519 1711 573 quem

157 596 287 660 rides,
328 594 594 664 quomodo
633 598 794 665 potes
845 596 1020 648 Deum
1068 595 1332 666 diligere,
1379 611 1549 665 quem
1596 612 1710 650 non

158 689 267 744 vides
298 689 334 756 (Ι
360 689 530 749 Joan.,
558 703 630 753 rv,
669 688 777 741 20?
805 708 832 736 ››
867 688 1055 742 Nescis
1085 688 1322 742 fratrem
1363 693 1524 743 tuum
1556 705 1710 742 mer-

153 797 240 835 cem
263 797 369 834 esse
395 780 677 851 sanguinis
703 780 954 850 Christi?
980 782 1224 836 Mercem
1257 797 1397 852 ergo
1436 798 1550 836 non
1583 781 1708 836 dili-

152 875 209 944 gis
229 873 430 939 Christi,
460 873 502 926 si
529 873 765 928 fratrem
793 890 906 928 non
934 873 1143 945 diligis.

195 971 263 1021 35.
301 968 436 1037 Ergo
480 974 804 1037 persecutor
845 967 984 1021 mihi
1022 967 1462 1038 appropinquat,
1511 971 1570 1022 ut
1609 984 1710 1022 no-

146 1067 248 1127 eest,
288 1061 376 1115 sed
408 1059 453 1113 is
481 1076 538 1113 se
574 1076 607 1112 a
642 1061 769 1130 lege
805 1061 1190 1128 disterminat;
1230 1077 1359 1132 quae
1397 1061 1550 1116 enim
1589 1077 1712 1132 por-

145 1156 198 1206 tio
220 1153 428 1222 justitire
464 1169 593 1207 cum
629 1152 974 1224 iniquitate?
1012 1153 1116 1218 Qui
1155 1159 1347 1209 autem
1385 1171 1419 1208 a
1450 1155 1573 1225 lege
1615 1153 1708 1208 Dei

144 1263 180 1301 se
214 1249 429 1317 separat,
478 1251 698 1317 separat
741 1263 800 1302 se
849 1247 918 1301 ab
973 1251 1183 1301 aeterna
1232 1247 1370 1314 vita,
1418 1249 1506 1302 lex
1556 1248 1711 1302 enim

143 1340 223 1393 rita
256 1343 348 1393 est.
380 1340 629 1411 Denique
676 1341 978 1395 ostendens
1023 1341 1305 1412 prOpheta
1345 1342 1532 1411 legem
1576 1341 1708 1406 Dei,

139 1434 226 1487 ait:
255 1433 376 1487 Ecce
399 1433 505 1487 ista
537 1439 623 1487 est
649 1432 779 1499 vita,
811 1433 1082 1504 quoniam
1112 1435 1210 1504 qui
1241 1434 1373 1488 facit
1406 1450 1533 1504 qua!
1572 1434 1712 1504 legis

139 1531 250 1590 sunt,
281 1526 417 1579 vivet
449 1525 506 1579 in
545 1527 626 1580 eis
658 1527 874 1594 (Leuit,
906 1543 1057 1591 xvru,
1089 1530 1141 1594 5)
1175 1545 1186 1580 :
1231 1527 1381 1598 quod
1422 1527 1538 1597 legi
1573 1543 1709 1580 con-

140 1618 253 1672 venit
287 1619 465 1689 utique
506 1619 766 1690 spiritali.
799 1621 866 1673 Et
899 1619 1130 1673 fortasse
1173 1620 1271 1691 qui
1319 1619 1460 1674 mihi
1503 1636 1708 1691 appro-

139 1712 341 1782 piuquat,
397 1717 454 1766 ut
505 1716 713 1766 noceat
755 1711 916 1779 mihi,
972 1712 1110 1766 dum
1156 1718 1452 1784 separatur
1489 1730 1523 1766 a
1559 1714 1707 1783 lege,

140 1808 381 1875 separatur
425 1821 458 1858 a
500 1804 744 1872 Christo,
802 1806 938 1876 quia
986 1806 1240 1860 Christus
1289 1812 1372 1860 est
1416 1805 1544 1860 vita.
1596 1785 1786 1876 EgoB

139 1901 284 1951 autem
320 1898 359 1951 si
399 1897 728 1952 adhaeream
772 1898 1012 1965 Christo,
1062 1914 1164 1952 nec
1209 1899 1355 1952 mihi
1397 1899 1707 1970 appropin-

137 1994 251 2059 quat,
274 1990 396 2060 quia
423 1991 652 2045 etiamsi
685 1991 939 2062 corporis
967 1992 1078 2046 mei
1108 1991 1314 2046 habeat
1341 1995 1707 2062 potestatem,

137 2085 290 2136 animas
333 2087 517 2138 tamen
567 2100 712 2138 mea;
754 2101 962 2138 nocere
1005 2100 1120 2138 non
1169 2084 1393 2155 poterit.
1450 2085 1706 2154 Denique

140 2179 456 2245 persecutores
487 2181 830 2248 martyrum,
859 2193 1034 2248 quam
1065 2179 1230 2248 longe
1260 2177 1332 2232 ab
1356 2194 1556 2232 eorum
1587 2194 1706 2233 me-

139 2270 222 2322 ritis
241 2271 461 2339 separati
489 2271 656 2324 sunt!

184 2365 249 2417 36.
276 2364 437 2429 (Vers.
472 2367 622 2431 I51.)
650 2364 761 2419 Sed
792 2365 938 2418 forte
965 2364 1117 2418 dicas
1147 2381 1160 2418 :
1194 2364 1496 2428 Quomodo
1525 2365 1709 2420 sancti

139 2455 370 2511 adherant
397 2456 556 2512 Deo?
585 2457 651 2510 Et
684 2456 809 2512 ideo
838 2457 1091 2528 sequitur
1129 2473 1142 2510 :
1187 2460 1358 2527 Prope
1391 2473 1443 2512 es
1483 2463 1559 2519 tu,
1607 2463 1706 2514 Do-

139 2551 248 2608 mine,
280 2556 323 2602 et
349 2553 532 2604 omnia
560 2554 828 2620 praecepta
869 2554 964 2604 tua
1003 2552 1222 2604 veritas.
1270 2551 1444 2621 Prope
1483 2555 1570 2605 est
1604 2552 1709 2606 Do-

142 2641 273 2694 minus
296 2642 580 2703 omnibus,
609 2642 707 2712 qui
739 2641 948 2712 ubique
979 2643 1172 2708 adest;
1205 2659 1307 2697 nec
1338 2644 1534 2714 fugere
1574 2661 1709 2698 eum

144 2748 390 2800 possumus,
431 2735 476 2788 si
520 2734 896 2799 offendimus;
944 2752 1049 2790 nec
1080 2736 1309 2802 fallere,
1348 2737 1396 2791 si
1438 2736 1709 2806 delinqui-

143 2841 245 2891 mus;
290 2844 386 2881 nec
428 2826 784 2893 amittimus,
827 2828 872 2880 si
919 2828 1192 2883 colamus.
1240 2829 1472 2900 Spectat
1511 2829 1709 2884 omnia

138 2918 251 2985 Deus,
276 2921 455 2974 omnia
483 2920 662 2988 videt,
695 2919 902 2974 assistit
939 2921 1194 2992 singulis,
1229 2922 1422 2976 dicens
1454 2939 1466 2975 :
1501 2941 1528 2973 (ι
1563 2922 1708 2975 Deus

137 3014 543 3085 appropinquans
591 3029 699 3084 ego
742 3029 868 3067 sum
925 3014 1159 3083 (Ierem.,
1206 3031 1358 3080 χχιιι,
1404 3016 1511 3083 23).
1568 3036 1595 3064 »
1642 3015 1710 3069 Et

135 3105 360 3170 quomodo
423 3111 611 3176 potest
675 3105 872 3160 deesse
940 3106 1146 3160 alicubi
1209 3108 1391 3174 Deus,
1451 3123 1582 3161 cum
1637 3107 1706 3160 de

136 3195 292 3265 Spiritu
326 3200 418 3253 Dei
459 3199 675 3270 legeris
709 3221 718 3251 :
754 3219 781 3247 ‹‹
810 3199 1054 3270 Spiritus
1091 3199 1316 3255 Domini
1347 3201 1584 3270 replevit
1613 3217 1705 3254 or-

136 3286 229 3342 bem
266 3297 534 3347 terrarum
579 3293 762 3362 (δίψη
795 3309 832 3360 r,
871 3293 966 3360 7)?
995 3293 1138 3356 Quia
1183 3292 1276 3347 ubi
1311 3293 1535 3348 Domini
1575 3292 1704 3363 Spi-

137 3382 252 3450 ritus,
287 3385 356 3440 ihi
394 3385 676 3441 Dominus
711 3387 874 3440 Deus.
921 3407 950 3434 ‹‹
986 3386 1203 3441 C(elum
1245 3390 1301 3440 et
1347 3389 1555 3440 terram
1602 3402 1707 3457 ego

136 3477 353 3546 compleo,
393 3479 538 3534 dicit
575 3479 848 3533 Dominus
893 3480 1126 3546 (Jerem.,
1171 3495 1320 3545 χχιιι,
1362 3480 1473 3547 24).
1521 3500 1548 3526 ››
1601 3478 1707 3533 Ubi

136 3567 264 3638 igitur
289 3572 463 3627 deﬁcit
490 3572 599 3643 qui
640 3571 844 3642 implet
883 3571 1121 3626 omnia?
1157 3574 1267 3626 Aut
1307 3573 1594 3642 quomodo
1635 3574 1706 3628 de

136 3661 423 3728 plenitudine
450 3666 583 3737 ejus
621 3681 720 3718 nos
755 3680 954 3720 omnes
993 3665 1339 3736 accepimus,
1381 3665 1491 3720 nisi
1519 3667 1703 3720 omni-

135 3751 209 3807 bus
227 3757 668 3829 appropinquat?

183 3849 250 3902 37.
289 3851 534 3922 Denique
577 3849 750 3905 David
791 3850 974 3904 sciens
1017 3850 1175 3906 illum
1216 3851 1424 3922 ubique
1465 3867 1608 3918 esse,
1650 3856 1708 3907 et

135 3939 316 4009 implere
347 3946 576 4011 coelum,
611 3949 668 3999 et
704 3948 941 4013 terram,
989 3950 1045 3998 et
1086 3944 1289 4010 maria,
1337 3944 1418 3999 ait
1461 3961 1473 3998 :
1511 3967 1537 3994 ‹‹
1583 3946 1706 4008 Quo

135 4029 200 4085 ibo
234 4051 262 4087 a
295 4037 499 4108 Spiritu
545 4044 663 4104 tuo,
712 4044 768 4093 et
813 4054 927 4109 quo
968 4054 999 4090 a
1039 4037 1184 4092 facie
1231 4040 1330 4092 tua
1368 4038 1622 4110 fugiam?
1651 4039 1706 4094 Si

133 4129 374 4184 ascendere
415 4131 471 4185 in
521 4130 754 4197 coelum,
802 4137 862 4185 tu
907 4131 983 4185 ibi
1027 4147 1114 4197 es;
1165 4132 1210 4184 si
1255 4131 1602 4186 descendere
1645 4131 1705 4185 in

134 4215 390 4288 infernum,
434 4225 612 4291 ades;
671 4224 715 4277 si
761 4239 1061 4296 sumpsero
1111 4240 1324 4295 pennas
1369 4241 1527 4278 meas
1575 4228 1707 4280 ante

135 4308 291 4379 lucem,
323 4321 375 4370 et
404 4317 658 4372 habitem
698 4317 758 4370 in
804 4317 1110 4372 novissimo
1147 4318 1336 4384 maris,
1378 4319 1591 4372 etenim
1631 4318 1706 4373 ibi

138 4417 295 4459 manus
323 4415 412 4463 tua
444 4411 694 4465 deducet
731 4427 844 4474 me,
883 4418 939 4464 et
979 4410 1195 4465 tenebit
1232 4427 1324 4465 me
1356 4410 1583 4465 dextera
1615 4414 1708 4465 tua

137 4497 261 4551 rPsal.
291 4517 533 4569 cxxxvrn,
555 4506 722 4569 7-l0).
749 4523 776 4554 ››
800 4505 977 4567 Quam
1004 4504 1112 4558 cito
1141 4503 1475 4574 significavit
1501 4505 1709 4576 ubique
1729 4507 1787 4577 Ι)

137 4587 266 4645 Deum
295 4611 428 4662 esse,
461 4600 524 4651 et
554 4597 652 4650 ubi
687 4601 770 4650 est
799 4597 964 4663 Deus,
1011 4597 1086 4651 ibi
1131 4597 1393 4668 spiritum
1433 4598 1554 4667 ejus
1590 4614 1708 4654 esse

137 4693 420 4747 Pmsentem
451 4692 586 4758 (46),
627 4695 684 4744 et
717 4690 1042 4761 ubicunque
1083 4696 1168 4744 est
1209 4690 1304 4744 Dei
1343 4691 1593 4761 spiritus,
1629 4691 1708 4746 ibi

141 4771 271 4832 Deum
311 4797 443 4837 esse.
484 4784 609 4847 Quo
658 4784 782 4838 loco
828 4783 1137 4838 individua:
1177 4785 1380 4854 copula
1422 4784 1709 4838 Trinitatis

139 4881 343 4938 expressa
367 4881 469 4931 est.
502 4876 794 4947 Siquidem
829 4877 950 4930 haec
987 4893 1091 4948 per
1123 4893 1185 4930 os
1219 4877 1514 4947 Prophetas
1551 4877 1705 4932 locu-

141 4963 203 5012 tus
221 4971 291 5020 est
318 4967 403 5022 Dei
442 4969 638 5037 Filius,
671 4970 730 5023 in
763 4985 1007 5040 persona
1044 4969 1293 5024 hominis
1329 4970 1568 5036 locutus,
1612 4970 1708 5041 qui

145 5067 214 5117 Per
231 5058 660 5117 incarnationem
701 5063 991 5118 descendit
1033 5063 1092 5118 in
1133 5069 1331 5128 terras,
1379 5080 1480 5133 per
1523 5079 1708 5118 resur-

147 5149 394 5208 rectionem
429 5157 683 5212 ascendit
712 5156 771 5210 in
799 5157 1023 5222 caelum,
1057 5173 1160 5226 per
1187 5158 1443 5227 corporis
1470 5163 1710 5211 mortem

149 5248 402 5302 Peuetravit
425 5249 732 5316 infernum,
761 5253 826 5302 ut
852 5249 1095 5304 solveret
1117 5249 1394 5320 alligatos.
1426 5253 1538 5303 Aut
1563 5250 1609 5302 si
1639 5249 1710 5304 ad

151 5327 425 5404 Pmphetam
454 5343 687 5408 referas,
711 5343 953 5396 advertis
976 5358 1300 5413 expressum
1325 5343 1477 5413 quod
1501 5342 1710 5414 ubique

154 5436 301 5482 manus
327 5437 379 5486 et
405 5435 630 5490 dextera
673 5436 774 5490 Dei
813 5435 1069 5491 Christus
1109 5436 1359 5502 assistat,
1409 5435 1509 5491 ubi
1547 5437 1713 5492 Pater

155 5512 267 5584 Deus,
293 5529 344 5577 et
365 5533 582 5582 sanctus
606 5528 704 5583 Dei
729 5528 992 5599 Spiritus.

203 5612 267 5664 38.
305 5621 376 5669 An
414 5635 540 5674 cum
581 5621 651 5674 de
695 5621 811 5676 sole
857 5621 1115 5676 dubitare
1157 5638 1526 5693 nequeamus,
1563 5622 1711 5693 quod

201 5740 269 5790 tW.
309 5745 498 5798 Omnes
537 5751 688 5809 edit.,
715 5757 762 5800 et
802 5752 894 5802 ubi
923 5757 996 5802 est
1038 5752 1134 5801 Dei
1161 5751 1401 5816 spiritus.
1428 5752 1502 5802 ibi
1548 5754 1714 5802 Deum

165 5818 254 5869 εδει,
281 5821 318 5864 et
344 5819 420 5869 ubi
459 5827 529 5873 ut
575 5826 724 5885 Deus,
748 5823 822 5874 ibi
847 5824 1095 5890 spiritum
1127 5824 1222 5875 Dei
1262 5835 1366 5875 me
1383 5829 1712 5889 praesentem.

1812 502 2077 556 omnibus
2117 503 2314 558 lumen
2350 503 2637 570 infundat,
2677 519 2850 575 quem
2890 503 3063 558 etiam
3104 504 3184 558 illi
3220 505 3316 577 qui
3357 505 3436 559 vi-

1813 595 1948 650 dere
1990 612 2106 650 non
2142 598 2396 664 possunt,
2427 596 2679 650 sentiunt
2716 601 2908 651 tamen
2947 595 3092 650 aeris
3125 596 3294 666 ipsius
3322 599 3441 653 fotu

1812 704 1931 743 esse
1966 690 2350 759 prmsentem?
2385 689 2487 743 Ubi
2519 689 2673 744 enim
2715 690 2876 743 deest
2911 689 3068 744 calor
3101 688 3287 742 illius?
3320 692 3442 753 Quo

1811 781 1954 836 radii
2006 783 2129 853 ejus
2185 798 2301 837 non
2355 782 2720 854 perveniunt,
2775 799 2906 837 cum
2962 782 3225 838 discussis
3266 783 3445 837 noctis

1812 879 1911 930 aut
1968 875 2203 930 nubium
2258 876 2541 943 tenebris,
2593 876 2874 930 illuminat
2920 876 3140 930 terras?
3194 877 3254 929 In
3307 877 3447 930 caelo

1810 969 2016 1038 fulget,
2069 969 2128 1022 in
2183 969 2325 1022 mari
2372 969 2591 1035 rutilat,
2644 970 2821 1024 fervet
2870 969 2927 1022 in
2969 969 3157 1023 terris.
3208 971 3283 1024 De
3329 971 3446 1024 sole

1812 1077 1949 1131 ergo
1994 1078 2105 1116 non
2158 1061 2409 1130 dubitas,
2457 1062 2610 1132 quod
2662 1062 2873 1133 ubique
2918 1061 3280 1132 resplendeat
3318 1079 3330 1114 :
3375 1061 3446 1116 de

1815 1155 1924 1208 Deo
1963 1154 2208 1221 dubitas,
2249 1154 2401 1225 quod
2444 1155 2656 1225 ubique
2685 1155 2901 1225 fulgeat
2941 1155 3208 1226 splendor
3248 1154 3448 1225 gloriae

1811 1248 1963 1316 ejus,
2023 1252 2078 1302 et
2139 1247 2332 1318 imago
2386 1247 2755 1301 substantias?
2809 1247 2952 1312 Quid
3014 1264 3124 1302 non
3186 1253 3452 1318 penetret

1815 1339 2070 1412 1220
2101 1340 2349 1394 Verbum
2391 1341 2510 1407 Dei,
2541 1339 2809 1410 splendor
2837 1346 3107 1406 aeternus,
3142 1341 3238 1410 qui
3270 1340 3444 1394 etiam

1813 1434 2031 1487 occulta
2075 1433 2278 1488 mentis
2323 1433 2628 1497 illuminat,
2669 1449 2798 1503 quae
2845 1448 2961 1486 non
3008 1435 3195 1502 potest
3225 1433 3329 1486 iste
3364 1433 3444 1487 sol

1811 1533 2139 1596 penetrare;
2175 1525 2420 1580 Verbum
2459 1525 2614 1580 enim
2648 1526 2743 1580 Dei
2790 1525 3012 1595 gladius
3043 1525 3309 1596 spiritalis
3338 1531 3443 1594 est,

1813 1637 1989 1690 usque
2028 1620 2099 1673 ad
2137 1619 2438 1674 divisiones
2469 1619 2677 1673 animus
2716 1624 2886 1690 atque
2926 1623 3176 1685 artuum,
3218 1617 3442 1672 medul-

1811 1714 2106 1785 larumque
2143 1713 2501 1784 perveniens.
2547 1713 2624 1766 De
2668 1729 2780 1784 quo
2821 1711 2959 1766 dicit
2995 1711 3225 1767 Simeon
3258 1711 3446 1781 justus

1812 1807 1883 1861 ad
1918 1807 2148 1860 Mariam
2185 1823 2198 1860 :
2239 1829 2265 1854 ‹‹
2298 1808 2362 1862 Et
2388 1811 2547 1860 tuam
2574 1805 2752 1876 ipsius
2782 1805 3036 1859 animam
3076 1803 3446 1875 pertransibit

1813 1900 2053 1970 gladius,
2090 1903 2154 1953 ut
2195 1901 2516 1955 revelentnr
2557 1900 2870 1954 multorum
2911 1897 3170 1953 cordium
3219 1899 3443 1968 cogita-

1813 1993 1995 2048 tiones
2029 1995 2202 2060 (Luc.,
2234 2009 2291 2059 ιι,
2327 1995 2438 2062 35).
2471 2016 2497 2042 ››

1883 2089 1970 2141 39.
2033 2087 2297 2140 Penetrat
2359 2102 2496 2157 ergo
2557 2087 2830 2150 animam,
2895 2089 2951 2138 et
3013 2085 3172 2155 quasi
3235 2085 3448 2140 candor

1810 2185 2040 2234 internae
2095 2179 2235 2234 lucis
2288 2179 2554 2234 illustrat.
2608 2180 2713 2234 Sed
2767 2177 3028 2249 quamvis
3078 2178 3448 2250 diffuse‘per

1813 2289 2035 2338 omnes,
2075 2277 2131 2326 et
2168 2272 2226 2326 in
2255 2289 2473 2340 omnes,
2507 2277 2563 2327 et
2595 2288 2768 2342 supra
2800 2287 3000 2326 omnes
3024 2274 3330 2342 potestates
3356 2273 3445 2339 sit,

1812 2366 1945 2437 quia
1973 2364 2237 2420 omnibus
2267 2369 2420 2420 ortus
2453 2382 2517 2418 ex
2555 2365 2783 2435 Virgine
2815 2368 2920 2432 est,
2953 2369 3007 2418 et
3042 2365 3204 2418 bonis
3243 2371 3299 2419 et
3328 2383 3444 2420 mn-

1812 2459 1876 2512 lis
1908 2459 2071 2526 (sicut
2099 2462 2154 2512 et
2181 2459 2358 2513 solem
2387 2475 2553 2512 suum
2597 2459 2731 2512 oriri
2764 2458 2930 2526 jubet
2971 2474 3144 2528 super
3173 2458 3358 2513 bonos
3391 2464 3448 2512 et

1812 2552 2027 2620 malos),
2074 2552 2232 2605 illum
2280 2555 2469 2605 tamen
2523 2552 2674 2604 fovet
2713 2552 2810 2622 qui
2854 2549 3274 2620 appropinquat
3317 2550 3444 2606 sibi.

1810 2645 1966 2699 Sicut
2003 2644 2155 2699 enim
2186 2662 2216 2698 a
2246 2662 2303 2699 se
2331 2645 2618 2714 fulgorem
2659 2644 2790 2697 solis
2834 2643 3094 2710 excludit,
3137 2645 3235 2714 qui
3266 2644 3447 2698 fenes-

1809 2743 1925 2792 tras
1975 2737 2178 2791 domus
2229 2753 2343 2790 suae
2394 2737 2676 2802 clauserit,
2727 2737 3030 2806 locumque
3080 2736 3444 2792 tenebrosum

1810 2831 1866 2884 in
1912 2847 2024 2900 quo
2068 2830 2406 2895 diversetur,
2451 2829 2709 2899 elegerit,
2749 2828 2829 2882 ita
2869 2828 2964 2898 qui
3011 2845 3069 2881 se
3113 2829 3375 2883 averterit
3414 2846 3447 2883 a

1808 2924 1936 2979 Sole
1985 2923 2258 2993 justitiaa,
2318 2939 2429 2976 non
2479 2924 2666 2992 potest
2716 2921 3080 2992 splendorem
3131 2921 3254 2991 ejus
3302 2923 3445 2991 aspi-

1809 3032 1955 3084 cere,
1999 3016 2056 3070 in
2087 3015 2337 3070 tenebris
2369 3015 2640 3081 ambulat,
2685 3020 2744 3068 et
2781 3015 2839 3068 in
2875 3014 3134 3068 omnium
3167 3015 3289 3069 luce
3327 3015 3444 3085 ipsc

1809 3110 1914 3163 sibi
1949 3125 2114 3163 causa
2148 3113 2231 3162 est
2255 3108 2542 3163 caecitatis.
2570 3110 2716 3162 Tuas
2744 3107 2918 3178 igitur
2955 3107 3035 3162 illi
3064 3107 3222 3180 aperi
3253 3108 3440 3162 fenes-

1813 3205 1943 3271 tras,
1979 3208 2039 3256 ut
2071 3206 2184 3256 tota
2217 3203 2421 3256 domus
2453 3206 2548 3256 tua
2589 3202 2704 3256 veri
2746 3202 2966 3271 fulgore
3005 3201 3137 3256 solis
3162 3201 3388 3256 illuceat
3430 3218 3444 3255 :

1808 3295 1968 3367 aperi
2018 3296 2206 3350 oculos
2251 3299 2399 3363 tuos,
2447 3301 2510 3349 ut
2551 3295 2739 3349 videas
2786 3295 3070 3350 orientem
3113 3295 3215 3349 tibi
3256 3294 3445 3350 Solem

1799 3389 2058 3458 justitiaa.
2098 3389 2203 3443 Sed
2244 3405 2378 3442 cave
2411 3406 2480 3443 ne
2520 3405 2618 3443 eos
2656 3389 2772 3442 ulla
2807 3389 3031 3458 stipulae
3065 3388 3278 3442 festuca
3316 3403 3441 3458 per-

1807 3482 2013 3536 turbet.
2060 3481 2118 3537 Si
2153 3481 2287 3552 quid
2319 3481 2499 3535 sordis
2541 3482 2598 3534 in
2639 3481 2799 3535 oculo
2841 3481 3014 3535 fuerit
3053 3480 3261 3536 mentis
3307 3486 3442 3546 tum,

1806 3591 1919 3629 non
1973 3574 2182 3645 poteris
2234 3574 2441 3629 intueri
2504 3591 2516 3627 :
2575 3573 2620 3627 si
2681 3573 2815 3643 quid
2874 3573 3258 3644 aegritudinis,
3314 3574 3445 3644 plus

1808 3667 2095 3739 gravabit,
2155 3667 2451 3722 confusam
2513 3667 2809 3721 oculorum
2875 3667 3058 3721 aciem
3123 3667 3220 3720 lux
3278 3665 3440 3731 ferit,

1807 3762 2199 3832 majoremque
2267 3760 2523 3815 dolorem
2587 3760 2807 3813 excitat.
2867 3759 2946 3814 Sit
3005 3775 3142 3829 ergo
3202 3759 3442 3828 simplex

1807 3855 2000 3909 oculus
2044 3857 2214 3907 tuus:
2255 3870 2326 3908 ne
2365 3853 2601 3924 incipiat
2643 3855 2824 3906 totum
2871 3867 3074 3922 corpus
3113 3856 3277 3904 tuum
3321 3866 3443 3906 esse

1808 3947 2193 4014 tenebrosum,
2222 3950 2281 4001 et
2305 3947 2523 4001 vacillet
2551 3946 2610 3999 in
2651 3945 2888 4013 lumine,
2931 3945 3077 3999 sicut
3104 3947 3235 3998 sunt
3273 3959 3441 3998 casco-

1809 4058 1937 4096 rum
1973 4040 2232 4111 vestigia.

1877 4136 1966 4188 40.
2019 4132 2304 4204 Numquid
2345 4131 2390 4186 si
2433 4131 2558 4204 quis
2599 4132 2741 4186 ostia
2790 4131 2994 4186 domus
3039 4147 3156 4184 sum
3199 4130 3442 4196 claudat,

1806 4227 1935 4281 solis
1978 4230 2063 4280 est
2100 4227 2265 4296 culpa
2313 4226 2465 4296 quod
2508 4242 2621 4280 non
2668 4225 2954 4280 illuminet
3001 4224 3239 4278 domum
3281 4223 3446 4294 ejus?

1808 4322 1957 4392 Ergo
2002 4321 2048 4374 si
2095 4320 2220 4390 quis
2267 4322 2625 4390 peccatorum
2667 4334 2900 4373 suorum
2946 4316 3235 4387 repagulis
3281 4317 3443 4371 obse-

1808 4413 2077 4468 orandam
2119 4417 2376 4467 mentem
2417 4413 2710 4483 propriam
2743 4409 3099 4481 judicaverit,
3138 4412 3194 4462 et
3223 4409 3385 4462 Verbi
3414 4426 3448 4462 a

1811 4523 1872 4560 se
1909 4505 2272 4576 splendorem
2312 4505 2512 4558 stultus
2547 4509 2780 4568 avertat,
2822 4518 2887 4556 ac
2927 4501 3030 4555 sibi
3067 4501 3276 4554 inferat
3305 4501 3443 4554 insi-

1812 4597 2042 4669 pientim
2081 4597 2416 4664 caecitatem,
2459 4595 2672 4649 causari
2715 4594 2922 4664 poterit
2960 4593 3115 4664 quod
3153 4593 3246 4648 Sol
3276 4593 3445 4662 justi-

1811 4692 1907 4745 tiaa
1945 4690 2196 4745 noluerit
2234 4689 2468 4755 intrare,
2508 4692 2607 4741 aut
2642 4687 3036 4741 infirmitatem
3077 4687 3306 4741 luminis
3337 4703 3444 4741 coa-

1809 4785 1965 4838 lestis
2007 4783 2287 4854 arguere?
2332 4783 2522 4836 Pulsat
2554 4781 2792 4850 januam
2837 4786 2995 4834 tuam
3039 4781 3136 4834 Dei
3175 4780 3446 4834 Verbum.

1812 4896 1842 4930 rr
1880 4878 1936 4932 Si
1965 4875 2159 4947 quis...
2204 4875 2345 4929 mihi
2378 4875 2687 4945 aperuerit,
2719 4873 2926 4945 inquit,
2968 4873 3189 4928 intrabo
3227 4873 3449 4942 (Apoc,

1812 4987 1889 5038 ιιι,
1942 4971 2051 5040 20).
2095 4991 2123 5018 »
2165 4969 2223 5024 Si
2275 4968 2399 5040 quis
2453 4985 2592 5039 ergo
2648 4985 2763 5022 non
2811 4967 3114 5038 aperuerit,
3169 4964 3450 5033 numquid

1811 5079 1925 5118 non
1972 5062 2368 5133 ingredientis,
2410 5067 2466 5116 et
2507 5079 2623 5116 non
2653 5061 2838 5131 magis
2868 5077 2980 5113 non
3018 5057 3326 5129 aperientis
3367 5059 3452 5110 est

1811 5156 2009 5226 culpa?
2073 5154 2219 5209 Nihil
2283 5155 2518 5226 quidem
2572 5157 2682 5208 Deo
2747 5159 2826 5207 est
2893 5153 3241 5215 obseratum,
3311 5148 3449 5202 nihil

1815 5250 2073 5302 clausum
2114 5251 2327 5302 interno
2367 5248 2591 5316 lumini,
2622 5247 2720 5302 sed
2757 5251 2946 5316 portas
2981 5243 3212 5298 malitias
3253 5242 3450 5312 dedig-

1812 5346 1983 5398 natur
2028 5341 2282 5412 aperire,
2323 5341 2608 5395 conclavia
2654 5357 2766 5394 non
2815 5339 2931 5392 vult
2991 5340 3287 5407 penetrare
3348 5352 3449 5390 ne-

1813 5434 2028 5507 quitiae.

1885 5530 1970 5583 41,
2022 5531 2106 5582 An
2155 5544 2286 5582 vero
2335 5544 2463 5582 cum
2509 5526 2716 5580 animus
2763 5526 2972 5578 nostrae
3018 5523 3180 5594 vigor
3226 5530 3454 5593 putrem

1814 5622 2066 5694 corporis
2117 5621 2365 5692 refugiat
2418 5619 2770 5690 portionem,
2824 5615 2977 5688 quod
3031 5616 3154 5686 ejus
3210 5617 3453 5688 gratiam

1819 5753 1945 5803 Mss.
1975 5753 2190 5815 aliquot
2217 5763 2327 5800 non
2355 5751 2540 5798 minus
2579 5751 2947 5814 pmpostere;
2996 5749 3095 5800 sed
3137 5747 3233 5799 alii
3267 5747 3457 5813 plures

1812 5836 1880 5876 ac
1905 5823 2172 5888 potiores,
2203 5825 2266 5873 ut
2295 5822 2352 5873 in
2384 5823 2560 5871 textu.
