3862 6166
501 283 634 336 1559

1969 284 2024 337 8.
2065 281 2381 338 AMBROSH

3637 297 3737 350 1560

496 404 747 476 corrupti
789 408 945 459 artus
985 404 1198 460 sentire
1237 420 1349 460 non
1392 404 1632 476 possint,
1676 405 1821 460 Deus
1847 407 2127 475 corruptae
2147 415 2299 488 Ane
2346 410 2679 477 usurparent
2723 405 2826 461 sibi
2868 405 3160 460 scientiam
3205 405 3331 461 boni
3369 411 3417 462 et
3455 409 3584 480 mali,
3620 429 3745 483 quam

496 498 702 554 animm
733 499 992 553 membra
1017 499 1277 571 quaedam
1299 499 1566 570 dignatur
1587 499 1842 554 habitare
1857 500 1885 552 Ἰ
1905 498 2125 554 Animas

494 593 686 646 tamen
740 591 904 662 vigor
955 608 1060 663 per
1111 609 1314 663 corpus
1363 609 1536 647 omne
1591 592 1958 658 diffunditur,
2013 592 2126 646 sive

494 700 716 753 manus,
746 685 859 739 sive
907 701 1025 756 pes,
1063 685 1177 740 sive
1215 685 1426 757 digitus
1453 686 1738 758 particeps
1763 703 1960 740 sensus
1990 693 2076 741 est
2109 703 2121 741 :

495 777 596 832 Dei
657 780 842 848 potest
894 777 1100 833 alicubi
1153 779 1344 833 deesse
1396 779 1692 850 sapientia,
1746 779 1950 834 alicubi
2006 779 2127 850 ejus

496 871 690 926 deesse
718 872 1024 942 majestas?
1067 872 1214 927 Sane
1254 872 1536 942 fugientes
1577 889 1693 927 non
1735 873 1960 942 retinet,
2011 890 2124 928 non

495 964 880 1034 cogitinvitos,
905 965 1004 1019 sed
1033 981 1216 1037 neque
1241 965 1460 1021 fastidit
1483 965 2038 1036 appropinquantes;
2069 973 2127 1022 et

493 1056 645 1112 illius
685 1058 917 1128 quidem
953 1058 1152 1127 virtus,
1193 1059 1344 1114 illius
1383 1059 1627 1114 Verbum
1665 1059 1816 1113 Deus
1859 1060 2125 1115 omnibus

494 1167 677 1222 prope
710 1155 794 1206 est
824 1168 836 1205 :
870 1172 897 1200 «
926 1154 986 1206 In
1028 1153 1150 1223 ipso
1197 1152 1353 1206 enim
1391 1155 1648 1206 constant
1679 1153 1888 1221 omnia,
1918 1161 1972 1208 et
2003 1153 2124 1224 ipse

496 1249 578 1300 est
619 1251 785 1314 caput
814 1245 1066 1315 corporis
1109 1246 1366 1300 Ecclesiae
1407 1247 1646 1314 (001053.,
1689 1264 1726 1314 ι,
1776 1250 1859 1312 17,
1909 1247 2017 1316 18),
2067 1246 2126 1302 in

493 1354 606 1409 quo
634 1337 818 1393 omnis
845 1338 1125 1392 inhabitat
1154 1339 1448 1410 plenitudo
1477 1339 1581 1410 (47)
1611 1341 1852 1406 (001053.,
1896 1356 1951 1406 ιι,
1992 1341 2063 1410 9).
2096 1363 2122 1389 ››

495 1431 602 1489 Sed
639 1433 936 1502 plerosque
979 1432 1050 1486 ab
1096 1448 1162 1486 eo
1200 1436 1430 1504 peccata
1460 1439 1782 1501 secernunt,
1816 1433 1887 1487 de
1920 1433 2125 1504 quibus

491 1526 706 1581 dictum
745 1529 832 1579 est
860 1542 873 1579 :
911 1546 938 1573 «
967 1528 1107 1582 Ecce
1142 1527 1240 1596 qui
1277 1527 1550 1597 elongant
1575 1544 1634 1580 se
1672 1543 1705 1580 a
1744 1530 1822 1592 te,
1852 1525 2127 1598 peribunt

491 1618 655 1688 (Psal.
706 1633 870 1687 Lxxu,
923 1620 1034 1689 27).
1089 1640 1115 1668 »
1164 1619 1324 1674 Unde
1377 1622 1608 1674 sanctus
1652 1620 1936 1690 Propheta
1981 1620 2062 1672 ait
2106 1636 2119 1672 :

493 1733 521 1761 ‹‹
548 1711 679 1766 Mihi
700 1718 888 1766 autem
917 1711 1208 1766 adhaerere
1236 1714 1349 1767 Deo
1380 1712 1594 1766 bonum
1624 1715 1709 1766 est
1738 1712 1924 1784 (Ibid.,
1954 1715 2062 1780 28).
2094 1734 2121 1762 ››

2226 502 2383 552 recto
2416 498 2745 554 discrimine
2785 498 3022 553 definire
3055 515 3168 552 non
3205 506 3436 568 possent,
3460 503 3658 571 paradisi
3682 507 3746 560 in-

2227 593 2476 646 colatum
2509 593 2566 646 in
2599 595 2944 662 perpetuum
2975 591 3258 645 vindicare
3285 592 3572 662 potuissent.
3596 597 3638 651 Si
3659 615 3752 653 con-

2227 685 2474 740 siderent
2513 686 2775 740 homines
2811 685 2945 755 quia
2979 685 3211 756 sanguis
3255 685 3479 739 hominis
3521 688 3582 741 ad
3618 691 3752 747 Deum

2226 780 2450 845 clamat,
2502 794 2704 833 manus
2758 778 3015 849 proprias
3059 795 3094 832 a
3137 794 3272 833 nece
3317 778 3538 833 hominis
3573 781 3759 838 abstine-

2225 872 2386 927 bunt.
2437 871 2493 926 Si
2535 871 2852 926 custodiant
2897 873 3176 942 praecepta
3217 888 3338 942 quas
3379 872 3515 927 dedit
3544 874 3758 930 Dominus

2226 981 2412 1020 coram
2448 966 2586 1020 coelo
2617 968 2675 1019 et
2701 969 2854 1019 terra
2892 963 3148 1030 testibus,
3189 963 3376 1019 dicens
3406 981 3418 1018 :
3448 987 3471 1013 ‹‹
3500 966 3639 1033 Audi,
3677 986 3760 1022 cce.-

2225 1059 2368 1121 lum,
2414 1062 2473 1112 et
2515 1058 2747 1112 auribus
2794 1058 3042 1128 percipe,
3083 1063 3238 1112 terra
3281 1058 3384 1128 (48)
3424 1061 3559 1127 (Isa.,
3589 1063 3710 1127 I,3);
3743 1087 3760 1109 ›ι

2225 1151 2464 1207 scientes
2499 1153 2632 1222 quia
2668 1151 2943 1222 quidquid
2983 1150 3182 1221 ﬂagitii
3213 1151 3590 1225 commiserint,
3613 1153 3762 1207 adver-

2226 1263 2318 1300 sus
2345 1247 2533 1316 legem
2563 1244 2786 1299 Domini
2806 1244 3022 1310 fecisse,
3047 1246 3378 1314 angelorum
3400 1250 3452 1298 et
3473 1247 3761 1308 Potestatum,

2225 1343 2550 1393 sanctorum
2578 1353 2802 1409 quoque
2828 1337 3132 1392 hominum
3157 1338 3483 1393 testimoniis
3500 1342 3765 1409 arguantur,

2226 1449 2398 1503 supra
2450 1433 2572 1486 haec
2626 1431 2951 1486 testimonia
3001 1432 3428 1486 fundamentum
3478 1431 3571 1485 sibi
3619 1434 3767 1486 consti-

2224 1528 2415 1592 tuent,
2471 1525 2605 1596 quia
2653 1529 2866 1579 aeterna
2913 1529 3045 1580 sunt
3088 1531 3256 1596 atque
3301 1529 3572 1596 perpetua.
3611 1527 3664 1580 Et
3701 1542 3771 1578 nos

2225 1635 2364 1690 ergo
2391 1635 2532 1690 opus
2557 1624 2814 1673 nostrum
2847 1618 3188 1674 mdificemus
3213 1635 3383 1690 supra
3411 1619 3768 1672 fundamentum

2227 1712 2680 1767 testimoniorum
2744 1712 3085 1780 caelestium;
3152 1718 3212 1766 ut
3275 1729 3389 1766 non
3441 1711 3618 1764 ardeat
3673 1711 3769 1763 sicut

490 1806 558 1859 Et
603 1807 887 1877 apostolus
932 1805 1236 1860 ostendens
1279 1822 1394 1859 non
1439 1822 1560 1860 esse
1610 1782 1783 1876 longe
1833 1807 2005 1859 Deum
2051 1782 2446 1877 abBlignum
2489 1810 2588 1859 aut
2628 1805 2850 1876 stipula,
2895 1805 2989 1860 sed
3017 1805 3162 1859 sicut
3205 1822 3409 1860 aurum
3453 1805 3762 1875 probetur;ut

489 1915 839 1970 unoquoque
887 1901 1144 1952 nostrum
1182 1915 1195 1952 :
1240 1920 1266 1947 ‹‹
1310 1900 1374 1953 In
1418 1899 1562 1970 ipso,
1609 1898 1816 1970 inquit,
1865 1898 2120 1968 vivimus,

450 2046 458 2055 ,
490 1996 547 2046 et
581 2008 896 2059 movemur,
930 1995 985 2046 et
1023 2007 1216 2047 sumus
1254 1992 1427 2062 (Act.,
1477 2009 1610 2056 xvu,
1658 1992 1766 2063 '28).
1807 2013 1833 2041 ››
1884 1992 2121 2046 Vitalem

492 2085 706 2140 etenim
749 2085 1012 2140 omnibus
1063 2086 1309 2155 gratiam
1359 2086 1813 2151 subministrans,
1865 2084 2108 2157 1221

468 2179 754 2233 omnibus
809 2181 1018 2248 praesto
1070 2183 1153 2233 est
1204 2195 1442 2232 munere
1499 2177 1769 2232 bonitatis
1820 2194 1968 2245 suae,
2025 2177 2120 2233 sed

489 2271 725 2344 propior
754 2277 837 2326 est
866 2271 974 2324 illis
999 2271 1097 2342 qui
1124 2272 1365 2326 contrito
1394 2275 1528 2326 sunt
1554 2272 1742 2326 corde.

560 2367 647 2420 42.
701 2364 861 2429 Quod
900 2370 1060 2418 vetus
1103 2381 1326 2436 quoque
1374 2381 1476 2434 per
1526 2365 1834 2436 aenigmata
1881 2364 2122 2419 historia

491 2460 676 2514 docet.
723 2460 932 2529 Moyses
975 2458 1035 2512 in
1083 2459 1291 2512 montis
1336 2458 1490 2512 Sinai
1535 2457 1834 2528 supercilio
1886 2463 2024 2524 erat,
2067 2463 2122 2512 et

491 2554 642 2608 solus
668 2556 791 2606 erat
822 2569 836 2606 :
867 2552 1111 2622 populus
1147 2552 1204 2605 in
1237 2551 1403 2617 valle,
1433 2551 1492 2605 in
1529 2550 1644 2604 imo
1681 2552 1887 2606 montis
1917 2570 1930 2606 :
1962 2567 2120 2621 pres-

488 2645 671 2716 byteri
721 2646 779 2699 in
830 2650 992 2715 parte
1045 2643 1257 2698 montis
1308 2660 1480 2714 supra
1523 2643 1725 2698 merita
1766 2643 1976 2714 plebis,
2021 2643 2121 2697 sed

486 2738 734 2809 plurimo
765 2737 1059 2792 intervallo
1085 2755 1120 2791 a
1147 2737 1316 2807 Moysi
1356 2737 1574 2791 meritis
1609 2737 1860 2807 separati
1902 2737 2117 2807 (Exodi,

459 2848 598 2898 ιιι,
638 2832 839 2901 20-22).
887 2832 1010 2885 Non
1062 2846 1262 2884 omnes
1303 2829 1361 2883 in
1404 2831 1636 2896 vertice,
1681 2847 1862 2901 neque
1899 2831 1958 2884 in
2005 2831 2120 2884 imo

488 2941 709 2991 omnes,
751 2925 849 2978 sed
887 2924 1168 2994 populus:
1198 2924 1414 2993 Moyses
1453 2923 1602 2977 solus
1639 2923 1699 2976 in
1746 2923 1951 2978 vertice
1992 2923 2122 2978 Sina

487 3017 723 3084 montis,
763 3017 862 3087 qui
901 3015 1075 3071 latina
1109 3015 1571 3087 interpretatione
1602 3015 1828 3081 dicitur,
1870 3019 2116 3070 tentatio.

2223 1903 2434 1954 aeterno
2462 1901 2690 1953 maneat
2719 1899 2916 1952 nixum
2943 1898 3308 1953 fundamine.

2722 1991 2946 2047 SEBMO
2986 1991 3364 2048 VlCESlMUS.

2882 2091 2935 2138 Ἴ.
2985 2075 3207 2137 Resch.

2302 2182 2344 2231 1.
2377 2177 2578 2248 Incipit
2623 2176 2810 2232 littera
2854 2178 3124 2232 vicesima
3161 2178 3342 2240 Resch,
3383 2193 3505 2248 quas
3539 2176 3689 2231 latina
3721 2177 3778 2228 in-

2223 2271 2623 2341 terpretatione
2649 2275 2814 2340 caput
2843 2270 3066 2337 dicitur,
3101 2271 3189 2325 vel
3214 2274 3502 2342 primatus.
3526 2272 3683 2339 Caput
3706 2272 3780 2329 est,

2224 2370 2285 2419 ut
2338 2364 2582 2418 formam
2632 2365 2862 2433 generis
2906 2365 3141 2418 humani
3193 2365 3634 2428 consideremus,
3674 2361 3782 2433 quod

2224 2459 2371 2512 fovet
2395 2457 2656 2512 membra
2692 2457 2905 2523 omnia,
2945 2462 3004 2510 et
3047 2457 3244 2527 dirigit
3286 2462 3456 2528 atque
3496 2457 3670 2527 implet
3698 2470 3785 2507 sen-

2222 2551 2394 2604 sibus.
2443 2552 2642 2607 Sensus
2686 2551 2838 2604 enim
2883 2551 3140 2619 sapientis
3179 2553 3239 2604 in
3269 2554 3447 2621 capite
3484 2551 3589 2618 ejus
3626 2549 3787 2617 (Eccle.

2227 2661 2283 2711 ιι,
2328 2644 2434 2714 14).
2471 2643 2607 2698 Inde
2653 2643 2853 2697 ductus
2885 2659 3182 2710 venarum,
3223 2647 3556 2714 meatusque
3592 2641 3786 2711 spiritus,

2223 2736 2516 2808 sanguinis
2563 2736 2707 2789 vires
2747 2735 2807 2789 in
2852 2735 3026 2790 totius
3073 2741 3263 2807 partes
3305 2735 3553 2806 corporis
3594 2733 3787 2788 derivan-

2222 2836 2333 2884 tur.
2378 2831 2604 2884 Lustrat
2649 2828 2864 2896 omnia,
2912 2836 3075 2884 ornat
3121 2830 3334 2883 omnia.
3378 2828 3598 2884 Sublato
3635 2826 3787 2896 capite,

2222 2938 2429 2992 corpus
2466 2921 2584 2976 sine
2629 2921 2858 2976 nomine
2899 2927 3004 2989 est,
3053 2938 3171 2976 nou
3207 2921 3554 2992 agnoscitur,
3583 2936 3673 2974 nec
3710 2919 3790 2971 ulla

2221 3018 2478 3086 superest
2535 3031 2704 3068 usura
2753 3013 2998 3069 vivendi.
3051 3016 3365 3086 Propterea
3413 3015 3508 3084 qui
3554 3013 3606 3066 in
3649 3011 3791 3079 aliquo

489 3111 557 3166 Et
603 3117 665 3165 tu
709 3110 755 3164 si
791 3125 958 3180 supra
999 3109 1336 3165 tentationes
1379 3109 1724 3176 ascenderis,
1776 3113 1834 3164 et
1878 3110 2120 3164 contrito
2143 3142 2197 3216 Ο
2227 3106 2484 3181 1222
2513 3108 2864 3162 damnantur
2889 3107 3144 3176 crimine,
3175 3124 3241 3162 eo
3280 3108 3432 3179 quod
3459 3111 3791 3162 ornamentum

489 3204 662 3260 corde
716 3202 980 3258 detuleris
1033 3219 1298 3272 precem,
1355 3203 1470 3256 Deo
1520 3202 1808 3272 proximus
1875 3203 2017 3271 eris;
2075 3203 2121 3258 si

489 3297 706 3352 mundo
741 3297 910 3351 corde
951 3296 1145 3363 fueris,
1186 3302 1242 3351 et
1280 3299 1342 3349 tu
1386 3297 1563 3351 Deum
1611 3295 1866 3350 videbis:
1903 3319 1930 3345 ‹‹
1972 3297 2122 3351 Beati

487 3389 640 3446 enim
709 3389 922 3444 mundo
985 3389 1182 3454 corde;
1247 3389 1381 3460 quia
1446 3389 1552 3459 ipsi
1613 3390 1790 3443 Deum
1849 3389 2122 3444 videbunt

490 3484 730 3555 (Matth.,
761 3500 814 3552 ν,
843 3484 918 3552 8).
954 3502 980 3534 »

559 3578 648 3632 43.
689 3577 792 3641 Qui
831 3590 967 3646 ergo
1005 3577 1114 3631 Deo
1157 3576 1452 3646 proximus
1485 3581 1589 3642 est,
1627 3575 1761 3631 dicit
1795 3592 1806 3630 :
1841 3579 2012 3646 Prope
2047 3593 2120 3639 es,

490 3673 730 3733 Domine,
766 3677 816 3724 et
850 3673 1030 3725 omnia
1062 3676 1339 3739 pracepta
1378 3675 1473 3724 tua
1506 3672 1726 3725 veritus.
1754 3670 1982 3724 Judzeus
2018 3671 2125 3726 hoc

490 3782 603 3820 non
653 3767 840 3836 potest
887 3763 1097 3832 dicere,
1144 3763 1241 3834 qui
1284 3779 1396 3817 non
1444 3763 1644 3834 recipit
1688 3764 1987 3818 Dominum
2029 3767 2123 3818 Je-

490 3875 648 3927 sum;
681 3858 962 3928 separavit
1002 3856 1155 3911 enim
1201 3872 1280 3923 se,
1326 3872 1429 3911 nec
1466 3857 1525 3910 in
1562 3857 1878 3923 veritatem,
1926 3857 2025 3911 sed
2064 3857 2124 3911 in

488 3953 750 4008 umbram
787 3951 983 4005 credit.
1034 3949 1332 4013 Quomodo
1372 3949 1507 4004 dicit
1547 3966 1560 4004 :
1600 3953 1874 4020 Praecepta
1909 3957 2002 4004 tua
2043 3967 2127 4006 ve-

487 4048 655 4110 ritas;
699 4060 826 4098 cum
877 4042 1063 4112 gratia
1110 4047 1166 4096 et
1208 4042 1416 4096 veritas
1462 4059 1562 4113 per
1603 4044 1795 4097 Iesum
1841 4043 2125 4099 Christum

491 4138 640 4192 facta
680 4135 769 4201 sit,
812 4151 943 4189 cum
987 4151 1119 4189 eum
1164 4151 1280 4190 non
1321 4141 1610 4206 agnoscat,
1651 4137 1748 4206 qui
1792 4137 2027 4191 veritate
2071 4142 2128 4192 et

489 4227 837 4301 plenitudine
871 4227 1308 4282 circumcisionis
1341 4245 1455 4284 suae
1485 4232 1671 4283 totum
1711 4230 1993 4284 mundum
2031 4246 2123 4284 re-

492 4319 706 4377 demit?

563 4416 649 4470 44.
703 4415 870 4481 (Vers.
925 4413 1068 4484 152.)
1111 4414 1346 4469 Octavus
1390 4430 1582 4468 versus
1624 4420 1707 4468 est
1742 4433 1754 4469 :
1795 4418 1962 4470 Initio
2002 4432 2122 4483 cog-

2223 3208 2307 3257 est
2334 3202 2509 3256 totius
2537 3201 2808 3271 corporis,
2841 3201 3025 3271 capite
3065 3202 3170 3271 (49)
3212 3201 3546 3255 abdicantur
3584 3217 3596 3252 :
3627 3205 3674 3253 et
3695 3196 3790 3267 quia

2223 3295 2377 3366 turpi
2401 3295 2488 3349 vel
2517 3295 2753 3349 scelesto
2781 3297 2940 3348 reatu
2965 3294 3232 3349 belluinas
3272 3293 3540 3349 foeditatis
3580 3291 3791 3352 illuviem,

2223 3390 2308 3444 vel
2346 3387 2596 3443 bestialis
2625 3387 2996 3442 immanitatis
3035 3388 3336 3442 horrorem
3375 3386 3699 3442 commisisse
3731 3384 3792 3435 de.-

2223 3482 2354 3537 tecti
2407 3485 2567 3548 sunt,
2625 3486 2896 3552 tanquam
2952 3481 2994 3535 ii
3059 3481 3156 3552 qui
3221 3481 3512 3552 proposito
3585 3480 3792 3534 humana.

2223 3573 2634 3630 moderationis
2673 3574 3004 3648 exciderint,
3040 3574 3288 3628 formam
3328 3590 3550 3645 quoque
3583 3573 3792 3628 humanae

2224 3667 2562 3724 conditionis
2599 3668 2874 3738 jubentur
2923 3684 3151 3722 exuere.
3208 3669 3408 3723 Reciso
3451 3668 3596 3723 enim
3636 3663 3792 3734 capite,

2227 3762 2428 3833 reliqui
2468 3761 2717 3832 corporis
2755 3767 2987 3816 truncus
3024 3761 3336 3816 bestiarum
3377 3760 3596 3832 corpori
3622 3771 3793 3825 compa-

2227 3860 2403 3923 ratur,
2438 3858 2495 3909 et
2532 3853 2828 3925 sapientiae
2859 3871 2988 3909 arce
3024 3854 3353 3922 fraudetur;
3398 3855 3527 3926 quia
3566 3848 3794 3924 sapientia

2226 3964 2342 4003 non
2383 3947 2567 4018 potuit
2610 3951 2803 4003 tenere
2849 3948 3146 4002 rationem.
3194 3949 3482 4018 Sepelitur
3524 3946 3679 4017 igitur
3710 3942 3795 3995 sine

2227 4041 2432 4096 decore
2458 4057 2558 4096 suo
2585 4057 2820 4112 corpus;
2851 4041 2909 4095 in
2938 4040 3125 4110 capite
3164 4042 3382 4095 etenim
3422 4042 3579 4112 vigor
3613 4037 3736 4100 vitae,
3757 4034 3795 4084 in

2227 4134 2409 4205 capite
2437 4138 2523 4188 est
2553 4135 2733 4206 gratia
2758 4135 3090 4188 venustatis.

2295 4231 2348 4282 2.
2397 4229 2594 4282 Fertur
2637 4227 2891 4295 coluber,
2938 4244 3070 4282 cum
3111 4233 3348 4299 urgetur
3383 4227 3639 4299 periculo,
3672 4221 3796 4289 caput

2227 4337 2454 4392 semper
2490 4320 2862 4388 abscondere,
2895 4327 2952 4375 et
2992 4322 3047 4374 in
3093 4321 3290 4375 orbem
3339 4337 3398 4376 se
3432 4321 3698 4391 colligens,
3731 4313 3796 4366 ob-

2220 4414 2373 4485 jecta
2398 4413 2605 4485 reliqui
2636 4419 2792 4484 parte
2823 4413 3093 4484 corporis,
3122 4414 3232 4469 hoc
3258 4416 3447 4470 solum
3487 4412 3648 4476 tueri;
3683 4402 3794 4479 quod

489 4511 616 4563 novi
656 4509 720 4562 de
768 4510 1084 4563 testimoniis
1130 4510 1267 4574 tuis;
1309 4509 1441 4577 quia
1476 4510 1535 4561 in
1573 4513 1830 4562 aternum
1866 4510 2122 4575 fundasti
2138 4502 2198 4574 D
2220 4507 2364 4562 illisa
2421 4508 2638 4562 feratur
2691 4509 2802 4578 (50)
2849 4508 3106 4562 membra
3153 4512 3397 4577 caetera,
3457 4507 3600 4561 salvo
3648 4499 3794 4571 capitis

491 4619 572 4657 ea.
611 4602 686 4654 De
724 4600 1078 4668 testimoniis,
1119 4601 1326 4671 inquit,
1370 4602 1480 4655 tuis
1519 4601 1588 4655 ab
1634 4601 1799 4655 initio
1839 4602 2116 4671 cognitio-

491 4711 626 4749 nem
656 4697 713 4747 et
736 4693 906 4749 fidem
936 4695 1233 4765 assumpsi,
1275 4696 1427 4766 quod
1469 4695 1526 4749 in
1572 4699 1850 4750 aeternum
1880 4695 2121 4750 fundata

491 4792 656 4856 sunt;
685 4787 1070 4841 testimonium
1107 4788 1260 4842 enim
1301 4788 1468 4844 ﬁdele
1505 4791 1606 4854 est,
1639 4793 1697 4842 et
1727 4791 1957 4858 praestat
1995 4805 2120 4858 par-

489 4881 635 4937 vulis
691 4881 1053 4952 sapientiam.
1115 4881 1172 4935 Si
1221 4881 1614 4951 cognovissent
1661 4881 1841 4937 Adam
1896 4885 1952 4935 et
2010 4884 2119 4937 Eva

490 4977 640 5048 quod
673 4974 834 5046 quasi
864 4973 1110 5045 parvulis
1148 4973 1281 5028 data
1309 4979 1493 5029 essent
1522 4974 1774 5028 cautiora
1803 4977 2115 5046 praecepta;

557 5109 650 5173 (47)
707 5108 913 5160 Omnes
958 5106 1112 5166 edit.,
1148 5105 1420 5170 plenitudo
1472 5106 1787 5158 divinitatis.
1835 5105 1944 5157 Sed
1991 5120 2116 5169 vox,

488 5178 804 5234 divinitatis,
835 5178 904 5228 ab
946 5177 1208 5228 omnibus
1245 5189 1376 5225 mss.
1428 5175 1600 5235 abest,
1642 5191 1747 5228 nec
1787 5191 2120 5243 magnOpere

488 5248 710 5299 videtur
740 5249 1108 5299 Ambrosiano
1134 5248 1326 5298 sensui
1352 5248 1684 5297 necessaria.

553 5320 648 5381 (48)
677 5319 833 5369 Rom.
869 5320 998 5370 edit.
1031 5320 1166 5380 sola,
1196 5317 1409 5368 testibus
1447 5318 1603 5381 (unde
1642 5318 1775 5368 dixit
1818 5320 2119 5381 Propheta:

488 5389 646 5445 Audi,
685 5390 930 5440 caelum...
976 5391 1162 5454 terra).
1197 5391 1404 5439 Verum
1448 5402 1560 5438 non
1606 5390 1739 5438 satis
1769 5395 1990 5453 apparet
2026 5391 2117 5440 cui

488 5457 636 5508 bono
665 5472 728 5508 ea
755 5463 984 5511 mutatio
1011 5462 1240 5511 inducta
1271 5462 1358 5520 sit,
1386 5473 1515 5509 cum
1549 5460 1730 5509 Deum
1761 5461 1818 5509 in
1846 5460 2118 5524 Propheta

487 5528 737 5578 locutum
770 5533 953 5594 quivis
982 5533 1276 5595 intelligat.

551 5600 647 5658 (49)
700 5601 824 5650 Alia
881 5604 1104 5665 quidem
1165 5607 1324 5654 erant
1383 5605 1582 5666 praeter
1641 5601 1837 5665 capitis
1895 5614 2116 5665 pcenam

490 5673 736 5719 extrema
783 5673 1072 5734 supplicia,
1121 5677 1185 5722 ut
1238 5687 1506 5724 venarum
1563 5673 1758 5733 sectio,
1815 5687 2112 5735 venenum,

489 5739 701 5798 bestiae,
732 5739 1001 5802 laqueus;
1044 5756 1239 5793 verum
1280 5746 1501 5794 omissis
1545 5745 1790 5808 reliquis,
1823 5743 1915 5795 hic
1962 5745 2115 5795 illam

487 5812 706 5863 tantum
739 5810 821 5863 vir
862 5814 1091 5866 sanctus
1137 5820 1549 5884 commemorat,
1589 5817 1677 5871 vel
1727 5816 1858 5888 quia
1899 5817 1959 5870 in
1995 5827 2112 5869 rem

2222 4600 2437 4670 vigore,
2485 4616 2778 4675 reparare.
2809 4601 2923 4656 Hoc
2958 4604 3014 4655 et
3039 4604 3103 4655 tu
3141 4601 3436 4656 moraliter
3471 4604 3630 4670 caput
3661 4606 3793 4650 serva.

2221 4694 2328 4748 hoc
2371 4697 2590 4748 servato
2635 4700 2694 4748 et
2735 4694 2990 4764 mystice.
3041 4694 3336 4765 Mysticum
3388 4698 3552 4766 caput
3597 4688 3797 4747 Christus

2221 4792 2335 4855 est;
2365 4787 2501 4858 quia
2531 4807 2558 4836 ‹‹
2587 4786 2788 4841 Omnia
2823 4787 2882 4842 in
2909 4788 3032 4857 ipso
3063 4791 3346 4857 constant,
3392 4795 3449 4842 et
3475 4787 3590 4858 ipse
3615 4785 3688 4837 est
3708 4791 3795 4832 cor-

2221 4897 2325 4951 pus
2375 4880 2624 4951 corporis
2673 4881 2935 4934 Ecclesia:
2986 4881 3223 4951 (Cotoss.,
3272 4897 3309 4949 ι,
3366 4885 3450 4949 17,
3501 4880 3602 4948 18).
3649 4898 3672 4925 »
3716 4873 3793 4924 Hoc

2221 4977 2389 5044 caput
2427 4974 2527 5044 qui
2562 4974 2836 5037 amiserit,
2883 4974 3106 5028 vivendi
3141 4990 3308 5028 usum
3350 4973 3560 5028 habere
3597 4983 3695 5023 non
3725 4978 3793 5034 p0-

2221 5108 2396 5170 magis
2425 5106 2682 5169 faciebat,
2714 5107 2801 5158 vel
2833 5108 2972 5158 forte
3016 5109 3146 5172 quia
3190 5108 3247 5158 id
3292 5108 3550 5171 temporis
3578 5104 3684 5154 aliis
3709 5098 3793 5172 erat

2219 5163 2578 5241 frequentior,
2605 5163 2694 5227 vel
2723 5179 2946 5228 tandem
2977 5163 3108 5243 quia
3142 5192 3254 5228 non
3293 5163 3473 5230 solum
3511 5175 3696 5230 mortis,
3721 5163 3789 5216 sed

2220 5253 2274 5299 et
2297 5249 2477 5299 exsilii
2502 5263 2568 5299 ac
2593 5250 2875 5300 servitutis
2903 5262 3084 5311 pmna,
3117 5250 3373 5313 capitalis
3402 5249 3618 5299 nomine
3642 5250 3789 5294 censi,L

2220 5320 2396 5370 batur.
2418 5321 2558 5370 Vide
2582 5322 2825 5371 Brisson.
2851 5321 2921 5371 de
2959 5321 3104 5371 Verb.
3126 5321 3304 5385 signi/2
3330 5321 3426 5371 lib.
3455 5333 3528 5381 III,
3557 5317 3617 5368 ad
3641 5322 3784 5364 voces,

2222 5391 2492 5455 Capitalia
2517 5393 2764 5440 crimina.

2281 5464 2377 5525 (50)
2427 5464 2538 5514 Mss
2605 5464 2834 5527 aliquot,
2869 5477 2932 5514 ac
2961 5469 3069 5514 vet.
3103 5463 3254 5522 edit.,
3288 5463 3435 5524 Quod
3478 5459 3630 5511 illam
3666 5455 3789 5517 fera-

2221 5539 2389 5584 tur....
2427 5547 2704 5598 reparare.
2757 5535 2915 5584 Rom.
2974 5535 3111 5595 sola,
3167 5535 3309 5596 Quod
3361 5534 3480 5584 laesa
3529 5531 3785 5598 ferantur-.-

2217 5606 2487 5667 reparari.
2522 5606 2634 5656 Alii
2672 5618 2802 5655 mss.
2836 5607 3031 5669 majori
3063 5619 3308 5666 numero,
3340 5609 3395 5656 et
3436 5599 3635 5672 meliori
3666 5597 3785 5672 nota,

2217 5680 2280 5725 ut
2309 5677 2365 5725 in
2393 5679 2562 5725 textu.
2596 5676 2800 5727 Confer
2823 5681 3012 5728 autem
3037 5677 3192 5728 hunc
3218 5677 3400 5728 locum
3427 5687 3546 5726 cum
3576 5670 3714 5721 ΕΜΓ.
3741 5670 3780 5710 in

2219 5747 2358 5798 Psal.
2389 5760 2616 5810 XXXVII,
2645 5761 2799 5798 num.
2834 5749 2911 5800 19.
