3862 6166
189 294 276 349 1561
1217 281 1572 342 EXPOSITIO
1613 286 1679 342 IN
1712 284 2032 344 PSALMUM
2070 288 2291 344 CXVIII.
3293 288 3425 341 I562

177 415 283 471 terit.
323 412 411 466 Hoc
447 409 550 464 solo
595 408 873 464 distamus
923 426 958 463 a
1006 409 1216 476 bestiis,
1269 410 1341 464 ad
1382 410 1701 482 imaginem
1721 415 2035 495 Apropter
2054 411 2439 468 humilitatem
2464 415 2658 467 tamen
2679 408 3016 481 justiﬁcatus
3042 410 3228 481 magis
3253 425 3428 480 quam

175 508 238 563 Dei
268 509 311 560 et
345 501 741 558 similitudinem
789 502 1064 558 virtutum
1109 504 1302 576 vigore
1338 504 1586 559 formati.
1619 505 1700 559 Fi-
1803 505 1895 560 ille
1923 504 2259 573 Pharisreus,
2288 504 2631 560 descendite
2661 503 2898 572 templo,
2931 502 3242 557 secundum
3270 501 3425 572 quod

172 602 237 655 des
262 597 419 652 nosab
452 595 922 650 irrationabilium
958 597 1243 666 pecudum
1283 596 1699 668 comparatione
1802 602 2074 672 scriptum
2116 605 2200 656 est
2238 602 2299 656 in
2341 601 2622 671 Propheta
2654 617 2666 654 :
2704 621 2730 648 ‹‹
2760 599 2902 662 Quia
2943 597 3188 653 humiles
3226 597 3428 667 spiritu

171 691 358 746 secernit.
406 690 505 742 Hoc
554 692 743 759 caput,
794 688 1035 744 humani
1084 693 1325 758 servate,
1383 696 1697 762 serpentes,
1801 696 2037 750 salvahit
2066 696 2230 764 (Psal.
2263 711 2448 761 XXXIII,
2489 695 2592 764 l9).
2623 715 2650 742 »

168 782 324 838 etiamsi
367 782 538 837 omnia
594 781 850 837 membra
898 783 1212 853 caedantur,
1269 789 1450 840 totum
1500 788 1701 840 uratur
1872 794 1922 843 5.
1954 791 2064 843 Hoc
2099 791 2290 843 autem
2325 805 2444 843 esse
2483 792 2653 858 caput
2683 787 2836 858 quod
2873 786 2996 840 haec
3037 783 3223 838 littera
3253 783 3430 853 expri-

165 893 308 948 corpus
342 873 613 944 incendiis,
665 881 958 946 mergatur
1005 878 1308 947 profundo,
1361 877 1702 934 evisceratur
1803 888 1941 948 mat,
1995 881 2282 936 evidenter
2324 881 2497 936 etiam
2544 880 2602 934 in
2655 879 2918 934 Ieremia:
2973 876 3209 931 Threnis
3259 876 3425 929 doce-

162 990 180 1024 a
208 969 375 1038 bestiis,
404 969 498 1023 hoc
521 974 716 1023 tamen
753 970 932 1040 capite
960 970 1265 1038 custodito,
1307 970 1418 1026 vita
1453 972 1697 1043 integra,
1803 991 1948 1029 mur.
1978 976 2117 1028 Nam
2147 975 2378 1046 praelata
2416 975 2522 1028 hac
2551 973 2742 1028 littera
2771 972 2848 1026 ait
2882 971 3160 1043 propheta
3192 987 3204 1023 :
3237 989 3264 1019 ‹‹
3297 969 3424 1039 Spi-

161 1065 265 1117 salus
297 1067 397 1117 tuta
436 1067 543 1129 est;
591 1078 760 1116 nemo
799 1062 954 1116 enim
997 1066 1184 1134 potest
1219 1064 1427 1135 perire,
1458 1066 1546 1120 cui
1587 1083 1698 1120 non
1805 1069 1944 1123 ritus
1995 1073 2128 1122 ante
2182 1067 2386 1122 faciem
2440 1069 2692 1122 nostram
2746 1064 3000 1121 Christus
3058 1063 3425 1126 Dominus:..,

159 1155 345 1210 sublatus
367 1158 442 1210 est
467 1154 735 1212 Christus.
1801 1162 1904 1216 sub
1949 1161 2150 1216 umbra
2189 1161 2309 1231 ejus
2357 1161 2416 1214 in
2464 1160 2726 1231 gentibus
2766 1161 3024 1213 vivemus
3066 1157 3312 1227 (Thren.,
3354 1171 3424 1219 Iv,

201 1253 240 1304 3.
265 1250 344 1302 Est
366 1252 416 1302 et
441 1251 606 1320 caput
632 1265 850 1304 summa
886 1250 1055 1305 studii
1087 1257 1257 1322 atque
1283 1252 1470 1323 operis
1500 1253 1698 1320 nostri,
1799 1258 1910 1326 20).
1955 1277 1982 1306 ››
2024 1256 2134 1309 Hoc
2172 1270 2310 1325 ergo
2349 1258 2517 1324 caput
2555 1269 2683 1308 vere
2717 1257 2819 1319 est,
2852 1251 3004 1323 quod
3039 1249 3299 1305 omnium
3337 1265 3425 1302 ca-

152 1359 318 1397 summa
366 1342 585 1413 negotii,
641 1359 862 1397 summa
924 1345 1062 1414 spei,
1128 1361 1354 1400 summa
1403 1345 1696 1401 virtutum.
1802 1351 1906 1419 put
1935 1353 2038 1402 est.

151 1436 292 1491 Omnis
331 1439 504 1490 autem
550 1452 778 1490 summa
822 1443 906 1492 est
943 1437 1115 1492 studii
1161 1439 1369 1505 nostri;
1415 1444 1480 1494 ut
1526 1440 1702 1496 simus
1874 1446 1925 1496 6.
1976 1441 2228 1495 Diximus
2275 1440 2342 1494 de
2387 1441 2588 1512 capite,
2640 1439 2895 1493 dicamus
2938 1441 2997 1491 et
3041 1438 3110 1491 de
3155 1436 3425 1506 primatu.

151 1529 350 1596 humiles,
400 1529 687 1584 veritatem
731 1546 1059 1600 sequamur,
1110 1553 1136 1578 ‹‹
1182 1548 1355 1602 quam
1402 1549 1515 1587 non
1554 1533 1704 1588 videt
1803 1535 1952 1606 quod
1990 1535 2122 1589 licet
2166 1550 2432 1589 sermone
2474 1534 2642 1588 distet
2682 1550 2745 1587 ac
2784 1533 2987 1598 littera,
3025 1546 3197 1584 sensu
3235 1535 3427 1583 tamen

150 1622 356 1676 extollens
394 1639 476 1689 se,
525 1623 736 1678 frustra
778 1623 1005 1678 inﬂatus
1062 1629 1257 1680 mente
1315 1627 1498 1681 carnis
1549 1644 1699 1698 sum,
1803 1629 1861 1683 in
1896 1629 2154 1683 eamdem
2182 1628 2464 1682 concurrit
2491 1625 2945 1697 intelligentiam.
2973 1623 3251 1678 Primatus
3272 1621 3426 1676 enim

150 1720 185 1770 et
223 1731 311 1770 non
358 1721 544 1771 tenens
590 1720 759 1787 caput
804 1717 1042 1787 (σοιοεευ
1089 1735 1146 1786 II,
1196 1719 1301 1790 l8).
1350 1742 1376 1768 ››
1428 1721 1584 1784 Quod
1633 1721 1767 1793 sit_
1803 1723 2050 1793 legimus
2074 1723 2133 1775 in
2164 1720 2340 1775 veteri
2365 1722 2749 1787 Testamento,
2778 1735 2920 1789 quos
2946 1718 3004 1771 in
3039 1713 3429 1788 primogenitis

149 1810 221 1862 hoc
254 1815 394 1880 caput
435 1786 725 1864 evidenter
769 1811 1066 1882 expressit,
1113 1786 1307 1868 dicens
1341 1831 1354 1867 :
1400 1834 1428 1862 ‹‹
1469 1816 1542 1868 Ex
1587 1786 1778 1886 quoB
1803 1786 1944 1872 Esau
1990 1815 2150 1869 fratri
2188 1831 2288 1869 suo
2325 1814 2491 1868 cessit
2532 1815 2704 1882 (Gem,
2748 1786 2871 1878 xiv,
2912 1786 3123 1880 33);_et
3162 1809 3288 1863 ideo
3327 1822 3422 1859 vo-

149 1917 272 1956 omne
300 1918 481 1974 corpus
519 1920 627 1975 per
661 1905 1186 1976 compaginationes
1226 1910 1283 1962 et
1320 1907 1703 1978 colligationes
1803 1915 1988 1964 catum
2031 1912 2114 1963 est
2159 1924 2369 1963 nomen
2412 1909 2534 1978 ejus
2573 1906 2767 1974 Edom,
2806 1907 2912 1960 hoc
2951 1910 3052 1972 est,
3084 1909 3340 1957 terrenus
3375 1905 3430 1953 et

146 1995 560 2050 subministratum
595 1999 654 2051 et
691 1997 1020 2067 copulatum
1061 2000 1262 2053 crescit
1300 1999 1355 2054 in
1391 2000 1704 2055 incremen-
1803 2002 2055 2057 callidus.
2093 2003 2185 2057 Isti
2220 2007 2350 2056 sunt
2379 2005 2570 2055 autem
2614 2000 2828 2066 fratres,
2861 1999 2928 2053 de
2961 1996 3164 2069 quibus
3201 1997 3429 2065 rogatus

146 2093 229 2141 tum
254 2089 338 2143 Dei
367 2089 538 2158 (Ibid.,
577 2092 683 2158 19).
725 2113 751 2139 ››
785 2092 851 2146 Et
887 2091 944 2145 in
983 2091 1137 2146 Isaiae
1172 2092 1315 2147 libro
1347 2093 1484 2148 dicit
1520 2094 1705 2148 Domi-
1805 2102 1887 2151 est
1935 2096 2208 2150 Dominus
2262 2095 2332 2149 ab
2386 2097 2532 2148 Isaac
2571 2095 2732 2164 patre
2781 2107 3013 2156 eorum;
3060 2095 3124 2144 ut
3167 2089 3331 2142 daret
3380 2086 3432 2140 ei

144 2199 215 2234 nus
243 2199 329 2253 per
359 2184 695 2254 prophetam
729 2200 740 2238 :
778 2206 804 2234 «
837 2186 1107 2239 Auferam
1145 2203 1175 2239 a
1213 2186 1408 2240 Iudaea
1444 2193 1611 2259 caput
1648 2192 1706 2242 et
1805 2205 1921 2243 suae
1968 2188 2316 2259 posteritatis
2361 2187 2620 2242 haeredes
2665 2186 2733 2240 de
2786 2185 3033 2240 Rebecca
3084 2198 3258 2237 uxore
3311 2196 3430 2245 sua,

143 2275 339 2343 caudam,
365 2276 587 2332 initium
621 2282 677 2332 et
705 2277 878 2332 ﬁnem
910 2279 1056 2347 (Isa.,
1088 2296 1160 2347 Ix,
1193 2280 1296 2349 14).
1331 2302 1358 2329 ››
1394 2282 1507 2335 Hoc
1534 2284 1705 2352 caput
1805 2299 1932 2353 qua:
1957 2298 2059 2352 per
2084 2281 2281 2352 viginti
2312 2297 2489 2335 annos
2517 2280 2740 2334 nullum
2778 2278 3017 2333 dederat
3052 2273 3433 2346 generationis

139 2367 278 2422 Iudaia
313 2371 452 2440 quod
489 2370 726 2425 tenebat
761 2371 968 2439 amisit,
1013 2389 1141 2443 quae
1172 2374 1359 2428 Iesum
1399 2374 1703 2429 Dominum
1805 2375 2046 2446 insigne.
2101 2374 2397 2428 Exaudivit
2441 2390 2594 2439 eum,
2647 2379 2700 2427 et
2753 2371 3012 2441 concepit
3059 2369 3329 2446 Rebecca,
3379 2371 3435 2420 et

141 2477 219 2514 non
244 2463 446 2533 recepit.
476 2464 587 2518 Ubi
610 2465 746 2519 ﬁdes
777 2467 882 2532 est,
909 2470 966 2519 et
991 2465 1220 2520 initium
1251 2472 1308 2521 et
1338 2451 1512 2522 tinem
1540 2467 1707 2522 habe—
1806 2468 2027 2539 rogavit
2081 2467 2413 2534 Dominum,
2481 2483 2611 2521 cum
2662 2467 2880 2536 jactare
2930 2480 2990 2518 se
3049 2464 3154 2534 (52)
3214 2459 3432 2532 parvuli

138 2570 240 2608 Inus.
266 2556 355 2610 Ubi
382 2557 623 2627 perﬁdia
647 2573 753 2612 nec
779 2557 1009 2613 initium
1036 2575 1142 2614 nec
1169 2559 1298 2614 ﬁnis
1329 2568 1430 2615 est.
1461 2560 1709 2616 Ecclesia
1805 2562 2136 2616 viderentur
2178 2561 2237 2615 in
2280 2566 2443 2615 utero
2483 2561 2624 2631 ejus,
2675 2564 2731 2615 et
2779 2573 3117 2629 responsum
3163 2553 3382 2624 accepit
3414 2568 3427 2605 :

137 2648 416 2719 principium
462 2650 660 2717 habet,
708 2667 835 2721 quae
869 2652 1155 2706 Christum
1197 2654 1398 2722 habet;
1453 2655 1707 2710 Christus
1809 2677 1837 2706 «
1880 2657 2010 2710 Duae
2054 2659 2252 2726 gentes
2290 2655 2349 2708 in
2391 2659 2555 2708 utero
2591 2657 2687 2708 tuo
2726 2658 2876 2718 sunt,
2911 2656 2968 2706 et
2995 2651 3106 2704 duo
3137 2646 3334 2720 p0puli
3361 2645 3432 2699 ab

137 2741 247 2795 enim
294 2743 546 2798 Ecclesia:
607 2743 951 2815 principium
1005 2749 1124 2814 est,
1174 2748 1593 2818 primogenitus
1641 2765 1707 2804 ex
1806 2755 1971 2804 utero
2009 2753 2106 2802 tuo
2136 2747 2566 2818 separabantur,
2598 2752 2654 2801 et
2689 2745 2932 2817 populus
2961 2742 3233 2814 populum
3263 2754 3429 2810 supe-

139 2835 337 2889 mortuis.
381 2836 562 2891 Habet
603 2842 660 2891 et
697 2837 892 2906 ﬁnem,
937 2839 1067 2908 quia
1111 2839 1230 2909 ipse
1269 2843 1353 2894 est
1389 2841 1610 2911 primus
1653 2847 1711 2898 et
1808 2842 1976 2908 rabit,
2008 2847 2065 2895 et
2095 2841 2277 2910 major
2311 2840 2516 2895 serviet
2550 2840 2760 2894 minori
2789 2839 2971 2909 (lbid.,
3011 2839 3119 2904 23).
3166 2858 3192 2884 ››
3233 2835 3434 2888 Nonne

137 2928 431 2982 novissimus.
477 2931 608 3001 Ipse
639 2933 726 2983 est
764 2929 892 2984 ﬁnis
932 2931 1076 3002 legis
1117 2932 1185 2986 ad
1225 2933 1501 3002 justitiam
1547 2936 1708 2989 omni
1807 2938 2069 3006 apertum
2114 2937 2198 2989 est
2239 2934 2594 3005 mysterium,
2638 2933 2776 2988 duos
2821 2928 3125 3001 signiﬁcari
3170 2927 3432 2998 populos,

135 3020 349 3076 credenti.
396 3023 705 3095 Synagoga
747 3039 850 3078 nec
883 3023 1113 3078 initium
1159 3041 1262 3080 nec
1303 3025 1478 3082 finem
1517 3027 1706 3096 habet,
1809 3029 1918 3083 hoc
1966 3032 2072 3096 est,
2116 3027 2390 3098 populum
2444 3027 2771 3082 Iudaeorum
2823 3023 3125 3089 seniorem,
3155 3026 3212 3076 et
3253 3019 3435 3077 Chris-

133 3113 227 3182 quia
257 3130 348 3169 nec
390 3115 448 3169 in
496 3116 785 3187 principio
827 3117 1044 3171 invenit
1086 3119 1234 3189 quod
1274 3125 1561 3190 sequatur,
1603 3138 1783 3221 necC
1809 3122 2029 3177 tianum
2073 3121 2351 3193 populum
2386 3120 2698 3191 juniorem,
2739 3119 2836 3190 qui
2879 3119 3113 3189 propter
3150 3119 3436 3169 cocturam

133 3204 171 3257 in
200 3205 290 3260 ﬁne
320 3208 470 3278 quod
509 3211 725 3279 speret.
762 3208 991 3264 Inflatus
1023 3226 1160 3280 ergo
1189 3215 1360 3282 caput
1389 3229 1504 3266 non
1531 3216 1707 3282 tenet,
1734 3204 1783 3221 ν’
1809 3215 1980 3269 lentis
2022 3214 2294 3285 primatus
2333 3214 2525 3268 fratris
2561 3213 2777 3283 accepit
2807 3209 3086 3266 senioris?
3125 3208 3249 3273 Quo
3285 3205 3432 3260 indi-

132 3296 207 3352 hoc
239 3305 330 3368 est,
371 3301 530 3356 illam
576 3301 784 3356 Christi
828 3302 1212 3358 humilitatem
1261 3321 1376 3376 qua
1416 3305 1712 3361 descendit
1810 3309 1895 3362 cio
1936 3308 2228 3363 evidenter
2267 3307 2606 3379 exprimitur
2647 3305 2797 3378 quod
2847 3303 3088 3375 populus
3124 3301 3317 3356 senior
3346 3299 3440 3353 ille

135 3407 264 3462 usque
298 3395 362 3449 ad
386 3411 641 3462 crucem,
672 3395 961 3451 descendit
999 3412 1179 3467 usque
1209 3398 1282 3451 ad
1315 3397 1546 3454 inferos.
1580 3399 1708 3454 Ideo
1810 3408 2077 3456 terrenus
2125 3406 2359 3472 propter
2404 3399 2905 3470 intemperantiam
2951 3396 3121 3468 gulae,
3164 3394 3440 3466 primatus

132 3483 304 3542 Iudaeus
339 3505 453 3544 non
499 3488 768 3558 credidit,
812 3489 946 3560 quia
992 3492 1337 3562 contempsit
1378 3492 1706 3548 dicentem:
1811 3512 1954 3566 quos
1998 3494 2215 3561 habuit,
2260 3494 2480 3562 amisit;
2527 3493 2773 3564 populus
2808 3497 2997 3545 autem
3043 3488 3296 3544 Ecclesim
3339 3503 3441 3557 per

136 3596 152 3621 ε
182 3577 350 3634 Discite
387 3599 420 3636 a
463 3599 580 3649 me,
614 3581 750 3652 quia
789 3581 944 3636 mitis
981 3599 1128 3649 sum,
1171 3589 1228 3637 et
1265 3583 1496 3638 humilis
1537 3586 1709 3640 corde
1813 3589 2179 3642 sobrietatem
2213 3593 2267 3642 et
2297 3586 2727 3654 continentiam,
2755 3585 3033 3656 primatus
3066 3598 3206 3652 quos
3242 3581 3439 3636 ordine

134 3671 320 3736 1i!atth.,
350 3690 421 3740 XI,
451 3676 568 3745 29).
607 3696 634 3724 »
666 3676 793 3729 Haec
822 3675 1124 3730 humilitas
1144 3676 1418 3730 virtutum
1453 3679 1710 3732 omnium
1813 3697 1928 3736 non
1959 3680 2205 3735 habebat
2233 3680 2435 3745 aetatis,
2467 3683 2524 3733 et
2555 3677 2917 3732 concessione
2955 3677 3224 3740 fraterna,
3255 3678 3311 3728 et
3349 3673 3440 3740 pio

132 3771 256 3833 caput
286 3772 387 3835 est,
439 3784 575 3840 quas
627 3770 808 3822 totum
855 3767 1007 3823 velut
1055 3768 1340 3838 quoddam
1388 3773 1712 3826 nostrorum
1810 3775 1960 3828 furto
1989 3775 2242 3844 paternas
2266 3771 2676 3826 benedictionis
2707 3769 2936 3840 eripuit.
2966 3766 3113 3831 Quid
3151 3772 3231 3820 est
3264 3765 3440 3836 igitur

132 3858 312 3914 adllum
338 3861 490 3916 fovet
518 3876 749 3931 corpus.
1813 3867 1964 3938 quod
2009 3867 2256 3938 populus
2305 3865 2492 3936 rapuit
2533 3863 2884 3919 Christianus
2910 3904 2923 3930 ,
2976 3860 3081 3914 nisi
3130 3859 3439 3913 Dominum

178 3952 216 4002 4.
237 3953 494 4016 Quamvis
513 3953 781 4008 infirmus
809 3953 1015 4024 aliquis
1035 3953 1124 4021 sit,
1156 3970 1392 4026 pauper,
1423 3956 1709 4028 ignobilis,
1811 3960 2046 4015 Jesum?
2083 3963 2129 4013 Α
2171 3959 2371 4013 diebus
2413 3958 2568 4012 enim
2617 3957 2850 4012 Joannis
2892 3955 3155 4025 Baptistae
3195 3967 3438 4023 regnum

131 4047 278 4100 tamen
311 4047 352 4101 si
379 4064 497 4103 non
533 4063 597 4101 se
626 4047 854 4101 extollat
879 4049 936 4101 et
961 4047 1248 4118 praeferat,
1280 4049 1404 4120 ipsa
1433 4066 1490 4104 se
1528 4051 1714 4105 humi-
1813 4054 2085 4108 caelorum
2123 4051 2364 4122 cogitur,
2403 4055 2461 4105 et
2497 4055 2765 4121 cogentes
2795 4048 3073 4119 diripiunt
3107 4046 3264 4112 illud,
3297 4045 3440 4098 sicut

130 4135 247 4192 litate
282 4140 667 4196 commendat.
704 4139 785 4195 Sit
814 4140 1018 4211 aliquis
1052 4142 1330 4210 praedives
1367 4145 1422 4197 et
1455 4141 1712 4216 1223
1812 4147 1932 4217 ipse
1997 4144 2274 4199 Dominus
2322 4143 2622 4198 declaravit
2678 4144 2920 4212 (Matth.,
2981 4157 3058 4207 xI,
3123 4140 3225 4209 12).
3288 4139 3441 4192 Bona

131 4229 304 4298 nobilis,
333 4232 489 4288 idem
523 4233 570 4288 si
601 4232 951 4287 nobilitatem
981 4234 1206 4304 generis
1238 4237 1295 4288 et
1329 4235 1554 4290 divitias
1582 4254 1714 4292 suas
1814 4240 1984 4304 fraus,
2028 4253 2154 4308 quae
2192 4237 2366 4292 vitam
2412 4237 2636 4291 furatur
2678 4241 2972 4290 aeternam.
3022 4233 3136 4289 Sed
3172 4232 3440 4304 quoniam

17 4335 20 4340 ·
125 4320 271 4392 jactet,
299 4325 609 4380 insolentia
648 4325 734 4380 sui
777 4325 902 4379 vilis
937 4331 1039 4380 est.
1084 4327 1166 4382 Sit
1197 4327 1400 4398 aliquis
1441 4328 1715 4383 facundus
1815 4332 1948 4386 satis
2005 4331 2220 4386 dictum
2281 4331 2351 4385 de
2413 4331 2616 4385 litterae
2663 4330 2832 4400 hujus
2883 4325 3443 4398 interpretationibus

131 4416 167 4465 et
203 4414 374 4487 fortis,
418 4419 520 4490 qui
570 4424 797 4474 tumore
840 4417 1119 4473 facundiae
1161 4436 1227 4474 ac
1270 4420 1492 4475 virtutis
1536 4423 1715 4478 elatus
1817 4425 2186 4492 arbitramur,
2215 4423 2635 4480 consideremus
2665 4439 2730 4477 ea
2755 4437 2882 4494 quae
2911 4420 3044 4475 huic
3073 4419 3275 4474 litterae
3305 4419 3438 4471 Pro-

131 4506 392 4572 plurimum
421 4511 529 4566 sibi
561 4517 829 4583 arroget;
865 4529 1057 4567 nonne
1096 4512 1148 4567 ei
1178 4519 1414 4585 propter
1441 4530 1712 4570 verecun-
1735 4513 1793 4584 D
1815 4519 1987 4590 pheta
2013 4518 2273 4590 subjecit.

127 4601 261 4674 diam,
289 4612 343 4662 et
369 4609 647 4680 insipiens
685 4610 1030 4682 plerumque
1064 4612 1121 4666 et
1150 4611 1432 4666 invalidus
1468 4612 1712 4667 antefer-
1871 4618 1940 4670 ,7.
1991 4614 2161 4680 (Vers.
2214 4613 2358 4681 153.)
2406 4610 2624 4665 Primus
2670 4609 2862 4680 itaque
2905 4623 3099 4663 versus
3143 4610 3268 4661 est:
3309 4606 3444 4661 Vide

128 4700 224 4751 tur?
257 4703 503 4774 Denique
549 4703 862 4759 Pharisaaus
903 4704 960 4758 in
1004 4705 1314 4776 Evangelio
1359 4721 1490 4760 cum
1531 4707 1714 4761 abste-
1819 4708 2177 4760 humilitatem
2237 4720 2437 4766 meam,
2493 4709 2542 4759 et
2596 4719 2719 4758 erue
2785 4719 2896 4765 me,
2968 4703 3223 4771 quoniam
3280 4701 3443 4768 legem

15 4845 20 4868 τ
130 4790 237 4846 mius
271 4795 371 4867 (51)
403 4802 460 4850 et
504 4813 708 4868 parcus
749 4801 897 4852 esset
933 4797 1127 4866 alieni,
1158 4797 1411 4852 liberalis
1451 4799 1558 4866 sui,
1597 4816 1715 4855 non
1820 4804 1970 4854 tuam
2010 4815 2116 4853 non
2152 4815 2268 4853 sum
2297 4799 2518 4852 oblitus.
2558 4798 2813 4852 Fortasse
2856 4796 3006 4850 dicat
3034 4793 3237 4866 aliquis
3271 4811 3282 4845 :
3317 4792 3441 4845 Glo-

128 4885 311 4957 refugus
357 4890 607 4961 jejunii,
659 4894 719 4944 ut
764 4891 884 4961 ipse
934 4890 1187 4955 dicebat,
1239 4897 1427 4945 tamen
1481 4897 1716 4963 propter
1818 4893 1995 4948 riatur
2041 4892 2110 4946 de
2151 4909 2211 4946 se
2269 4891 2569 4962 Propheta.
2619 4893 2684 4945 Et
2733 4891 2779 4944 si
2832 4889 3127 4962 gloriatur,
3168 4885 3443 4957 gloriatur

123 4974 425 5052 iactantiam,
455 4983 635 5039 etiam
677 4983 768 5038 illa
813 5000 940 5055 qua:
981 4983 1194 5038 habere
1234 4991 1477 5056 poterat,
1522 4987 1714 5041 amisit
1817 4986 1875 5040 in
1915 4985 2340 5040 infirmitatibus
2375 4985 2512 5051 suis,
2551 4985 2607 5038 in
2649 4984 2856 5056 quibus
2895 4988 2953 5037 et
2993 4979 3290 5052 Apostolus
3323 4978 3442 5049 glo-

133 5071 256 5135 .Luc.,
301 5093 445 5144 vaII,
501 5077 712 5146 10-14).
765 5077 913 5131 Nihil
962 5077 1012 5131 ei
1063 5079 1144 5132 tot
1185 5095 1401 5149 genera
1443 5078 1714 5135 virtutum
1815 5079 2018 5146 riatur,
2054 5079 2288 5134 dicens:
2332 5099 2359 5128 α
2402 5078 2702 5134 Gloriabor
2741 5077 2801 5131 in
2842 5074 3268 5130 inﬁrmitatibus
3305 5070 3448 5126 meis

132 5175 214 5218 uno
238 5169 358 5222 vitio
379 5170 705 5225 decolorata
729 5171 992 5242 prodesse
1018 5176 1345 5241 potuerunt.
1376 5173 1714 5228 Publicanus
1819 5175 1880 5240 (ll
1923 5176 2064 5236 Cor.,
2110 5189 2204 5240 xu,
2247 5172 2320 5242 5).
2364 5193 2391 5222 ››
2433 5173 2592 5226 Alius
2632 5172 2690 5226 in
2733 5169 2962 5235 divitiis,
3007 5164 3264 5239 1224
3307 5164 3447 5218 alius

130 5258 197 5321 qui
230 5261 356 5316 nihil
398 5278 744 5320 enumerare
790 5266 1011 5335 poterat
1047 5266 1200 5336 quod
1231 5269 1424 5337 posset
1464 5267 1712 5337 probari,
1815 5267 1873 5321 in
1909 5266 2088 5322 titulis
2127 5266 2436 5321 nobilitatis
2475 5283 2538 5320 ac
2577 5263 2850 5336 prosapia:
2890 5278 3025 5327 sum,
3069 5259 3212 5313 alius
3250 5258 3306 5312 in
3349 5258 3444 5310 ad-

171 5395 244 5456 Blfv
272 5399 389 5451 Era.
421 5405 478 5453 et
520 5413 636 5467 seq.
680 5402 834 5465 edit.,
862 5417 975 5453 cum
1016 5403 1300 5455 abstinens.
1334 5407 1439 5456 Am
1469 5411 1523 5457 et
1559 5419 1709 5469 mss,
1816 5404 1971 5455 Unde
2002 5404 2163 5455 nobis
2188 5404 2349 5455 valde
2383 5406 2638 5467 suspecta
2676 5406 2758 5452 est
2787 5400 2880 5450 illa
2911 5399 3175 5449 Varronis
3203 5397 3445 5469 origina-

131 5475 209 5539 Ἧι
232 5469 521 5541 abstemius.
553 5474 671 5524 Non
699 5474 874 5536 male;
905 5488 1053 5539 saepe
1076 5477 1223 5526 enim
1253 5475 1536 5528 abstemius
1564 5478 1712 5529 idem
1815 5477 1907 5538 tio,
1937 5490 2048 5541 qua
2082 5475 2287 5527 dicitur
2325 5474 2628 5531 abstemius,
2652 5473 2771 5523 ﬂeri
2798 5471 2868 5521 ab
2897 5469 3222 5521 abstinentia
3257 5468 3450 5530 temeti,

135 5539 399 5614 ﬁmpliciter
439 5547 606 5594 sonat
653 5549 820 5610 atque
875 5545 1160 5608 abstinens,
1203 5551 1262 5597 ut
1309 5551 1457 5613 patet
1495 5561 1563 5600 ex
1617 5550 1712 5600 illo
1814 5549 1869 5598 id
1904 5539 2006 5610 est,
2049 5549 2184 5609 vini,
2224 5547 2530 5612 praesertim
2562 5558 2693 5595 cum
2723 5544 3041 5593 inveniatur
3070 5541 3220 5606 apud
3248 5541 3450 5605 proba-

135 5604 294 5663 H-‘Jmtii
325 5632 335 5662 :
726 5604 746 5610 ⁷
1142 5604 1152 5608 ’
1310 5604 1326 5613 ’
1813 5624 1900 5669 tos
1929 5604 2202 5680 auctores,
2225 5604 2346 5668 ὐἰηί
2373 5617 2672 5668 abstemius.

221 5726 269 5777 Si
296 5731 427 5782 forte
457 5733 515 5782 in
545 5732 728 5785 medio
756 5735 1061 5787 positorum
1093 5735 1398 5787 abstemius
1427 5736 1612 5787 herbis
1813 5689 1973 5787 η(ἕέ
1999 5689 2122 5787 Eri
2151 5687 2697 5787 etfgqiﬁgjh’:uﬂi
2715 5683 3450 5787 ιξῗοῖῗζξνίῗίῖιῗίᾏὲωέηῗ

755 5749 1061 5798 Pomorum
1093 5749 1398 5789 δοεῑθωωε
1427 5749 1612 5787 “emis
1812 5763 1975 5824 pauci
2008 5775 2160 5822 mss,
2192 5749 2529 5810 cum-luctari
2555 5773 2624 5809 se.
2664 5758 2773 5811 Alii
2816 5769 3017 5821 magno
3047 5767 3300 5812 numero,
3329 5765 3446 5801 cum

223 5797 355 5852 Vivis
378 5806 432 5854 et
461 5804 662 5857 urtica.
757 5797 770 5798 ί
1801 5797 2114 5899 ficii"???
