3862 6166
438 229 572 281 1563

1897 225 1953 278 S.
1997 223 2312 280 AMBROSII

3612 235 3712 292 1564

437 349 949 406 ministrationibus
991 355 1048 406 et
1085 351 1398 408 honoribus
1441 352 1732 423 gloriatur;
1772 353 1958 422 justus
2000 351 2058 406 in
2081 362 2360 434 Aaurum
2405 349 2520 404 illic
2560 349 2813 424 1225
2859 351 3048 405 fuerat
3083 350 3514 422 comprobatum,
3556 359 3720 415 nullius

434 442 756 498 humilitate
809 444 1112 514 gloriatur;
1165 445 1318 500 bona
1379 445 1534 500 enim
1588 445 1784 516 gloria,
1839 445 2060 500 Christo

436 553 557 591 esse
605 536 944 608 subjectum.
988 540 1054 593 Ut
1099 538 1238 592 scias
1286 545 1478 594 autem
1522 539 1655 610 quia
1683 539 1902 609 jactare
1945 555 2061 594 non

437 647 496 685 se
550 631 766 701 cupiat,
814 631 915 685 sed
963 631 1185 686 Domini
1236 632 1292 686 in
1340 650 1399 686 se
1450 633 1695 702 gratiam
1737 648 2059 703 provocare,

435 723 568 776 alibi
618 723 768 778 idem
813 724 1095 795 Propheta
1137 725 1216 778 ait
1261 742 1273 778 :
1333 726 1464 781 Vide
1498 727 1854 780 humilitatem
1893 742 2063 780 meum

438 821 486 871 et
535 817 769 872 laborem
811 833 1009 873 meum.
1058 819 1203 888 Ergo
1247 818 1407 890 quasi
1455 819 1500 872 is
1541 818 1638 890 qui
1685 817 2065 873 humiliaverit

437 925 536 964 cor
576 926 763 980 suum,
807 911 966 982 quasi
1007 911 1054 964 is
1098 911 1194 982 qui
1236 912 1548 983 plurimum
1590 911 1952 980 laboraverit,
1987 911 2061 966 ibi

439 1002 543 1056 sibi
573 1003 783 1058 dimitti
817 1009 1047 1076 peccata
1084 1004 1384 1072 desiderat,
1418 1005 1510 1059 hic
1542 1005 1663 1059 erui
1689 1021 1747 1058 se
1774 1009 2062 1076 precatur.

506 1098 558 1151 8.
615 1096 904 1152 Constitue
957 1099 1205 1169 aliquem
1259 1098 1606 1154 sacerdotem
1661 1114 1766 1168 pro
1819 1097 2064 1152 ministri

439 1191 621 1244 salute
667 1190 1001 1258 sollicitum,
1054 1208 1222 1263 quem
1270 1191 1574 1263 probatum
1619 1191 1875 1246 advertat
1919 1192 2062 1258 Deo;

438 1283 688 1354 aliquem
719 1287 940 1354 patrem
982 1300 1084 1355 pro
1128 1285 1242 1340 tilio
1280 1285 1336 1340 in
1375 1284 1717 1357 aegritudine
1761 1285 2064 1339 constituto

442 1377 632 1445 gravi;
661 1377 912 1448 aliquam
943 1377 1218 1433 feminam
1254 1378 1340 1433 vel
1376 1395 1480 1450 pro
1515 1378 1650 1445 filio,
1681 1379 1769 1433 vel
1807 1394 1914 1449 pro
1944 1377 2066 1432 viro

439 1475 723 1536 moestam,
754 1471 1106 1526 orationibus
1132 1471 1523 1538 incubantem,
1557 1472 1896 1526 fundentem
1926 1470 2065 1526 ube-

439 1577 529 1615 res
567 1562 844 1634 lacrymas
883 1564 1144 1619 noctibus
1191 1581 1257 1620 ac
1294 1564 1522 1629 diebus,
1566 1564 1968 1619 humiliantem
2007 1580 2066 1619 se

435 1671 500 1709 ac
525 1658 874 1712 sternentem
901 1657 1039 1724 solo,
1062 1657 1543 1728 multiplicantem
1565 1658 1809 1728 jejunia,
1834 1663 1891 1712 et
1911 1657 2064 1728 quod

2162 443 2461 514 plumbum
2489 445 2803 515 iniquitatis
2833 446 3116 500 exustum.
3152 445 3300 498 Dura
3330 444 3534 513 fornax,
3558 450 3720 508 fornax

2163 539 2362 593 mortis
2413 542 2742 609 perpetuae:
2777 554 2948 609 quam
3001 538 3292 592 fornacem
3333 538 3505 594 nullus
3543 548 3725 612 poterat

2164 633 2423 703 evadere,
2447 648 2572 704 quas
2598 647 2794 686 omnes
2821 637 3197 697 consumeret,
3229 631 3285 684 in
3315 647 3421 702 qua
3442 633 3572 688 solus
3594 637 3724 692 dolor

2165 733 2308 781 esset
2359 731 2416 781 et
2467 729 2667 780 luctus.
2721 727 2793 779 At
2834 742 2966 780 vero
3015 725 3219 779 fornax
3265 725 3322 779 in
3365 741 3467 796 qua
3505 728 3730 799 Ananias,

2163 821 2408 886 Azarias,
2456 819 2646 874 Misael
2689 818 2968 888 hymnum
3011 819 3244 872 Domino
3287 818 3551 874 canebant
3583 821 3732 892 (Dan.,

2163 930 2240 982 ιιι,
2290 913 2398 983 51),
2450 913 2647 967 fornax
2696 927 2866 967 aurea
2907 913 3026 978 illa,
3077 928 3190 966 non
3230 913 3428 978 ferrea,
3469 930 3561 983 per
3598 932 3737 986 quam

2168 1012 2280 1061 toto
2327 1005 2461 1061 orbe
2523 1006 2794 1076 sapientia
2857 1005 2968 1059 ﬁde
3025 1005 3335 1059 devotionis
3395 1006 3578 1061 illuxit.
3637 1012 3739 1064 Erat

2165 1098 2396 1170 quidem
2426 1098 2594 1153 etiam
2630 1099 2752 1153 haec
2778 1099 2977 1152 fornax
3015 1098 3072 1151 in
3109 1097 3432 1168 Babylonia,
3459 1099 3547 1153 ubi
3572 1117 3739 1157 aurum

2165 1187 2278 1246 nOn
2325 1196 2449 1246 erat
2495 1190 2766 1262 spiritale,
2817 1191 2921 1244 nisi
2969 1191 3116 1246 forte
3163 1191 3445 1262 captivum
3487 1210 3557 1246 τις
3593 1195 3741 1265 Capti-

2166 1301 2292 1339 vam
2335 1285 2489 1339 enim
2530 1285 2802 1338 Dominus
2841 1284 3004 1338 duxit
3037 1283 3417 1355 captivitatem
3447 1286 3742 1355 (Ephes.,1v,

2166 1378 2240 1448 8).
2285 1400 2313 1428 ››
2368 1379 2479 1432 Hoc
2520 1381 2643 1432 erat
2689 1394 2894 1432 aurum
2939 1377 2999 1431 in
3039 1377 3136 1432 Dei
3179 1378 3405 1445 sanctis,
3450 1379 3540 1450 qui
3575 1382 3746 1450 captivi

2166 1478 2324 1526 erant
2365 1471 2516 1542 apud
2569 1471 2904 1542 Babylonios
2943 1487 3210 1542 corpore;
3257 1472 3459 1542 spiritu
3495 1477 3670 1527 autem
3703 1474 3750 1527 li-

2165 1565 2284 1619 beri
2321 1565 2468 1636 apud
2509 1566 2711 1633 Deum,
2747 1564 2914 1619 soluti
2951 1565 3183 1618 vinculis
3223 1565 3558 1634 captivitatis
3586 1567 3750 1619 huma-

2170 1675 2276 1724 nae,
2299 1659 2444 1729 jugo
2476 1657 2674 1730 gratim
2704 1658 2970 1728 spiritalis
3000 1657 3210 1713 innexi.
3242 1659 3309 1712 Et
3335 1658 3560 1713 fortasse
3585 1659 3751 1713 eadem

440 1749 528 1803 his
564 1750 790 1821 gravius
817 1757 920 1820 est,
959 1751 1165 1806 mentis
1195 1756 1365 1822 atque
1401 1750 1576 1804 animi
1605 1752 1801 1806 dolore
1839 1751 2064 1806 confec-
2088 1726 2143 1798 Β
2166 1751 2372 1806 fornax
2400 1752 2586 1806 ferrea
2615 1751 2914 1822 fragilibus
2945 1756 3046 1817 est,
3077 1767 3247 1806 aurea
3276 1753 3751 1821 perseverantibus.

443 1846 582 1909 tam,
616 1844 804 1898 morbi
831 1861 896 1898 ac
932 1844 1172 1915 periculi
1213 1844 1484 1899 dilatione
1522 1849 1851 1915 torpentem
1881 1844 2066 1899 dicere

439 1936 509 1989 ad
543 1937 840 1991 Dominum
874 1954 887 1991 :
922 1939 1059 1994 Vide
1093 1938 1450 1994 humilitatem
1485 1954 1676 1999 meam,
1712 1943 1762 1992 et
1801 1953 1926 1992 erue
1962 1953 2062 1992 me.

512 2032 564 2084 9.
625 2030 924 2085 Considera
975 2031 1150 2086 etiam
1195 2032 1332 2103 quia
1374 2031 1612 2104 spiritali
1656 2031 1904 2102 quodam
1941 2031 2066 2085 oleo

439 2123 750 2177 caelestium
805 2129 1215 2195 praeceptorum
1259 2126 1423 2197 ungit
1471 2142 1573 2180 nos
1623 2128 1792 2196 atque
1845 2127 2069 2179 exercet

439 2216 692 2286 quotidie
737 2216 1026 2288 Scriptura
1069 2217 1279 2285 divina,
1318 2225 1372 2273 et
1408 2218 1676 2273 Dominus
1705 2220 1900 2273 noster
1934 2217 2064 2288 plu-

442 2309 615 2364 rimos
642 2309 712 2364 ad
755 2311 1051 2370 subeunda
1092 2311 1410 2366 certamina
1446 2312 1690 2382 gestiens
1733 2327 2064 2383 provocare,

442 2400 659 2456 diversa
703 2403 890 2474 posuit
929 2405 1161 2474 praemia
1203 2421 1559 2459 coronarum.
1605 2405 1932 2471 Considera,
1974 2404 2065 2457 in-

443 2511 640 2566 quam,
683 2497 890 2552 Christi
933 2497 1204 2552 athletam
1251 2498 1564 2552 innumeris
1609 2497 2067 2552 contentionibus

443 2588 763 2659 fatigatum,
803 2607 866 2644 ac
916 2608 1094 2663 prope
1133 2591 1257 2662 jam
1298 2591 1518 2646 lassatis
1554 2590 1768 2646 viribus
1805 2590 2067 2644 resisten-

442 2685 578 2748 tem,
617 2683 851 2754 periculi
893 2685 1045 2739 mole
1081 2685 1405 2754 turbatum;
1443 2701 1572 2738 cum
1603 2685 1788 2739 videat
1813 2683 1918 2738 sibi
1948 2699 2067 2738 non

439 2777 620 2832 solum
658 2777 922 2831 adversus
968 2794 1200 2832 carnem
1242 2783 1300 2833 et
1342 2778 1702 2849 sanguinem,
1752 2777 1847 2832 sed
1888 2777 2066 2831 etiam

437 2871 704 2925 adversus
741 2871 1019 2941 spiritales
1064 2871 1362 2942 nequitias,
1405 2887 1535 2942 quae
1565 2874 1698 2925 sunt
1737 2870 1796 2924 in
1834 2869 2067 2924 coelesti-

443 2964 576 3030 bus,
641 2981 763 3018 esse
825 2964 1147 3030 luctamen,
1209 2963 1393 3018 dicere
1442 2981 1455 3018 :
1514 2964 1650 3020 Vide
1705 2964 2068 3018 humilitatem

441 3072 630 3119 meam,
677 3062 727 3112 et
765 3072 888 3111 erue
935 3073 1037 3119 me,
1088 3059 1346 3126 quoniam
1391 3058 1556 3126 legem
1603 3062 1755 3111 tuam
1803 3071 1910 3110 non
1951 3073 2068 3110 sum
2088 3087 2142 3160 Ο

441 3152 673 3214 oblitus;
719 3165 835 3203 non
885 3149 1038 3204 enim
1084 3149 1268 3220 potuit
1314 3149 1584 3216 oblivisci,
1616 3149 1715 3220 qui
1753 3149 2068 3203 secundum

443 3244 565 3314 ejus
594 3247 878 3314 praecepta
906 3242 1162 3297 certavit.

516 3340 600 3390 10.
645 3337 926 3391 Contuere
967 3336 1134 3391 etiam
1172 3335 1420 3407 aliquem
1455 3336 1514 3390 in
1551 3336 1830 3408 martyrio
1867 3335 2072 3390 consti-

443 3435 653 3498 tutum,
690 3429 1082 3501 frequentibus
1111 3429 1386 3484 afﬂictum
1424 3429 1735 3500 suppliciis,
1782 3432 2069 3483 retrusam

444 3524 501 3577 in
555 3523 837 3592 tenebras,
895 3523 1052 3595 gravi
1103 3523 1349 3578 fractum
1406 3523 1659 3593 pondere
1712 3525 2067 3591 catenarum,

442 3616 630 3672 nervis
695 3633 861 3671 crura
927 3616 1274 3685 distentum,
1345 3617 1720 3670 evisceratum
1787 3616 2069 3687 equuleo,

441 3714 733 3765 exaratum
787 3710 1038 3780 ungulis,
1078 3710 1342 3764 adustum
1391 3709 1765 3764 candentibus
1811 3708 2070 3775 laminis,

442 3803 854 3874 perseverantis
883 3803 1016 3858 fidei
1055 3803 1265 3871 virum,
1298 3803 1398 3857 sed
1427 3804 1548 3874 jam
1585 3801 1867 3857 taediantis
1896 3800 2073 3855 animi

445 3899 596 3968 quod
647 3897 858 3952 diutius
903 3897 1201 3952 differatur
1246 3913 1417 3952 sacrae
1463 3896 1660 3951 mortis
1703 3911 1931 3960 corona,
1984 3893 2069 3948 di-

445 3995 668 4044 centem
700 4007 713 4044 :
750 3991 886 4047 Vide
925 3992 1281 4045 humilitatem
1326 4006 1518 4051 meum,
1562 3995 1612 4044 et
1653 4003 1775 4043 erue
1803 4004 1904 4050 me,
1938 4003 2070 4057 quo-

447 4085 596 4137 niam
629 4085 792 4150 legem
819 4088 969 4138 tuam
1007 4099 1114 4138 non
1140 4099 1259 4138 sum
1290 4084 1511 4138 oblitus.
1544 4083 1666 4136 Non
1706 4083 1887 4136 solum
1915 4079 2074 4134 enim

447 4177 503 4229 in
533 4175 734 4231 studiis
771 4179 940 4247 atque
979 4177 1300 4247 propositis,
1333 4176 1430 4230 sed
1463 4175 1638 4229 etiam
1671 4174 1728 4228 in
1760 4173 2074 4228 tentationi-

442 4269 547 4322 bus
590 4268 970 4322 humilitatem
1008 4268 1116 4322 dici
1156 4284 1342 4339 posse,
1373 4265 1713 4321 testimoniis
1752 4266 2072 4336 Scriptura-

445 4378 572 4416 rum
612 4362 901 4417 docemur.
953 4362 1243 4433 Siquidem
1296 4361 1503 4416 lectum
1555 4366 1640 4414 est
1681 4376 1692 4412 :
1733 4380 1761 4409 «
1810 4359 2074 4413 Homines

2243 1847 2330 1898 l2.
2359 1844 2568 1898 Omnes
2595 1847 2818 1914 Oportet
2843 1860 2947 1920 per
2969 1843 3164 1914 ignem
3191 1843 3441 1914 probari,
3467 1845 3754 1915 quicunque

2168 1937 2239 1991 ad
2283 1936 2608 2008 paradisum
2644 1935 2834 1991 redire
2879 1936 3238 2002 desiderant;
3286 1953 3400 1990 non
3441 1937 3587 1991 enim
3615 1937 3757 1990 otiose

2167 2029 2442 2101 scriptum
2470 2035 2574 2098 est,
2602 2029 2755 2101 quod
2790 2029 2982 2100 ejectis
3009 2029 3187 2083 Adam
3219 2035 3276 2084 et
3306 2031 3417 2083 Eva
3452 2030 3521 2084 de
3554 2029 3756 2100 paradisi

2167 2123 2320 2192 sede,
2351 2123 2543 2193 posuit
2569 2123 2718 2177 Deus
2738 2122 2796 2176 in
2825 2122 2978 2178 exitu
3003 2122 3248 2193 paradisi
3277 2122 3530 2193 gladium
3560 2122 3758 2192 igneum

2166 2216 2483 2272 versatilem
2529 2217 2704 2285 (Gem,
2750 2232 2832 2282 ιιι,
2879 2216 2989 2286 24).
3029 2216 3236 2271 Omnes
3281 2220 3510 2286 oportet
3550 2215 3759 2270 transire

2167 2326 2268 2381 per
2317 2309 2618 2375 ﬂammas,
2670 2309 2784 2363 sive
2841 2309 2934 2363 ille
2984 2310 3227 2364 Joannes
3291 2309 3632 2380 evangelista
3675 2309 3760 2370 sit,

2166 2419 2337 2475 quem
2377 2403 2458 2457 ita
2494 2401 2690 2458 dilexit
2727 2402 3023 2469 Dominus,
3059 2406 3123 2456 ut
3161 2401 3229 2456 de
3259 2418 3328 2457 eo
3367 2403 3574 2457 diceret
3597 2401 3662 2455 ad
3688 2401 3761 2454 Pe-

2165 2499 2320 2550 trum
2347 2512 2360 2549 :
2390 2516 2419 2544 «
2444 2495 2534 2550 Sic
2562 2510 2695 2549 eum
2723 2496 2845 2549 volo
2870 2511 3166 2550 manere...
3195 2495 3338 2566 quid
3369 2495 3440 2549 ad
3472 2498 3525 2549 te
3545 2495 3572 2548 ?
3597 2496 3666 2548 Tu
3691 2510 3763 2546 me

2167 2605 2404 2660 sequere
2459 2588 2659 2658 (Jama,
2714 2604 2821 2655 xxx,
2872 2588 2981 2657 22);
3035 2609 3062 2637 »
3110 2589 3180 2643 de
3219 2592 3409 2642 morte
3458 2588 3576 2657 ejus
3621 2586 3764 2657 aliqui

2168 2681 2590 2750 dubitaverunt,
2626 2681 2695 2736 de
2733 2681 2977 2736 transitu
3018 2697 3120 2752 per
3148 2681 3347 2751 ignem
3389 2681 3639 2734 dubitare
3673 2696 3767 2733 non

2168 2790 2488 2846 possumus,
2535 2775 2667 2845 quia
2711 2774 2767 2828 in
2816 2774 3080 2844 paradiso
3129 2778 3233 2840 est,
3280 2790 3386 2828 nec
3437 2777 3712 2844 separatur
3742 2789 3766 2822 a

2167 2869 2426 2935 Christo;
2482 2868 2596 2922 sive
2647 2867 2740 2922 ille
2790 2868 2863 2921 sit
2917 2868 3138 2930 Petrus,
3193 2867 3295 2937 qui
3356 2867 3539 2921 claves
3590 2864 3772 2934 accepit

2168 2962 2330 3033 regni
2357 2960 2646 3030 caelorum,
2679 2961 2778 3032 qui
2816 2977 2983 3030 supra
3021 2976 3177 3014 mare
3213 2958 3546 3026 ambulavit,
3584 2961 3772 3028 Oportet

2168 3061 2231 3109 ut
2273 3054 2424 3109 dicat
2463 3071 2476 3107 :
2510 3075 2537 3103 «
2579 3053 2960 3108 Transivimus
3001 3070 3104 3124 per
3142 3053 3342 3124 ignem
3389 3056 3447 3106 et
3485 3067 3698 3123 aquam,
3728 3053 3774 3102 et

2170 3147 2434 3203 induxisti
2465 3163 2569 3201 nos
2607 3147 2664 3201 in
2708 3146 3074 3218 refrigerium
3114 3147 3283 3216 (Psal.
3331 3163 3456 3212 va,
3499 3145 3601 3213 1'2).
3630 3166 3654 3192 »
3685 3141 3771 3198 Sed

2168 3241 2366 3295 Joanni
2396 3240 2505 3295 cito
2536 3239 2857 3294 versabitur
2885 3241 3084 3311 igneus
3110 3239 3364 3310 gladius,
3393 3239 3531 3310 quia
3566 3253 3672 3292 non
3701 3236 3771 3288 in-

2170 3335 2393 3388 venitur
2437 3333 2493 3387 in
2538 3349 2604 3388 eo
2655 3333 2924 3403 iniquitas
2978 3348 3147 3404 quem
3193 3333 3395 3387 dilexit
3451 3331 3692 3402 aequitas.
3730 3327 3771 3382 Si

2171 3427 2305 3498 quid
2350 3427 2408 3480 in
2453 3442 2520 3480 eo
2565 3426 2684 3481 vitii
2733 3425 2972 3480 humani
3014 3426 3141 3494 fuit,
3183 3425 3442 3480 charitas
3485 3424 3668 3478 divina
3703 3421 3773 3475 de-

2171 3521 2319 3574 coxit
2369 3536 2381 3573 :
2437 3540 2465 3568 «
2517 3520 2634 3574 Alae
2689 3519 2843 3573 enim
2893 3519 3012 3589 ejus
3058 3519 3201 3573 sicut
3253 3520 3362 3574 alae
3407 3518 3558 3588 ignis
3604 3516 3773 3584 (Cant.

2171 3630 2290 3682 vui,
2317 3615 2390 3680 6).
2421 3634 2449 3661 ››

2247 3709 2330 3761 13.
2370 3705 2477 3769 Qui
2516 3704 2772 3760 habuerit
2793 3704 2883 3759 hic
2911 3704 3202 3759 charitatis
3228 3704 3455 3776 ignem,
3479 3703 3587 3758 illic
3612 3702 3773 3771 ignem

2175 3798 2349 3871 gladii
2379 3799 2582 3853 timere
2609 3813 2726 3852 non
2753 3797 2985 3868 poterit.
3013 3798 3119 3868 Ipsi
3145 3799 3312 3852 Petro
3341 3797 3443 3870 qui
3471 3796 3634 3851 toties
3657 3807 3776 3847 mor-

2173 3900 2290 3948 tem
2337 3907 2500 3946 suam
2553 3907 2656 3961 pro
2710 3890 2931 3946 Christo
2977 3891 3200 3957 obtulit,
3245 3891 3405 3946 dicet
3460 3907 3474 3944 ε
3525 3910 3551 3940 ‹‹
3594 3884 3775 3945 Transi,

2173 3985 2441 4041 recumbe
2473 3985 2642 4054 (Luc.,
2684 4000 2812 4050 xvu,
2847 3985 2919 4052 7).
2963 4006 2990 4032 »
3032 3983 3141 4038 Sed
3179 3983 3275 4038 ille
3316 3984 3473 4039 dicet
3501 4001 3515 4038 :
3543 3983 3667 4053 Igne
3699 3992 3778 4031 nos

2180 4079 2548 4144 examinavit,
2585 4078 2727 4131 sicut
2763 4077 2896 4146 igne
2931 4076 3290 4131 examinatur
3324 4079 3658 4147 argentum;
3689 4075 3778 4123 ete-

2178 4174 2298 4227 nim
2335 4174 2393 4226 in
2431 4188 2546 4243 quo
2583 4187 2731 4240 aqua
2761 4171 2942 4224 multa
2971 4169 3272 4224 excludere
3307 4187 3430 4224 non
3461 4167 3642 4240 potuit
3665 4164 3774 4218 cha-

2175 4267 2399 4320 ritatem
2428 4307 2440 4330 ,
2488 4264 2772 4334 quomodo
2825 4278 2958 4316 eum
3004 4262 3159 4332 ignis
3207 4264 3520 4317 excludet?
3563 4259 3659 4316 Sed
3703 4257 3776 4309 ille

2175 4358 2592 4414 examinabitur
2641 4360 2706 4411 ut
2758 4360 3100 4426 argentum,
3156 4371 3264 4426 ego
3325 4353 3690 4410 examinabor
3732 4353 3775 4400 ut

445 4455 812 4526 acceptabiles
843 4455 901 4509 in
940 4457 1170 4510 fornace
1208 4453 1546 4508 humilitatis
1584 4452 1796 4523 (Eccli.,
1835 4467 1891 4520 ιι,
1929 4451 2006 4520 5);
2041 4471 2068 4499 ››
2093 4449 2150 4520 1)
2173 4448 2507 4523 plumbum;
2558 4450 2739 4505 donec
2787 4449 3086 4520 plumbum
3138 4449 3422 4516 tabescat,
3474 4447 3693 4501 ardebo.
3737 4442 3776 4492 Si

440 4556 767 4610 ταπεινώσεως
814 4549 967 4603 enim
1017 4550 1240 4604 Graecus
1288 4548 1444 4617 dixit,
1495 4546 1646 4617 quod
1693 4549 1796 4612 est,
1849 4544 2068 4598 humili-

443 4644 590 4697 tatis.
634 4643 744 4696 Hoc
782 4641 911 4696 ideo
960 4644 1122 4712 posui
1166 4642 1296 4714 quia
1336 4640 1568 4713 plurimi
1615 4639 1824 4694 habent
1863 4636 2068 4702 Latini,

440 4739 500 4790 in
556 4737 777 4802 fornace
829 4736 1162 4803 afﬂictionis.
1222 4734 1448 4788 Latinus
1510 4732 1799 4799 discernit,
1847 4731 2072 4786 Graecus

441 4845 553 4885 non
603 4832 864 4900 separat;
912 4834 1195 4890 ταπείνωσις
1234 4831 1291 4882 et
1339 4827 1630 4881 humilitas
1678 4824 1900 4878 virtutis
1941 4823 2074 4877 dici-

443 4927 554 4989 tur,
602 4925 658 4977 et
695 4921 984 4976 humilitas
1026 4920 1364 4975 aftlictionis.
1409 4919 1555 4973 Nihil
1601 4918 1846 4990 impedit
1885 4917 1932 4970 si
1973 4916 2073 4970 La-

442 5017 596 5071 tinus
625 5023 880 5088 separat;
915 5031 1030 5070 non
1074 5014 1230 5068 enim
1272 5015 1498 5069 Graecus
1537 5029 1600 5067 ex
1647 5011 1845 5066 Latino
1888 5016 2072 5065 trans-

444 5110 592 5177 tulit,
624 5110 722 5165 sed
754 5110 985 5165 Latinus
1015 5125 1082 5163 ex
1115 5109 1331 5163 Graeco.

518 5207 601 5259 11.
627 5203 878 5275 Denique
905 5208 960 5258 et
986 5201 1207 5256 Hebraei
1235 5199 1489 5271 quandiu
1523 5199 1580 5253 in
1617 5200 1858 5270 Egypto
1883 5201 2073 5264 erant,

444 5299 501 5352 in
529 5299 756 5352 fornace
800 5300 961 5352 erant
997 5297 1202 5360 ferrea,
1235 5294 1342 5348 hoc
1378 5297 1480 5358 est,
1520 5293 1577 5346 in
1619 5293 1845 5346 fornace
1884 5293 2074 5346 tenta-

445 5390 632 5457 tionis,
664 5391 723 5444 in
761 5391 988 5445 fornace
1019 5387 1362 5453 afﬂictionis,
1397 5403 1530 5442 cum
1568 5385 1724 5439 duris
1761 5383 2077 5454 afﬂigeren-

447 5488 541 5536 tur
569 5482 840 5552 imperiis.
878 5483 1034 5538 Unde
1076 5487 1132 5538 et
1166 5483 1442 5552 scriptum
1484 5484 1566 5533 est
1595 5495 1607 5532 :
1651 5498 1678 5527 «
1709 5477 1851 5540 Quia
1882 5477 2078 5532 eduxit

448 5591 546 5629 eos
572 5576 719 5627 Deus
758 5575 827 5627 de
861 5576 1086 5629 fornace
1123 5577 1330 5642 ferrea,
1371 5592 1435 5629 ex
1466 5576 1705 5645 .lEgypto
1739 5572 1972 5640 (Jerem.,
2001 5586 2074 5636 x1,

449 5666 524 5724 4).
577 5685 605 5713 »
663 5665 874 5716 Fornax
927 5670 1046 5719 erat
1090 5667 1290 5732 ferrea,
1339 5668 1475 5738 quia
1527 5667 1734 5721 nullius
1784 5665 1970 5719 adhuc
2021 5663 2077 5717 in

452 5760 694 5830 Ailgypto
747 5769 919 5828 opera
968 5756 1245 5816 virtutum
1297 5761 1466 5838 plena
1527 5759 1813 5832 lucebant,
1869 5757 2080 5817 nullius

2176 4545 2317 4599 nihil
2358 4543 2580 4615 argenti
2625 4543 2685 4596 in
2723 4557 2814 4597 me
2852 4542 3151 4596 inventum
3195 4541 3394 4608 fuerit,
3429 4542 3540 4596 heu
3582 4535 3695 4592 mel
3734 4532 3776 4586 in

2176 4639 2379 4692 ultima
2421 4635 2626 4691 inferni
2670 4635 2961 4703 detrudar,
3002 4640 3101 4688 aut
3140 4639 3200 4688 ut
3237 4635 3457 4705 stipula
3495 4637 3637 4687 totus
3671 4643 3776 4682 exu-

2175 4748 2287 4786 rar.
2331 4731 2385 4786 Si
2431 4729 2566 4802 quid
2618 4729 2915 4784 inventum
2957 4728 3014 4782 in
3062 4743 3152 4782 me
3201 4727 3383 4782 fuerit
3429 4725 3552 4780 auri
3599 4722 3674 4777 vel
3711 4734 3774 4772 ar-

2176 4825 2355 4895 genti,
2389 4841 2503 4878 non
2536 4838 2635 4894 per
2672 4838 2827 4876 meos
2865 4827 3045 4886 actus,
3076 4821 3174 4874 sed
3212 4838 3320 4891 per
3359 4815 3772 4874 misericordiam

2175 4925 2230 4973 et
2280 4919 2519 4988 gratiam
2577 4916 2820 4981 Christi,
2874 4931 2978 4985 per
3030 4914 3421 4969 ministerium
3479 4906 3772 4966 sacerdotii,

2176 5012 2360 5066 dicam
2397 5011 2628 5064 fortasse
2671 5025 2779 5080 ego
2824 5025 2837 5061 :
2877 5029 2902 5055 ‹‹
2949 5007 3168 5064 Etenim
3208 5008 3314 5078 qui
3361 5011 3589 5078 sperant
3628 5003 3677 5056 in
3713 5004 3770 5062 te,

2177 5122 2291 5160 non
2317 5103 2738 5158 confundentur
2768 5101 2933 5170 (Psal.
2964 5117 3107 5166 xxiv,
3140 5102 3212 5169 3).
3248 5121 3276 5149 »

2251 5198 2334 5251 14.
2390 5197 2484 5250 1110
2521 5195 2698 5266 igitur
2742 5194 2913 5265 igneo
2958 5193 3149 5264 gladio
3196 5192 3474 5263 iniquitas
3521 5187 3769 5244 exoretur,

2177 5306 2308 5362 qua:
2353 5289 2514 5344 sedet
2550 5304 2720 5358 super
2763 5287 3039 5341 talentum
3092 5285 3450 5357 plumbeum.
3493 5283 3613 5338 Ideo
3653 5287 3770 5329 unus

2178 5383 2374 5455 ignem
2424 5383 2584 5436 illum
2634 5380 2849 5434 sentire
2897 5396 3014 5434 non
3063 5378 3270 5450 potuit,
3321 5378 3422 5448 qui
3471 5379 3549 5431 est
3586 5367 3772 5443 justitia

2180 5476 2276 5531 Dei
2315 5475 2590 5540 Christus,
2635 5472 2769 5545 quia
2813 5477 3106 5544 peccatum
3141 5488 3255 5526 non
3285 5471 3452 5535 fecit;
3482 5465 3611 5522 nihil
3641 5459 3766 5515 enim

2179 5569 2326 5640 ignis
2363 5569 2421 5622 in
2465 5583 2531 5622 eo
2573 5568 2723 5638 quod
2768 5583 3008 5622 exurere
3047 5568 3236 5638 posset
3280 5563 3509 5619 invenit.
3552 5556 3767 5623 Denique

2181 5663 2286 5717 soli
2327 5663 2561 5716 elevatae
2589 5666 2720 5714 sunt
2757 5663 2938 5731 portae
2970 5659 3285 5726 aeternales,
3320 5662 3382 5711 ut
3421 5651 3661 5710 introiret
3685 5658 3762 5699 rex

2182 5755 2400 5829 gloriae,
2450 5771 2564 5810 non
2616 5770 2748 5808 reus
2790 5770 2995 5808 causae.
3043 5755 3108 5809 Et
3151 5751 3240 5806 hic
3285 5751 3514 5823 quidem
3554 5744 3760 5801 mortem
