3862 6166
245 261 352 314 1565

1333 253 1685 311 EXPOSITIO
1724 253 1793 310 IN
1833 251 2144 310 PSALMUM
2183 254 2408 312 CXVIII.

3417 263 3434 314 I
3450 262 3551 316 566

239 394 346 434 caro
381 375 519 432 illius
553 375 837 446 gustavit;
869 391 1052 448 neque
1094 376 1249 433 enim
1287 377 1453 432 aliter
1496 381 1686 448 posset
1729 393 1817 432 re-
1842 387 1901 460 Α
1922 375 1980 430 in
2007 375 2196 430 forma
2227 377 2326 431 Dei
2355 381 2521 445 esset,
2555 393 2670 432 non
2700 376 2952 448 rapinam
2983 380 3289 436 arbitratus
3315 388 3402 438 est
3429 399 3551 437 esse

234 486 450 541 surgere.
483 469 638 533 Quod
675 470 812 540 legi,
854 487 1173 541 praesumo;
1217 471 1371 542 quod
1414 487 1527 525 non
1556 472 1694 542 legi,
1725 487 1818 526 ve-

228 568 424 621 neratus
481 563 782 617 scientibus
843 563 1174 635 derelinquo
1223 581 1235 618 :
1277 580 1455 620 unum
1521 566 1818 634 conﬁtens,

225 657 336 729 quia
373 655 640 728 quidquid
677 672 808 712 caro
845 657 942 711 illa
980 657 1171 725 subiit,
1201 657 1330 712 ideo
1359 658 1549 726 subiit,
1584 662 1645 713 ut
1669 659 1819 713 viam

224 751 412 806 caeteris
458 749 544 803 vel
585 749 978 820 triumphandi
1017 767 1122 822 per
1167 752 1426 823 martyrii
1470 753 1817 823 passionem,

223 846 293 898 vel
319 842 636 898 transeundi
676 843 732 897 in
764 844 1094 915 paradisum
1125 844 1242 899 suis
1265 845 1520 917 vestigiis
1555 846 1814 901 informa-

221 943 305 992 ret.
327 939 498 992 Nemo
522 952 658 1008 ergo
687 936 789 991 sibi
815 941 1062 1009 arroget,
1088 953 1258 993 nemo
1285 939 1356 994 de
1379 939 1621 1008 meritis,
1648 956 1818 995 nemo

215 1031 271 1085 de
304 1035 571 1100 potestate
608 1046 666 1084 se
698 1031 906 1100 jactet;
948 1032 1045 1085 sed
1090 1048 1290 1086 omnes
1331 1032 1588 1105 1226
1627 1049 1817 1104 spere-

215 1140 323 1178 mus
379 1140 480 1195 per
542 1124 850 1180 Dominum
911 1125 1102 1179 Jesum
1155 1125 1602 1180 misericordiam
1659 1127 1816 1181 inve-

212 1218 337 1285 nire,
370 1219 639 1288 quoniam
670 1233 873 1272 omnes
911 1224 1042 1272 ante
1079 1217 1328 1273 tribunal
1364 1219 1485 1290 ejus
1518 1219 1815 1274 stabimus.

213 1312 276 1366 De
312 1311 404 1366 illo
453 1311 714 1378 veniam,
761 1311 832 1366 de
885 1311 979 1365 illo
1031 1311 1447 1382 indulgentiam
1486 1313 1812 1384 postulabo;

207 1421 315 1475 quae
341 1404 491 1458 enim
519 1421 649 1476 spes
677 1403 789 1458 alia
815 1405 1208 1476 peccatoribus
1225 1406 1253 1460 ?

269 1502 342 1552 I5.
373 1498 437 1552 Et
461 1497 562 1569 qui
595 1515 654 1552 se
693 1498 783 1552 hic
812 1515 1015 1552 aurum
1055 1503 1239 1570 putat,
1279 1499 1457 1554 habet
1485 1500 1814 1571 plumbum;

210 1598 256 1644 et
278 1591 368 1662 qui
397 1597 562 1662 putat
587 1607 644 1646 se
686 1608 928 1662 granum
959 1591 1148 1658 tritici,
1181 1592 1352 1648 habet
1391 1593 1661 1665 stipulam
1689 1611 1817 1666 qua:

205 1685 357 1754 possit
402 1685 590 1739 exuri.
631 1685 744 1740 Sed
789 1685 879 1739 hic
922 1685 1029 1740 sibi
1071 1687 1234 1741 multi
1280 1703 1484 1741 aurum
1527 1687 1813 1742 videntur.

1922 487 1980 524 se
2027 470 2307 542 aequalem
2356 472 2485 537 Deo,
2532 471 2630 526 sed
2677 473 3046 542 semetipsum
3095 474 3399 531 exinanivit
3431 477 3546 531 for-

1921 580 2074 618 mam
2116 563 2260 618 servi
2301 563 2582 635 accipiens
2623 565 2908 636 (Philipp.,
2954 583 3009 634 ll,
3053 569 3182 633 5-7).
3217 590 3244 616 »
3283 569 3394 623 Nec
3443 587 3548 625 nos

1920 657 2094 728 igitur
2121 657 2477 712 nobilitatem
2510 659 2754 728 generis,
2786 676 2890 713 nec
2920 659 3142 713 divitias
3171 661 3546 732 requiramus,

1919 751 1964 804 si
2011 752 2274 806 volumus
2328 751 2614 805 Christum
2677 754 2854 823 sequi.
2911 753 3228 807 Exiuanivit
3275 771 3353 821 se,
3407 772 3537 810 cum

1919 850 2068 898 esset
2096 844 2153 898 in
2185 844 2282 897 Dei
2326 844 2536 910 forma;
2567 863 2696 899 cum
2739 845 2892 901 dives
2930 853 3094 914 esset,
3124 863 3344 919 pauper
3367 848 3549 903 factus

1919 940 2020 991 est.
2054 937 2172 990 Noli
2215 941 2272 990 et
2317 943 2374 989 tu
2419 942 2783 993 contemnere
2826 939 3140 1010 plebeium,
3181 940 3314 1012 quia
3345 941 3548 996 nobilis

1921 1047 2008 1094 es;
2063 1030 2182 1084 noli
2232 1030 2528 1101 despicere
2576 1047 2820 1098 servum,
2871 1033 3006 1104 quia
3048 1037 3253 1103 potens
3296 1049 3385 1101 es;
3429 1035 3546 1088 noli

1918 1139 2230 1193 pauperem
2262 1124 2533 1191 fastidire,
2564 1125 2699 1196 quia
2737 1126 2894 1180 dives
2932 1143 3011 1180 es.
3045 1127 3335 1198 Numquid
3377 1127 3544 1182 nobi-

1917 1216 2045 1284 lior,
2098 1217 2378 1288 numquid
2428 1220 2739 1289 potentior,
2785 1220 3064 1290 numquid
3111 1221 3283 1275 ditior
3325 1220 3547 1276 Christo

1920 1311 2019 1364 es?
2059 1310 2158 1365 Ille
2202 1327 2308 1382 pro
2347 1317 2403 1365 te
2443 1312 2692 1382 suscepit
2729 1313 2843 1381 illa,
2883 1330 3007 1384 quae
3045 1317 3108 1367 tu
3145 1313 3407 1385 despicis.
3451 1315 3548 1368 Ille

1919 1419 2020 1474 pro
2049 1409 2106 1458 te
2136 1404 2454 1458 humiliavit
2481 1422 2538 1458 se
2576 1421 2756 1476 usque
2794 1405 2865 1459 ad
2906 1413 3175 1472 mortem,
3204 1412 3261 1462 et
3305 1412 3544 1462 mortem

1918 1497 2117 1564 crucis,
2148 1501 2214 1552 ut
2243 1502 2355 1552 tua;
2402 1499 2624 1569 lapsum
2663 1500 2913 1554 aboleret
2947 1501 3258 1571 superbiai;
3293 1505 3354 1556 ut
3394 1502 3542 1573 quod

1919 1607 2021 1662 per
2056 1591 2227 1645 unius
2269 1591 2404 1648 Adae
2449 1592 2896 1647 inobedientiam
2946 1593 3398 1663 perdideramus,
3445 1610 3545 1664 per

1923 1685 2089 1739 unius
2151 1685 2374 1740 Domini
2435 1687 2566 1740 Jesu
2630 1686 3012 1742 obedientiam
3073 1687 3458 1758 reciperemus
3527 1705 3540 1741 :

205 1780 302 1832 Non
333 1778 442 1833 illis
479 1778 740 1848 invideo;
768 1779 866 1833 sed
911 1784 1100 1834 tamen
1127 1795 1335 1834 aurum
1376 1780 1813 1849 examinabitur,
1839 1755 1893 1826 B
1921 1800 1948 1828 κ
1990 1781 2226 1850 Propter
2271 1779 2420 1850 quod
2476 1780 2642 1846 Deus,
2692 1763 2896 1851 inquit,
2941 1781 3102 1835 illum
3155 1755 3438 1846 eraltavit,
3488 1784 3547 1834 et

205 1878 385 1926 uretur
418 1875 486 1926 ut
533 1873 710 1942 possit
759 1871 1010 1944 probari.
1053 1873 1143 1927 Sic
1182 1873 1334 1927 enim
1369 1874 1644 1945 scriptum
1684 1879 1810 1929 est:

202 1987 224 2012 «
257 1966 400 2020 Sicut
437 1982 649 2020 aurum
691 1966 750 2020 in
786 1965 1120 2022 conﬂatorio
1163 1966 1409 2038 probabo
1445 1968 1572 2022 illos
1610 1970 1813 2036 (Zach.,

199 2075 296 2126 xm,
347 2063 418 2129 9).
480 2081 510 2108 »
574 2060 723 2130 Ergo
775 2060 1094 2127 advertant,
1153 2060 1286 2132 quia
1337 2060 1816 2116 examinabuntur

198 2169 390 2207 omnes.
437 2153 599 2207 Multi
650 2169 786 2223 ergo
832 2153 929 2223 qui
977 2169 1034 2208 se
1087 2169 1291 2207 aurum
1343 2157 1565 2225 putant,
1612 2159 1670 2209 et
1707 2156 1813 2227 ipsi

196 2245 568 2300 humilitatem
622 2251 960 2318 sequantur,
1011 2249 1077 2299 ut
1127 2247 1261 2301 vitia
1310 2263 1412 2301 sua
1469 2249 1810 2319 decoquent.

195 2340 286 2393 Sed
326 2339 418 2394 hic
465 2339 664 2393 inanis
706 2339 982 2409 jactantia
1027 2344 1144 2406 est;
1191 2339 1324 2395 ideo
1371 2340 1569 2395 multis
1615 2343 1710 2413 qui
1756 2360 1814 2400 se

195 2449 384 2487 massas
424 2438 638 2504 putant
675 2433 819 2499 auri,
867 2433 1004 2487 dicit
1050 2433 1361 2504 sapientior
1406 2435 1528 2489 auri
1575 2451 1756 2490 massa
1795 2455 1809 2492 :

192 2526 381 2580 Omnes
414 2542 531 2580 nos
559 2526 755 2580 fornax
796 2526 1075 2597 probabit.
1114 2528 1262 2598 Ergo
1299 2527 1434 2598 quia
1459 2529 1814 2585 examinandi

193 2635 386 2688 sumus,
433 2620 519 2674 sic
582 2635 684 2673 nos
727 2635 991 2691 agamus;
1042 2624 1106 2674 ut
1141 2620 1353 2690 judicio
1404 2623 1634 2692 probari
1687 2639 1812 2678 me-

191 2729 407 2768 reamur
433 2713 658 2768 divino.
703 2715 1024 2768 Teneamus
1067 2713 1158 2767 hic
1197 2714 1364 2784 positi
1392 2710 1807 2785 humilitatem;

194 2810 242 2858 ut
271 2823 396 2860 cum
438 2806 840 2879 unusquisque
880 2811 1138 2861 nostrum
1176 2808 1393 2862 venerit
1433 2809 1502 2863 ad
1531 2809 1813 2879 judicium

192 2900 292 2966 Dei,
335 2901 405 2955 ad
445 2900 586 2954 illos
629 2900 792 2970 ignes
838 2915 984 2970 quos
1024 2900 1317 2955 transituri
1359 2917 1573 2972 sumus,
1618 2903 1809 2958 dicat:

194 2993 311 3046 Vide
349 2993 723 3048 humilitatem
766 3008 958 3056 meam,
1007 2999 1055 3048 et
1104 3010 1228 3048 erue
1278 3010 1396 3060 me;
1439 3011 1570 3049 nam
1628 2996 1671 3050 si
1718 3014 1808 3050 su-

189 3087 380 3156 perbus
409 3086 619 3155 fuerit,
650 3087 698 3140 si
733 3102 1028 3157 arrogans,
1061 3087 1107 3140 si
1142 3093 1464 3154 contumax,
1500 3104 1616 3143 non
1646 3080 1888 3192 pote-'C

192 3180 255 3233 rit
278 3181 380 3235 hoc
411 3181 633 3236 dicere.
666 3181 844 3234 Nemo
882 3185 1072 3234 autem
1101 3181 1251 3234 dicet
1279 3197 1291 3234 :
1321 3181 1459 3236 Vide
1490 3183 1814 3254 superbiam

190 3289 391 3342 meam;
435 3273 546 3330 sed
585 3274 708 3328 uide
750 3275 1111 3328 humilitatem
1147 3290 1352 3341 meum;
1380 3279 1446 3329 ut
1486 3275 1609 3345 ejus
1635 3276 1816 3345 gratia

192 3368 293 3420 erui
319 3369 388 3422 ab
421 3368 530 3422 illo
558 3367 692 3438 igne
724 3370 1034 3421 mereatur.

250 3464 328 3514 16.
380 3464 479 3516 Est
533 3477 674 3532 ergo
724 3460 1017 3514 humilitas
1063 3460 1270 3516 laboris
1323 3465 1378 3515 et
1435 3461 1808 3534 fatigationis;

187 3559 258 3606 est
294 3560 349 3609 et
385 3553 688 3609 humilitas
725 3554 949 3608 virtutis
993 3559 1165 3624 atque
1204 3555 1501 3626 propositi,
1535 3572 1704 3626 quam
1753 3556 1810 3611 in

186 3649 430 3703 secundis
462 3652 527 3704 et
553 3648 858 3718 prosperis,
891 3652 949 3702 et
987 3648 1046 3701 in
1085 3647 1200 3702 otio
1241 3648 1457 3718 positus
1488 3652 1651 3703 tenet.
1685 3651 1808 3720 jus-

186 3745 278 3794 tus.
328 3742 494 3796 Nullo
545 3742 677 3797 licet
721 3742 931 3796 fractus
975 3741 1190 3809 labore,
1230 3741 1440 3796 nullius
1483 3743 1811 3797 certaminis

184 3832 369 3888 dubius
396 3838 636 3900 eventu,
660 3834 943 3888 humilem
972 3833 1236 3888 omnibus
1262 3834 1526 3889 affectum
1555 3837 1807 3902 exhibet,

184 3941 275 3980 nec
300 3944 402 3982 sua
429 3928 710 3983 extollere
736 3927 958 3996 studet;
991 3928 1090 3982 sed
1119 3929 1302 3999 magis
1330 3928 1587 3984 minuere
1619 3931 1810 4001 operis

183 4021 256 4074 sui
297 4023 575 4092 pretium,
628 4025 686 4075 et
728 4020 923 4075 meriti
964 4020 1049 4075 sui
1096 4022 1361 4091 gratiam.
1409 4024 1554 4078 Audi
1589 4024 1810 4093 justum

188 4114 575 4170 humiliantem
604 4130 663 4168 se
693 4131 706 4168 :
740 4117 850 4183 Ego
891 4130 1029 4175 sum,
1062 4114 1266 4186 inquit,
1307 4119 1560 4171 minimus
1595 4123 1807 4187 aposto-

187 4208 344 4262 lorum
372 4210 410 4278 (ι
445 4211 599 4271 ϐοτη
626 4224 717 4274 xv,
753 4210 829 4278 9).
865 4209 963 4263 Ille
991 4223 1086 4262 vas
1122 4194 1417 4264 electionis
1458 4211 1686 4277 divinae,
1716 4212 1810 4266 ille

188 4302 435 4369 gentium
480 4301 686 4357 doctor
719 4301 1026 4355 minimum
1068 4317 1189 4356 esse
1233 4319 1290 4355 se
1322 4301 1476 4367 dicit,
1503 4303 1809 4376 indignum

185 4393 293 4462 ejus
317 4395 492 4449 oﬂicii
521 4394 788 4459 nomine,
813 4394 966 4465 quod
999 4394 1116 4449 suis
1142 4395 1409 4465 operibus
1437 4397 1806 4466 praferebat;

1920 1873 2077 1928 dedit
2103 1874 2182 1928 illi
2211 1890 2421 1928 nomen
2462 1873 2615 1944 quod
2656 1879 2742 1928 est
2781 1891 2955 1946 super
2992 1889 3163 1929 omne
3205 1889 3451 1940 nomen;
3482 1879 3548 1928 ut

1917 1967 1974 2021 in
2012 1969 2244 2022 nomine
2273 1971 2399 2023 Jesu
2441 1985 2610 2022 omne
2653 1983 2802 2038 genu
2848 1968 3225 2022 ﬂectatur.....
3268 1968 3542 2038 quoniam
3631 1997 3643 2014 ›

1917 2061 2190 2115 Dominus
2223 2064 2382 2117 Iesus
2410 2061 2467 2115 in
2499 2061 2684 2132 gloria
2709 2066 2792 2115 est
2822 2061 2920 2116 Dei
2957 2061 3137 2115 Patris
3166 2061 3449 2131 (Philipp,
3484 2077 3541 2127 ιι,

1916 2157 2089 2220 9-ιι).
2121 2175 2148 2203 ›)

1989 2246 2241 2320 1227
2281 2251 2365 2302 18.
2403 2248 2729 2314 Considera,
2760 2264 2793 2302 o
2825 2249 3012 2314 homo,
3042 2247 3177 2318 quid
3209 2247 3387 2318 legas.
3418 2249 3540 2301 Non

1916 2341 2192 2395 laboravit
2219 2342 2516 2411 Apostolus
2547 2341 2867 2412 potentiam
2898 2340 3104 2397 Christi
3145 2341 3409 2410 probare,
3444 2341 3541 2394 sed

1914 2433 2297 2488 obedientiam
2329 2435 2661 2504 praedicare;
2687 2435 2784 2488 sed
2817 2435 3203 2489 demonstrare
3231 2438 3449 2504 quanta
3471 2433 3546 2487 sit

1915 2527 2249 2581 humilitatis
2286 2527 2486 2598 gratia,
2530 2534 2774 2598 quantus
2815 2528 2937 2598 ejus
2981 2526 3282 2597 profectus.
3312 2526 3368 2581 Si
3403 2526 3539 2580 sim-

1914 2619 2154 2691 plicibus
2205 2620 2450 2691 accipias
2493 2621 2744 2687 auribus,
2800 2627 2855 2675 et
2902 2619 3193 2675 Christum
3247 2618 3534 2674 exaltavit.

1914 2713 2018 2769 Sed
2043 2713 2298 2767 Christus
2326 2729 2437 2768 non
2469 2730 2598 2784 quae
2637 2729 2755 2777 sua,
2786 2714 2882 2768 sed
2912 2729 3040 2784 quae
3082 2717 3185 2768 tua
3224 2715 3407 2781 erant,
3442 2713 3540 2766 illa

1913 2806 2228 2862 humilitate
2271 2806 2583 2877 quaerebat.
2612 2807 2817 2878 Accipe
2859 2808 2969 2875 (53)
2995 2822 3133 2877 ergo
3179 2805 3395 2876 argutis
3435 2822 3538 2858 au—

1912 2900 2066 2955 ribus
2109 2917 2122 2953 :
2168 2899 2474 2967 moraliter,
2521 2898 2625 2953 tibi
2673 2899 2881 2969 profuit
2932 2898 3190 2970 mystice,
3241 2903 3401 2952 tuam
3446 2914 3541 2952 re-

1914 2993 2109 3049 demit‘
2139 2993 2400 3048 salutem.
2444 2991 2739 3056 Quomodo
2792 2992 2871 3046 vis
2918 2993 3215 3062 intellige:
3261 2992 3410 3046 salus
3457 2997 3545 3046 est

1915 3093 2035 3142 tua.
2083 3087 2138 3143 Si
2175 3091 2339 3157 putas
2387 3086 2538 3158 quod
2579 3086 2801 3142 Christo
2840 3085 3054 3158 profuit
3091 3085 3384 3141 humilitas
3414 3101 3538 3152 sua,

1914 3182 2002 3235 cui
2041 3197 2179 3252 ergo
2228 3196 2342 3234 non
2386 3179 2676 3251 proderit?
2723 3181 2776 3234 Si
2827 3181 2984 3237 illum
3031 3179 3318 3247 exaltavit,
3366 3195 3539 3250 quem

1916 3290 2029 3329 non
2057 3273 2328 3344 augebit?
2349 3273 2552 3327 Factus
2571 3277 2654 3328 est
2680 3273 2936 3327 minister
2955 3273 3215 3328 omnium
3243 3272 3540 3338 Dominus,

1914 3371 1972 3420 et
1993 3371 2198 3422 auctor
2230 3366 2494 3421 omnium
2524 3366 2829 3436 vapulavit,
2857 3365 3030 3437 pedes
3056 3366 3206 3432 lavit,
3240 3365 3544 3420 crucifixus

1913 3464 2017 3526 est,
2050 3465 2309 3515 mortuus
2336 3465 2440 3514 est.
2475 3459 2584 3516 Sed
2618 3459 2675 3513 in
2704 3459 2791 3514 his
2833 3459 3099 3513 omnibus
3127 3459 3539 3514 detrimentum

1912 3555 2131 3608 nullum
2174 3553 2335 3608 video
2372 3552 2681 3607 divinitatis
2719 3552 2861 3623 ejus,
2898 3554 3216 3624 profectum
3257 3552 3540 3624 operatio-

1913 3647 1999 3701 nis
2029 3663 2298 3717 agnosco.
2331 3647 2439 3710 Qui
2466 3646 2609 3699 nihil
2636 3645 2903 3710 habebat,
2933 3645 3081 3716 quod
3109 3646 3177 3700 ad
3206 3651 3539 3716 potestatem

1911 3757 2068 3794 suam
2097 3739 2355 3806 adderet,
2387 3739 2585 3793 habuit
2613 3737 2766 3809 quod
2793 3738 2860 3791 ad
2889 3738 3107 3792 cultum
3139 3755 3255 3792 suae
3283 3739 3542 3808 majesta-

1910 3835 1982 3888 tis
2011 3833 2366 3904 adjungeret.
2407 3831 2603 3886 Audeo
2635 3831 2822 3885 dicere
2853 3847 2866 3884 :
2896 3830 3243 3902 operationis
3269 3847 3386 3885 sua:
3409 3847 3536 3885 mu-

1914 3945 2018 3981 nus
2053 3927 2338 3994 amiserat,
2389 3926 2498 3980 nisi
2544 3925 2600 3979 id
2648 3923 2936 3979 humilitas
2974 3924 3290 3995 recepisset.
3342 3926 3539 3995 Itaque

1909 4037 2014 4075 nos
2038 4020 2266 4091 quidem
2297 4017 2555 4086 redemit,
2585 4019 2683 4072 sed
2735 4019 2906 4073 etiam
2949 4017 3054 4072 sibi
3095 4018 3411 4089 acquisivit.
3445 4018 3537 4072 Ni-

1910 4113 1988 4168 hil
2020 4129 2157 4183 ergo
2183 4113 2481 4166 humilitas
2524 4111 2688 4166 affert
2723 4111 3026 4183 dispendii.
3069 4111 3165 4166 Ille
3201 4111 3299 4183 qui
3330 4127 3392 4166 se
3419 4111 3539 4166 exi-

1913 4208 2151 4274 nanivit,
2190 4206 2389 4277 plenus
2414 4209 2516 4260 est.
2549 4206 2644 4261 Ille
2673 4205 2770 4277 qui
2797 4222 2912 4259 non
2942 4204 3202 4276 rapinam
3234 4205 3543 4260 arbitratus

1912 4305 1997 4355 est
2024 4317 2145 4355 esse
2185 4317 2244 4354 se
2281 4301 2562 4371 aqualem
2600 4301 2731 4364 Deo,
2773 4299 3017 4352 formam
3056 4299 3200 4352 servi
3230 4298 3536 4369 accipiens,

1913 4395 1969 4448 in
2002 4395 2185 4465 gloria
2214 4400 2294 4448 est
2334 4393 2429 4447 Dei
2471 4393 2668 4447 Patris.
2702 4393 2936 4462 Suscepi
2975 4407 3146 4462 quem
3191 4391 3540 4456 nesciebam,

188 4486 437 4558 nihilque
467 4487 576 4541 sibi
610 4491 866 4558 arrogat,
895 4489 992 4542 sed
1031 4491 1217 4543 totum
1259 4490 1457 4560 gratiae
1497 4490 1593 4544 Dei
1630 4491 1805 4561 depu-
1830 4484 2118 4559 Dagnovi
2163 4503 2336 4558 quem
2385 4502 2500 4540 non
2550 4484 2988 4554 cognoscebam,
3036 4484 3313 4538 confiteor
3366 4500 3538 4556 quem

186 4582 270 4634 tat.
304 4582 418 4636 Hoc
447 4581 653 4652 utique
687 4581 853 4636 decet
872 4582 1113 4652 justum.

249 4678 329 4728 I7.
361 4676 479 4729 Hac
521 4675 848 4730 humilitate
885 4675 1174 4730 Abraham
1213 4680 1374 4747 pater
1411 4675 1544 4730 tidei
1589 4693 1806 4731 nuncu-

186 4770 334 4834 patus
361 4773 471 4836 est,
517 4769 614 4839 qui
652 4785 781 4823 cum
830 4769 1024 4824 divino
1068 4769 1497 4841 participaretur
1537 4770 1808 4841 alloquio,

186 4863 383 4916 terram
421 4879 486 4916 se
530 4879 653 4916 esse
693 4862 916 4917 dicebat
955 4867 1013 4917 et
1049 4863 1250 4918 limum
1286 4863 1464 4931 (Gem,
1509 4880 1661 4931 xvm,
1693 4866 1806 4935 27).

188 4952 298 5022 Ipse
343 4971 583 5027 quoque
625 4956 893 5010 Dominus
924 4956 1042 5018 ait;
1075 4977 1103 5008 ς(
1134 4959 1253 5027 Ego
1285 4963 1474 5011 autem
1509 4973 1635 5010 sum
1677 4974 1806 5011 ver-

187 5046 303 5112 mis,
333 5051 394 5102 et
421 5064 544 5102 non
573 5048 782 5119 homo;
804 5048 1174 5120 opprobrium
1201 5049 1517 5118 hominum,
1543 5056 1599 5104 et
1627 5049 1811 5120 abjec-

189 5138 255 5192 tio
304 5142 493 5212 plebis
542 5143 710 5200 (Psal.
766 5158 876 5207 xx},
934 5143 1006 5211 7),
1050 5165 1077 5192 »
1133 5159 1261 5197 cum
1305 5143 1377 5197 de
1429 5144 1516 5197 sui
1558 5145 1810 5215 corporis

186 5235 434 5299 passione
479 5235 836 5306 loqueretur;
866 5235 962 5307 qui
1003 5252 1115 5289 non
1159 5253 1287 5306 quae
1326 5253 1427 5290 sua
1469 5240 1600 5291 sunt
1645 5253 1806 5308 quae-

189 5325 319 5391 sivit,
348 5327 452 5382 sed
495 5345 622 5399 quae
663 5329 926 5384 aliorum.
969 5329 1139 5400 Cujus
1181 5346 1287 5384 nos
1326 5329 1648 5385 imitatores
1689 5333 1810 5386 vult

190 5415 301 5473 ﬁeri
328 5422 652 5490 Apostolus,
683 5426 854 5493 atque
885 5422 1146 5477 hortatur
1182 5423 1375 5478 dicens
1403 5441 1415 5478 :
1449 5445 1476 5472 «
1505 5425 1620 5479 Hoc
1651 5424 1808 5480 enim

188 5513 376 5567 sentite
422 5513 484 5567 in
518 5514 694 5582 vobis,
723 5515 877 5586 quod
916 5521 973 5570 et
1012 5516 1069 5570 in
1107 5516 1326 5571 Christo
1360 5519 1519 5585 Jesu;
1554 5519 1810 5589 quicum

247 5653 336 5709 {53)
387 5653 528 5704 Voci
577 5657 785 5719 Accipe,
837 5656 1252 5720 praemittebant
1300 5658 1614 5722 superiores
1674 5659 1804 5708 edit.

193 5719 306 5782 ligo,
337 5726 534 5787 inquit.
557 5728 606 5775 si
629 5719 892 5776 excitatus
931 5727 1082 5789 [uero
1124 5742 1158 5776 a
1191 5719 1563 5786 terraJomnia
1593 5729 1810 5778 traham

195 5793 256 5840 ad
279 5807 352 5843 me
379 5797 572 5861 ipsum.
602 5797 716 5852 Sed
745 5812 811 5852 ea
849 5799 908 5851 in
948 5812 1078 5852 mss.
1112 5800 1372 5852 omnibus
1403 5799 1804 5852 desiderantur.

1910 4581 2212 4653 negabam.
2244 4580 2352 4650 Ipsi
2381 4595 2529 4649 genu
2561 4580 2815 4650 corporis
2840 4577 3024 4646 ﬂecto,
3058 4578 3164 4650 ipsi
3194 4595 3346 4650 genu
3377 4595 3538 4633 men-

1910 4676 1981 4729 tis
2008 4675 2254 4738 inﬂecto,
2283 4673 2470 4743 ipsum
2500 4672 2696 4740 adoro,
2724 4689 2897 4743 quem
2923 4676 3054 4727 ante
3082 4672 3397 4744 fugiebam.

1985 4771 2069 4822 I9.
2126 4768 2347 4822 Gratias
2409 4765 2509 4820 tibi
2561 4767 2814 4837 agimus,
2879 4767 3115 4822 Domine
3178 4768 3338 4830 Jesu,
3390 4764 3541 4836 quod

1910 4862 2111 4916 creasti
2131 4878 2252 4926 nos,
2287 4860 2388 4914 sed
2419 4863 2636 4914 creatos
2667 4861 2821 4927 feris,
2844 4860 3058 4924 bestiis,
3082 4859 3253 4914 mutis
3282 4858 3544 4912 animan-

1910 4955 2061 5009 tibus
2105 4953 2424 5025 prmfecisti.
2471 4954 2680 5024 Majora
2722 4959 2855 5008 sunt
2891 4952 3225 5007 visitationis
3263 4955 3373 5004 tute
3411 4967 3535 5004 mu-

1910 5065 2066 5103 nera.
2100 5048 2362 5102 Visitatos
2389 5048 2696 5119 majestatis
2739 5053 2849 5101 tuae
2888 5045 3182 5101 consortiis
3220 5043 3537 5109 honorasti,

1911 5141 2140 5197 dicens:
2170 5163 2196 5190 «
2222 5141 2472 5196 Narrabo
2496 5157 2706 5196 nomen
2733 5146 2895 5194 tuum
2917 5137 3186 5194 fratribus
3205 5137 3348 5192 meis
3370 5137 3537 5205 (Psal.

1912 5252 2018 5302 χχι,
2048 5238 2169 5305 23);
2205 5256 2231 5284 η
2277 5239 2540 5306 suscepto
2572 5233 2726 5289 enim
2766 5248 3005 5303 corpore
3038 5232 3218 5286 frater
3249 5247 3308 5285 es
3337 5232 3536 5296 factus,

1911 5347 2012 5385 nec
2046 5329 2319 5384 Dominus
2355 5345 2474 5384 esse
2513 5327 2720 5382 desisti.
2762 5325 2933 5397 Major
2968 5324 3380 5396 redemptionis
3406 5341 3537 5396 gra-

1912 5424 1988 5478 tia
2038 5441 2052 5478 :
2115 5423 2498 5494 periclitantes
2556 5421 2662 5489 (54)
2716 5422 2901 5473 morte
2956 5418 3191 5488 prOpria
3242 5417 3538 5473 redemisti

1911 5516 2056 5570 sicut
2085 5515 2362 5587 scriptum
2391 5518 2476 5570 est
2502 5530 2515 5568 :
2549 5534 2577 5562 ‹‹
2608 5512 2847 5583 Expedit
2867 5527 3047 5565 unum
3076 5511 3371 5566 hominem
3396 5510 3539 5565 mori

1911 5657 1977 5706 Et
2008 5670 2141 5708 sane
2169 5656 2240 5707 de
2265 5655 2447 5706 verbis
2477 5653 2630 5703 Pauli
2659 5651 2845 5703 adhuc
2873 5652 3069 5718 agitur.

1970 5729 2069 5790 (54)
2097 5728 2219 5778 Vet.
2251 5727 2404 5785 edit.,
2439 5726 2700 5788 Majorem
2729 5724 3099 5788 redemptionis
3127 5725 3361 5788 gratiam
3401 5733 3538 5781 prae-

1907 5799 2126 5864 stitisti;
2177 5799 2311 5864 quia
2355 5797 2734 5864 periclitantes.
2780 5796 2938 5851 Rom.
2967 5795 3100 5848 edit.
3137 5799 3192 5846 et
3232 5807 3363 5845 mss.
3396 5793 3540 5844 inter
