3862 6166
347 229 479 283 1567

1802 226 1854 279 S.
1899 223 2213 282 AMBROSII

3532 235 3643 290 1568

338 366 442 421 pro
482 351 690 422 populo
732 353 931 419 (Joan.,
971 366 1124 416 xvni,
1159 351 1266 419 14).
1310 369 1338 401 ι)
1367 350 1655 405 Suscitasti
1687 351 1967 414 mortuos,
1993 361 2372 433 Acommune
2413 362 2542 401 cum
2583 347 2810 402 sanctis.
2848 350 3052 403 Verum
3103 348 3150 402 is
3189 348 3286 419 qui
3325 350 3460 420 apud
3497 355 3647 412 Deum

345 443 538 499 dicens
567 461 579 498 ς
611 464 638 491 ‹‹
666 443 876 499 Solvite
919 445 1196 514 templum
1229 444 1354 510 hoc,
1387 446 1443 498 et
1475 443 1531 498 in
1573 443 1760 497 triduo
1789 442 1967 496 susci-

339 538 475 592 tabo
530 537 667 591 illud
711 536 918 608 (Joan.,
962 553 1018 603 ll,
1067 538 1184 608 t9);
1227 558 1254 587 ››
1297 537 1355 590 in
1408 537 1502 591 illo
1547 536 1702 590 enim
1754 536 1968 607 templo

345 629 629 687 Dominici
652 629 906 700 corporis
929 630 1191 685 omnibus
1212 631 1306 701 jus
1334 629 1763 684 resurrectionis
1782 631 1970 685 adcre-

340 725 438 778 vit.
487 725 867 793 Resurgentes
912 722 1224 794 aquuasti
1264 723 1502 794 angelis,
1541 723 1684 777 sicut
1727 721 1913 776 dixisti
1953 739 1965 775 :

343 839 368 865 α
414 816 700 880 Quoniam
730 833 856 887 qum
895 833 1010 870 non
1051 816 1290 883 nubunt,
1323 823 1378 872 et
1414 817 1452 871 ii
1483 816 1579 887 qui
1615 832 1726 870 non
1754 816 1972 869 ducunt

344 925 565 977 uxores,
614 913 781 963 erunt
824 909 970 964 sicut
1013 910 1202 980 angeli
1255 910 1312 963 in
1360 911 1497 964 cmlo
1546 911 1788 972 (Matth.,
1836 925 1968 975 xxn,

341 1003 450 1073 30).
481 1024 507 1051 ››
553 1005 839 1058 Postremo
881 1004 951 1058 ad
995 1004 1291 1058 dexteram
1328 1004 1426 1058 Dei
1470 1003 1528 1056 in
1569 1002 1666 1057 illo
1709 1002 1833 1056 Filii
1860 1002 1967 1056 ho-

343 1097 511 1152 minis
537 1096 675 1152 solio
705 1097 1007 1164 collocasti,
1040 1098 1184 1152 sicut
1203 1098 1324 1168 ipse
1356 1097 1620 1167 dignatus
1642 1112 1700 1150 es
1728 1096 1916 1150 dicere
1954 1112 1966 1150 :

346 1212 373 1239 ‹‹
414 1191 492 1244 Ex
548 1190 654 1245 hoc
707 1195 900 1245 autem
959 1191 1067 1245 erit
1119 1190 1287 1244 Filius
1341 1190 1589 1244 hominis
1647 1191 1849 1245 sedens
1899 1189 1970 1244 ad

343 1284 641 1340 dexteram
671 1284 893 1338 virtutis
921 1284 1022 1338 Dei
1045 1283 1214 1353 (Luc.,
1245 1300 1378 1351 xxii,
1409 1283 1517 1355 69).
1550 1306 1578 1334 »

415 1380 501 1431 20.
537 1376 696 1432 Unde
738 1377 1034 1447 Apostolus
1079 1376 1366 1432 admirans
1404 1377 1611 1431 divinae
1650 1376 1805 1432 dona
1851 1377 1968 1448 pie-

347 1469 492 1537 tatis,
538 1470 704 1523 simul
762 1470 1069 1524 ostendens
1115 1486 1287 1524 unam
1341 1471 1525 1525 Patris
1569 1473 1626 1526 et
1678 1470 1798 1524 Filii
1849 1487 1971 1526 esse

345 1561 766 1630 liberalitatem,
810 1563 934 1617 ait:
984 1585 1009 1613 u
1034 1565 1182 1619 Deus
1225 1568 1420 1618 autem
1467 1564 1567 1635 qui
1607 1563 1758 1619 dives
1799 1565 1971 1618 estin

348 1654 1016 1728 misericordia,.propter
1032 1658 1272 1711 multam
1290 1657 1443 1711 chari
1452 1660 1626 1712 tatem
1649 1674 1759 1729 qua
1773 1657 1974 1712 dilexit

342 1765 443 1802 nos
469 1749 712 1818 (Ephes.,
745 1724 801 1819 ii,
848 1724 924 1817 4).
958 1771 984 1798 ››
1025 1751 1199 1804 Audis
1243 1750 1300 1804 in
1338 1767 1450 1822 quo
1496 1724 1725 1821 debeas,
1774 1724 2049 1818 homo,B

343 1842 496 1897 dives
530 1858 672 1911 esse,
702 1859 843 1913 quas
888 1843 1097 1898 habere
1134 1844 1391 1913 virtutes,
1422 1861 1616 1899 amare
1657 1846 1714 1899 in
1747 1845 1880 1913 Deo,
1912 1846 1972 1900 in

344 1938 400 1990 te
433 1935 698 2005 probare,
729 1936 874 1991 inire
904 1937 1180 1992 beneﬁcia
1209 1938 1621 1993 misericordia:
1649 1939 1970 1994 charitatis-

345 2045 456 2100 que
506 2029 758 2083 caelestis
785 2032 912 2100 (55).
958 2032 1023 2086 Et
1065 2031 1322 2086 addidit:
1374 2053 1402 2080 «
1429 2033 1496 2086 Et
1537 2048 1668 2087 cum
1712 2049 1973 2087 essemus

345 2121 556 2176 mortui
585 2122 848 2192 peccatis,
881 2123 1292 2179 conviviﬁcavit
1322 2141 1423 2179 nos
1448 2125 1510 2179 in
1535 2125 1779 2193 Christo,
1812 2127 1972 2196 cujus

348 2214 530 2285 gratia
573 2215 704 2270 estis
745 2216 962 2284 salvati,
997 2221 1052 2271 et
1089 2217 1253 2272 simul
1291 2218 1596 2283 suscitavit,
1634 2219 1800 2273 simul
1838 2219 1976 2274 fecit

346 2307 541 2362 sedere
573 2307 631 2362 in
659 2309 997 2376 caelestibus,
1041 2309 1098 2363 in
1127 2311 1347 2366 Christo
1373 2313 1710 2381 Jesu(1bid.,
1752 2316 1804 2380 5,
1836 2319 1910 2371 6).
1944 2335 1972 2363 ››

346 2401 406 2456 ln
432 2401 650 2457 Christo
685 2402 882 2473 utique
904 2395 1235 2457 honoratur
1270 2411 1326 2458 et
1361 2422 1510 2459 caro.
1545 2406 1639 2460 Ille
1671 2405 1847 2475 igitur
1873 2406 1974 2477 qui

349 2494 420 2547 ad
448 2493 743 2549 dexteram
771 2496 869 2550 Dei
898 2496 1079 2564 sedet,
1111 2501 1338 2568 propter
1366 2515 1467 2552 nos
1496 2497 1753 2570 1228
1783 2500 1971 2553 humi-

346 2586 516 2642 liatus
546 2593 649 2643 est.
680 2587 933 2661 Ideoque
965 2589 1098 2644 dicit
1125 2591 1290 2645 nobis
1320 2609 1333 2645 :
1371 2611 1397 2638 υ
1428 2591 1630 2646 Discite
1658 2609 1692 2646 a
1721 2609 1813 2646 me
1842 2593 1977 2664 quia

349 2679 500 2734 mitis
536 2697 682 2747 sum,
722 2685 779 2736 et
810 2682 1039 2737 humilis
1065 2683 1229 2738 corde
1271 2685 1516 2750 (Matth,
1552 2701 1622 2751 x1,
1652 2685 1760 2756 29).
1794 2709 1819 2735 ››
1850 2687 1974 2740 Non

349 2773 492 2827 dixit
526 2790 538 2827 :
568 2773 768 2830 Discite
795 2791 829 2828 a
857 2791 968 2843 me,
1003 2776 1138 2847 quia
1168 2782 1367 2847 potens
1396 2794 1544 2846 sum,
1574 2778 1673 2832 sed
1705 2780 1837 2849 quia
1867 2779 1972 2833 hu-

354 2867 501 2920 milis
536 2868 732 2932 corde;
773 2874 834 2923 ut
876 2873 939 2923 tu
985 2870 1145 2923 illum
1189 2870 1444 2940 imiteris,
1486 2877 1548 2925 ut
1583 2876 1643 2925 tu
1687 2872 1737 2927 ei
1777 2871 1970 2928 dicas:

355 2960 612 3029 Domine,
659 2961 844 3016 audivi
893 2979 1081 3016 vocem
1124 2966 1310 3030 tuam,
1348 2964 1579 3034 implevi
1623 2969 1975 3037 prmceptum

2063 441 2250 511 justus
2275 444 2380 508 est,
2411 440 2584 495 habet
2615 441 2787 496 aliam
2817 457 3044 497 causam
3066 441 3265 511 judicii
3289 458 3396 497 non
3425 445 3649 515 timendi,

2071 534 2202 605 quia
2223 533 2375 604 apud
2397 532 2821 588 misericordem
2839 534 3095 605 judicem
3112 534 3214 589 sibi
3233 551 3398 590 causa
3417 544 3510 604 est,
3526 543 3651 610 apud

2070 627 2492 698 redemptorem
2520 643 2687 682 suum
2719 628 2840 682 vult
2865 627 2976 682 cito
3009 631 3065 682 et
3103 635 3288 698 sperat
3320 629 3532 686 absolvi.
3558 634 3649 687 Ab.

2071 721 2276 776 solutio
2305 720 2457 775 enim
2487 725 2714 776 matura
2741 727 3068 776 sanctorum
3100 725 3202 775 est.
3234 721 3388 776 Unde
3415 727 3467 778 et
3493 726 3655 780 Domi-

2071 831 2176 868 nus
2205 814 2284 868 ait
2309 831 2410 885 per
2439 814 2788 870 Ezecliielem
2819 814 2891 868 ad
2918 815 3150 885 angelos
3178 814 3276 886 qui
3302 815 3531 871 ministri
3549 824 3660 874 sunt

2069 907 2354 963 ultionum
2395 926 2407 962 :
2453 911 2498 964 A
2547 911 2750 963 sanctis
2786 910 2913 962 meis
2951 910 3176 979 incipite
3221 908 3447 977 (Ezech.,
3489 926 3554 980 ix,
3595 914 3659 980 6).

2071 1003 2193 1056 Non
2236 1003 2356 1057 vult
2392 1002 2664 1056 Dominus
2707 1017 3015 1056 commune
3061 1002 3272 1056 sanctis
3316 1019 3440 1056 cum
3477 1003 3661 1059 diaboli

2071 1096 2238 1150 sociis
2290 1095 2641 1150 consortium
2695 1111 2817 1150 esse
2863 1094 3084 1165 judicii,
3135 1095 3390 1150 diabolus
3436 1097 3576 1152 enim
3617 1102 3666 1152 et

2072 1189 2317 1244 ministri
2359 1189 2482 1260 ejus
2526 1205 2656 1243 cum
2698 1187 3023 1243 hominibus
3073 1205 3184 1243 non
3230 1188 3664 1259 ﬂagellabuntur.

2071 1283 2336 1353 Separata
2379 1287 2466 1336 est
2506 1299 2694 1353 pmna,
2747 1281 2838 1336 ubi
2891 1280 3058 1336 distat
3109 1288 3164 1336 et
3217 1281 3403 1353 culpa.
3455 1282 3671 1354 Ideoque

2071 1376 2181 1431 alio
2210 1377 2335 1431 loco
2376 1376 2666 1447 Scriptura
2698 1377 2779 1430 ait
2809 1393 2820 1430 :
2861 1399 2889 1426 ‹‹
2915 1378 3158 1447 Tempus
3196 1381 3283 1430 est
3318 1375 3556 1446 incipere
3586 1377 3667 1446 ju-

2072 1470 2282 1524 dicium
2325 1487 2358 1524 a
2399 1469 2571 1524 domo
2610 1469 2710 1523 Dei
2757 1470 2792 1534 (Ι
2835 1472 3003 1531 Petr.,
3044 1486 3114 1537 IV,
3148 1469 3255 1539 l7).
3286 1491 3313 1518 ››
3342 1469 3482 1532 Quos
3517 1469 3669 1524 mise-

2073 1567 2232 1617 ratur
2256 1561 2431 1629 enim,
2464 1563 2574 1617 cito
2603 1562 2866 1633 castigat;
2897 1569 2959 1616 ut
2992 1579 3107 1617 non
3138 1562 3351 1617 diutius
3376 1561 3673 1616 afﬁciantur

2072 1654 2248 1709 futuri
2291 1656 2706 1726 exspectatione
2742 1655 2966 1726 judicii,
3008 1672 3121 1709 non
3168 1654 3439 1726 prolixius
3488 1655 3677 1708 misera

2074 1751 2264 1803 reatus
2308 1752 2461 1804 sorte
2509 1755 2902 1815 macerentur;
2952 1751 3017 1803 ut
3059 1748 3449 1820 unusquisque
3493 1747 3679 1802 reddat

2072 1843 2243 1898 etiam
2271 1842 2514 1913 duplicia
2554 1849 2782 1913 peccata
2818 1858 2939 1910 sua,
2969 1859 3082 1913 quo
3119 1843 3356 1897 tandem
3395 1843 3567 1913 possit
3588 1842 3675 1896 ab-

2073 1937 2232 1992 solvi.
2264 1938 2435 1991 Pmna
2471 1937 2624 1990 enim
2659 1952 2886 1990 reorum
2920 1936 3183 2006 quaedam
3215 1936 3492 1990 absolutio
3520 1934 3676 1990 delic-

2073 2036 2266 2085 torum
2297 2035 2399 2084 est.

2143 2127 2231 2177 23.
2263 2122 2525 2178 Videmus
2561 2122 2620 2175 in
2656 2122 2762 2176 hoc
2795 2121 3002 2177 saeculo
3041 2123 3288 2177 insertos
3327 2122 3558 2177 nexibus
3598 2139 3677 2175 ca-

2077 2223 2336 2272 tenarum
2380 2232 2509 2270 reos
2552 2216 2611 2271 in
2660 2215 2848 2286 specie
2893 2231 3122 2286 pompas
3167 2215 3507 2270 miserabilis
3545 2215 3677 2279 duci,

2075 2316 2130 2366 et
2159 2325 2566 2380 nonnunquam
2603 2309 2712 2364 hoc
2755 2309 3051 2380 patiuntur
3090 2309 3367 2375 insontes,
3399 2314 3458 2363 ut
3493 2309 3678 2362 tolera-

2077 2403 2244 2457 bilius
2287 2403 2358 2456 sit
2392 2403 2536 2456 mori
2568 2418 2738 2473 quam
2774 2401 2911 2456 talia
2940 2402 3131 2457 subire
3170 2401 3461 2473 supplicia.
3495 2402 3682 2472 Optant

2079 2497 2272 2568 utique
2297 2496 2481 2551 audiri
2507 2496 2649 2551 bene
2676 2495 2780 2550 sibi
2805 2496 3034 2561 conscii,
3067 2500 3267 2567 Optant
3304 2495 3479 2549 etiam
3517 2494 3572 2548 hi
3598 2494 3682 2564 qui

2077 2591 2338 2662 gravibus
2379 2589 2608 2661 ﬂagitiis
2651 2593 2947 2660 urgentur,
2990 2605 3216 2659 pmnam
3258 2589 3462 2643 mortis
3503 2587 3680 2642 celeri-

2077 2689 2188 2738 tate
2221 2684 2570 2754 transigere;
2605 2687 2671 2736 ut
2705 2682 2993 2753 aliquanta
3029 2683 3371 2752 compendia
3408 2697 3682 2752 ptenarum

2075 2778 2384 2831 lucrentur.
2426 2777 2564 2846 Spes
2595 2778 2681 2830 est
2716 2776 2886 2829 etiam
2927 2775 2995 2830 de
3031 2775 3242 2846 judicis
3287 2773 3681 2829 misericordia.

2076 2872 2202 2942 lpso
2233 2870 2426 2924 exsilio
2463 2870 2705 2923 claustra
2743 2869 2985 2923 carceris
3026 2869 3252 2923 duriora
3288 2874 3440 2935 sunt,
3473 2884 3572 2922 nec
3605 2883 3683 2921 re-

2075 2963 2223 3018 ditus
2243 2963 2301 3017 in
2329 2966 2671 3035 perpetuum
2694 2962 2959 3017 omnibus
2985 2961 3394 3017 intercluditur
3419 2960 3681 3031 relegatis.

351 3057 535 3107 tuum.
566 3053 762 3108 Dixisti
803 3059 862 3108 ut
905 3072 938 3108 a
974 3062 1028 3109 te
1067 3055 1417 3110 disceremus
1453 3058 1857 3121 humilitatem,
1887 3060 1971 3114 di-
1996 3087 2050 3158 Ο
2077 3058 2135 3112 Si
2160 3059 2280 3112 haec
2315 3061 2588 3128 operatur
2631 3055 2951 3110 humanum
2979 3071 3244 3122 examen,
3276 3059 3490 3126 quanto
3520 3053 3686 3124 magis

352 3145 590 3200 dicimus
630 3162 748 3200 non
786 3147 970 3201 solum
1015 3163 1278 3203 sermone
1324 3155 1444 3217 tuo,
1488 3150 1589 3204 sed
1635 3151 1805 3206 etiam
1847 3156 1973 3206 actu
2004 3145 2050 3158 u
2075 3151 2280 3208 Christi
2313 3154 2397 3206 est
2429 3150 2692 3204 omnibus
2733 3149 3147 3220 expetendum!
3180 3149 3455 3203 Differtur
3494 3145 3686 3202 diaboli

351 3243 469 3305 tuo,
496 3238 603 3294 feci
635 3240 786 3309 quod
831 3240 1124 3311 imperasti
1156 3259 1168 3294 :
1218 3243 1352 3296 Vide
1388 3245 1748 3299 humilitatem
1780 3261 1970 3300 meam.

422 3335 511 3385 21.
542 3332 764 3386 Athleta
790 3333 972 3388 bonus
997 3335 1252 3390 membra
1287 3352 1390 3390 sua
1419 3341 1715 3405 monstrat,
1748 3342 1812 3392 ut
1837 3346 1972 3394 con-

351 3425 683 3480 versationis
698 3443 814 3481 sum
831 3427 1110 3499 approbet
1127 3429 1501 3501 disciplinam.
1517 3432 1787 3486 Monstrat
1801 3433 1975 3488 etiam

351 3525 484 3574 tunc
523 3519 783 3574 membra
821 3538 939 3586 sua,
981 3523 1208 3594 quando
1247 3527 1377 3595 post
1420 3525 1614 3596 aliqua
1645 3526 1975 3589 certamina

350 3612 626 3683 graviora,
656 3613 864 3668 iterum
901 3619 1120 3670 certare
1158 3618 1550 3689 compellitur;
1584 3622 1648 3672 ut
1676 3619 1855 3689 judex
1893 3621 1973 3675 vi-

351 3705 492 3760 dens
521 3707 732 3762 fessum
762 3724 985 3779 corpus,
1017 3726 1379 3782 nequaquam
1414 3728 1546 3766 eum
1577 3717 1794 3768 certare
1827 3729 1975 3768 com-

351 3798 544 3870 pellat.
581 3801 648 3854 Et
693 3806 755 3856 tu
805 3803 1042 3858 ostende
1093 3803 1278 3858 cordis
1321 3805 1404 3858 tui
1455 3805 1870 3874 humilitatem;
1913 3813 1977 3863 ut

351 3892 544 3948 titulos
588 3894 810 3949 virtutis
864 3897 1151 3952 ostendas.
1196 3899 1443 3953 Ostende
1491 3908 1546 3954 et
1589 3900 1841 3971 corporis
1893 3901 1976 3956 tui

350 3987 680 4056 certamina,
725 3993 788 4043 ut
825 3989 975 4044 dicas
1017 4008 1030 4044 :
1075 4013 1102 4041 ‹‹
1142 3993 1438 4046 Certamen
1484 3993 1697 4048 bonum
1745 3995 1974 4061 certavi,

351 4095 580 4134 cursum
625 4084 1010 4137 consummavi
1054 4085 1117 4150 (ll
1168 4088 1327 4146 Tim.,
1373 4103 1442 4153 iv,
1486 4088 1574 4154 7);
1608 4106 1634 4138 ι)
1681 4091 1740 4141 et
1779 4088 1976 4143 videns

351 4171 614 4242 spiritalis
650 4175 828 4245 judex
871 4177 1196 4231 certaminis
1243 4179 1373 4247 (56),
1420 4195 1697 4235 coronam
1737 4182 1976 4252 justitiae

350 4265 640 4333 decernat;
673 4267 942 4339 quoniam
971 4270 1160 4340 legem
1189 4271 1389 4342 agonis
1419 4272 1687 4343 implesti.

421 4361 508 4414 22.
552 4361 723 4426 (Vers.
775 4365 915 4432 154.)
961 4364 1232 4435 Sequitur
1278 4381 1470 4418 versus
1511 4367 1828 4423 secundus:
1877 4371 1972 4423 Ju-

2069 3244 2382 3316 judicium;
2412 3250 2474 3298 ut
2498 3244 2568 3297 sit
2595 3259 2819 3314 semper
2845 3243 2900 3296 in
2929 3242 3109 3313 pmnis
3149 3259 3305 3308 reus,
3336 3257 3565 3313 semper
3590 3241 3685 3294 im-

2075 3338 2371 3411 probitatis
2399 3353 2512 3393 sua:
2555 3336 2795 3391 innexus
2825 3336 3058 3401 catenis,
3090 3334 3461 3390 conscientia:
3499 3351 3607 3388 suae
3636 3334 3687 3386 in

2076 3437 2420 3503 perpetuum
2456 3431 2731 3486 sustineat
2767 3429 2886 3501 ipse
2914 3428 3217 3499 judicium.
3250 3430 3386 3484 Ideo
3415 3428 3567 3483 dives
3593 3426 3685 3496 (57)

2075 3526 2167 3580 ille
2207 3525 2266 3580 in
2308 3523 2608 3594 Evangelio
2637 3524 2806 3593 (Luc.,
2841 3539 2933 3589 xu,
2964 3523 3075 3590 20),
3110 3520 3376 3594 1229
3416 3521 3546 3576 licet
3570 3535 3683 3590 pec-

2076 3625 2232 3673 cator
2270 3616 2584 3688 poenalibus
2623 3617 2862 3686 urgetur
2898 3615 3188 3681 aerumnis,
3223 3619 3288 3668 ut
3327 3614 3495 3669 citius
3533 3610 3689 3683 possit

2076 3711 2344 3778 evadere;
2374 3710 2628 3765 diabolus
2653 3713 2845 3763 autem
2876 3723 3242 3778 nequaquam
3280 3706 3600 3779 pervenisse
3625 3703 3684 3757 ad

2068 3805 2347 3877 judicium
2393 3803 2828 3871 demonstratur,
2873 3817 3234 3872 nequaquam
3287 3801 3480 3855 adhuc
3529 3796 3688 3870 poenis

2077 3917 2194 3954 esse
2245 3896 2550 3968 subjectus,
2603 3897 2710 3950 nisi
2756 3911 2895 3966 quas
2943 3895 3063 3966 ipse
3105 3897 3405 3949 tantorum
3453 3891 3688 3948 conscius

2076 3994 2350 4047 scelerum
2379 3990 2543 4045 solvit
2581 3989 2783 4044 timore
2823 3994 3118 4059 perpetuo,
3157 4003 3228 4042 ne
3269 3986 3584 4059 aliquando
3612 4000 3686 4038 se-

2077 4103 2247 4140 curus
2276 4085 2367 4139 sit.

2143 4181 2232 4233 24.
2283 4181 2402 4234 Imo
2445 4181 2509 4231 ut
2546 4175 2731 4231 verius
2779 4175 2983 4240 dicam,
3034 4178 3260 4229 sanctus
3310 4174 3384 4228 ad
3426 4170 3687 4244 judicium

2078 4273 2246 4340 venit,
2290 4271 2499 4341 impius
2545 4286 2656 4323 non
2701 4269 2854 4324 venit
2897 4286 2908 4322 :
2950 4269 3216 4334 Quoniam
3262 4284 3373 4323 non
3421 4267 3687 4333 resurgunt

2077 4369 2232 4436 impii
2258 4368 2316 4419 in
2335 4365 2545 4434 judicio
2574 4363 2742 4433 (Psal.
2776 4378 2811 4428 ι,
2847 4361 2917 4432 5).
2954 4363 3051 4416 llic
3093 4361 3235 4432 petit
3265 4365 3331 4415 ut
3367 4359 3684 4418 absolvatur,

349 4452 471 4506 dica
503 4454 779 4522 judicium
818 4473 1010 4519 meum,
1055 4462 1103 4512 et
1146 4459 1313 4512 libera
1350 4474 1459 4523 me;
1496 4466 1720 4530 propter
1757 4453 2052 4524 verbumD
2074 4460 2216 4514 alius
2247 4463 2308 4512 ut
2341 4457 2617 4512 coercitus
2648 4456 2986 4510 dimittatur.
3018 4455 3121 4518 Qui
3171 4460 3368 4508 autem
3412 4469 3524 4507 non
3546 4449 3683 4520 judi-

351 4552 505 4600 tuum
530 4549 742 4616 m'viﬁca
769 4565 869 4603 me.
901 4551 1194 4606 Festinant
1230 4553 1448 4607 innoxii
1479 4553 1548 4608 ad
1583 4555 1886 4624 judicium,
1919 4559 1976 4609 et

349 4639 596 4710 propriae
625 4640 966 4696 innocentia:
1004 4645 1230 4699 arbitris
1266 4647 1589 4702 desiderant
1623 4648 1788 4703 citius
1817 4665 1974 4703 com-

349 4732 601 4802 probari.
638 4734 815 4788 Habet
849 4735 958 4790 hoc
990 4753 1121 4792 usus
1159 4739 1329 4794 etiam
1369 4741 1428 4795 in
1465 4741 1686 4808 smculo,
1717 4741 1868 4812 quod
1896 4748 1979 4798 est

348 4927 407 4984 se
437 4919 771 4979 congruunt,
790 4916 897 4965 nisi
929 4915 1078 4980 quod
1102 4917 1197 4967 illa
1219 4917 1403 4979 habet,
1429 4921 1558 4983 quia
1583 4919 1944 4984 periclitantes
1963 4938 1978 4970 .-

349 4983 547 5056 h_orum
578 4991 763 5036 autem
795 4987 986 5052 aliqui,
1012 4988 1214 5050 Majori
1237 4983 1609 5054 redemptionis
1633 4993 1814 5056 gratia
1834 4993 1975 5056 peri-

347 5054 603 5108 clitantes.
641 5059 754 5109 Nec
778 5059 881 5122 ipsi
910 5058 1070 5109 male.

412 5127 507 5187 (55)
550 5127 691 5178 Edit.
752 5134 884 5188 ant,
933 5131 1168 5181 virtutes.
1218 5134 1456 5182 Amorem
1508 5134 1601 5182 Dei
1663 5139 1709 5183 te
1753 5132 1976 5196 probato

350 5195 570 5268 imitari,
603 5197 852 5263 beneﬁcia
892 5202 1272 5253 misericordia
1318 5203 1701 5268 charitalisque
1742 5195 1974 5255 ccclesiis.

348 5265 505 5338 Rom.
539 5271 774 5321 virtutes.
805 5275 1051 5322 Amorem
1078 5275 1173 5324 Dei
1203 5280 1249 5323 te
1283 5274 1475 5324 habere
1498 5265 1742 5338 probato,
1769 5275 1980 5326 imitare

349 5336 565 5408 cmlestis
588 5340 871 5394 charitatis
894 5345 1239 5395 dulcedinem.
1272 5347 1400 5395 Mss.
1427 5336 1614 5395 autem
1637 5352 1699 5396 ut
1724 5347 1780 5396 in
1803 5351 1977 5408 textu,

350 5407 459 5456 nisi
486 5411 634 5472 quod
661 5413 848 5476 plures
873 5418 1193 5478 praeferunt,
1221 5417 1420 5466 imitari
1441 5432 1457 5478 ;
1484 5419 1659 5468 satius
1688 5421 1873 5467 tamen
1895 5423 1978 5468 est

351 5479 534 5554 legere
559 5493 688 5532 cum
723 5485 862 5545 aliis,
894 5488 1128 5546 imitare,
1155 5493 1215 5538 ut
1257 5491 1329 5539 sit
1354 5491 1510 5554 quasi
1542 5490 1828 5540 conclusio
1851 5502 1977 5540 ver-

353 5548 551 5598 borum
581 5555 951 5615 superiorum.

414 5620 512 5683 (56)
543 5621 671 5672 Post
700 5639 912 5688 vocem,
943 5632 1266 5687 certaminis,
1297 5631 1426 5682 edit.
1462 5631 1819 5692 subnectunt,
1853 5645 1980 5696 ago-

355 5704 468 5740 nem
497 5706 511 5740 :
538 5707 663 5776 quin
690 5708 797 5744 vox
825 5698 980 5748 deest
1004 5703 1058 5750 in
1088 5716 1217 5750 mss.
1247 5703 1522 5764 omnibus,
1553 5717 1656 5754 nec
1681 5702 1978 5753 admodum

354 5771 668 5815 necessaria
694 5771 802 5826 est;
839 5781 970 5820 cum
1008 5773 1380 5837 participium,
1407 5774 1608 5838 videns,
1636 5776 1824 5832 referri
1852 5788 1980 5840 pos-

2077 4557 2258 4618 catur,
2299 4568 2412 4606 non
2444 4549 2684 4605 credidit
2721 4549 2846 4617 (58),
2883 4549 2983 4602 sed
3017 4547 3326 4618 impietatis
3355 4562 3471 4601 sum
3490 4541 3686 4616 judicio

2079 4647 2197 4717 ipse
2227 4645 2480 4717 punitur.
2504 4643 2664 4714 Apud
2695 4643 3063 4713 imperatores
3089 4641 3226 4696 istos
3250 4657 3367 4695 non
3392 4639 3687 4711 puniuntur

2079 4739 2306 4795 sceleris
2341 4738 2424 4793 rei
2465 4737 2709 4804 barbari,
2752 4735 2903 4808 quod
2951 4736 3007 4790 in
3047 4751 3146 4788 sua
3189 4739 3366 4804 gente
3406 4729 3682 4787 commise-

2078 4918 2150 4967 sit
2207 4917 2275 4967 ad
2327 4915 2467 4966 illud
2520 4913 2854 4965 antecedens
2912 4928 2922 4960 :
2983 4911 3202 4963 Ostende
3250 4917 3298 4960 et
3343 4908 3577 4973 corporis
3621 4902 3684 4951 tm‘

2077 4989 2388 5039 certamina.

2145 5061 2238 5124 (57)
2270 5060 2328 5110 Si
2370 5059 2497 5123 quis
2539 5055 2836 5108 contendat
2865 5055 2959 5105 hic
3001 5053 3236 5104 indicari
3282 5052 3508 5124 divitem
3546 5047 3681 5124 illum

2078 5117 2476 5196 epulonem'de
2501 5143 2613 5194 quo
2651 5129 2784 5178 Luc.
2816 5139 2912 5177 VIII
2951 5125 3212 5198 parabole
3249 5117 3681 5198 instituitur-almo

2079 5188 2289 5254 dictum
2337 5188 2608 5265 intelligat
2663 5201 2719 5248 in
2773 5188 3048 5249 sententia
3101 5209 3329 5255 eorum,
3388 5193 3453 5243 de
3501 5188 3682 5265 quibus

2079 5275 2242 5325 Enar.
2277 5275 2331 5323 in
2367 5263 2570 5333 Psalfi,
2601 5270 2670 5319 ad
2696 5283 2851 5320 num.
2882 5270 2962 5330 51,
2995 5267 3250 5318 nonnihil
3274 5263 3677 5333 observavimus.

2081 5346 2242 5409 Quod
2267 5359 2396 5396 vero
2417 5332 2652 5408 negatur
2673 5341 2928 5392 diabolus
2945 5340 3217 5404 judicium
3244 5332 3676 5409 adhucsubiisse.

2081 5403 2175 5466 a'ut
2218 5417 2445 5466 omnino
2486 5403 2538 5464 ib
2587 5415 2765 5478 pmnis
2809 5403 2956 5472 esse,
2995 5412 3115 5462 haec
3160 5411 3264 5460 fuit
3302 5407 3546 5478 omnium
3579 5403 3673 5478 ant.

2082 5490 2303 5537 Patrum
2333 5486 2538 5550 opinio,
2567 5472 2806 5550 quorum
2846 5485 3045 5534 seriem
3079 5483 3210 5532 texit
3253 5478 3487 5529 Maldon.
3511 5472 3570 5521 de
3591 5472 3676 5518 Δη-

2080 5559 2231 5623 gelis,
2260 5573 2312 5623 q.
2344 5561 2392 5620 7,
2424 5558 2487 5608 de
2511 5556 2683 5606 Poenis
2707 5555 3016 5605 daemonum.
3255 5621 3285 5626 __
3506 5616 3514 5626 δ

2144 5611 2238 5692 (58)
2273 5611 2429 5680 itam.
2476 5628 2627 5688 edit.,
2662 5627 2763 5689 Qui
2791 5631 2966 5676 autem
2994 5637 3101 5675 non
3143 5621 3323 5681 credit,
3353 5631 3456 5669 non
3483 5611 3673 5692 judice-

2083 5691 2186 5752 tur.
2227 5700 2392 5750 Haud
2431 5697 2801 5759 incommode,
2831 5697 2939 5751 nisi
2977 5696 3048 5749 ab
3076 5696 3305 5748 aliarum
3335 5693 3388 5740 et
3420 5699 3539 5739 mss.
3565 5691 3671 5731 con-

2082 5785 2256 5826 sensu
2283 5771 2635 5824 descisceret.
