3930 6168
241 262 367 313 1569

1374 262 1722 317 EXPOSITIO
1761 262 1827 317 IN
1867 261 2184 318 PSALMUM
2225 262 2448 316 CXVIII.

3456 261 3472 312 1
3490 263 3590 314 570

235 386 377 451 rint;
409 384 543 456 quia
582 400 696 439 non
728 386 861 438 sunt
904 382 1006 437 sibi
1050 383 1280 450 subditi,
1310 385 1405 439 sed
1451 386 1708 456 graviore
1751 403 1854 440 no-
1883 401 1938 472 Α
1961 387 2051 440 dia
2078 388 2231 441 enim
2260 385 2511 440 hominis
2538 385 2595 438 iu
2636 384 2954 456 proximum
2982 401 3167 451 suum,
3202 385 3589 439 misericordia

240 479 392 531 mine
423 479 612 533 hostes
638 478 944 544 habentur,
973 477 1070 548 qui
1103 478 1224 531 siue
1259 478 1710 550 interrogatione
1737 482 1856 552 pri-

234 573 338 625 vati
367 572 598 625 sceleris
624 572 958 642 puniuntur.
991 574 1069 626 ita
1099 575 1154 626 et
1180 572 1434 628 Christus
1461 589 1594 628 suos
1623 576 1863 645 castigat

233 681 369 735 quos
396 665 600 734 diligit,
643 666 856 720 alienos
891 669 1166 735 tanquam
1205 667 1458 736 generali
1493 667 1859 722 damnatione

236 758 545 828 impietatis
581 757 842 812 astrictos
885 774 1065 828 pcenaa
1099 757 1271 812 donat
1300 761 1529 814 mternaa
1561 777 1572 813 :
1611 779 1639 807 ‹‹
1669 760 1859 814 Novis-

238 852 377 903 sima
417 851 686 905 enim.....
732 852 1055 906 destruetur
1094 867 1246 906 mors
1285 853 1326 921 (l
1368 852 1512 919 Con,
1545 869 1636 922 xv,
1679 856 1798 922 26);
1833 877 1860 903 ››

236 950 286 996 et
315 949 513 998 tamen
545 945 861 999 verecunde
886 945 1051 999 docet
1080 945 1364 1016 Pr0pheta
1389 949 1651 1018 exemplo
1672 949 1777 1013 sui,
1800 952 1865 1002 ut

238 1038 409 1090 etiam
467 1038 568 1108 qui
614 1038 820 1092 difﬁdit
863 1039 1124 1109 operibus
1166 1039 1299 1106 suis,
1346 1046 1579 1110 propter
1625 1041 1864 1096 verbum

237 1136 430 1184 tamen
462 1131 559 1184 Dei
592 1131 1023 1186 clementiorem
1052 1136 1242 1202 speret
1271 1134 1635 1188 sententiam.

309 1227 395 1276 25.
430 1224 588 1278 Alius
614 1231 844 1295 propter
871 1224 1092 1279 divitias
1119 1225 1304 1280 vivere
1332 1226 1505 1296 cupit,
1533 1227 1675 1282 alius
1701 1245 1864 1300 prop-

239 1323 325 1371 ter
366 1317 531 1385 filios,
575 1317 666 1371 hic
701 1321 937 1388 propter
975 1318 1214 1372 verbum
1259 1319 1360 1372 Dei
1397 1320 1660 1375 viviﬁcari
1703 1322 1862 1392 petit,

239 1412 378 1463 sicut
417 1411 649 1465 Simeon
697 1412 915 1466 Domini
961 1412 1308 1483 exspectavit
1346 1413 1686 1480 adventum;
1731 1416 1866 1470 vidit

238 1505 389 1557 enim
437 1503 736 1558 Dominum
786 1505 845 1559 in
893 1505 1126 1577 templo,
1159 1511 1216 1560 et
1245 1505 1366 1560 ait:
1417 1528 1444 1555 «
1471 1508 1628 1562 Nunc
1669 1508 1862 1563 dimit-

239 1599 308 1649 tis
357 1597 469 1667 (59)
517 1612 740 1651 servum
787 1601 1065 1654 tuum.....
1115 1598 1171 1652 in
1213 1615 1382 1670 pace;
1426 1600 1557 1672 quia
1606 1600 1867 1656 viderunt

239 1691 382 1744 oculi
429 1691 543 1744 mei
587 1691 831 1745 salutare
875 1696 1036 1746 tuum
1069 1694 1242 1760 (Luc.,
1286 1710 1340 1760 ιι,
1372 1696 1459 1762 29,
1501 1694 1678 1764 30);»
1713 1711 1862 1749 asse-

1964 481 2192 535 Domini
2235 481 2290 534 in
2334 495 2564 534 omnem
2592 494 2857 546 carnem;
2890 481 2952 530 ut
2982 478 3166 531 omnis
3208 494 3339 532 caro
3383 479 3450 532 ad
3483 479 3587 532 Do-

1964 575 2183 628 minum
2205 573 2556 640 ascenderet,
2589 573 2685 625 illa
2714 570 2935 625 Domini
2968 571 3331 624 miseratione
3358 571 3587 625 donata.

2033 671 2120 722 30.
2153 667 2258 721 Sed
2288 682 2418 720 cum
2449 666 2656 719 dixerit
2689 665 2900 718 multas
2939 679 3059 718 esse
3084 663 3311 717 Domini
3349 665 3587 718 misera-

1964 762 2169 826 tiones,
2214 759 2504 830 quomodo
2545 757 2859 814 secundum
2891 757 3109 827 judicia
3156 757 3280 826 ejus
3328 756 3588 811 viviﬁcari

1965 854 2140 927 petit;
2170 854 2416 908 maxime
2447 868 2579 906 cum
2617 851 2752 906 alibi
2794 852 2912 921 ipse
2955 851 3148 904 dicat:
3181 871 3207 898 ‹‹
3243 852 3309 904 Et
3348 866 3462 904 non
3503 850 3587 904 in-

1961 955 2076 1003 tres
2113 947 2172 1000 in
2209 947 2489 1016 judicium
2527 962 2659 1000 cum
2701 961 2862 998 servo
2901 949 3000 998 tuo
3033 945 3202 1010 (Psal.
3241 959 3402 1013 CXLII,
3432 944 3526 1013 2)?
3562 966 3586 992 ››

1963 1041 2072 1096 Sed
2111 1040 2262 1095 aliud
2311 1043 2398 1093 est
2439 1039 2574 1093 illud
2600 1038 2884 1108 judicium
2915 1036 3328 1091 beneﬁciorum
3357 1035 3586 1103 Christi,

1965 1134 2054 1189 cui
2085 1133 2436 1204 respondere
2468 1148 2582 1186 non
2610 1147 2910 1202 possumus
2931 1129 3079 1200 (quis
3107 1129 3260 1184 enim
3291 1135 3477 1201 potest
3503 1130 3595 1183 de-

1964 1227 2148 1282 bitum
2190 1228 2404 1280 referre
2450 1231 2692 1292 naturas,
2722 1225 2974 1279 debitum
3016 1225 3211 1278 salutis
3249 1227 3306 1277 et
3348 1224 3591 1294 gratiae),

1965 1322 2114 1375 aliud
2137 1321 2438 1391 judicium,
2471 1335 2584 1390 quo
2623 1318 2948 1390 fragilitatis
2986 1323 3192 1372 nostrae
3218 1317 3593 1372 aestimatione

1965 1430 2280 1469 censemur.
2312 1416 2373 1468 In
2401 1414 2505 1466 hoc
2545 1413 2668 1482 ipso
2701 1418 2894 1466 tamen
2919 1411 3200 1482 judicium
3246 1427 3376 1466 cum
3423 1412 3591 1465 mise-

1963 1507 2211 1562 ricordia
2251 1507 2579 1577 copulatum
2625 1509 2740 1573 est,
2777 1509 2842 1559 ut
2881 1504 3081 1558 veritas
3117 1504 3317 1574 judicii
3354 1505 3589 1558 misera-

1965 1602 2121 1654 tione
2153 1601 2377 1654 Domini
2407 1604 2781 1670 temperetur.

2039 1699 2127 1750 31.
2175 1699 2281 1748 Aut
2325 1694 2582 1759 fortasse,
2629 1693 2763 1764 quia
2805 1691 3022 1746 dixerat
3071 1708 3083 1744 :
3136 1713 3163 1739 (ι
3199 1691 3395 1746 Judica
3436 1691 3591 1761 judi-

240 1800 364 1838 rens
393 1784 619 1838 vivendi
655 1784 761 1838 sibi
790 1784 1162 1856 cupiditatem
1189 1786 1360 1840 aliam
1392 1804 1504 1841 non
1531 1787 1722 1856 fuisse,
1756 1789 1859 1842 nisi
1885 1773 1939 1843 B
1963 1790 2115 1843 cium
2138 1803 2332 1842 meum
2355 1787 2520 1856 (sup.,
2547 1802 2684 1841 vers.
2714 1785 2864 1855 154);
2901 1807 2927 1834 ››
2957 1785 3087 1840 ideo
3115 1785 3404 1840 subtexuit
3431 1785 3595 1838 mise-

240 1884 303 1930 ut
327 1877 616 1932 Christum
641 1877 878 1933 videret.
913 1879 1162 1950 Denique
1189 1880 1347 1949 vidit,
1378 1885 1435 1936 et
1463 1880 1698 1936 vinculis
1726 1883 1864 1937 solvi

244 1971 497 2041 corporis
526 1971 851 2041 postulavit.

306 2067 396 2118 26.
428 2066 731 2118 Possumus
771 2065 941 2120 etiam
986 2066 1307 2137 intelligere
1336 2083 1349 2122 :
1380 2069 1571 2123 Judica
1605 2069 1869 2138 judicium

240 2175 433 2218 meum,
475 2159 632 2230 quasi
677 2159 904 2229 gravior
941 2175 973 2212 a
1020 2159 1186 2213 nobis
1225 2171 1395 2215 causa
1428 2163 1502 2215 sit
1544 2162 1614 2216 de
1652 2162 1867 2232 judicio

239 2256 452 2317 nostro,
485 2267 657 2321 quam
697 2252 767 2306 de
803 2267 996 2306 errore
1035 2252 1296 2308 dicenda.
1339 2256 1562 2310 Erranti
1596 2255 1750 2309 enim
1782 2255 1866 2309 fa-

238 2345 398 2398 cilius
438 2343 612 2398 datur
649 2344 833 2412 venia,
878 2361 1051 2416 quam
1097 2346 1359 2417 improbe
1405 2348 1464 2402 in
1507 2348 1681 2402 alium
1715 2349 1865 2418 judi-

241 2439 392 2491 cauti
429 2455 441 2491 :
478 2439 716 2492 Necesse
754 2443 838 2492 est
873 2438 1024 2492 enim
1055 2455 1184 2494 eam
1225 2440 1468 2494 formam
1510 2443 1568 2496 in
1599 2446 1657 2496 te
1684 2442 1868 2496 redire

236 2532 455 2600 judicii,
509 2547 682 2602 quam
728 2531 785 2585 in
840 2531 1016 2586 alium
1067 2533 1185 2604 ipse
1229 2534 1658 2590 discernendam
1703 2540 1864 2605 puta-

241 2626 405 2678 veris.

310 2722 397 2772 27.
444 2719 621 2788 (Vers.
665 2722 809 2787 155.)
853 2720 1124 2790 Sequitur
1159 2737 1350 2776 versus
1400 2723 1598 2776 tertius
1641 2745 1651 2776 :
1695 2725 1872 2792 Longe

239 2819 313 2866 est
346 2829 380 2865 a
403 2813 783 2882 peccatoribus
819 2815 1003 2881 salus;
1044 2817 1300 2883 quoniam
1327 2817 1580 2882 justitias
1617 2823 1737 2870 tuas
1765 2832 1871 2871 non

241 2908 634 2975 exquisierunt.
681 2906 932 2970 Quorum
972 2923 1164 2961 serum
1209 2913 1294 2962 est
1327 2908 1636 2978 judicium,
1674 2925 1870 2964 eorum

242 3000 384 3052 salus
435 3000 603 3069 longe
647 3005 770 3067 est;
812 3000 910 3054 sed
954 3000 1062 3071 ipsi
1107 3006 1240 3055 sunt
1281 3001 1368 3054 sui
1415 3005 1674 3057 auctores
1719 3003 1868 3073 peri-

1970 1883 2217 1937 rationes
2263 1881 2486 1936 Domini
2538 1880 2785 1934 nimium
2833 1880 3043 1934 multas
3099 1894 3251 1946 esse;
3297 1895 3468 1950 grave
3510 1884 3595 1933 est

1969 1976 2120 2030 enim
2153 1977 2223 2030 de
2251 1976 2430 2030 altero
2452 1973 2732 2044 judicare.
2769 1972 2930 2027 Unde
2962 1972 3135 2027 etiam
3161 1973 3434 2043 scriptum
3460 1977 3545 2026 est
3579 1992 3589 2027 :

1971 2091 1997 2118 ‹‹
2039 2069 2217 2126 Nolite
2243 2069 2524 2140 judicare,
2552 2073 2613 2121 ut
2637 2083 2750 2121 non
2772 2066 3112 2137 judicemini
3141 2067 3314 2136 (Luc.,
3338 2082 3410 2134 γι,
3435 2069 3541 2137 37).
3566 2089 3592 2114 ››

1968 2166 2107 2219 Cum
2151 2162 2305 2217 enim
2355 2161 2745 2232 unusquisque
2786 2161 2859 2214 sit
2904 2176 3138 2214 suorum
3183 2160 3440 2214 conscius
3474 2175 3595 2230 pec-

1970 2261 2256 2324 catorum,
2312 2254 2606 2326 quomodo
2673 2256 2860 2324 potest
2925 2253 2994 2308 de
3053 2253 3287 2307 alterius
3343 2253 3600 2323 judicare

1971 2350 2239 2422 peccato?
2287 2348 2637 2419 Judicet.(3,
2690 2352 2890 2417 quaest.
2949 2351 3011 2413 ‘7,
3069 2363 3192 2418 cap.
3245 2349 3475 2418 Judicet)
3527 2347 3596 2401 de

1971 2443 2199 2498 alterius
2261 2458 2474 2508 errore,
2522 2441 2620 2512 qui
2675 2457 2792 2495 non
2842 2440 3014 2496 habet
3057 2440 3211 2511 quod
3261 2440 3320 2494 in
3369 2457 3428 2495 se
3474 2441 3595 2511 ipse

1972 2537 2334 2602 condemnet,
2367 2535 2585 2605 judicet
2626 2534 2739 2600 ille,
2782 2534 2882 2605 qui
2916 2551 3032 2588 non
3073 2541 3208 2605 agat
3244 2535 3439 2590 eadem
3467 2551 3594 2606 quin

1971 2630 2030 2684 in
2057 2630 2169 2684 alio
2195 2629 2471 2700 putaverit
2500 2628 2820 2699 punienda;
2851 2643 2922 2681 ne
2948 2644 3078 2682 cum
3108 2627 3179 2682 de
3211 2628 3324 2682 alio
3353 2627 3592 2697 judicat,

1973 2723 2028 2776 in
2089 2739 2146 2777 se
2200 2722 2348 2776 ferat
2392 2723 2516 2792 ipse
2566 2721 2943 2790 sententiam;
2983 2721 3204 2792 judicet
3241 2721 3336 2775 ille
3379 2721 3476 2792 qui
3525 2721 3596 2775 ad

1971 2815 2459 2887 pronuntiandum
2499 2815 2655 2868 nullo
2691 2813 2842 2883 odio,
2878 2814 3032 2868 nulla
3075 2813 3412 2893 offensione,
3442 2815 3598 2869 nulla

1971 2909 2196 2963 levitate
2241 2909 2502 2962 ducatur.
2553 2907 2766 2962 Audisti
2809 2907 2978 2962 hodie
3030 2907 3169 2978 quid
3208 2907 3383 2978 judex
3431 2923 3597 2961 verus

1973 3008 2027 3057 et
2048 3004 2235 3072 justus
2275 3004 2494 3056 locutus
2533 3002 2604 3055 sit
2638 3019 2650 3054 :
2683 3022 2710 3050 «
2741 3001 2863 3055 Non
2897 3017 3145 3072 possum,
3189 3001 3391 3072 inquit,
3428 3018 3535 3071 ego
3564 3018 3596 3056 a

241 3093 368 3157 culi,
400 3093 500 3162 qui
542 3093 782 3147 Domino
822 3109 936 3146 non
980 3094 1534 3166 appropinquarunt.
1569 3096 1698 3150 Ideo
1741 3096 1872 3150 facti
1895 3139 1944 3166 η
1974 3112 2064 3150 me
2091 3097 2276 3150 facere
2309 3095 2618 3166 quidquam
2647 3095 2846 3163 (Joan.,
2881 3111 2934 3162 v,
2961 3095 3072 3165 30).
3104 3116 3132 3144 ››

243 3189 374 3238 sunt
411 3185 603 3254 longe,
637 3185 771 3256 quia
808 3187 1096 3241 voluntate
1142 3204 1242 3240 sua
1283 3204 1315 3241 a
1358 3188 1555 3242 salutis
1595 3206 1652 3242 se
1693 3189 1873 3260 gratia

245 3283 672 3349 separaverunt.
715 3280 836 3334 Non
880 3280 1096 3350 refugit
1125 3295 1220 3336 eos
1261 3281 1430 3349 salus,
1462 3282 1557 3336 sed
1587 3281 1691 3352 ipsi
1722 3283 1868 3338 salu-

247 3378 380 3439 tem,
424 3373 524 3444 qui
567 3388 622 3427 se
671 3373 1108 3444 elongaverunt.
1155 3375 1320 3428 Venit
1369 3375 1442 3429 ad
1484 3375 1728 3442 Iudaeos,
1777 3378 1868 3431 sed

249 3464 352 3535 ipsi
385 3467 625 3521 salutem
669 3483 780 3520 non
831 3471 1186 3538 receperunt.
1235 3469 1528 3532 Quomodo
1565 3486 1679 3524 non
1717 3486 1870 3525 rece-

251 3561 494 3628 perunt?
517 3561 684 3628 Audi,
719 3563 879 3615 Jesus
921 3562 1069 3616 salus
1105 3565 1210 3631 est,
1241 3563 1396 3617 Jesus
1437 3563 1587 3617 ﬁlius
1627 3564 1875 3618 hominis

255 3659 607 3724 nuncupatus
630 3657 714 3708 est
741 3671 754 3707 ε
788 3676 815 3703 ‹‹
847 3653 1004 3709 Venit
1037 3655 1190 3709 enim
1221 3655 1390 3710 Filius
1430 3656 1676 3710 hominis
1713 3673 1871 3728 qum-

254 3761 372 3800 rere
397 3751 451 3800 et
472 3747 690 3800 salvum
716 3747 902 3801 facere
928 3747 1079 3817 quod
1100 3749 1350 3819 perierat
1369 3751 1542 3817 (Luc.,
1565 3767 1676 3816 xxx,
1703 3753 1786 3820 10)
1807 3767 1819 3816 ;
1843 3771 1872 3801 ››

256 3839 344 3892 sed
376 3840 550 3894 Judaei
598 3839 812 3895 dimitti
843 3840 947 3893 sibi
987 3841 1264 3896 latronem
1303 3845 1751 3913 postulaverunt,
1779 3845 1873 3900 Je-

256 3948 375 3987 sum
402 3934 849 4004 repudiaverunt
881 3936 1082 4002 (Joan.,
1118 3951 1265 4002 xvm,
1293 3935 1402 4006 40).

323 4030 408 4082 28.
437 4027 573 4091 Quis
599 4031 794 4081 autem
823 4034 907 4081 est
943 4029 1042 4100 qui
1080 4045 1140 4082 se
1172 4029 1342 4099 longe
1383 4029 1517 4083 facit
1549 4047 1581 4083 a
1615 4031 1876 4098 Domino,

271 4120 375 4174 nisi
399 4121 497 4192 qui
525 4136 640 4174 non
683 4121 930 4192 exquirit
947 4121 1200 4192 justitias
1230 4122 1390 4192 ejus?
1419 4123 1523 4186 Qui
1553 4140 1688 4178 vero
1708 4125 1874 4194 justi-

259 4213 358 4266 tias
385 4214 480 4268 Dei
520 4213 784 4284 exquirit,
825 4231 1003 4284 prope
1044 4221 1144 4280 est,
1178 4216 1432 4271 adhasret
1478 4217 1614 4271 Deo.
1648 4218 1715 4270 Et
1751 4218 1878 4272 ideo

252 4307 494 4374 justitias
537 4308 640 4362 Dei
685 4308 1073 4378 quaerentibus
1118 4307 1252 4363 dicit
1291 4310 1594 4379 Apostolus
1641 4327 1653 4364 :
1708 4332 1734 4359 ‹‹
1775 4313 1880 4365 Vos

261 4401 352 4468 qui
402 4401 573 4455 eratis
627 4402 828 4472 longe,
877 4402 1009 4456 facti
1065 4402 1197 4456 estis
1253 4419 1432 4473 prope
1487 4403 1544 4457 in
1599 4405 1878 4474 sanguine

259 4493 455 4548 Christi
486 4495 730 4564 (Ephes.,
758 4511 814 4561 ιι,
840 4496 999 4564 13).»
1029 4496 1270 4566 Sanguis
1291 4497 1500 4551 Christi
1523 4497 1746 4567 justitia
1773 4504 1876 4566 est,
1899 4507 1958 4578 D
1983 4500 2059 4554 tia
2116 4499 2296 4552 fecisti
2355 4499 2524 4568 (Psal.
2578 4513 2701 4563 cui,
2754 4498 2886 4564 24)?
2931 4519 2958 4545 ››

261 4585 505 4658 Denique
546 4587 666 4658 ipse
703 4589 783 4642 ait
821 4588 888 4642 ad
929 4589 1207 4644 Joannem
1238 4611 1247 4642 :
1284 4611 1311 4637 «
1339 4589 1584 4645 Sine.....
1628 4607 1728 4644 nos
1764 4591 1874 4644 im-

261 4678 409 4748 plere
437 4697 671 4735 omnem
693 4681 975 4751 justitiam
1004 4683 1252 4753 (Matth.,
1279 4699 1357 4749 Ill,
1393 4687 1495 4751 l5).
1528 4706 1554 4732 ››

324 4777 408 4828 29.
451 4775 624 4844 (Vers.
675 4776 808 4843 l56.)
847 4775 1114 4847 Sequitur
1151 4793 1343 4830 versus
1388 4781 1626 4848 quartus
1666 4793 1678 4831 :
1716 4780 1876 4833 Mise-

253 4871 487 4922 rationes
532 4873 641 4922 tua
681 4870 868 4924 multa?
901 4871 1085 4931 nimis,
1125 4873 1378 4935 Domine;
1403 4871 1697 4924 secundum
1719 4871 1876 4939 judi-

258 4961 396 5015 cium
429 4969 581 5016 tuum
605 4964 819 5032 viviﬁca
843 4978 946 5016 me.
976 4963 1088 5017 Etsi
1121 4963 1286 5034 longe
1315 4967 1399 5018 est
1428 4980 1460 5016 a
1488 4964 1882 5034 peccatoribus

257 5055 421 5123 salus,
455 5060 646 5109 tamen
691 5071 860 5109 nemo
903 5056 1184 5126 desperet,
1216 5057 1348 5127 quia
1387 5058 1582 5111 multae
1612 5063 1744 5111 sunt
1769 5057 1879 5111 mi-

257 5148 577 5204 sericordiae
613 5148 860 5204 Domini.
891 5149 995 5214 Qui
1035 5148 1187 5204 enim
1222 5165 1322 5204 suo
1355 5156 1587 5221 peccato
1615 5154 1880 5221 pereunt,

261 5242 642 5297 misericordia
689 5242 910 5297 Domini
961 5242 1296 5298 liberantur.
1352 5265 1380 5292 «
1423 5245 1746 5313 Miserebor,
1792 5245 1881 5299 in-

257 5337 396 5407 quit,
419 5336 513 5390 cui
547 5331 805 5408 1230
830 5334 1094 5391 misertus
1124 5353 1219 5391 ero
1248 5337 1467 5406 (Exod,
1500 5355 1686 5404 χχχιιι,
1721 5341 1828 5406 19).
1855 5360 1883 5389 ››

258 5430 446 5484 Palam
469 5430 736 5500 apparuit
762 5446 879 5484 non
910 5430 1319 5501 quaerentibus,
1350 5432 1572 5486 vocavit
1601 5431 1887 5503 refugien-

257 5530 357 5590 tes,
381 5523 758 5593 congregavit
782 5523 1011 5593 ignaros
1033 5524 1164 5593 (60),
1188 5540 1290 5595 pro
1312 5524 1577 5579 omnibus
1600 5541 1657 5579 se
1681 5525 1889 5580 obtulit

259 5617 526 5689 passioni.
563 5615 707 5670 Num
737 5629 874 5687 ergo
913 5617 1158 5672 multum
1193 5618 1546 5672 misericors?
1577 5619 1886 5674 Misericor-

319 5749 415 5808 (59)
457 5746 670 5797 Omnes
706 5745 860 5806 edit.,
910 5746 1052 5796 Unde
1099 5753 1144 5796 et
1193 5747 1474 5797 Dominum
1521 5749 1785 5812 accipiens
1832 5750 1886 5796 in

265 5817 472 5882 tempto,
498 5818 577 5867 ait
608 5834 625 5865 .·
652 5818 801 5868 Nunc
839 5818 1059 5876 dimitte,
1087 5821 1175 5868 etc
1223 5817 1346 5868 Mss.
1381 5831 1512 5869 vero
1541 5823 1603 5868 ut
1630 5820 1686 5868 in
1714 5823 1886 5869 textu.

1893 3139 1947 3212 C

2044 3193 2132 3244 32.
2163 3189 2425 3243 Nonnulli
2468 3188 2718 3243 haeretici
2760 3187 3013 3242 solebant
3050 3187 3183 3242 hinc
3219 3187 3401 3244 facere
3439 3205 3596 3259 quee-

1975 3283 2207 3349 stiones,
2241 3282 2402 3354 quasi
2446 3282 2711 3336 inﬁrmus
2751 3287 2900 3336 esset
2937 3282 3126 3351 Filius,
3165 3282 3262 3352 qui
3303 3298 3335 3336 a
3366 3298 3424 3337 se
3455 3283 3596 3337 nihil

1973 3378 2216 3443 faceret;
2253 3376 2410 3448 quasi
2452 3376 2764 3430 secundum
2808 3375 3162 3430 divinitatem
3199 3392 3427 3447 quoque
3464 3377 3598 3431 sub-

1975 3470 2146 3536 ditus,
2181 3475 2238 3524 et
2264 3473 2503 3540 paterno
2541 3468 2824 3540 subjectus
2854 3469 3129 3540 imperio;
3157 3485 3261 3524 nec
3303 3471 3604 3527 advertunt

1975 3564 2128 3635 quod
2178 3564 2280 3617 hoc
2323 3578 2554 3632 quoque
2607 3563 2794 3632 magis
2835 3563 3126 3632 potestatis
3168 3562 3374 3617 divinae
3417 3564 3602 3618 unitas

1975 3657 2403 3728 comprobetur,
2449 3655 2546 3709 ubi
2593 3660 2793 3725 putant
2841 3655 2989 3709 inter
3027 3657 3248 3710 Patrem
3293 3661 3349 3711 et
3399 3657 3600 3710 Filium

1976 3767 2097 3806 esse
2145 3748 2477 3804 distantiam
2517 3749 2834 3819 potestatis.
2878 3749 3026 3802 Nihil
3067 3767 3099 3802 a
3141 3766 3200 3802 se
3241 3749 3372 3804 facit
3410 3750 3601 3815 Filius,

1976 3846 2106 3916 quia
2133 3860 2233 3915 per
2255 3843 2534 3897 unitatem
2561 3841 2914 3912 operationis
2953 3857 3056 3896 nec
3092 3842 3264 3896 Filius
3289 3841 3409 3896 sine
3437 3845 3601 3896 Patre

1979 3939 2134 4005 facit,
2175 3953 2279 3992 nec
2319 3937 2442 3990 sine
2483 3935 2621 3988 Filio
2657 3937 2836 3990 Pater.
2878 3935 3127 4006 Denique
3166 3936 3329 3991 Pater
3363 3935 3499 3990 dicit
3533 3936 3602 3990 ad

1978 4032 2182 4086 Filium
2229 4049 2242 4085 :
2294 4052 2320 4079 ‹‹
2374 4029 2664 4084 Faciamus
2717 4029 3009 4084 hominem
3067 4029 3141 4083 ad
3189 4029 3496 4100 imaginem
3549 4034 3606 4084 et

1978 4124 2417 4179 similitudinem
2457 4127 2704 4177 nostram
2745 4123 2918 4192 (Gem,
2961 4141 2996 4190 ι,
3033 4124 3144 4194 26),
3176 4146 3203 4174 »
3241 4139 3604 4180 communem

1982 4235 2237 4274 asserens
2285 4217 2673 4288 operationem
2729 4233 2872 4283 esse,
2920 4216 3019 4271 ubi
3071 4233 3374 4272 commune
3424 4218 3603 4272 consi-

1981 4315 2120 4367 lium
2163 4315 2266 4366 est.
2313 4311 2454 4374 Quid
2499 4311 2622 4366 sine
2667 4310 2946 4382 sapientia
2985 4311 3137 4378 facit,
3175 4312 3272 4383 qui
3308 4313 3502 4366 omnia
3545 4311 3607 4365 in

1981 4406 2256 4476 sapientia
2297 4405 2449 4472 fecit,
2490 4409 2555 4458 ut
2588 4405 2794 4458 lectum
2824 4410 2907 4458 est
2937 4422 2948 4458 :
2983 4425 3011 4453 «
3042 4405 3243 4459 Omnia
3281 4407 3339 4458 in
3377 4405 3600 4476 sapien-

3014 4497 3268 4567 Denique
3324 4498 3608 4568 Sapientia

1981 4589 2121 4645 dixit
2152 4605 2164 4642 :
2209 4610 2235 4637 ‹‹
2262 4590 2402 4644 Cum
2437 4586 2648 4640 faceret
2684 4585 2873 4654 caelos,
2907 4601 3036 4639 cum
3073 4586 3172 4642 illo
3201 4603 3470 4644 eram.....
3499 4605 3607 4659 ego

1979 4699 2137 4738 eram
2185 4682 2275 4735 cui
2323 4678 2703 4751 applaudebat
2747 4679 2951 4748 (Prom,
2997 4696 3113 4749 vm,
3162 4685 3252 4750 27,
3307 4683 3415 4753 30).
3466 4704 3493 4731 ››
3537 4683 3605 4735 Et

1981 4775 2324 4846 evangelista
2357 4773 2435 4826 ait
2463 4790 2475 4827 :
2514 4794 2540 4820 ‹‹
2569 4772 2773 4828 Omnia
2811 4789 2917 4843 per
2961 4774 3149 4845 ipsum
3192 4776 3339 4831 facta
3369 4781 3518 4843 sunt,
3551 4783 3607 4831 et

1979 4869 2099 4923 sine
2135 4869 2258 4938 ipso
2296 4868 2511 4921 factum
2551 4872 2632 4921 est
2670 4867 2814 4920 nihil
2845 4870 3045 4936 (Ιοῑιηη
3092 4885 3128 4934 ι,
3168 4870 3252 4937 3);
3287 4889 3314 4918 ››
3343 4875 3407 4923 ut
3441 4869 3604 4925 doce-

1981 4967 2068 5016 ret
2120 4977 2232 5015 non
2283 4960 2464 5015 solum
2517 4966 2874 5031 operatorem
2927 4963 3184 5016 omnium
3242 4961 3460 5032 Filium,
3513 4963 3606 5017 sed

1982 5056 2161 5110 etiam
2189 5060 2441 5126 paternas
2467 5055 2810 5126 operationis
2836 5061 3154 5111 consortem
3184 5072 3321 5110 esse.

2055 5152 2141 5204 33.
2177 5149 2294 5220 Ego
2319 5154 2509 5204 tamen
2552 5149 2816 5215 arbitror,
2857 5151 3010 5220 quod
3047 5150 3137 5203 hic
3177 5149 3334 5204 locus
3363 5150 3432 5205 ad
3453 5150 3605 5220 judi-

1985 5243 2054 5297 cii
2094 5245 2340 5297 formam
2387 5243 2642 5297 videatur
2685 5259 2804 5297 esse
2848 5244 3204 5311 referendus;
3237 5244 3609 5313 Evangelium

1987 5337 2202 5391 etenim
2229 5353 2342 5390 nou
2379 5337 2561 5390 solum
2590 5336 2720 5390 ﬁdei
2754 5336 3024 5398 doctrina,
3057 5336 3154 5389 sed
3184 5336 3353 5390 etiam
3385 5353 3609 5392 morum

1986 5435 2067 5484 est
2100 5429 2518 5499 magisterium,
2549 5436 2605 5483 et
2637 5429 2930 5500 speculum
2952 5429 3124 5498 justas
3155 5432 3609 5485 conversationis.

1987 5524 2211 5577 Invenio
2254 5523 2312 5576 in
2359 5524 2680 5592 Evangelio,
2733 5523 2882 5593 quod
2932 5523 3202 5577 Dominus
3249 5525 3406 5579 Iesus
3463 5528 3610 5581 mul-

1989 5621 2174 5671 torum
2228 5616 2459 5671 affectus
2528 5620 2584 5669 et
2638 5616 2826 5669 officia
2875 5619 3222 5689 susceperit;
3279 5625 3336 5673 ut
3389 5621 3614 5676 doceret

2052 5747 2146 5806 (60)
2177 5747 2334 5796 Rom.
2369 5745 2521 5795 edit..
2556 5748 2892 5809 congregavit
2919 5748 3136 5810 ignotos.
