3930 6168
396 235 521 285 1571

1836 230 1892 284 S.
1937 227 2248 284 AMBROSII

3584 239 3600 290 1
3613 240 3698 294 572

388 352 675 424 quomodo
715 368 820 407 nos
861 351 918 406 in
966 351 1055 407 his
1099 352 1427 406 conversari
1473 354 1769 424 oporteret
1795 351 2016 406 officiis.
2043 354 2230 436 Acat,
2259 353 2316 404 et
2340 346 2483 404 sicut
2512 365 2570 402 se
2611 347 2789 404 habet
2813 348 3028 419 negotii
3062 352 3286 416 natura,
3316 350 3568 410 decernit.
3605 358 3699 411 0b-

390 447 644 517 Suscepit
685 462 989 516 personam
1029 447 1284 516 pastoris,
1323 449 1380 500 et
1410 445 1528 500 ait:
1564 466 1589 495 «
1618 447 1815 500 Pastor
1838 444 2021 499 bonus

389 539 638 594 animam
667 556 829 594 suam
859 540 1022 610 ponit
1050 556 1150 610 pro
1180 539 1376 593 ovibus
1400 539 1516 593 suis
1545 540 1743 609 (Joan.,
1774 554 1826 605 Χ,
1863 541 1963 607 11).
1990 560 2018 585 ››

389 634 637 704 ldeaque
689 650 792 704 pro
840 633 1165 688 rationabili
1216 649 1390 704 grege
1436 649 1494 688 se
1543 634 1729 703 ipsum
1775 631 2020 702 passiani

391 728 643 797 corporis
684 743 801 782 non
842 726 1099 797 negavit;
1143 731 1204 781 ut
1242 743 1404 780 ovem
1445 726 1652 780 lassam
1685 725 1864 780 crucis
1907 740 2022 778 suae

297 887 300 890 _
394 818 642 892 1231
682 820 935 875 humeris
961 835 1371 892 superponens,
1399 821 1474 891 pii
1503 819 1693 874 oneris
1724 817 2020 873 functione

395 919 697 968 recrearet.

467 1009 552 1062 34.
594 1006 853 1077 Suscepit
888 1006 1148 1062 advocati
1184 1024 1486 1078 personam
1528 1024 1541 1061 :
1583 1028 1609 1056 ι(
1642 1008 1832 1077 Ipsum
1869 1005 2021 1060 enim

393 1105 730 1160 advocatum
763 1104 1045 1159 habemus
1070 1106 1217 1175 apud
1254 1107 1474 1159 Patrem
1507 1105 1549 1175 (l
1573 1107 1759 1166 Joun.,
1792 1119 1852 1167 ιι,
1891 1103 1960 1174 1).
1992 1124 2022 1150 »

392 1199 774 1254 Pernactabat
813 1199 870 1252 in
917 1199 1174 1254 oratione
1225 1215 1325 1268 pro
1369 1198 1530 1252 nobis
1571 1201 1738 1265 (Luc..
1783 1213 1854 1264 Vl,
1907 1197 2020 1263 l2);

393 1299 458 1346 ut
516 1309 617 1345 nos
680 1308 782 1346 suo
831 1292 1159 1346 infarmaret
1219 1292 1478 1362 exempla
1535 1289 2022 1362 quemadmodum

395 1386 616 1441 veniam
667 1385 872 1439 nostris
930 1385 1238 1439 debeamus
1289 1401 1519 1439 exorare
1575 1383 1842 1455 peccatis.
1901 1383 2022 1436 Non

397 1479 548 1532 enim
600 1478 728 1532 ideo
780 1481 1160 1548 pernoctaret,
1212 1478 1374 1548 quasi
1427 1478 1524 1548 qui
1580 1477 1746 1532 aliter
1797 1478 2024 1530 Patrem

396 1572 561 1626 nobis
604 1571 973 1626 reconciliare
1012 1587 1130 1626 non
1163 1579 1373 1642 posset,
1420 1570 1522 1625 sed
1550 1577 1614 1625 ut
1645 1570 1826 1641 qualis
1852 1571 2020 1624 advo-

395 1669 552 1719 catus
594 1680 715 1719 esse
759 1663 982 1732 debeat,
1023 1664 1462 1729 demonstraret,
1509 1663 1693 1733 qualis
1740 1663 2021 1732 sacerdos,

397 1763 460 1812 ut
488 1775 600 1812 non
631 1759 812 1811 solum
841 1757 1062 1824 diebus,
1097 1759 1191 1812 sed
1221 1757 1392 1810 etiam
1425 1756 1684 1811 noctibus
1711 1774 1816 1828 pro
1849 1773 2025 1827 grege

395 1852 602 1905 Christi
659 1851 860 1905 debeat
910 1856 1168 1920 precator
1211 1850 1490 1904 assistere.
1543 1853 1627 1904 An
1677 1850 2027 1920 impetrandi

399 1945 607 2013 egebat
631 1944 858 2008 auxilio,
891 1944 988 2015 qui
1030 1944 1216 1998 facere
1257 1943 1374 2013 ipse
1411 1947 1632 2012 poterat
1671 1943 1820 2013 quod
1863 1959 2024 2013 roga-

399 2038 514 2107 bat,
545 2038 1036 2107 quemadmodum
1066 2037 1186 2107 ipse
1214 2035 1437 2090 dicebat
1467 2058 1476 2089 :
1508 2058 1535 2084 ‹‹
1565 2037 1684 2106 Ego
1713 2035 1783 2090 ad
1806 2038 2025 2091 Patrem

400 2133 560 2200 vada,
605 2136 663 2184 et
705 2131 1088 2202 quodcunque
1139 2129 1209 2183 ab
1255 2146 1322 2184 eo
1363 2129 1644 2200 petieritis
1685 2129 1745 2183 in
1791 2129 2028 2184 nomine

400 2241 548 2293 meo,
599 2225 705 2278 hoc
748 2223 951 2278 faciam
998 2225 1195 2291 (Joan.,
1245 2238 1353 2290 x1v,
1398 2226 1484 2288 t2,
1536 2223 1660 2293 l3)?
1706 2243 1732 2270 ››
1778 2223 2029 2292 Denique

398 2318 530 2372 alibi
585 2317 681 2382 ait,
736 2333 865 2371 cum
920 2317 1192 2370 Lazarum
1242 2315 1599 2369 resuscitaret
1648 2333 1661 2370 :
1708 2335 1733 2365 ‹‹
1777 2315 2028 2370 Sciebam

399 2411 554 2481 quod
591 2426 823 2480 semper
857 2425 946 2463 me
988 2410 1152 2464 audis
1184 2411 1386 2478 (Ιοιιηη
1431 2425 1505 2476 xl,
1535 2409 1647 2475 42).
1683 2429 1711 2460 »
1746 2409 1841 2464 llic
1866 2408 2027 2480 quasi

399 2504 662 2558 inﬁrmus
691 2502 1077 2574 pernoctabat,
1109 2503 1206 2572 qui
1245 2501 1463 2557 sciebat
1493 2503 1644 2574 quod
1675 2518 1900 2574 semper
1926 2520 2025 2557 au-

397 2597 570 2662 ditur,
627 2600 685 2650 et
734 2595 998 2650 clamavit
1040 2612 1054 2649 :
1101 2617 1129 2643 u
1169 2596 1392 2662 Lazare,
1449 2596 1580 2650 veni
1631 2595 1782 2650 foras
1837 2597 2024 2664 (lbid.,

396 2687 510 2756 44).
546 2708 573 2736 ››
602 2687 813 2741 Locuta
843 2690 926 2740 est
955 2685 1312 2753 resurrectio,
1343 2702 1497 2740 mors
1526 2685 1774 2740 recessit.

471 2784 559 2835 35.
607 2779 869 2850 Suscepit
918 2779 1089 2834 etiam
1139 2777 1404 2834 atiectum
1445 2778 1548 2846 rei,
1598 2783 1656 2833 et
1698 2779 1853 2834 stetit
1896 2785 2028 2832 ante

393 2873 651 2944 judicem
690 2876 962 2942 tanquam
1000 2888 1129 2926 reus
1142 2889 1158 2940 ;
1202 2888 1304 2926 nec
1336 2871 1682 2942 dedignatus
1710 2876 1795 2925 est
1838 2872 2025 2926 Domi-

403 2984 509 3021 nus
537 2966 795 3022 omnium
835 2964 1097 3036 praesidis
1127 2964 1424 3019 vilitatem.
1461 2965 1850 3035 Interrogatus
1881 2970 2026 3018 tace-

2122 443 2377 516 sequitur
2413 442 2652 514 legibus,
2697 459 2815 498 non
2851 443 3203 510 adversatur,
3245 444 3510 500 examinat
3545 465 3703 504 causa:

2123 537 2348 605 merita,
2378 552 2496 591 non
2523 540 2726 591 mutat.

2192 634 2279 685 37.
2314 630 2530 696 Discite,
2553 630 2774 700 judices
2805 630 3014 698 saculi,
3045 646 3217 702 quem
3247 629 3304 684 in
3326 630 3616 701 judicando
3641 639 3708 689 te-

2123 739 2258 778 nere
2299 723 2552 779 debeatis
2595 724 2881 791 affectum,
2925 740 3100 794 quam
3141 723 3519 792 sobrietatem,
3557 743 3709 796 quam

2123 817 2534 871 sinceritatem.
2576 817 2853 872 Dominus
2892 818 3150 872 omnium
3188 817 3361 872 dicit:
3404 839 3431 867 ι(
3457 819 3570 873 Non
3603 837 3710 890 pos-

2123 927 2249 965 sum
2292 927 2398 981 ego
2447 928 2480 964 a
2531 927 2622 965 me
2682 912 2866 966 facere
2913 911 3249 981 quidquam.
3293 929 3319 961 »
3367 911 3504 966 Alibi
3546 912 3660 982 lego
3702 930 3714 966 :

2123 1022 2153 1056 α
2199 1005 2418 1074 Negare
2447 1004 2814 1076 semetipsum
2844 1021 2956 1058 non
2988 1007 3173 1074 potest
3198 1005 3262 1074 (ll
3297 1005 3452 1067 Tim.,
3479 1021 3534 1070 ιι,
3565 1006 3660 1073 13).
3693 1028 3716 1052 n

2121 1097 2243 1152 Non
2283 1101 2467 1168 potest
2507 1098 2729 1168 utique,
2764 1114 2877 1152 non
2922 1114 3028 1168 per
3066 1096 3473 1164 infirmitatem,
3503 1097 3597 1150 sed
3631 1114 3720 1168 per

2122 1191 2547 1262 integritatem;
2592 1207 2703 1244 non
2762 1207 2865 1261 per
2915 1190 3423 1261 impassibilitatem
3476 1189 3717 1254 faciendi,

2124 1285 2221 1338 sed
2265 1300 2366 1354 per
2407 1283 2822 1338 observantiam
2859 1283 3180 1354 judicandi.
3217 1283 3360 1347 Quid
3403 1299 3515 1336 non
3555 1286 3722 1352 potest

2125 1378 2221 1448 qui
2249 1378 2442 1432 omnia
2483 1383 2686 1447 potest,
2728 1377 2838 1432 nisi
2874 1377 3026 1448 quod
3070 1393 3234 1447 posse
3273 1376 3415 1430 nolit
3450 1376 3592 1445 (6'2)?
3617 1375 3724 1429 Non

2124 1471 2242 1525 vult
2280 1487 2442 1541 posse
2486 1470 2641 1541 quod
2677 1470 2928 1537 damnet,
2967 1487 3084 1526 non
3129 1471 3250 1524 vult
3283 1484 3442 1541 posse
3483 1467 3727 1522 adversus

2123 1563 2317 1630 ﬁdem,
2361 1581 2478 1618 non
2532 1565 2650 1618 vult
2703 1580 2870 1634 posse
2915 1565 3181 1618 adversus
3232 1562 3548 1618 veritatem.
3599 1560 3728 1614 Audi

2126 1663 2415 1727 postremo
2454 1657 2639 1729 ipsum
2679 1657 2967 1712 dicentem
3009 1673 3110 1711 cur
3147 1673 3261 1711 non
3299 1656 3470 1726 possit
3506 1672 3540 1709 a
3573 1670 3627 1708 se
3653 1655 3727 1706 fa-

2129 1767 2260 1805 cere
2301 1751 2612 1822 quidquam
2658 1767 2671 1804 :
2719 1772 2746 1800 «
2777 1751 2931 1806 Sicut
2979 1751 3168 1819 audio,
3211 1749 3417 1822 inquit,
3463 1752 3517 1802 et
3551 1747 3732 1817 judico

2127 1846 2332 1914 (Joan.,
2366 1861 2418 1912 v,
2455 1845 2566 1914 30),
2598 1863 2625 1896 ››
2659 1843 2763 1898 hoc
2794 1848 2897 1911 est,
2937 1861 3054 1899 non
3092 1860 3159 1898 ex
3193 1859 3327 1898 mea
3351 1845 3618 1914 potestate
3644 1839 3730 1893 de-

2129 1953 2300 1992 cerno
2327 1937 2476 2009 quod
2504 1937 2746 2004 libitum,
2779 1937 2878 1991 sed
2907 1954 2977 1992 ex
3013 1935 3273 2009 1232
3298 1933 3587 2007 judicandi
3616 1933 3731 1987 reli-

2129 2030 2321 2100 gione,
2369 2031 2519 2101 quod
2556 2031 2778 2100 justum
2819 2036 2935 2097 est;
2977 2037 3033 2085 et
3075 2030 3203 2085 ideo
3242 2028 3529 2100 judicium
3557 2041 3732 2080 meum

2127 2139 2329 2178 verum
2367 2129 2468 2192 est,
2505 2123 2640 2195 quia
2675 2140 2789 2179 non
2828 2124 3103 2179 voluntati
3140 2139 3290 2178 meae
3334 2121 3616 2192 indulgeo,
3646 2117 3732 2172 sed

2128 2218 2403 2288 aequitati.
2449 2217 2654 2272 Audite
2693 2217 2827 2288 quid
2859 2217 3034 2288 judex
3068 2218 3219 2272 dicat
3251 2216 3493 2271 caelestis
3521 2231 3534 2268 :
3575 2234 3601 2262 ‹‹
3629 2213 3735 2266 Non

2128 2326 2359 2382 possum
2403 2327 2434 2362 a
2463 2326 2554 2364 me
2583 2311 2768 2365 facere
2807 2310 3146 2382 quidquam,
3173 2311 3277 2366 sed
3313 2309 3458 2364 sicut
3484 2307 3660 2372 audio,
3687 2307 3737 2358 et

2121 2403 2336 2474 judico.
2370 2426 2397 2452 n

2200 2499 2286 2550 38.
2318 2498 2382 2550 Et
2404 2498 2610 2552 Pilatus
2639 2496 2864 2551 dicebat
2891 2496 2965 2551 ad
2990 2496 3306 2552 Dominum
3331 2498 3521 2552 Iesum
3553 2510 3565 2548 :
3597 2513 3623 2540 ‹‹
3650 2493 3736 2546 Ρο-

2131 2593 2388 2644 testatem
2430 2589 2610 2644 habeo
2646 2589 2970 2645 dimittendi
3003 2594 3078 2656 te,
3115 2596 3172 2644 et
3202 2595 3542 2660 potestatem
3570 2586 3736 2640 habeo

2127 2683 2496 2752 cruciﬁgendi
2521 2689 2577 2738 te
2611 2687 2811 2753 (Jounu
2846 2699 2958 2750 xu,
2997 2684 3101 2753 10).
3137 2705 3164 2733 ››
3198 2684 3465 2754 Usurpas,
3497 2697 3529 2736 ο
3559 2681 3734 2741 homo,

2128 2780 2464 2847 potestatem
2506 2793 2678 2848 quam
2718 2793 2834 2832 non
2882 2777 3079 2842 babes,
3127 2793 3260 2831 cum
3301 2779 3449 2832 Deus
3489 2775 3653 2845 neget
3689 2787 3739 2825 se

2129 2869 2359 2939 habere,
2400 2870 2501 2940 qui
2542 2869 2714 2925 habet
2757 2886 2926 2941 super
2969 2871 3166 2924 omnia
3203 2868 3570 2940 potestatem!
3611 2863 3739 2919 Audi

2128 2963 2267 3033 quid
2307 2963 2530 3033 justitia
2573 2963 2723 3018 dicat
2773 2981 2786 3018 :
2840 2984 2868 3013 «
2909 2965 3030 3018 Non
3074 2980 3310 3034 possum
3359 2981 3392 3017 a
3437 2978 3528 3018 me
3574 2959 3740 3014 facere

399 3061 500 3115 bat
529 3060 772 3131 (Matth.,
800 3074 944 3125 xxvx,
969 3058 1080 3128 63),
1111 3057 1423 3111 ostendens
1451 3073 1562 3111 non
1589 3057 1646 3110 in
1676 3057 1921 3111 clamore
1942 3073 2030 3112 vo-
2049 3097 2104 3171 Ο
2131 3056 2468 3126 quidquam.
2497 3078 2526 3107 »
2562 3057 2768 3112 Audite
2803 3057 2942 3128 quid
2972 3056 3153 3127 judex
3182 3057 3474 3128 aequitatis
3501 3055 3700 3109 asserat
3727 3065 3738 3103 :

401 3155 499 3220 cis,
547 3169 652 3206 nec
697 3153 754 3206 in
802 3150 1043 3204 forensis
1089 3151 1397 3204 assertione
1451 3149 1768 3220 patrocinii,
1814 3149 1915 3204 sed
1970 3151 2027 3204 in

398 3244 760 3301 conscientias
812 3243 1140 3314 integritate
1189 3258 1311 3297 esse
1364 3243 1700 3306 innocentiae
1748 3243 2026 3298 defensio-

401 3355 557 3407 nem,
589 3354 691 3392 nec
727 3337 966 3391 salutem
1006 3336 1262 3407 corporis
1303 3335 1688 3403 ambiendam,
1729 3337 1824 3390 sed
1852 3337 2028 3391 animi

403 3432 733 3504 puritatem.
767 3430 1018 3500 Denique
1050 3429 1148 3500 qui
1187 3430 1508 3485 Susannam
1555 3429 1794 3483 absolvit
1839 3435 2026 3484 tacen-

402 3533 539 3593 tem,
587 3541 645 3579 se
692 3523 895 3580 obtulit
948 3523 1142 3578 morti.
1203 3524 1261 3576 In
1316 3522 1409 3577 illa
1459 3539 1624 3577 causa
1673 3523 1920 3578 ostendit
1971 3529 2032 3578 ut

405 3635 574 3675 nemo
613 3619 980 3688 desperaret;
1021 3617 1080 3670 in
1119 3617 1248 3683 hac,
1281 3619 1343 3670 ut
1379 3615 1722 3670 redimendae
1763 3617 2032 3671 universi-

404 3714 534 3768 tatis
563 3711 902 3767 sacriticium
931 3726 1042 3764 non
1072 3716 1328 3780 negaret.
1357 3711 1544 3764 Caesus
1577 3715 1882 3780 postremo,
1917 3727 2029 3764 non

402 3806 743 3862 conviciatus
786 3810 890 3874 est,
939 3820 1056 3858 non
1096 3803 1463 3874 repercussit;
1502 3808 1560 3857 et
1598 3802 1864 3857 Dominus
1906 3805 2032 3858 cceli

403 3908 576 3972 atque
620 3904 905 3953 terrarum
947 3896 1199 3950 studium
1241 3895 1506 3967 deposuit
1549 3895 1792 3964 ultionis,
1839 3912 2030 3951 vocem

407 3992 739 4048 humilitatis
767 3990 979 4056 emisit,
1022 3989 1219 4044 dicens
1251 4006 1264 4044 :
1300 4009 1326 4037 «
1357 3988 1410 4043 Si
1441 3989 1587 4043 male
1625 3989 1848 4044 locutus
1878 4006 2028 4057 sum,

406 4085 800 4140 testimonium
842 4082 1080 4154 perhibe
1121 4083 1189 4136 de
1239 4082 1418 4148 malo;
1455 4081 1504 4135 si
1542 4081 1710 4148 bene,
1755 4083 1892 4156 quid
1939 4099 2032 4138 me

406 4178 575 4235 cedis
627 4179 825 4246 (10am,
875 4191 1020 4242 xvm,
1070 4174 1197 4245 23)?
1238 4197 1262 4224 ››
1314 4175 1482 4238 Quasi
1531 4175 1810 4245 infirmus,
1862 4176 2032 4231 cazdis

407 4272 668 4343 deplorat
699 4268 1007 4340 injuriam;
1035 4271 1094 4322 et
1127 4284 1257 4322 cum
1291 4284 1348 4323 se
1391 4272 1580 4338 posset
1625 4268 1837 4338 ulcisci,
1865 4269 2030 4340 queri

408 4364 609 4421 maluit
635 4379 811 4436 quam
840 4361 1146 4416 vindicare.

2134 3171 2161 3198 «
2202 3149 2356 3205 Sicut
2395 3150 2582 3217 audio,
2624 3153 2683 3204 et
2704 3151 2919 3221 judico.
2952 3171 2979 3200 »
3017 3151 3221 3206 Audite
3262 3151 3404 3224 quid
3435 3148 3606 3220 judex
3642 3143 3740 3199 ini-

2131 3242 2358 3314 quitatis
2398 3243 2662 3314 loquatur
2702 3261 2714 3298 :
2762 3264 2790 3292 ‹‹
2819 3245 3163 3299 Potestabem
3208 3244 3397 3300 habeo
3439 3235 3742 3296 dimittendi

2129 3343 2205 3403 te,
2261 3344 2315 3390 et
2366 3341 2697 3408 potestatem
2748 3337 2928 3392 habeo
2977 3337 3357 3409 crucifigendi
3407 3343 3484 3394 te.
3535 3356 3563 3385 ››
3616 3333 3742 3396 Tua,

2129 3430 2323 3498 Pilate,
2355 3447 2485 3485 voce
2521 3430 2949 3502 constringeris,
2981 3434 3078 3485 tua
3121 3430 3419 3486 damnaris
3455 3425 3742 3483 sententia.

2132 3525 2235 3578 Pro
2265 3527 2540 3595 potestate
2581 3524 2778 3595 igitur,
2813 3540 2928 3579 non
2960 3541 3064 3595 pro
3105 3526 3382 3596 aequitate
3421 3520 3740 3590 cruciﬁgen-

2132 3617 2271 3672 dum
2317 3618 2625 3672 Dominum
2674 3617 2992 3687 tradidisti;
3043 3635 3145 3690 per
3195 3621 3536 3688 potestatem
3582 3611 3746 3668 absol-

2131 3711 2258 3764 visti
2285 3710 2590 3777 latronem,
2620 3715 2913 3766 auctorem
2941 3727 3072 3766 vero
3099 3712 3230 3766 vita:
3260 3707 3618 3767 interfecisti.
3649 3701 3746 3761 Sed

2133 3819 2234 3859 nec
2273 3803 2437 3858 istam
2484 3821 2517 3858 a
2554 3807 2607 3858 te
2654 3803 2923 3872 habuisti,
2962 3821 3136 3875 quam
3179 3805 3396 3860 habere
3442 3807 3498 3857 te
3539 3797 3744 3862 asseris,

2132 3901 2489 3969 potestatem.
2550 3898 2802 3968 Denique
2856 3897 2994 3953 dicit
3046 3898 3151 3952 tibi
3208 3899 3492 3953 Dominus
3541 3896 3692 3950 Jesus
3734 3906 3744 3942 :

2134 4012 2161 4042 «
2205 3992 2323 4045 Non
2349 3991 2588 4046 haberes
2624 3995 2960 4062 potestatem
2995 3991 3266 4046 adversus
3308 4009 3401 4047 me
3433 3990 3623 4056 ullam,
3651 3982 3746 4038 nisi

2133 4083 2264 4138 data
2291 4084 2393 4138 tibi
2433 4090 2580 4140 esset
2615 4085 2857 4155 desuper
2894 4085 3076 4155 (Ibid.,
3126 4088 3231 4154 11).
3262 4108 3290 4133 n
3326 4085 3472 4140 Mala
3515 4084 3746 4154 potestas

2130 4178 2302 4232 licere
2346 4178 2490 4249 quod
2540 4195 2652 4233 non
2691 4179 2856 4233 liceat
2895 4179 3022 4250 (63).
3051 4179 3309 4234 Potestas
3352 4179 3462 4234 ista
3489 4173 3741 4231 tenebra-

2132 4288 2260 4326 rum
2287 4278 2392 4338 est,
2422 4287 2620 4326 verum
2649 4288 2766 4326 non
2794 4271 3005 4338 videre,
3038 4271 3142 4326 sed
3170 4287 3471 4343 spernere.

2203 4367 2290 4419 39.
2336 4364 2534 4420 Audite
2585 4365 2721 4436 quid
2765 4381 2927 4420 verus
2967 4365 3146 4436 judex
3196 4366 3468 4437 loquatur
3513 4379 3526 4418 :
3574 4383 3600 4411 α
3635 4359 3745 4414 Non

479 4464 566 4514 36.
595 4460 742 4528 Ergo
769 4461 827 4510 et
862 4455 955 4510 hic
989 4471 1288 4526 personam
1315 4454 1527 4526 judicis
1563 4455 2029 4527 propositumque
2050 4458 2108 4529 D
2131 4474 2326 4529 quaero
2354 4458 2701 4514 voluntatem
2735 4475 2944 4525 meam,
2977 4459 3076 4514 sed
3116 4459 3470 4514 voluntatem
3517 4456 3636 4527 ejus
3659 4449 3746 4522 qui

404 4553 671 4622 suscepit,
702 4551 928 4604 dicens:
964 4569 993 4601 (ί
1021 4550 1146 4604 Non
1185 4565 1414 4619 possum
1458 4566 1491 4603 a
1519 4566 1612 4604 me
1647 4549 1831 4605 facere
1863 4551 2028 4620 quid-

403 4663 578 4720 quam
603 4648 805 4714 (Jaan.,
830 4660 882 4711 v,
911 4643 1020 4712 30).
1051 4663 1078 4692 »ι
1113 4643 1296 4697 Bonus
1333 4643 1489 4697 enim
1515 4643 1696 4714 judex
1726 4646 1797 4710 (3,
1829 4648 2028 4714 quiest.

407 4745 458 4807 7,
490 4755 616 4810 cap.
651 4738 884 4800 Iudicat,
913 4736 944 4807 ᾗ
972 4737 1168 4805 Bonus)
1203 4736 1347 4789 nihil
1377 4752 1441 4789 ex
1485 4737 1719 4791 arbitrio
1749 4754 1849 4791 suo
1876 4737 2029 4804 facit,

405 4838 465 4889 et
500 4831 823 4888 domesticae
862 4829 1152 4901 proposito
1189 4829 1514 4897 voluntatis,
1545 4830 1644 4884 sed
1673 4831 1837 4901 juxta
1877 4830 2034 4902 leges

405 4931 464 4983 et
504 4928 636 4998 jura
684 4924 1042 4997 pronuntiat,
1103 4922 1254 4978 scitis
1299 4923 1448 4993 juris
1499 4923 1856 4995 obtemperat
1905 4925 2031 4994 (81),

412 5038 523 5076 nan
570 5019 830 5090 indulget
870 5016 1120 5090 propria:
1163 5017 1474 5086 voluntati;
1507 5017 1647 5072 nihil
1680 5023 1938 5089 paratum
1980 5024 2036 5073 et

407 5115 744 5171 meditatum
773 5112 946 5167 domo
990 5111 1206 5178 defert;
1249 5110 1346 5166 sed
1385 5111 1529 5166 sicut
1566 5111 1741 5177 audit,
1771 5111 1847 5167 ita
1877 5111 2032 5182 judi-

470 5282 569 5344 (61)
601 5281 755 5332 Rom.
789 5280 943 5341 edit.,
973 5279 1182 5330 statutis
1199 5278 1350 5341 juris
1375 5276 1714 5342 obtemperat.

469 5353 569 5413 (62)
596 5353 851 5416 Plerique
878 5364 1030 5412 mss.,
1051 5351 1159 5400 nisi
1186 5349 1327 5414 quod
1354 5351 1538 5413 possit,
1555 5349 1704 5398 nolit.
1725 5347 1846 5398 Non
1871 5347 2034 5397 male.

409 5423 522 5474 Alii
563 5427 747 5473 tamen
789 5423 1018 5486 aliquot,
1050 5426 1106 5472 et
1148 5434 1344 5472 omnes
1387 5419 1515 5470 edit.
1559 5421 1664 5469 nisi
1709 5420 1850 5483 quod
1891 5433 2040 5482 posse

407 5492 543 5544 nolit
588 5509 604 5541 :
648 5494 799 5558 quod
849 5493 1074 5558 quidem
1123 5493 1344 5543 videtur
1387 5490 1699 5543 conﬁrmari
1748 5503 1816 5541 ex
1856 5491 2037 5541 verbis

410 5565 793 5628 sequentibus,
825 5565 942 5614 Non
965 5565 1076 5612 vult
1100 5577 1266 5628 posse,
1297 5567 1402 5612 etc.

477 5637 573 5698 (63)
607 5634 731 5683 Mss.
765 5647 874 5682 non
902 5635 1083 5696 pauci,
1107 5648 1171 5683 ac
1198 5639 1303 5683 vet.
1337 5632 1491 5690 edit.,
1515 5631 1684 5691 licere,
1708 5631 1849 5696 quod
1873 5636 2036 5682 nocet.

410 5707 521 5759 Alii
554 5710 734 5755 tamen
769 5703 953 5767 plures
973 5718 1038 5754 ac
1070 5704 1225 5756 Rom.
1253 5705 1406 5763 edit.,
1433 5709 1493 5753 ut
1515 5705 1570 5753 in
1604 5708 1778 5764 textu,
1808 5706 2040 5765 excepto

409 5779 558 5845 quod
589 5792 686 5843 pro
715 5776 887 5833 licere,
916 5775 1036 5825 haec
1073 5777 1334 5838 reposuit,
1365 5789 1526 5841 posse.

2133 4552 2287 4606 misit
2329 4568 2418 4606 me
2469 4553 2666 4618 (Joan.,
2716 4569 2765 4619 v,
2811 4555 2918 4621 30).
2969 4577 2996 4603 ››
3043 4554 3213 4617 Quasi
3259 4554 3435 4609 homo
3492 4547 3745 4621 loquitur,

2133 4646 2292 4716 quasi
2327 4645 2508 4716 judex
2547 4646 2727 4712 docet,
2770 4647 3046 4716 quoniam
3089 4647 3186 4718 qui
3221 4647 3464 4718 judicat,
3505 4659 3617 4698 non
3657 4655 3746 4692 vo-

2133 4739 2339 4792 luntati
2377 4755 2493 4794 suae
2539 4739 2939 4811 obtemperare
2987 4740 3178 4808 debet,
3217 4741 3315 4796 sed
3366 4746 3564 4795 tenere
3610 4729 3747 4805 quod

2134 4833 2329 4903 legum
2357 4836 2441 4887 est
2465 4833 2540 4902 (3,
2570 4836 2766 4903 quiest.
2798 4838 2850 4902 7,
2895 4849 3020 4904 cap.
3050 4835 3283 4896 Iudicat,
3313 4833 3347 4905 §
3374 4834 3522 4901 Qui).
3546 4823 3745 4885 Consti-

2136 4929 2230 4980 tue
2265 4926 2520 4996 judicem
2562 4927 2630 4981 de
2674 4927 2782 4982 hoc
2825 4928 3052 4995 saecula,
3096 4928 3376 4999 numquid
3428 4928 3615 4996 potest
3656 4917 3746 4972 ad-

2135 5036 2360 5076 versum
2409 5021 2726 5091 imperialis
2771 5020 3019 5075 formam
3066 5021 3264 5074 venire
3310 5017 3572 5089 rescripti
3609 5008 3748 5084 (6b)?

2137 5113 2424 5185 Numquid
2463 5117 2652 5186 potest
2689 5130 2959 5170 normam
2990 5118 3246 5186 augustae
3285 5107 3633 5169 deﬁnitionis
3659 5119 3743 5160 ex-

2203 5281 2299 5342 (64)
2342 5280 2509 5330 Pauci
2555 5293 2706 5342 mss.,
2746 5281 2926 5330 venire
2964 5280 3175 5330 decreti.
3210 5278 3432 5343 Reliqui
3468 5289 3533 5328 ac
3569 5280 3748 5324 omnes

2137 5350 2287 5412 edit.,
2321 5351 2500 5400 venire
2525 5351 2784 5414 rescripti.
2816 5351 3014 5401 Melius
3036 5365 3048 5399 :
3075 5351 3386 5414 rescriptum
3409 5349 3558 5399 enim
3587 5345 3747 5414 ίωρθτ

2138 5421 2289 5471 rialis
2321 5421 2646 5471 constitutio
2680 5411 2814 5482 erat,
2847 5434 2974 5486 quas
3000 5423 3168 5473 variis
3205 5411 3527 5471 nominibus
3551 5411 3748 5486 solebat

2138 5493 2419 5557 appellari.
2475 5493 2613 5544 Haec
2668 5493 2724 5542 in
2784 5482 2891 5544 vet.
2943 5492 3226 5544 Glossaria
3272 5492 3494 5562 dicitur,
3524 5482 3747 5562 Βσισιλέῳς

2137 5555 2466 5627 ἅῆίγραμμας
2518 5565 2572 5613 in
2614 5566 2756 5626 jure,
2795 5566 2939 5615 sacri
2986 5563 3195 5629 a/fatus,
3235 5569 3288 5614 et
3329 5562 3424 5612 hic
3472 5555 3746 5629 Ambrosio

2137 5620 2284 5697 ipso,
2309 5620 2538 5697 augusta
2562 5620 2811 5697 deﬁnitio.
2836 5634 2978 5686 Vide
3012 5620 3146 5687 60d.
3177 5620 3382 5685 Theod.
3412 5632 3514 5693 leg.
3544 5641 3576 5690 ι,
3606 5625 3679 5673 tit.
3701 5620 3744 5679 2,

2139 5711 2193 5755 et
2220 5705 2441 5756 Godefr.
2472 5706 2661 5770 Briss.,
2689 5711 2793 5757 etc.
