  <div class='ocr_page' id='page_1' title='image "/cluster/home/n/w/nwhite01/storage/ocr_20150623/15/hvd.32044048207278/168.png"; bbox 0 0 3930 6168; ppageno 0'>
   <div class='ocr_carea' id='block_1_1' title="bbox 198 252 302 304">
    <p class='ocr_par' dir='ltr' id='par_1_1' title="bbox 198 252 302 304">
     <span class='ocr_line' id='line_1_1' title="bbox 198 252 302 304; baseline -0.019 0"><span class='ocrx_word' id='word_1_1' title='bbox 198 252 302 304; x_wconf 75' lang='grc'>(573</span> 
     </span>
    </p>
   </div>
   <div class='ocr_carea' id='block_1_2' title="bbox 1274 244 2338 308">
    <p class='ocr_par' dir='ltr' id='par_1_2' title="bbox 1274 244 2338 308">
     <span class='ocr_line' id='line_1_2' title="bbox 1274 244 2338 308; baseline -0.003 -4"><span class='ocrx_word' id='word_1_2' title='bbox 1274 247 1621 306; x_wconf 82' lang='lat' dir='ltr'>EXPOSITIO</span> <span class='ocrx_word' id='word_1_3' title='bbox 1663 244 1723 304; x_wconf 81' lang='lat' dir='ltr'>IN</span> <span class='ocrx_word' id='word_1_4' title='bbox 1765 247 2096 308; x_wconf 79' lang='lat' dir='ltr'>PSALMUM&#39;</span> <span class='ocrx_word' id='word_1_5' title='bbox 2119 245 2338 304; x_wconf 81' lang='lat' dir='ltr'>CXVIII.</span> 
     </span>
    </p>
   </div>
   <div class='ocr_carea' id='block_1_3' title="bbox 3341 247 3473 302">
    <p class='ocr_par' dir='ltr' id='par_1_3' title="bbox 3341 247 3473 302">
     <span class='ocr_line' id='line_1_3' title="bbox 3341 247 3473 302; baseline 0 0"><span class='ocrx_word' id='word_1_6' title='bbox 3341 251 3360 302; x_wconf 81' lang='lat' dir='ltr'>t</span> <span class='ocrx_word' id='word_1_7' title='bbox 3374 247 3473 302; x_wconf 65' lang='grc'>574</span> 
     </span>
    </p>
   </div>
   <div class='ocr_carea' id='block_1_4' title="bbox 187 370 3476 456">
    <p class='ocr_par' dir='ltr' id='par_1_4' title="bbox 187 370 3476 456">
     <span class='ocr_line' id='line_1_4' title="bbox 187 370 3476 456; baseline -0.001 -29"><span class='ocrx_word' id='word_1_8' title='bbox 187 372 379 427; x_wconf 82' lang='lat' dir='ltr'>cedere?</span> <span class='ocrx_word' id='word_1_9' title='bbox 399 371 604 435; x_wconf 86' lang='lat' dir='ltr'>Quanto</span> <span class='ocrx_word' id='word_1_10' title='bbox 627 371 813 442; x_wconf 87' lang='lat' dir='ltr'>magis</span> <span class='ocrx_word' id='word_1_11' title='bbox 842 371 1019 426; x_wconf 86' lang='lat' dir='ltr'>divini</span> <span class='ocrx_word' id='word_1_12' title='bbox 1043 371 1301 427; x_wconf 86' lang='lat' dir='ltr'>formam</span> <span class='ocrx_word' id='word_1_13' title='bbox 1324 372 1600 428; x_wconf 90' lang='lat' dir='ltr'>debemus</span> <span class='ocrx_word' id='word_1_14' title='bbox 1625 389 1743 427; x_wconf 82' lang='lat' dir='ltr'>ser-</span> <span class='ocrx_word' id='word_1_15' title='bbox 1768 371 2049 456; x_wconf 77' lang='lat' dir='ltr'>Ananita</span> <span class='ocrx_word' id='word_1_16' title='bbox 2095 372 2261 438; x_wconf 87' lang='lat' dir='ltr'>(Psal.</span> <span class='ocrx_word' id='word_1_17' title='bbox 2306 385 2486 440; x_wconf 80' lang='lat' dir='ltr'>LXXIV,</span> <span class='ocrx_word' id='word_1_18' title='bbox 2531 371 2604 440; x_wconf 90' lang='lat'>9).</span> <span class='ocrx_word' id='word_1_19' title='bbox 2641 391 2668 418; x_wconf 84' lang='lat'>»</span> <span class='ocrx_word' id='word_1_20' title='bbox 2721 372 2789 425; x_wconf 85' lang='lat' dir='ltr'>Et</span> <span class='ocrx_word' id='word_1_21' title='bbox 2829 370 3100 426; x_wconf 83' lang='lat' dir='ltr'>Jeremias</span> <span class='ocrx_word' id='word_1_22' title='bbox 3140 370 3219 426; x_wconf 87' lang='lat' dir='ltr'>ait</span> <span class='ocrx_word' id='word_1_23' title='bbox 3261 393 3272 426; x_wconf 90' lang='lat'><strong>:</strong></span> <span class='ocrx_word' id='word_1_24' title='bbox 3321 394 3347 420; x_wconf 93' lang='grc'><strong>‹‹</strong></span> <span class='ocrx_word' id='word_1_25' title='bbox 3377 372 3476 426; x_wconf 82' lang='lat' dir='ltr'>Ca-</span> 
     </span>
    </p>
   </div>
   <div class='ocr_carea' id='block_1_5' title="bbox 186 463 1743 537">
    <p class='ocr_par' dir='ltr' id='par_1_5' title="bbox 186 463 1743 537">
     <span class='ocr_line' id='line_1_5' title="bbox 186 463 1743 537; baseline 0.001 -20"><span class='ocrx_word' id='word_1_26' title='bbox 186 482 283 518; x_wconf 85' lang='lat' dir='ltr'>vare</span> <span class='ocrx_word' id='word_1_27' title='bbox 304 463 512 533; x_wconf 82' lang='lat' dir='ltr'>judiciii</span> <span class='ocrx_word' id='word_1_28' title='bbox 550 464 802 518; x_wconf 84' lang='lat' dir='ltr'>Christus</span> <span class='ocrx_word' id='word_1_29' title='bbox 833 465 968 520; x_wconf 84' lang='lat' dir='ltr'>dicit</span> <span class='ocrx_word' id='word_1_30' title='bbox 995 482 1007 518; x_wconf 93' lang='lat'>:</span> <span class='ocrx_word' id='word_1_31' title='bbox 1045 484 1073 517; x_wconf 73' lang='grc' dir='ltr'><strong>α</strong></span> <span class='ocrx_word' id='word_1_32' title='bbox 1101 467 1220 520; x_wconf 91' lang='lat' dir='ltr'>Non</span> <span class='ocrx_word' id='word_1_33' title='bbox 1259 483 1454 537; x_wconf 89' lang='lat' dir='ltr'>quaro</span> <span class='ocrx_word' id='word_1_34' title='bbox 1482 466 1743 521; x_wconf 89' lang='lat' dir='ltr'>volunta-</span> 
     </span>
    </p>
   </div>
   <div class='ocr_carea' id='block_1_6' title="bbox 182 557 1746 631">
    <p class='ocr_par' dir='ltr' id='par_1_6' title="bbox 182 557 1746 631">
     <span class='ocr_line' id='line_1_6' title="bbox 182 557 1746 631; baseline 0.001 -20"><span class='ocrx_word' id='word_1_35' title='bbox 182 564 269 611; x_wconf 85' lang='lat' dir='ltr'>tem</span> <span class='ocrx_word' id='word_1_36' title='bbox 291 574 480 624; x_wconf 86' lang='lat' dir='ltr'>meam,</span> <span class='ocrx_word' id='word_1_37' title='bbox 512 578 537 605; x_wconf 86' lang='grc'><strong>››</strong></span> <span class='ocrx_word' id='word_1_38' title='bbox 565 557 674 612; x_wconf 88' lang='lat' dir='ltr'>hoc</span> <span class='ocrx_word' id='word_1_39' title='bbox 701 561 806 624; x_wconf 91' lang='lat' dir='ltr'>est,</span> <span class='ocrx_word' id='word_1_40' title='bbox 846 559 1115 628; x_wconf 83' lang='lat' dir='ltr'>hominis,</span> <span class='ocrx_word' id='word_1_41' title='bbox 1154 576 1282 631; x_wconf 88' lang='lat' dir='ltr'>qua</span> <span class='ocrx_word' id='word_1_42' title='bbox 1313 561 1400 614; x_wconf 91' lang='lat' dir='ltr'>vel</span> <span class='ocrx_word' id='word_1_43' title='bbox 1439 560 1571 614; x_wconf 91' lang='lat' dir='ltr'>odio</span> <span class='ocrx_word' id='word_1_44' title='bbox 1610 560 1746 613; x_wconf 87' lang='lat' dir='ltr'>diri-</span> 
     </span>
    </p>
   </div>
   <div class='ocr_carea' id='block_1_7' title="bbox 179 650 1746 724">
    <p class='ocr_par' dir='ltr' id='par_1_7' title="bbox 179 650 1746 724">
     <span class='ocr_line' id='line_1_7' title="bbox 179 650 1746 724; baseline 0.001 -20"><span class='ocrx_word' id='word_1_45' title='bbox 179 653 315 721; x_wconf 79' lang='lat' dir='ltr'>gitur,</span> <span class='ocrx_word' id='word_1_46' title='bbox 353 652 430 705; x_wconf 88' lang='lat' dir='ltr'>vel</span> <span class='ocrx_word' id='word_1_47' title='bbox 466 650 648 705; x_wconf 89' lang='lat' dir='ltr'>studio</span> <span class='ocrx_word' id='word_1_48' title='bbox 691 651 1022 719; x_wconf 85' lang='lat' dir='ltr'>intenditur,</span> <span class='ocrx_word' id='word_1_49' title='bbox 1066 654 1150 707; x_wconf 91' lang='lat' dir='ltr'>vel</span> <span class='ocrx_word' id='word_1_50' title='bbox 1197 653 1375 724; x_wconf 88' lang='lat' dir='ltr'>gratia</span> <span class='ocrx_word' id='word_1_51' title='bbox 1416 653 1746 718; x_wconf 83' lang='lat' dir='ltr'>inﬂectitur,</span> 
     </span>
    </p>
   </div>
   <div class='ocr_carea' id='block_1_8' title="bbox 177 744 1750 816">
    <p class='ocr_par' dir='ltr' id='par_1_8' title="bbox 177 744 1750 816">
     <span class='ocr_line' id='line_1_8' title="bbox 177 744 1750 816; baseline 0.003 -21"><span class='ocrx_word' id='word_1_52' title='bbox 177 746 240 796; x_wconf 86' lang='lat' dir='ltr'>vel</span> <span class='ocrx_word' id='word_1_53' title='bbox 270 744 494 797; x_wconf 83' lang='lat' dir='ltr'>aliorum</span> <span class='ocrx_word' id='word_1_54' title='bbox 536 744 837 799; x_wconf 89' lang='lat' dir='ltr'>mendacio</span> <span class='ocrx_word' id='word_1_55' title='bbox 881 745 1224 816; x_wconf 88' lang='lat' dir='ltr'>depravatur</span> <span class='ocrx_word' id='word_1_56' title='bbox 1252 764 1264 800; x_wconf 92' lang='lat'>:</span> <span class='ocrx_word' id='word_1_57' title='bbox 1297 768 1324 794; x_wconf 87' lang='lat'><strong>«</strong></span> <span class='ocrx_word' id='word_1_58' title='bbox 1358 746 1555 801; x_wconf 85' lang='lat' dir='ltr'>Omnis</span> <span class='ocrx_word' id='word_1_59' title='bbox 1595 746 1750 801; x_wconf 89' lang='lat' dir='ltr'>enim</span> 
     </span>
    </p>
   </div>
   <div class='ocr_carea' id='block_1_9' title="bbox 177 837 1747 910">
    <p class='ocr_par' dir='ltr' id='par_1_9' title="bbox 177 837 1747 910">
     <span class='ocr_line' id='line_1_9' title="bbox 177 837 1747 910; baseline 0.003 -21"><span class='ocrx_word' id='word_1_60' title='bbox 177 839 309 890; x_wconf 88' lang='lat' dir='ltr'>homo</span> <span class='ocrx_word' id='word_1_61' title='bbox 343 837 575 891; x_wconf 82' lang='lat' dir='ltr'>mendax</span> <span class='ocrx_word' id='word_1_62' title='bbox 607 838 776 905; x_wconf 85' lang='lat' dir='ltr'>(Psal.</span> <span class='ocrx_word' id='word_1_63' title='bbox 813 855 934 906; x_wconf 79' lang='lat' dir='ltr'>cxv,</span> <span class='ocrx_word' id='word_1_64' title='bbox 976 842 1094 910; x_wconf 82' lang='lat' dir='ltr'>ll);</span> <span class='ocrx_word' id='word_1_65' title='bbox 1127 862 1155 889; x_wconf 83' lang='lat'>»</span> <span class='ocrx_word' id='word_1_66' title='bbox 1185 869 1256 880; x_wconf 89' lang='lat'>—</span> <span class='ocrx_word' id='word_1_67' title='bbox 1284 860 1312 892; x_wconf 74' lang='grc' dir='ltr'>α</span> <span class='ocrx_word' id='word_1_68' title='bbox 1343 840 1451 896; x_wconf 90' lang='lat' dir='ltr'>Sed</span> <span class='ocrx_word' id='word_1_69' title='bbox 1489 841 1747 894; x_wconf 84' lang='lat' dir='ltr'>volunta-</span> 
     </span>
    </p>
   </div>
   <div class='ocr_carea' id='block_1_10' title="bbox 176 930 1750 1002">
    <p class='ocr_par' dir='ltr' id='par_1_10' title="bbox 176 930 1750 1002">
     <span class='ocr_line' id='line_1_10' title="bbox 176 930 1750 1002; baseline 0.003 -20"><span class='ocrx_word' id='word_1_70' title='bbox 176 941 283 995; x_wconf 82' lang='lat' dir='ltr'>lem,</span> <span class='ocrx_word' id='word_1_71' title='bbox 327 930 522 1000; x_wconf 89' lang='lat' dir='ltr'>inquit,</span> <span class='ocrx_word' id='word_1_72' title='bbox 558 930 681 1000; x_wconf 84' lang='lat' dir='ltr'>ejus</span> <span class='ocrx_word' id='word_1_73' title='bbox 717 932 814 1002; x_wconf 87' lang='lat' dir='ltr'>qui</span> <span class='ocrx_word' id='word_1_74' title='bbox 853 948 946 986; x_wconf 89' lang='lat' dir='ltr'>me</span> <span class='ocrx_word' id='word_1_75' title='bbox 987 933 1174 1002; x_wconf 88' lang='lat' dir='ltr'>misit;</span> <span class='ocrx_word' id='word_1_76' title='bbox 1205 955 1232 984; x_wconf 83' lang='grc'>››</span> <span class='ocrx_word' id='word_1_77' title='bbox 1261 934 1367 987; x_wconf 90' lang='lat' dir='ltr'>hoc</span> <span class='ocrx_word' id='word_1_78' title='bbox 1405 936 1508 1001; x_wconf 90' lang='lat' dir='ltr'>est,</span> <span class='ocrx_word' id='word_1_79' title='bbox 1549 933 1750 988; x_wconf 87' lang='lat' dir='ltr'>divina</span> 
     </span>
    </p>
   </div>
   <div class='ocr_carea' id='block_1_11' title="bbox 175 1023 1750 1096">
    <p class='ocr_par' dir='ltr' id='par_1_11' title="bbox 175 1023 1750 1096">
     <span class='ocr_line' id='line_1_11' title="bbox 175 1023 1750 1096; baseline 0.003 -21"><span class='ocrx_word' id='word_1_80' title='bbox 175 1023 472 1092; x_wconf 71' lang='lat' dir='ltr'>cognitionis</span> <span class='ocrx_word' id='word_1_81' title='bbox 513 1023 757 1078; x_wconf 89' lang='lat' dir='ltr'>formam</span> <span class='ocrx_word' id='word_1_82' title='bbox 805 1026 932 1079; x_wconf 83' lang='lat' dir='ltr'>veni</span> <span class='ocrx_word' id='word_1_83' title='bbox 979 1025 1206 1094; x_wconf 91' lang='lat' dir='ltr'>docere,</span> <span class='ocrx_word' id='word_1_84' title='bbox 1242 1031 1309 1080; x_wconf 89' lang='lat' dir='ltr'>ut</span> <span class='ocrx_word' id='word_1_85' title='bbox 1348 1027 1408 1080; x_wconf 91' lang='lat' dir='ltr'>in</span> <span class='ocrx_word' id='word_1_86' title='bbox 1435 1025 1750 1096; x_wconf 89' lang='lat' dir='ltr'>judicando</span> 
     </span>
    </p>
   </div>
   <div class='ocr_carea' id='block_1_12' title="bbox 170 1116 1753 1190">
    <p class='ocr_par' dir='ltr' id='par_1_12' title="bbox 170 1116 1753 1190">
     <span class='ocr_line' id='line_1_12' title="bbox 170 1116 1753 1190; baseline 0.004 -22"><span class='ocrx_word' id='word_1_87' title='bbox 170 1117 318 1186; x_wconf 84' lang='lat' dir='ltr'>magis</span> <span class='ocrx_word' id='word_1_88' title='bbox 341 1116 490 1170; x_wconf 90' lang='lat' dir='ltr'>cordi</span> <span class='ocrx_word' id='word_1_89' title='bbox 530 1116 598 1170; x_wconf 88' lang='lat' dir='ltr'>sit</span> <span class='ocrx_word' id='word_1_90' title='bbox 633 1118 882 1172; x_wconf 84' lang='lat' dir='ltr'>veritatis</span> <span class='ocrx_word' id='word_1_91' title='bbox 925 1118 1175 1174; x_wconf 90' lang='lat' dir='ltr'>custodia</span> <span class='ocrx_word' id='word_1_92' title='bbox 1210 1135 1387 1190; x_wconf 90' lang='lat' dir='ltr'>quam</span> <span class='ocrx_word' id='word_1_93' title='bbox 1425 1118 1753 1175; x_wconf 89' lang='lat' dir='ltr'>obedientia</span> 
     </span>
    </p>
   </div>
   <div class='ocr_carea' id='block_1_13' title="bbox 170 1208 1750 1284">
    <p class='ocr_par' dir='ltr' id='par_1_13' title="bbox 170 1208 1750 1284">
     <span class='ocr_line' id='line_1_13' title="bbox 170 1208 1750 1284; baseline 0.004 -24"><span class='ocrx_word' id='word_1_94' title='bbox 170 1209 432 1262; x_wconf 79' lang='lat' dir='ltr'>voluntatis</span> <span class='ocrx_word' id='word_1_95' title='bbox 483 1208 561 1279; x_wconf 88' lang='lat'>(3,</span> <span class='ocrx_word' id='word_1_96' title='bbox 607 1217 812 1280; x_wconf 90' lang='lat' dir='ltr'>quast.</span> <span class='ocrx_word' id='word_1_97' title='bbox 865 1215 916 1276; x_wconf 83' lang='lat'>7,</span> <span class='ocrx_word' id='word_1_98' title='bbox 962 1228 1085 1282; x_wconf 86' lang='lat' dir='ltr'>cap.</span> <span class='ocrx_word' id='word_1_99' title='bbox 1136 1213 1370 1276; x_wconf 75' lang='lat' dir='ltr'>Iudicat,</span> <span class='ocrx_word' id='word_1_100' title='bbox 1419 1213 1452 1284; x_wconf 89' lang='lat'>§</span> <span class='ocrx_word' id='word_1_101' title='bbox 1492 1215 1556 1267; x_wconf 90' lang='lat' dir='ltr'>In</span> <span class='ocrx_word' id='word_1_102' title='bbox 1587 1213 1750 1281; x_wconf 85' lang='lat' dir='ltr'>judi-</span> 
     </span>
    </p>
   </div>
   <div class='ocr_carea' id='block_1_14' title="bbox 166 1303 1748 1377">
    <p class='ocr_par' dir='ltr' id='par_1_14' title="bbox 166 1303 1748 1377">
     <span class='ocr_line' id='line_1_14' title="bbox 166 1303 1748 1377; baseline 0.004 -23"><span class='ocrx_word' id='word_1_103' title='bbox 166 1303 344 1372; x_wconf 82' lang='lat' dir='ltr'>cando).</span> <span class='ocrx_word' id='word_1_104' title='bbox 384 1303 501 1357; x_wconf 84' lang='lat' dir='ltr'>Non</span> <span class='ocrx_word' id='word_1_105' title='bbox 529 1319 670 1374; x_wconf 91' lang='lat' dir='ltr'>ergo</span> <span class='ocrx_word' id='word_1_106' title='bbox 708 1304 800 1359; x_wconf 90' lang='lat' dir='ltr'>hic</span> <span class='ocrx_word' id='word_1_107' title='bbox 841 1321 1071 1375; x_wconf 88' lang='lat' dir='ltr'>quoque</span> <span class='ocrx_word' id='word_1_108' title='bbox 1111 1306 1417 1360; x_wconf 79' lang='lat' dir='ltr'>infirmitas</span> <span class='ocrx_word' id='word_1_109' title='bbox 1456 1306 1748 1377; x_wconf 85' lang='lat' dir='ltr'>potentia,</span> 
     </span>
    </p>
   </div>
   <div class='ocr_carea' id='block_1_15' title="bbox 169 1395 1123 1468">
    <p class='ocr_par' dir='ltr' id='par_1_15' title="bbox 169 1395 1123 1468">
     <span class='ocr_line' id='line_1_15' title="bbox 169 1395 1123 1468; baseline 0.004 -20"><span class='ocrx_word' id='word_1_110' title='bbox 169 1395 249 1449; x_wconf 87' lang='lat' dir='ltr'>sed</span> <span class='ocrx_word' id='word_1_111' title='bbox 274 1396 446 1451; x_wconf 89' lang='lat' dir='ltr'>forma</span> <span class='ocrx_word' id='word_1_112' title='bbox 475 1401 558 1451; x_wconf 89' lang='lat' dir='ltr'>est</span> <span class='ocrx_word' id='word_1_113' title='bbox 584 1413 848 1468; x_wconf 84' lang='lat' dir='ltr'>expressa</span> <span class='ocrx_word' id='word_1_114' title='bbox 866 1397 1123 1468; x_wconf 85' lang='lat' dir='ltr'>justitia.</span> 
     </span>
    </p>
   </div>
   <div class='ocr_carea' id='block_1_16' title="bbox 218 1490 1754 1564">
    <p class='ocr_par' dir='ltr' id='par_1_16' title="bbox 218 1490 1754 1564">
     <span class='ocr_line' id='line_1_16' title="bbox 218 1490 1754 1564; baseline 0.003 -21"><span class='ocrx_word' id='word_1_115' title='bbox 218 1491 293 1544; x_wconf 76' lang='grc'>40.</span> <span class='ocrx_word' id='word_1_116' title='bbox 318 1491 531 1544; x_wconf 71' lang='lat' dir='ltr'>iustum</span> <span class='ocrx_word' id='word_1_117' title='bbox 562 1490 739 1560; x_wconf 81' lang='lat' dir='ltr'>igitur</span> <span class='ocrx_word' id='word_1_118' title='bbox 767 1494 852 1545; x_wconf 91' lang='lat' dir='ltr'>est</span> <span class='ocrx_word' id='word_1_119' title='bbox 881 1491 1162 1560; x_wconf 87' lang='lat' dir='ltr'>judicium</span> <span class='ocrx_word' id='word_1_120' title='bbox 1207 1491 1325 1545; x_wconf 82' lang='lat' dir='ltr'>Filii</span> <span class='ocrx_word' id='word_1_121' title='bbox 1357 1493 1474 1553; x_wconf 90' lang='lat' dir='ltr'>Dei,</span> <span class='ocrx_word' id='word_1_122' title='bbox 1504 1492 1637 1564; x_wconf 88' lang='lat' dir='ltr'>quia</span> <span class='ocrx_word' id='word_1_123' title='bbox 1672 1497 1754 1548; x_wconf 89' lang='lat' dir='ltr'>est</span> 
     </span>
    </p>
   </div>
   <div class='ocr_carea' id='block_1_17' title="bbox 165 1582 1754 1650">
    <p class='ocr_par' dir='ltr' id='par_1_17' title="bbox 165 1582 1754 1650">
     <span class='ocr_line' id='line_1_17' title="bbox 165 1582 1754 1650; baseline 0.003 -16"><span class='ocrx_word' id='word_1_124' title='bbox 165 1582 438 1636; x_wconf 89' lang='lat' dir='ltr'>secundum</span> <span class='ocrx_word' id='word_1_125' title='bbox 473 1583 828 1638; x_wconf 80' lang='lat' dir='ltr'>voluntatem</span> <span class='ocrx_word' id='word_1_126' title='bbox 855 1583 974 1650; x_wconf 88' lang='lat' dir='ltr'>Dei,</span> <span class='ocrx_word' id='word_1_127' title='bbox 1012 1600 1126 1638; x_wconf 90' lang='lat' dir='ltr'>non</span> <span class='ocrx_word' id='word_1_128' title='bbox 1154 1585 1468 1639; x_wconf 91' lang='lat' dir='ltr'>secundum</span> <span class='ocrx_word' id='word_1_129' title='bbox 1500 1586 1754 1640; x_wconf 89' lang='lat' dir='ltr'>hominis</span> 
     </span>
    </p>
   </div>
   <div class='ocr_carea' id='block_1_18' title="bbox 165 1674 1756 1748">
    <p class='ocr_par' dir='ltr' id='par_1_18' title="bbox 165 1674 1756 1748">
     <span class='ocr_line' id='line_1_18' title="bbox 165 1674 1756 1748; baseline 0.003 -20"><span class='ocrx_word' id='word_1_130' title='bbox 165 1674 417 1743; x_wconf 77' lang='lat' dir='ltr'>affectum;</span> <span class='ocrx_word' id='word_1_131' title='bbox 440 1676 592 1730; x_wconf 88' lang='lat' dir='ltr'>Deus</span> <span class='ocrx_word' id='word_1_132' title='bbox 619 1677 776 1730; x_wconf 91' lang='lat' dir='ltr'>enim</span> <span class='ocrx_word' id='word_1_133' title='bbox 801 1676 1324 1732; x_wconf 88' lang='lat' dir='ltr'>misericordiarum</span> <span class='ocrx_word' id='word_1_134' title='bbox 1348 1679 1547 1748; x_wconf 90' lang='lat' dir='ltr'>plenus</span> <span class='ocrx_word' id='word_1_135' title='bbox 1567 1683 1672 1748; x_wconf 90' lang='lat' dir='ltr'>est,</span> <span class='ocrx_word' id='word_1_136' title='bbox 1696 1682 1756 1732; x_wconf 92' lang='lat' dir='ltr'>et</span> 
     </span>
    </p>
   </div>
   <div class='ocr_carea' id='block_1_19' title="bbox 167 1750 1830 1841">
    <p class='ocr_par' dir='ltr' id='par_1_19' title="bbox 167 1750 1830 1841">
     <span class='ocr_line' id='line_1_19' title="bbox 167 1750 1830 1841; baseline 0.003 -20"><span class='ocrx_word' id='word_1_137' title='bbox 167 1768 519 1822; x_wconf 86' lang='lat' dir='ltr'>misericordia</span> <span class='ocrx_word' id='word_1_138' title='bbox 561 1769 684 1838; x_wconf 85' lang='lat' dir='ltr'>ejus</span> <span class='ocrx_word' id='word_1_139' title='bbox 725 1785 856 1824; x_wconf 91' lang='lat' dir='ltr'>cum</span> <span class='ocrx_word' id='word_1_140' title='bbox 901 1769 1143 1839; x_wconf 91' lang='lat' dir='ltr'>judicio,</span> <span class='ocrx_word' id='word_1_141' title='bbox 1190 1774 1246 1825; x_wconf 91' lang='lat' dir='ltr'>et</span> <span class='ocrx_word' id='word_1_142' title='bbox 1284 1770 1570 1841; x_wconf 87' lang='lat' dir='ltr'>judicium</span> <span class='ocrx_word' id='word_1_143' title='bbox 1621 1789 1753 1826; x_wconf 91' lang='lat' dir='ltr'>cum</span> <span class='ocrx_word' id='word_1_144' title='bbox 1780 1750 1830 1820; x_wconf 83' lang='grc' dir='ltr'>Β</span> 
     </span>
    </p>
   </div>
   <div class='ocr_carea' id='block_1_20' title="bbox 165 1861 1754 1937">
    <p class='ocr_par' dir='ltr' id='par_1_20' title="bbox 165 1861 1754 1937">
     <span class='ocr_line' id='line_1_20' title="bbox 165 1861 1754 1937; baseline 0.003 -22"><span class='ocrx_word' id='word_1_145' title='bbox 165 1861 532 1931; x_wconf 83' lang='lat' dir='ltr'>misericordia,</span> <span class='ocrx_word' id='word_1_146' title='bbox 578 1878 765 1934; x_wconf 90' lang='lat' dir='ltr'>neque</span> <span class='ocrx_word' id='word_1_147' title='bbox 803 1863 926 1917; x_wconf 87' lang='lat' dir='ltr'>sine</span> <span class='ocrx_word' id='word_1_148' title='bbox 961 1863 1178 1933; x_wconf 91' lang='lat' dir='ltr'>judicio</span> <span class='ocrx_word' id='word_1_149' title='bbox 1216 1864 1540 1931; x_wconf 88' lang='lat' dir='ltr'>miseretur,</span> <span class='ocrx_word' id='word_1_150' title='bbox 1568 1882 1754 1937; x_wconf 91' lang='lat' dir='ltr'>neque</span> 
     </span>
    </p>
   </div>
   <div class='ocr_carea' id='block_1_21' title="bbox 164 1954 1750 2029">
    <p class='ocr_par' dir='ltr' id='par_1_21' title="bbox 164 1954 1750 2029">
     <span class='ocr_line' id='line_1_21' title="bbox 164 1954 1750 2029; baseline 0.004 -22"><span class='ocrx_word' id='word_1_151' title='bbox 164 1956 258 2008; x_wconf 88' lang='lat' dir='ltr'>sine</span> <span class='ocrx_word' id='word_1_152' title='bbox 297 1954 681 2010; x_wconf 87' lang='lat' dir='ltr'>misericordia</span> <span class='ocrx_word' id='word_1_153' title='bbox 713 1956 951 2025; x_wconf 90' lang='lat' dir='ltr'>judicat.</span> <span class='ocrx_word' id='word_1_154' title='bbox 996 1957 1254 2028; x_wconf 88' lang='lat' dir='ltr'>Denique</span> <span class='ocrx_word' id='word_1_155' title='bbox 1297 1959 1571 2029; x_wconf 89' lang='lat' dir='ltr'>scriptum</span> <span class='ocrx_word' id='word_1_156' title='bbox 1611 1963 1697 2013; x_wconf 88' lang='lat' dir='ltr'>est</span> <span class='ocrx_word' id='word_1_157' title='bbox 1737 1975 1750 2012; x_wconf 89' lang='lat'><strong>:</strong></span> 
     </span>
    </p>
   </div>
   <div class='ocr_carea' id='block_1_22' title="bbox 164 2048 1755 2120">
    <p class='ocr_par' dir='ltr' id='par_1_22' title="bbox 164 2048 1755 2120">
     <span class='ocr_line' id='line_1_22' title="bbox 164 2048 1755 2120; baseline 0.004 -19"><span class='ocrx_word' id='word_1_158' title='bbox 164 2069 183 2094; x_wconf 74' lang='grc' dir='ltr'><strong><em>ιι</em></strong></span> <span class='ocrx_word' id='word_1_159' title='bbox 213 2048 573 2102; x_wconf 76' lang='lat' dir='ltr'>Misericordia</span> <span class='ocrx_word' id='word_1_160' title='bbox 599 2050 723 2118; x_wconf 87' lang='lat' dir='ltr'>ejus</span> <span class='ocrx_word' id='word_1_161' title='bbox 761 2050 820 2103; x_wconf 91' lang='lat' dir='ltr'>in</span> <span class='ocrx_word' id='word_1_162' title='bbox 849 2051 1070 2104; x_wconf 79' lang='lat' dir='ltr'>steteris</span> <span class='ocrx_word' id='word_1_163' title='bbox 1100 2052 1249 2116; x_wconf 87' lang='lat' dir='ltr'>(Isa.,</span> <span class='ocrx_word' id='word_1_164' title='bbox 1279 2066 1465 2120; x_wconf 84' lang='lat' dir='ltr'>xxvm,</span> <span class='ocrx_word' id='word_1_165' title='bbox 1496 2055 1603 2118; x_wconf 85' lang='lat' dir='ltr'>i7).</span> <span class='ocrx_word' id='word_1_166' title='bbox 1636 2073 1662 2100; x_wconf 84' lang='lat'><strong>»</strong></span> <span class='ocrx_word' id='word_1_167' title='bbox 1685 2081 1755 2092; x_wconf 89' lang='lat'><strong>—</strong></span> 
     </span>
    </p>
   </div>
   <div class='ocr_carea' id='block_1_23' title="bbox 162 2141 1757 2212">
    <p class='ocr_par' dir='ltr' id='par_1_23' title="bbox 162 2141 1757 2212">
     <span class='ocr_line' id='line_1_23' title="bbox 162 2141 1757 2212; baseline 0.004 -20"><span class='ocrx_word' id='word_1_168' title='bbox 162 2159 182 2189; x_wconf 81' lang='grc' dir='ltr'>ι</span> <span class='ocrx_word' id='word_1_169' title='bbox 216 2141 318 2194; x_wconf 80' lang='lat' dir='ltr'>Filii</span> <span class='ocrx_word' id='word_1_170' title='bbox 352 2146 551 2195; x_wconf 87' lang='lat' dir='ltr'>autem</span> <span class='ocrx_word' id='word_1_171' title='bbox 600 2141 899 2196; x_wconf 88' lang='lat' dir='ltr'>hominum</span> <span class='ocrx_word' id='word_1_172' title='bbox 949 2144 1258 2198; x_wconf 88' lang='lat' dir='ltr'>mendaces</span> <span class='ocrx_word' id='word_1_173' title='bbox 1300 2145 1358 2198; x_wconf 88' lang='lat' dir='ltr'>in</span> <span class='ocrx_word' id='word_1_174' title='bbox 1403 2145 1650 2212; x_wconf 80' lang='lat' dir='ltr'>steteris,</span> <span class='ocrx_word' id='word_1_175' title='bbox 1691 2149 1757 2200; x_wconf 91' lang='lat' dir='ltr'>ut</span> 
     </span>
    </p>
   </div>
   <div class='ocr_carea' id='block_1_24' title="bbox 160 2233 1758 2310">
    <p class='ocr_par' dir='ltr' id='par_1_24' title="bbox 160 2233 1758 2310">
     <span class='ocr_line' id='line_1_24' title="bbox 160 2233 1758 2310; baseline 0.004 -24"><span class='ocrx_word' id='word_1_176' title='bbox 160 2233 409 2304; x_wconf 90' lang='lat' dir='ltr'>decipiant</span> <span class='ocrx_word' id='word_1_177' title='bbox 464 2236 636 2304; x_wconf 84' lang='lat' dir='ltr'>(Psal.</span> <span class='ocrx_word' id='word_1_178' title='bbox 702 2252 819 2304; x_wconf 79' lang='lat' dir='ltr'>LXI,</span> <span class='ocrx_word' id='word_1_179' title='bbox 885 2238 990 2305; x_wconf 87' lang='lat' dir='ltr'>lO).</span> <span class='ocrx_word' id='word_1_180' title='bbox 1051 2257 1075 2288; x_wconf 80' lang='grc'>››</span> <span class='ocrx_word' id='word_1_181' title='bbox 1136 2238 1434 2293; x_wconf 86' lang='lat' dir='ltr'>Examinat</span> <span class='ocrx_word' id='word_1_182' title='bbox 1496 2255 1636 2310; x_wconf 90' lang='lat' dir='ltr'>ergo</span> <span class='ocrx_word' id='word_1_183' title='bbox 1699 2242 1758 2293; x_wconf 88' lang='lat' dir='ltr'>et</span> 
     </span>
    </p>
   </div>
   <div class='ocr_carea' id='block_1_25' title="bbox 162 2311 1752 2402">
    <p class='ocr_par' dir='ltr' id='par_1_25' title="bbox 162 2311 1752 2402">
     <span class='ocr_line' id='line_1_25' title="bbox 162 2311 1752 2402; baseline 0.006 -24"><span class='ocrx_word' id='word_1_184' title='bbox 162 2328 362 2380; x_wconf 87' lang='lat' dir='ltr'>trutinat</span> <span class='ocrx_word' id='word_1_185' title='bbox 407 2329 558 2382; x_wconf 90' lang='lat' dir='ltr'>Deus</span> <span class='ocrx_word' id='word_1_186' title='bbox 607 2329 808 2384; x_wconf 88' lang='lat' dir='ltr'>merita</span> <span class='ocrx_word' id='word_1_187' title='bbox 852 2329 1226 2401; x_wconf 87' lang='lat' dir='ltr'>singulorum,</span> <span class='ocrx_word' id='word_1_188' title='bbox 1272 2333 1331 2384; x_wconf 87' lang='lat' dir='ltr'>et</span> <span class='ocrx_word' id='word_1_189' title='bbox 1375 2311 1752 2402; x_wconf 77' lang='lat' dir='ltr'>quemadmo-</span> 
     </span>
    </p>
   </div>
   <div class='ocr_carea' id='block_1_26' title="bbox 160 2419 1755 2494">
    <p class='ocr_par' dir='ltr' id='par_1_26' title="bbox 160 2419 1755 2494">
     <span class='ocr_line' id='line_1_26' title="bbox 160 2419 1755 2494; baseline 0.006 -24"><span class='ocrx_word' id='word_1_190' title='bbox 160 2419 268 2474; x_wconf 87' lang='lat' dir='ltr'>dum</span> <span class='ocrx_word' id='word_1_191' title='bbox 293 2437 390 2490; x_wconf 90' lang='lat' dir='ltr'>pro</span> <span class='ocrx_word' id='word_1_192' title='bbox 416 2438 686 2477; x_wconf 83' lang='lat' dir='ltr'>mensura</span> <span class='ocrx_word' id='word_1_193' title='bbox 713 2422 810 2477; x_wconf 90' lang='lat' dir='ltr'>dat</span> <span class='ocrx_word' id='word_1_194' title='bbox 837 2423 1100 2494; x_wconf 86' lang='lat' dir='ltr'>gratiam,</span> <span class='ocrx_word' id='word_1_195' title='bbox 1127 2440 1200 2478; x_wconf 93' lang='lat' dir='ltr'>ne</span> <span class='ocrx_word' id='word_1_196' title='bbox 1229 2439 1399 2494; x_wconf 89' lang='lat' dir='ltr'>supra</span> <span class='ocrx_word' id='word_1_197' title='bbox 1425 2441 1755 2480; x_wconf 88' lang='lat' dir='ltr'>mensuram</span> 
     </span>
    </p>
   </div>
   <div class='ocr_carea' id='block_1_27' title="bbox 159 2513 1750 2584">
    <p class='ocr_par' dir='ltr' id='par_1_27' title="bbox 159 2513 1750 2584">
     <span class='ocr_line' id='line_1_27' title="bbox 159 2513 1750 2584; baseline 0.005 -20"><span class='ocrx_word' id='word_1_198' title='bbox 159 2513 234 2575; x_wconf 87' lang='lat' dir='ltr'>sit;</span> <span class='ocrx_word' id='word_1_199' title='bbox 263 2514 334 2567; x_wconf 84' lang='lat' dir='ltr'>ita</span> <span class='ocrx_word' id='word_1_200' title='bbox 366 2531 468 2584; x_wconf 91' lang='lat' dir='ltr'>pro</span> <span class='ocrx_word' id='word_1_201' title='bbox 504 2532 775 2569; x_wconf 86' lang='lat' dir='ltr'>mensura</span> <span class='ocrx_word' id='word_1_202' title='bbox 809 2516 906 2570; x_wconf 91' lang='lat' dir='ltr'>dat</span> <span class='ocrx_word' id='word_1_203' title='bbox 935 2516 1404 2572; x_wconf 87' lang='lat' dir='ltr'>misericordiam.</span> <span class='ocrx_word' id='word_1_204' title='bbox 1436 2517 1596 2572; x_wconf 89' lang='lat' dir='ltr'>Unde</span> <span class='ocrx_word' id='word_1_205' title='bbox 1627 2517 1707 2572; x_wconf 86' lang='lat' dir='ltr'>ait</span> <span class='ocrx_word' id='word_1_206' title='bbox 1737 2535 1750 2572; x_wconf 91' lang='lat'>:</span> 
     </span>
    </p>
   </div>
   <div class='ocr_carea' id='block_1_28' title="bbox 160 2605 1758 2681">
    <p class='ocr_par' dir='ltr' id='par_1_28' title="bbox 160 2605 1758 2681">
     <span class='ocr_line' id='line_1_28' title="bbox 160 2605 1758 2681; baseline 0.003 -21"><span class='ocrx_word' id='word_1_207' title='bbox 160 2626 179 2652; x_wconf 66' lang='grc' dir='ltr'>(ί</span> <span class='ocrx_word' id='word_1_208' title='bbox 208 2605 511 2662; x_wconf 75' lang='lat' dir='ltr'>Mensuram</span> <span class='ocrx_word' id='word_1_209' title='bbox 544 2609 781 2675; x_wconf 85' lang='lat' dir='ltr'>bonam,</span> <span class='ocrx_word' id='word_1_210' title='bbox 802 2609 1138 2679; x_wconf 88' lang='lat' dir='ltr'>confertam,</span> <span class='ocrx_word' id='word_1_211' title='bbox 1169 2615 1539 2677; x_wconf 88' lang='lat' dir='ltr'>commotam,</span> <span class='ocrx_word' id='word_1_212' title='bbox 1567 2627 1758 2681; x_wconf 88' lang='lat' dir='ltr'>super-</span> 
     </span>
    </p>
   </div>
   <div class='ocr_carea' id='block_1_29' title="bbox 159 2697 1754 2758">
    <p class='ocr_par' dir='ltr' id='par_1_29' title="bbox 159 2697 1754 2758">
     <span class='ocr_line' id='line_1_29' title="bbox 159 2697 1754 2758; baseline 0.005 -9"><span class='ocrx_word' id='word_1_213' title='bbox 159 2697 448 2754; x_wconf 77' lang='lat' dir='ltr'>eillueutem</span> <span class='ocrx_word' id='word_1_214' title='bbox 478 2699 702 2755; x_wconf 87' lang='lat' dir='ltr'>dabunt</span> <span class='ocrx_word' id='word_1_215' title='bbox 731 2702 788 2755; x_wconf 93' lang='lat' dir='ltr'>in</span> <span class='ocrx_word' id='word_1_216' title='bbox 822 2701 1008 2756; x_wconf 89' lang='lat' dir='ltr'>sinum</span> <span class='ocrx_word' id='word_1_217' title='bbox 1037 2708 1310 2757; x_wconf 90' lang='lat' dir='ltr'>vestrum.</span> <span class='ocrx_word' id='word_1_218' title='bbox 1343 2702 1558 2757; x_wconf 88' lang='lat' dir='ltr'>Eadem</span> <span class='ocrx_word' id='word_1_219' title='bbox 1591 2719 1754 2758; x_wconf 88' lang='lat' dir='ltr'>men-</span> 
     </span>
    </p>
   </div>
   <div class='ocr_carea' id='block_1_30' title="bbox 158 2793 1755 2866">
    <p class='ocr_par' dir='ltr' id='par_1_30' title="bbox 158 2793 1755 2866">
     <span class='ocr_line' id='line_1_30' title="bbox 158 2793 1755 2866; baseline 0.004 -23"><span class='ocrx_word' id='word_1_220' title='bbox 158 2807 260 2844; x_wconf 86' lang='lat' dir='ltr'>sura</span> <span class='ocrx_word' id='word_1_221' title='bbox 293 2809 402 2863; x_wconf 92' lang='lat' dir='ltr'>qua</span> <span class='ocrx_word' id='word_1_222' title='bbox 447 2793 642 2847; x_wconf 89' lang='lat' dir='ltr'>mensi</span> <span class='ocrx_word' id='word_1_223' title='bbox 676 2793 919 2864; x_wconf 89' lang='lat' dir='ltr'>fueritis,</span> <span class='ocrx_word' id='word_1_224' title='bbox 965 2795 1234 2849; x_wconf 86' lang='lat' dir='ltr'>reddetur</span> <span class='ocrx_word' id='word_1_225' title='bbox 1273 2794 1433 2850; x_wconf 83' lang='lat' dir='ltr'>vobis</span> <span class='ocrx_word' id='word_1_226' title='bbox 1474 2796 1648 2866; x_wconf 89' lang='lat' dir='ltr'>(Luc.,</span> <span class='ocrx_word' id='word_1_227' title='bbox 1681 2812 1755 2864; x_wconf 80' lang='lat' dir='ltr'>vr,</span> 
     </span>
    </p>
   </div>
   <div class='ocr_carea' id='block_1_31' title="bbox 161 2886 1755 2960">
    <p class='ocr_par' dir='ltr' id='par_1_31' title="bbox 161 2886 1755 2960">
     <span class='ocr_line' id='line_1_31' title="bbox 161 2886 1755 2960; baseline 0.005 -24"><span class='ocrx_word' id='word_1_228' title='bbox 161 2886 245 2952; x_wconf 85' lang='lat'>38).</span> <span class='ocrx_word' id='word_1_229' title='bbox 271 2905 295 2936; x_wconf 70' lang='grc' dir='ltr'><strong>η</strong></span> <span class='ocrx_word' id='word_1_230' title='bbox 325 2886 608 2941; x_wconf 88' lang='lat' dir='ltr'>Similiter</span> <span class='ocrx_word' id='word_1_231' title='bbox 636 2887 695 2941; x_wconf 92' lang='lat' dir='ltr'>in</span> <span class='ocrx_word' id='word_1_232' title='bbox 724 2893 930 2952; x_wconf 86' lang='lat' dir='ltr'>statera</span> <span class='ocrx_word' id='word_1_233' title='bbox 958 2889 1312 2959; x_wconf 87' lang='lat' dir='ltr'>singulorum</span> <span class='ocrx_word' id='word_1_234' title='bbox 1336 2889 1484 2943; x_wconf 92' lang='lat' dir='ltr'>facta</span> <span class='ocrx_word' id='word_1_235' title='bbox 1510 2905 1755 2960; x_wconf 89' lang='lat' dir='ltr'>pensan-</span> 
     </span>
    </p>
   </div>
   <div class='ocr_carea' id='block_1_32' title="bbox 160 2980 1755 3052">
    <p class='ocr_par' dir='ltr' id='par_1_32' title="bbox 160 2980 1755 3052">
     <span class='ocr_line' id='line_1_32' title="bbox 160 2980 1755 3052; baseline 0.006 -23"><span class='ocrx_word' id='word_1_236' title='bbox 160 2980 256 3044; x_wconf 85' lang='lat' dir='ltr'>tur;</span> <span class='ocrx_word' id='word_1_237' title='bbox 279 2984 340 3034; x_wconf 88' lang='lat' dir='ltr'>ut</span> <span class='ocrx_word' id='word_1_238' title='bbox 368 2981 415 3034; x_wconf 89' lang='lat' dir='ltr'>si</span> <span class='ocrx_word' id='word_1_239' title='bbox 453 2981 614 3035; x_wconf 88' lang='lat' dir='ltr'>bona</span> <span class='ocrx_word' id='word_1_240' title='bbox 655 2997 833 3051; x_wconf 88' lang='lat' dir='ltr'>opera</span> <span class='ocrx_word' id='word_1_241' title='bbox 871 2981 1036 3036; x_wconf 90' lang='lat' dir='ltr'>malis</span> <span class='ocrx_word' id='word_1_242' title='bbox 1073 2982 1534 3052; x_wconf 88' lang='lat' dir='ltr'>praponderent,</span> <span class='ocrx_word' id='word_1_243' title='bbox 1564 2999 1755 3038; x_wconf 89' lang='lat' dir='ltr'>remu-</span> 
     </span>
    </p>
   </div>
   <div class='ocr_carea' id='block_1_33' title="bbox 161 3072 1760 3149">
    <p class='ocr_par' dir='ltr' id='par_1_33' title="bbox 161 3072 1760 3149">
     <span class='ocr_line' id='line_1_33' title="bbox 161 3072 1760 3149; baseline 0.006 -27"><span class='ocrx_word' id='word_1_244' title='bbox 161 3072 342 3127; x_wconf 87' lang='lat' dir='ltr'>neratio</span> <span class='ocrx_word' id='word_1_245' title='bbox 370 3074 602 3144; x_wconf 88' lang='lat' dir='ltr'>pramii</span> <span class='ocrx_word' id='word_1_246' title='bbox 632 3073 949 3141; x_wconf 80' lang='lat' dir='ltr'>deferatur;</span> <span class='ocrx_word' id='word_1_247' title='bbox 973 3076 1019 3128; x_wconf 91' lang='lat' dir='ltr'>si</span> <span class='ocrx_word' id='word_1_248' title='bbox 1047 3081 1275 3145; x_wconf 90' lang='lat' dir='ltr'>peccata</span> <span class='ocrx_word' id='word_1_249' title='bbox 1301 3075 1350 3147; x_wconf 78' lang='grc'>1</span> <span class='ocrx_word' id='word_1_250' title='bbox 1367 3074 1559 3149; x_wconf 82' lang='grc'>233</span> <span class='ocrx_word' id='word_1_251' title='bbox 1591 3078 1760 3132; x_wconf 90' lang='lat' dir='ltr'>virtu-</span> 
     </span>
    </p>
   </div>
   <div class='ocr_carea' id='block_1_34' title="bbox 161 3162 1762 3241">
    <p class='ocr_par' dir='ltr' id='par_1_34' title="bbox 161 3162 1762 3241">
     <span class='ocr_line' id='line_1_34' title="bbox 161 3162 1762 3241; baseline 0.007 -28"><span class='ocrx_word' id='word_1_252' title='bbox 161 3162 299 3233; x_wconf 84' lang='lat' dir='ltr'>tibus,</span> <span class='ocrx_word' id='word_1_253' title='bbox 321 3166 546 3222; x_wconf 88' lang='lat' dir='ltr'>tristior</span> <span class='ocrx_word' id='word_1_254' title='bbox 565 3182 727 3222; x_wconf 90' lang='lat' dir='ltr'>reum</span> <span class='ocrx_word' id='word_1_255' title='bbox 756 3183 925 3239; x_wconf 82' lang='lat' dir='ltr'>pana</span> <span class='ocrx_word' id='word_1_256' title='bbox 949 3168 1322 3238; x_wconf 85' lang='lat' dir='ltr'>constringat;</span> <span class='ocrx_word' id='word_1_257' title='bbox 1352 3169 1508 3240; x_wconf 91' lang='lat' dir='ltr'>quod</span> <span class='ocrx_word' id='word_1_258' title='bbox 1537 3186 1762 3241; x_wconf 82' lang='lat' dir='ltr'>expres-</span> 
     </span>
    </p>
   </div>
   <div class='ocr_carea' id='block_1_35' title="bbox 162 3259 1757 3332">
    <p class='ocr_par' dir='ltr' id='par_1_35' title="bbox 162 3259 1757 3332">
     <span class='ocr_line' id='line_1_35' title="bbox 162 3259 1757 3332; baseline 0.006 -23"><span class='ocrx_word' id='word_1_259' title='bbox 162 3272 260 3311; x_wconf 82' lang='lat' dir='ltr'>sum</span> <span class='ocrx_word' id='word_1_260' title='bbox 288 3259 456 3314; x_wconf 85' lang='lat' dir='ltr'>habes</span> <span class='ocrx_word' id='word_1_261' title='bbox 483 3259 567 3314; x_wconf 85' lang='lat' dir='ltr'>ad</span> <span class='ocrx_word' id='word_1_262' title='bbox 591 3259 977 3329; x_wconf 87' lang='lat' dir='ltr'>Timotheum,</span> <span class='ocrx_word' id='word_1_263' title='bbox 1004 3261 1226 3316; x_wconf 84' lang='lat' dir='ltr'>dicente</span> <span class='ocrx_word' id='word_1_264' title='bbox 1255 3263 1510 3332; x_wconf 87' lang='lat' dir='ltr'>apostolo</span> <span class='ocrx_word' id='word_1_265' title='bbox 1541 3265 1713 3318; x_wconf 87' lang='lat' dir='ltr'>Paulo</span> <span class='ocrx_word' id='word_1_266' title='bbox 1744 3281 1757 3319; x_wconf 87' lang='lat'><strong>:</strong></span> 
     </span>
    </p>
   </div>
   <div class='ocr_carea' id='block_1_36' title="bbox 159 3350 1764 3425">
    <p class='ocr_par' dir='ltr' id='par_1_36' title="bbox 159 3350 1764 3425">
     <span class='ocr_line' id='line_1_36' title="bbox 159 3350 1764 3425; baseline 0.004 -20"><span class='ocrx_word' id='word_1_267' title='bbox 159 3350 597 3414; x_wconf 73' lang='lat' dir='ltr'>«Quorumdam</span> <span class='ocrx_word' id='word_1_268' title='bbox 653 3353 958 3408; x_wconf 89' lang='lat' dir='ltr'>hominum</span> <span class='ocrx_word' id='word_1_269' title='bbox 1007 3361 1236 3425; x_wconf 89' lang='lat' dir='ltr'>peccata</span> <span class='ocrx_word' id='word_1_270' title='bbox 1287 3355 1579 3411; x_wconf 86' lang='lat' dir='ltr'>manifesta</span> <span class='ocrx_word' id='word_1_271' title='bbox 1627 3363 1764 3412; x_wconf 89' lang='lat' dir='ltr'>sunt</span> 
     </span>
    </p>
   </div>
   <div class='ocr_carea' id='block_1_37' title="bbox 160 3445 1760 3517">
    <p class='ocr_par' dir='ltr' id='par_1_37' title="bbox 160 3445 1760 3517">
     <span class='ocr_line' id='line_1_37' title="bbox 160 3445 1760 3517; baseline 0.005 -21"><span class='ocrx_word' id='word_1_272' title='bbox 160 3446 496 3510; x_wconf 69' lang='lat' dir='ltr'>praecedentia</span> <span class='ocrx_word' id='word_1_273' title='bbox 551 3445 624 3499; x_wconf 89' lang='lat' dir='ltr'>ad</span> <span class='ocrx_word' id='word_1_274' title='bbox 654 3445 955 3516; x_wconf 89' lang='lat' dir='ltr'>judicium,</span> <span class='ocrx_word' id='word_1_275' title='bbox 990 3447 1268 3517; x_wconf 89' lang='lat' dir='ltr'>quosdam</span> <span class='ocrx_word' id='word_1_276' title='bbox 1310 3452 1502 3504; x_wconf 89' lang='lat' dir='ltr'>autem</span> <span class='ocrx_word' id='word_1_277' title='bbox 1542 3455 1600 3504; x_wconf 90' lang='lat' dir='ltr'>et</span> <span class='ocrx_word' id='word_1_278' title='bbox 1628 3451 1760 3504; x_wconf 88' lang='lat' dir='ltr'>sub-</span> 
     </span>
    </p>
   </div>
   <div class='ocr_carea' id='block_1_38' title="bbox 159 3539 1763 3610">
    <p class='ocr_par' dir='ltr' id='par_1_38' title="bbox 159 3539 1763 3610">
     <span class='ocr_line' id='line_1_38' title="bbox 159 3539 1763 3610; baseline 0.006 -22"><span class='ocrx_word' id='word_1_279' title='bbox 159 3545 438 3607; x_wconf 88' lang='lat' dir='ltr'>sequuntur</span> <span class='ocrx_word' id='word_1_280' title='bbox 465 3542 510 3610; x_wconf 86' lang='lat' dir='ltr'>(l</span> <span class='ocrx_word' id='word_1_281' title='bbox 550 3542 708 3603; x_wconf 85' lang='lat' dir='ltr'>Tim.,</span> <span class='ocrx_word' id='word_1_282' title='bbox 749 3556 802 3606; x_wconf 91' lang='lat' dir='ltr'>v,</span> <span class='ocrx_word' id='word_1_283' title='bbox 831 3540 942 3610; x_wconf 77' lang='grc'>24).</span> <span class='ocrx_word' id='word_1_284' title='bbox 977 3562 1006 3590; x_wconf 82' lang='grc'>››</span> <span class='ocrx_word' id='word_1_285' title='bbox 1039 3539 1311 3595; x_wconf 84' lang='lat' dir='ltr'>Similiter</span> <span class='ocrx_word' id='word_1_286' title='bbox 1340 3545 1396 3596; x_wconf 89' lang='lat' dir='ltr'>et</span> <span class='ocrx_word' id='word_1_287' title='bbox 1433 3542 1582 3596; x_wconf 89' lang='lat' dir='ltr'>facta</span> <span class='ocrx_word' id='word_1_288' title='bbox 1609 3542 1763 3598; x_wconf 90' lang='lat' dir='ltr'>bona</span> 
     </span>
    </p>
   </div>
   <div class='ocr_carea' id='block_1_39' title="bbox 160 3632 1765 3704">
    <p class='ocr_par' dir='ltr' id='par_1_39' title="bbox 160 3632 1765 3704">
     <span class='ocr_line' id='line_1_39' title="bbox 160 3632 1765 3704; baseline 0.003 -18"><span class='ocrx_word' id='word_1_289' title='bbox 160 3632 418 3688; x_wconf 83' lang='lat' dir='ltr'>manifesta</span> <span class='ocrx_word' id='word_1_290' title='bbox 457 3638 618 3699; x_wconf 88' lang='lat' dir='ltr'>sunt,</span> <span class='ocrx_word' id='word_1_291' title='bbox 659 3638 715 3688; x_wconf 90' lang='lat' dir='ltr'>et</span> <span class='ocrx_word' id='word_1_292' title='bbox 750 3649 878 3703; x_wconf 88' lang='lat' dir='ltr'>qua</span> <span class='ocrx_word' id='word_1_293' title='bbox 915 3633 1080 3688; x_wconf 91' lang='lat' dir='ltr'>aliter</span> <span class='ocrx_word' id='word_1_294' title='bbox 1121 3650 1180 3688; x_wconf 90' lang='lat' dir='ltr'>se</span> <span class='ocrx_word' id='word_1_295' title='bbox 1220 3634 1454 3704; x_wconf 85' lang='lat' dir='ltr'>habent,</span> <span class='ocrx_word' id='word_1_296' title='bbox 1495 3635 1765 3691; x_wconf 89' lang='lat' dir='ltr'>abscondi</span> 
     </span>
    </p>
   </div>
   <div class='ocr_carea' id='block_1_40' title="bbox 160 3735 530 3797">
    <p class='ocr_par' dir='ltr' id='par_1_40' title="bbox 160 3735 530 3797">
     <span class='ocr_line' id='line_1_40' title="bbox 160 3735 530 3797; baseline 0.011 -22"><span class='ocrx_word' id='word_1_297' title='bbox 160 3738 250 3778; x_wconf 87' lang='lat' dir='ltr'>non</span> <span class='ocrx_word' id='word_1_298' title='bbox 266 3735 530 3797; x_wconf 87' lang='lat' dir='ltr'>possunt.</span> 
     </span>
    </p>
   </div>
   <div class='ocr_carea' id='block_1_41' title="bbox 211 3819 1766 3890">
    <p class='ocr_par' dir='ltr' id='par_1_41' title="bbox 211 3819 1766 3890">
     <span class='ocr_line' id='line_1_41' title="bbox 211 3819 1766 3890; baseline 0.004 -20"><span class='ocrx_word' id='word_1_299' title='bbox 211 3819 285 3871; x_wconf 72' lang='lat' dir='ltr'>tl.</span> <span class='ocrx_word' id='word_1_300' title='bbox 325 3820 542 3874; x_wconf 84' lang='lat' dir='ltr'>Omnia</span> <span class='ocrx_word' id='word_1_301' title='bbox 580 3835 717 3890; x_wconf 91' lang='lat' dir='ltr'>ergo</span> <span class='ocrx_word' id='word_1_302' title='bbox 757 3835 791 3873; x_wconf 93' lang='lat' dir='ltr'>a</span> <span class='ocrx_word' id='word_1_303' title='bbox 833 3819 1074 3874; x_wconf 90' lang='lat' dir='ltr'>Domino</span> <span class='ocrx_word' id='word_1_304' title='bbox 1118 3823 1232 3876; x_wconf 92' lang='lat' dir='ltr'>Deo</span> <span class='ocrx_word' id='word_1_305' title='bbox 1277 3825 1469 3876; x_wconf 89' lang='lat' dir='ltr'>nostro</span> <span class='ocrx_word' id='word_1_306' title='bbox 1499 3837 1766 3876; x_wconf 89' lang='lat' dir='ltr'>mensura</span> 
     </span>
    </p>
   </div>
   <div class='ocr_carea' id='block_1_42' title="bbox 158 3910 1762 3986">
    <p class='ocr_par' dir='ltr' id='par_1_42' title="bbox 158 3910 1762 3986">
     <span class='ocr_line' id='line_1_42' title="bbox 158 3910 1762 3986; baseline 0.004 -24"><span class='ocrx_word' id='word_1_307' title='bbox 158 3910 375 3978; x_wconf 86' lang='lat' dir='ltr'>quadam</span> <span class='ocrx_word' id='word_1_308' title='bbox 409 3918 467 3968; x_wconf 91' lang='lat' dir='ltr'>et</span> <span class='ocrx_word' id='word_1_309' title='bbox 504 3912 764 3984; x_wconf 90' lang='lat' dir='ltr'>pondere</span> <span class='ocrx_word' id='word_1_310' title='bbox 802 3911 965 3968; x_wconf 84' lang='lat' dir='ltr'>fiunt.</span> <span class='ocrx_word' id='word_1_311' title='bbox 1001 3933 1030 3962; x_wconf 83' lang='lat'><strong>«</strong></span> <span class='ocrx_word' id='word_1_312' title='bbox 1061 3913 1198 3978; x_wconf 84' lang='lat' dir='ltr'>Quis</span> <span class='ocrx_word' id='word_1_313' title='bbox 1229 3915 1528 3984; x_wconf 91' lang='lat' dir='ltr'>posuit.....</span> <span class='ocrx_word' id='word_1_314' title='bbox 1559 3914 1762 3986; x_wconf 89' lang='lat' dir='ltr'>inquit,</span> 
     </span>
    </p>
   </div>
   <div class='ocr_carea' id='block_1_43' title="bbox 161 4007 1767 4078">
    <p class='ocr_par' dir='ltr' id='par_1_43' title="bbox 161 4007 1767 4078">
     <span class='ocr_line' id='line_1_43' title="bbox 161 4007 1767 4078; baseline 0.005 -24"><span class='ocrx_word' id='word_1_315' title='bbox 161 4016 302 4072; x_wconf 87' lang='lat' dir='ltr'>mpes</span> <span class='ocrx_word' id='word_1_316' title='bbox 331 4007 387 4060; x_wconf 94' lang='lat' dir='ltr'>in</span> <span class='ocrx_word' id='word_1_317' title='bbox 423 4009 642 4060; x_wconf 83' lang='lat' dir='ltr'>statera</span> <span class='ocrx_word' id='word_1_318' title='bbox 680 4007 829 4074; x_wconf 88' lang='lat' dir='ltr'>(Isa.,</span> <span class='ocrx_word' id='word_1_319' title='bbox 869 4022 956 4075; x_wconf 79' lang='lat' dir='ltr'>XL,</span> <span class='ocrx_word' id='word_1_320' title='bbox 991 4007 1118 4078; x_wconf 79' lang='lat' dir='ltr'>l2)?</span> <span class='ocrx_word' id='word_1_321' title='bbox 1148 4029 1174 4056; x_wconf 74' lang='grc' dir='ltr'><strong>η</strong></span> <span class='ocrx_word' id='word_1_322' title='bbox 1204 4007 1272 4061; x_wconf 89' lang='lat' dir='ltr'>Et</span> <span class='ocrx_word' id='word_1_323' title='bbox 1314 4024 1488 4078; x_wconf 86' lang='lat' dir='ltr'>supra</span> <span class='ocrx_word' id='word_1_324' title='bbox 1519 4024 1531 4061; x_wconf 91' lang='lat'><strong>:</strong></span> <span class='ocrx_word' id='word_1_325' title='bbox 1575 4029 1602 4056; x_wconf 87' lang='grc'><em>‹‹</em></span> <span class='ocrx_word' id='word_1_326' title='bbox 1632 4008 1767 4071; x_wconf 85' lang='lat' dir='ltr'>Quis</span> 
     </span>
    </p>
   </div>
   <div class='ocr_carea' id='block_1_44' title="bbox 161 4101 1764 4172">
    <p class='ocr_par' dir='ltr' id='par_1_44' title="bbox 161 4101 1764 4172">
     <span class='ocr_line' id='line_1_44' title="bbox 161 4101 1764 4172; baseline 0.003 -23"><span class='ocrx_word' id='word_1_327' title='bbox 161 4110 358 4153; x_wconf 89' lang='lat' dir='ltr'>mensus</span> <span class='ocrx_word' id='word_1_328' title='bbox 382 4103 471 4154; x_wconf 90' lang='lat' dir='ltr'>est</span> <span class='ocrx_word' id='word_1_329' title='bbox 501 4114 682 4153; x_wconf 88' lang='lat' dir='ltr'>manu</span> <span class='ocrx_word' id='word_1_330' title='bbox 725 4115 919 4170; x_wconf 87' lang='lat' dir='ltr'>aquas,</span> <span class='ocrx_word' id='word_1_331' title='bbox 949 4105 1004 4154; x_wconf 92' lang='lat' dir='ltr'>et</span> <span class='ocrx_word' id='word_1_332' title='bbox 1031 4101 1236 4155; x_wconf 80' lang='lat' dir='ltr'>calum</span> <span class='ocrx_word' id='word_1_333' title='bbox 1262 4101 1450 4171; x_wconf 91' lang='lat' dir='ltr'>palmo</span> <span class='ocrx_word' id='word_1_334' title='bbox 1478 4101 1703 4172; x_wconf 63' lang='lat' dir='ltr'>(Ibid)?</span> <span class='ocrx_word' id='word_1_335' title='bbox 1737 4122 1764 4150; x_wconf 87' lang='grc'><strong>››</strong></span> 
     </span>
    </p>
   </div>
   <div class='ocr_carea' id='block_1_45' title="bbox 162 4186 1766 4265">
    <p class='ocr_par' dir='ltr' id='par_1_45' title="bbox 162 4186 1766 4265">
     <span class='ocr_line' id='line_1_45' title="bbox 162 4186 1766 4265; baseline -0.001 -16"><span class='ocrx_word' id='word_1_336' title='bbox 162 4186 248 4249; x_wconf 80' lang='lat' dir='ltr'>Qui</span> <span class='ocrx_word' id='word_1_337' title='bbox 273 4196 458 4247; x_wconf 87' lang='lat' dir='ltr'>nostra</span> <span class='ocrx_word' id='word_1_338' title='bbox 494 4193 812 4259; x_wconf 86' lang='lat' dir='ltr'>examinat,</span> <span class='ocrx_word' id='word_1_339' title='bbox 843 4209 945 4248; x_wconf 92' lang='lat' dir='ltr'>sua</span> <span class='ocrx_word' id='word_1_340' title='bbox 984 4194 1179 4265; x_wconf 88' lang='lat' dir='ltr'>utique</span> <span class='ocrx_word' id='word_1_341' title='bbox 1221 4195 1555 4249; x_wconf 83' lang='lat' dir='ltr'>examinata</span> <span class='ocrx_word' id='word_1_342' title='bbox 1590 4193 1766 4264; x_wconf 89' lang='lat' dir='ltr'>largi-</span> 
     </span>
    </p>
   </div>
   <div class='ocr_carea' id='block_1_46' title="bbox 161 4285 1772 4350">
    <p class='ocr_par' dir='ltr' id='par_1_46' title="bbox 161 4285 1772 4350">
     <span class='ocr_line' id='line_1_46' title="bbox 161 4285 1772 4350; baseline 0.006 -18"><span class='ocrx_word' id='word_1_343' title='bbox 161 4285 252 4350; x_wconf 88' lang='lat' dir='ltr'>tur,</span> <span class='ocrx_word' id='word_1_344' title='bbox 296 4291 350 4339; x_wconf 88' lang='lat' dir='ltr'>et</span> <span class='ocrx_word' id='word_1_345' title='bbox 395 4287 559 4340; x_wconf 90' lang='lat' dir='ltr'>salvo</span> <span class='ocrx_word' id='word_1_346' title='bbox 608 4287 803 4341; x_wconf 89' lang='lat' dir='ltr'>omnia</span> <span class='ocrx_word' id='word_1_347' title='bbox 847 4287 1102 4342; x_wconf 90' lang='lat' dir='ltr'>decernit</span> <span class='ocrx_word' id='word_1_348' title='bbox 1145 4287 1428 4342; x_wconf 79' lang='lat' dir='ltr'>examine.</span> <span class='ocrx_word' id='word_1_349' title='bbox 1484 4287 1772 4342; x_wconf 86' lang='lat' dir='ltr'>Ponderat</span> 
     </span>
    </p>
   </div>
   <div class='ocr_carea' id='block_1_47' title="bbox 162 4375 1770 4452">
    <p class='ocr_par' dir='ltr' id='par_1_47' title="bbox 162 4375 1770 4452">
     <span class='ocr_line' id='line_1_47' title="bbox 162 4375 1770 4452; baseline 0.004 -25"><span class='ocrx_word' id='word_1_350' title='bbox 162 4375 616 4445; x_wconf 86' lang='lat' dir='ltr'>misericordiam,</span> <span class='ocrx_word' id='word_1_351' title='bbox 648 4379 927 4450; x_wconf 88' lang='lat' dir='ltr'>ponderat</span> <span class='ocrx_word' id='word_1_352' title='bbox 957 4379 1264 4450; x_wconf 83' lang='lat' dir='ltr'>ultionem;</span> <span class='ocrx_word' id='word_1_353' title='bbox 1296 4381 1354 4434; x_wconf 89' lang='lat' dir='ltr'>in</span> <span class='ocrx_word' id='word_1_354' title='bbox 1385 4385 1626 4452; x_wconf 89' lang='lat' dir='ltr'>utroque</span> <span class='ocrx_word' id='word_1_355' title='bbox 1654 4397 1770 4436; x_wconf 84' lang='lat' dir='ltr'>cer-</span> 
     </span>
    </p>
   </div>
   <div class='ocr_carea' id='block_1_48' title="bbox 162 4471 2615 4547">
    <p class='ocr_par' dir='ltr' id='par_1_48' title="bbox 162 4471 2615 4547">
     <span class='ocr_line' id='line_1_48' title="bbox 162 4471 2615 4547; baseline 0.002 -24"><span class='ocrx_word' id='word_1_356' title='bbox 162 4471 264 4523; x_wconf 83' lang='lat' dir='ltr'>tum</span> <span class='ocrx_word' id='word_1_357' title='bbox 289 4471 538 4542; x_wconf 87' lang='lat' dir='ltr'>pondus,</span> <span class='ocrx_word' id='word_1_358' title='bbox 560 4471 875 4544; x_wconf 82' lang='lat' dir='ltr'>habilisque</span> <span class='ocrx_word' id='word_1_359' title='bbox 903 4489 1174 4528; x_wconf 90' lang='lat' dir='ltr'>mensura</span> <span class='ocrx_word' id='word_1_360' title='bbox 1201 4477 1304 4528; x_wconf 90' lang='lat' dir='ltr'>est.</span> <span class='ocrx_word' id='word_1_361' title='bbox 1329 4475 1485 4528; x_wconf 91' lang='lat' dir='ltr'>Unde</span> <span class='ocrx_word' id='word_1_362' title='bbox 1516 4479 1574 4528; x_wconf 90' lang='lat' dir='ltr'>et</span> <span class='ocrx_word' id='word_1_363' title='bbox 1595 4473 1770 4528; x_wconf 86' lang='lat' dir='ltr'>David</span> <span class='ocrx_word' id='word_1_364' title='bbox 1788 4476 1847 4547; x_wconf 86' lang='lat' dir='ltr'>D</span> <span class='ocrx_word' id='word_1_365' title='bbox 1873 4473 1969 4527; x_wconf 90' lang='lat' dir='ltr'>Dei</span> <span class='ocrx_word' id='word_1_366' title='bbox 2028 4475 2198 4540; x_wconf 86' lang='lat' dir='ltr'>(Act.,</span> <span class='ocrx_word' id='word_1_367' title='bbox 2254 4490 2372 4539; x_wconf 77' lang='lat' dir='ltr'>Xiv,</span> <span class='ocrx_word' id='word_1_368' title='bbox 2423 4477 2536 4542; x_wconf 81' lang='lat' dir='ltr'>2i).</span> <span class='ocrx_word' id='word_1_369' title='bbox 2588 4495 2615 4521; x_wconf 78' lang='grc'><strong>››</strong></span> 
     </span>
    </p>
   </div>
   <div class='ocr_carea' id='block_1_49' title="bbox 162 4561 1770 4638">
    <p class='ocr_par' dir='ltr' id='par_1_49' title="bbox 162 4561 1770 4638">
     <span class='ocr_line' id='line_1_49' title="bbox 162 4561 1770 4638; baseline 0.004 -24"><span class='ocrx_word' id='word_1_370' title='bbox 162 4561 262 4616; x_wconf 81' lang='lat' dir='ltr'>ait:</span> <span class='ocrx_word' id='word_1_371' title='bbox 291 4586 316 4612; x_wconf 77' lang='grc' dir='ltr'>ιι</span> <span class='ocrx_word' id='word_1_372' title='bbox 347 4566 414 4618; x_wconf 85' lang='lat' dir='ltr'>Et</span> <span class='ocrx_word' id='word_1_373' title='bbox 439 4569 644 4636; x_wconf 88' lang='lat' dir='ltr'>potum</span> <span class='ocrx_word' id='word_1_374' title='bbox 677 4566 842 4621; x_wconf 88' lang='lat' dir='ltr'>dabis</span> <span class='ocrx_word' id='word_1_375' title='bbox 877 4567 990 4621; x_wconf 89' lang='lat' dir='ltr'>illis</span> <span class='ocrx_word' id='word_1_376' title='bbox 1017 4567 1076 4621; x_wconf 91' lang='lat' dir='ltr'>in</span> <span class='ocrx_word' id='word_1_377' title='bbox 1101 4567 1385 4638; x_wconf 89' lang='lat' dir='ltr'>lacrymis,</span> <span class='ocrx_word' id='word_1_378' title='bbox 1415 4567 1474 4622; x_wconf 91' lang='lat' dir='ltr'>in</span> <span class='ocrx_word' id='word_1_379' title='bbox 1503 4583 1770 4623; x_wconf 88' lang='lat' dir='ltr'>mensura</span> 
     </span>
    </p>
   </div>
   <div class='ocr_carea' id='block_1_50' title="bbox 163 4653 1771 4728">
    <p class='ocr_par' dir='ltr' id='par_1_50' title="bbox 163 4653 1771 4728">
     <span class='ocr_line' id='line_1_50' title="bbox 163 4653 1771 4728; baseline 0.006 -22"><span class='ocrx_word' id='word_1_380' title='bbox 163 4653 302 4719; x_wconf 79' lang='lat' dir='ltr'>(Psal.</span> <span class='ocrx_word' id='word_1_381' title='bbox 347 4674 534 4726; x_wconf 78' lang='lat' dir='ltr'>me,</span> <span class='ocrx_word' id='word_1_382' title='bbox 579 4660 652 4728; x_wconf 93' lang='lat'>6),</span> <span class='ocrx_word' id='word_1_383' title='bbox 695 4679 723 4711; x_wconf 67' lang='lat' dir='ltr'>is</span> <span class='ocrx_word' id='word_1_384' title='bbox 769 4676 840 4714; x_wconf 92' lang='lat' dir='ltr'>ne</span> <span class='ocrx_word' id='word_1_385' title='bbox 879 4660 998 4715; x_wconf 89' lang='lat' dir='ltr'>sine</span> <span class='ocrx_word' id='word_1_386' title='bbox 1044 4660 1436 4716; x_wconf 89' lang='lat' dir='ltr'>moderatione</span> <span class='ocrx_word' id='word_1_387' title='bbox 1485 4677 1771 4716; x_wconf 89' lang='lat' dir='ltr'>mensura</span> 
     </span>
    </p>
   </div>
   <div class='ocr_carea' id='block_1_51' title="bbox 165 4751 1773 4824">
    <p class='ocr_par' dir='ltr' id='par_1_51' title="bbox 165 4751 1773 4824">
     <span class='ocr_line' id='line_1_51' title="bbox 165 4751 1773 4824; baseline 0.003 -20"><span class='ocrx_word' id='word_1_388' title='bbox 165 4761 320 4814; x_wconf 76' lang='lat' dir='ltr'>pana</span> <span class='ocrx_word' id='word_1_389' title='bbox 355 4751 592 4806; x_wconf 88' lang='lat' dir='ltr'>cumulo</span> <span class='ocrx_word' id='word_1_390' title='bbox 637 4759 1029 4824; x_wconf 78' lang='lat' dir='ltr'>gravarentur,</span> <span class='ocrx_word' id='word_1_391' title='bbox 1064 4759 1121 4809; x_wconf 83' lang='lat' dir='ltr'>et</span> <span class='ocrx_word' id='word_1_392' title='bbox 1163 4754 1442 4809; x_wconf 89' lang='lat' dir='ltr'>sustinere</span> <span class='ocrx_word' id='word_1_393' title='bbox 1481 4770 1600 4809; x_wconf 90' lang='lat' dir='ltr'>non</span> <span class='ocrx_word' id='word_1_394' title='bbox 1646 4770 1773 4824; x_wconf 88' lang='lat' dir='ltr'>pos-</span> 
     </span>
    </p>
   </div>
   <div class='ocr_carea' id='block_1_52' title="bbox 165 4845 1774 4918">
    <p class='ocr_par' dir='ltr' id='par_1_52' title="bbox 165 4845 1774 4918">
     <span class='ocr_line' id='line_1_52' title="bbox 165 4845 1774 4918; baseline 0.004 -24"><span class='ocrx_word' id='word_1_395' title='bbox 165 4846 286 4896; x_wconf 85' lang='lat' dir='ltr'>sent.</span> <span class='ocrx_word' id='word_1_396' title='bbox 317 4845 382 4898; x_wconf 85' lang='lat' dir='ltr'>Et</span> <span class='ocrx_word' id='word_1_397' title='bbox 411 4845 552 4900; x_wconf 87' lang='lat' dir='ltr'>alibi</span> <span class='ocrx_word' id='word_1_398' title='bbox 581 4846 736 4900; x_wconf 89' lang='lat' dir='ltr'>idem</span> <span class='ocrx_word' id='word_1_399' title='bbox 778 4847 859 4901; x_wconf 86' lang='lat' dir='ltr'>ait</span> <span class='ocrx_word' id='word_1_400' title='bbox 903 4847 1184 4918; x_wconf 90' lang='lat' dir='ltr'>propheta</span> <span class='ocrx_word' id='word_1_401' title='bbox 1213 4866 1225 4902; x_wconf 88' lang='lat'><strong>:</strong></span> <span class='ocrx_word' id='word_1_402' title='bbox 1261 4869 1288 4897; x_wconf 86' lang='lat'><strong>«</strong></span> <span class='ocrx_word' id='word_1_403' title='bbox 1320 4847 1473 4904; x_wconf 80' lang='lat' dir='ltr'>Calix</span> <span class='ocrx_word' id='word_1_404' title='bbox 1512 4847 1572 4902; x_wconf 91' lang='lat' dir='ltr'>in</span> <span class='ocrx_word' id='word_1_405' title='bbox 1599 4863 1774 4901; x_wconf 91' lang='lat' dir='ltr'>manu</span> 
     </span>
    </p>
   </div>
   <div class='ocr_carea' id='block_1_53' title="bbox 173 4931 1774 5010">
    <p class='ocr_par' dir='ltr' id='par_1_53' title="bbox 173 4931 1774 5010">
     <span class='ocr_line' id='line_1_53' title="bbox 173 4931 1774 5010; baseline 0.007 -27"><span class='ocrx_word' id='word_1_406' title='bbox 173 4931 377 4992; x_wconf 90' lang='lat' dir='ltr'>Domini</span> <span class='ocrx_word' id='word_1_407' title='bbox 421 4937 542 4992; x_wconf 92' lang='lat' dir='ltr'>vini</span> <span class='ocrx_word' id='word_1_408' title='bbox 587 4941 736 4993; x_wconf 90' lang='lat' dir='ltr'>meri</span> <span class='ocrx_word' id='word_1_409' title='bbox 780 4940 981 5010; x_wconf 91' lang='lat' dir='ltr'>plenus</span> <span class='ocrx_word' id='word_1_410' title='bbox 1021 4947 1104 4996; x_wconf 87' lang='lat' dir='ltr'>est</span> <span class='ocrx_word' id='word_1_411' title='bbox 1147 4941 1337 4996; x_wconf 89' lang='lat' dir='ltr'>misto.</span> <span class='ocrx_word' id='word_1_412' title='bbox 1377 4941 1447 4995; x_wconf 88' lang='lat' dir='ltr'>Et</span> <span class='ocrx_word' id='word_1_413' title='bbox 1480 4940 1774 4995; x_wconf 88' lang='lat' dir='ltr'>inclinavit</span> 
     </span>
    </p>
   </div>
   <div class='ocr_carea' id='block_1_54' title="bbox 170 5025 1772 5105">
    <p class='ocr_par' dir='ltr' id='par_1_54' title="bbox 170 5025 1772 5105">
     <span class='ocr_line' id='line_1_54' title="bbox 170 5025 1772 5105; baseline 0.006 -28"><span class='ocrx_word' id='word_1_414' title='bbox 170 5039 222 5079; x_wconf 86' lang='lat' dir='ltr'>ex</span> <span class='ocrx_word' id='word_1_415' title='bbox 247 5025 344 5084; x_wconf 88' lang='lat' dir='ltr'>hoc</span> <span class='ocrx_word' id='word_1_416' title='bbox 374 5029 435 5086; x_wconf 89' lang='lat' dir='ltr'>in</span> <span class='ocrx_word' id='word_1_417' title='bbox 476 5031 608 5100; x_wconf 90' lang='lat' dir='ltr'>hoc,</span> <span class='ocrx_word' id='word_1_418' title='bbox 639 5037 1032 5089; x_wconf 86' lang='lat' dir='ltr'>verumtamen</span> <span class='ocrx_word' id='word_1_419' title='bbox 1070 5033 1176 5088; x_wconf 85' lang='lat' dir='ltr'>fax</span> <span class='ocrx_word' id='word_1_420' title='bbox 1219 5034 1342 5105; x_wconf 87' lang='lat' dir='ltr'>ejus</span> <span class='ocrx_word' id='word_1_421' title='bbox 1383 5049 1496 5088; x_wconf 89' lang='lat' dir='ltr'>non</span> <span class='ocrx_word' id='word_1_422' title='bbox 1536 5037 1621 5088; x_wconf 90' lang='lat' dir='ltr'>est</span> <span class='ocrx_word' id='word_1_423' title='bbox 1655 5032 1772 5087; x_wconf 84' lang='lat' dir='ltr'>exi-</span> 
     </span>
    </p>
   </div>
   <div class='ocr_carea' id='block_1_55' title="bbox 222 5213 1776 5282">
    <p class='ocr_par' dir='ltr' id='par_1_55' title="bbox 222 5213 1776 5282">
     <span class='ocr_line' id='line_1_55' title="bbox 222 5213 1776 5282; baseline -0.004 -9"><span class='ocrx_word' id='word_1_424' title='bbox 222 5213 310 5278; x_wconf 68' lang='grc' dir='ltr'>(αἱ)</span> <span class='ocrx_word' id='word_1_425' title='bbox 338 5215 473 5268; x_wconf 79' lang='lat' dir='ltr'>Mss.</span> <span class='ocrx_word' id='word_1_426' title='bbox 514 5215 729 5282; x_wconf 85' lang='lat' dir='ltr'>aliquot</span> <span class='ocrx_word' id='word_1_427' title='bbox 765 5216 925 5270; x_wconf 83' lang='lat' dir='ltr'>bona</span> <span class='ocrx_word' id='word_1_428' title='bbox 953 5229 1172 5279; x_wconf 87' lang='lat' dir='ltr'>manus,</span> <span class='ocrx_word' id='word_1_429' title='bbox 1202 5231 1267 5269; x_wconf 77' lang='lat' dir='ltr'>ne</span> <span class='ocrx_word' id='word_1_430' title='bbox 1289 5217 1494 5269; x_wconf 85' lang='lat' dir='ltr'>diutius</span> <span class='ocrx_word' id='word_1_431' title='bbox 1530 5217 1776 5270; x_wconf 74' lang='lat' dir='ltr'>omsulta-</span> 
     </span>
    </p>
   </div>
   <div class='ocr_carea' id='block_1_56' title="bbox 173 5291 282 5333">
    <p class='ocr_par' dir='ltr' id='par_1_56' title="bbox 173 5291 282 5333">
     <span class='ocr_line' id='line_1_56' title="bbox 173 5291 282 5333; baseline 0.028 -3"><span class='ocrx_word' id='word_1_432' title='bbox 173 5291 282 5333; x_wconf 71' lang='grc' dir='ltr'>νοηι.</span> 
     </span>
    </p>
   </div>
   <div class='ocr_carea' id='block_1_57' title="bbox 225 5355 1774 5423">
    <p class='ocr_par' dir='ltr' id='par_1_57' title="bbox 225 5355 1774 5423">
     <span class='ocr_line' id='line_1_57' title="bbox 225 5355 1774 5423; baseline 0.001 -17"><span class='ocrx_word' id='word_1_433' title='bbox 225 5355 310 5419; x_wconf 86' lang='grc'>(66)</span> <span class='ocrx_word' id='word_1_434' title='bbox 334 5358 484 5410; x_wconf 87' lang='lat' dir='ltr'>Edit.</span> <span class='ocrx_word' id='word_1_435' title='bbox 511 5359 636 5410; x_wconf 83' lang='lat' dir='ltr'>Era.</span> <span class='ocrx_word' id='word_1_436' title='bbox 665 5363 720 5409; x_wconf 88' lang='lat' dir='ltr'>et</span> <span class='ocrx_word' id='word_1_437' title='bbox 744 5371 885 5423; x_wconf 88' lang='lat' dir='ltr'>seq.,</span> <span class='ocrx_word' id='word_1_438' title='bbox 911 5363 1098 5412; x_wconf 83' lang='lat' dir='ltr'>merito</span> <span class='ocrx_word' id='word_1_439' title='bbox 1122 5359 1394 5422; x_wconf 79' lang='lat' dir='ltr'>defertur;</span> <span class='ocrx_word' id='word_1_440' title='bbox 1423 5363 1487 5409; x_wconf 89' lang='lat' dir='ltr'>ut</span> <span class='ocrx_word' id='word_1_441' title='bbox 1513 5361 1774 5410; x_wconf 87' lang='lat' dir='ltr'>nimirum</span> 
     </span>
    </p>
   </div>
   <div class='ocr_carea' id='block_1_58' title="bbox 175 5430 1776 5494">
    <p class='ocr_par' dir='ltr' id='par_1_58' title="bbox 175 5430 1776 5494">
     <span class='ocr_line' id='line_1_58' title="bbox 175 5430 1776 5494; baseline 0.002 -17"><span class='ocrx_word' id='word_1_442' title='bbox 175 5434 483 5489; x_wconf 74' lang='lat' dir='ltr'>congrueret</span> <span class='ocrx_word' id='word_1_443' title='bbox 505 5443 634 5481; x_wconf 88' lang='lat' dir='ltr'>cum</span> <span class='ocrx_word' id='word_1_444' title='bbox 665 5432 948 5494; x_wconf 87' lang='lat' dir='ltr'>superiore</span> <span class='ocrx_word' id='word_1_445' title='bbox 973 5432 1192 5492; x_wconf 84' lang='lat' dir='ltr'>vocula,</span> <span class='ocrx_word' id='word_1_446' title='bbox 1221 5433 1333 5492; x_wconf 83' lang='lat' dir='ltr'>Quo</span> <span class='ocrx_word' id='word_1_447' title='bbox 1358 5445 1374 5478; x_wconf 93' lang='grc'>.·</span> <span class='ocrx_word' id='word_1_448' title='bbox 1403 5430 1502 5481; x_wconf 88' lang='lat' dir='ltr'>sed</span> <span class='ocrx_word' id='word_1_449' title='bbox 1536 5430 1776 5482; x_wconf 86' lang='lat' dir='ltr'>credibi-</span> 
     </span>
    </p>
   </div>
   <div class='ocr_carea' id='block_1_59' title="bbox 177 5495 1778 5566">
    <p class='ocr_par' dir='ltr' id='par_1_59' title="bbox 177 5495 1778 5566">
     <span class='ocr_line' id='line_1_59' title="bbox 177 5495 1778 5566; baseline 0.006 -23"><span class='ocrx_word' id='word_1_450' title='bbox 177 5495 266 5547; x_wconf 87' lang='lat' dir='ltr'>lius</span> <span class='ocrx_word' id='word_1_451' title='bbox 289 5505 370 5549; x_wconf 86' lang='lat' dir='ltr'>est</span> <span class='ocrx_word' id='word_1_452' title='bbox 397 5501 546 5551; x_wconf 86' lang='lat' dir='ltr'>hanc</span> <span class='ocrx_word' id='word_1_453' title='bbox 572 5501 721 5551; x_wconf 87' lang='lat' dir='ltr'>obire</span> <span class='ocrx_word' id='word_1_454' title='bbox 746 5501 994 5552; x_wconf 87' lang='lat' dir='ltr'>adverbii</span> <span class='ocrx_word' id='word_1_455' title='bbox 1014 5503 1165 5553; x_wconf 86' lang='lat' dir='ltr'>vices</span> <span class='ocrx_word' id='word_1_456' title='bbox 1187 5516 1304 5566; x_wconf 91' lang='lat' dir='ltr'>pro,</span> <span class='ocrx_word' id='word_1_457' title='bbox 1322 5514 1614 5566; x_wconf 74' lang='lat' dir='ltr'>usquequo,</span> <span class='ocrx_word' id='word_1_458' title='bbox 1638 5503 1778 5560; x_wconf 87' lang='lat' dir='ltr'>sive.</span> 
     </span>
    </p>
   </div>
   <div class='ocr_carea' id='block_1_60' title="bbox 180 5571 1779 5636">
    <p class='ocr_par' dir='ltr' id='par_1_60' title="bbox 180 5571 1779 5636">
     <span class='ocr_line' id='line_1_60' title="bbox 180 5571 1779 5636; baseline 0.003 -19"><span class='ocrx_word' id='word_1_459' title='bbox 180 5579 321 5631; x_wconf 75' lang='lat' dir='ltr'>usque</span> <span class='ocrx_word' id='word_1_460' title='bbox 368 5571 440 5621; x_wconf 84' lang='lat' dir='ltr'>ad</span> <span class='ocrx_word' id='word_1_461' title='bbox 487 5585 634 5634; x_wconf 82' lang='lat' dir='ltr'>quem</span> <span class='ocrx_word' id='word_1_462' title='bbox 662 5571 918 5635; x_wconf 86' lang='lat' dir='ltr'>gradum;</span> <span class='ocrx_word' id='word_1_463' title='bbox 961 5572 1415 5636; x_wconf 86' lang='lat' dir='ltr'>quandoquidem</span> <span class='ocrx_word' id='word_1_464' title='bbox 1459 5574 1684 5624; x_wconf 85' lang='lat' dir='ltr'>Amerb.</span> <span class='ocrx_word' id='word_1_465' title='bbox 1724 5577 1779 5623; x_wconf 89' lang='lat' dir='ltr'>et</span> 
     </span>
    </p>
   </div>
   <div class='ocr_carea' id='block_1_61' title="bbox 182 5642 1090 5693">
    <p class='ocr_par' dir='ltr' id='par_1_61' title="bbox 182 5642 1090 5693">
     <span class='ocr_line' id='line_1_61' title="bbox 182 5642 1090 5693; baseline 0.008 -10"><span class='ocrx_word' id='word_1_466' title='bbox 182 5649 292 5686; x_wconf 84' lang='lat' dir='ltr'>mss.</span> <span class='ocrx_word' id='word_1_467' title='bbox 319 5654 513 5693; x_wconf 88' lang='lat' dir='ltr'>omnes</span> <span class='ocrx_word' id='word_1_468' title='bbox 539 5642 832 5692; x_wconf 88' lang='lat' dir='ltr'>nobiscum</span> <span class='ocrx_word' id='word_1_469' title='bbox 859 5643 1090 5692; x_wconf 83' lang='lat' dir='ltr'>faciunt.</span> 
     </span>
    </p>
   </div>
   <div class='ocr_carea' id='block_1_62' title="bbox 235 5709 1776 5778">
    <p class='ocr_par' dir='ltr' id='par_1_62' title="bbox 235 5709 1776 5778">
     <span class='ocr_line' id='line_1_62' title="bbox 235 5709 1776 5778; baseline -0.004 -12"><span class='ocrx_word' id='word_1_470' title='bbox 235 5709 318 5770; x_wconf 81' lang='lat'>(67)</span> <span class='ocrx_word' id='word_1_471' title='bbox 346 5711 502 5760; x_wconf 83' lang='lat' dir='ltr'>Rom.</span> <span class='ocrx_word' id='word_1_472' title='bbox 544 5712 695 5772; x_wconf 89' lang='lat' dir='ltr'>edit.,</span> <span class='ocrx_word' id='word_1_473' title='bbox 727 5711 1016 5775; x_wconf 79' lang='lat' dir='ltr'>inoﬂ‘ense,</span> <span class='ocrx_word' id='word_1_474' title='bbox 1055 5727 1170 5764; x_wconf 88' lang='lat' dir='ltr'>cum</span> <span class='ocrx_word' id='word_1_475' title='bbox 1206 5725 1583 5778; x_wconf 78' lang='lat' dir='ltr'>prosperorum</span> <span class='ocrx_word' id='word_1_476' title='bbox 1625 5725 1776 5761; x_wconf 77' lang='lat' dir='ltr'>even-</span> 
     </span>
    </p>
   </div>
   <div class='ocr_carea' id='block_1_63' title="bbox 184 5783 922 5835">
    <p class='ocr_par' dir='ltr' id='par_1_63' title="bbox 184 5783 922 5835">
     <span class='ocr_line' id='line_1_63' title="bbox 184 5783 922 5835; baseline 0.011 -10"><span class='ocrx_word' id='word_1_477' title='bbox 184 5783 311 5828; x_wconf 79' lang='lat' dir='ltr'>tuum</span> <span class='ocrx_word' id='word_1_478' title='bbox 337 5783 620 5833; x_wconf 72' lang='lat' dir='ltr'>secundant</span> <span class='ocrx_word' id='word_1_479' title='bbox 641 5796 922 5835; x_wconf 72' lang='lat' dir='ltr'>successus.</span> 
     </span>
    </p>
   </div>
   <div class='ocr_carea' id='block_1_64' title="bbox 1847 462 3471 534">
    <p class='ocr_par' dir='ltr' id='par_1_64' title="bbox 1847 462 3471 534">
     <span class='ocr_line' id='line_1_64' title="bbox 1847 462 3471 534; baseline 0.001 -16"><span class='ocrx_word' id='word_1_480' title='bbox 1847 465 1919 518; x_wconf 84' lang='lat' dir='ltr'>lix</span> <span class='ocrx_word' id='word_1_481' title='bbox 1947 480 2155 517; x_wconf 87' lang='lat' dir='ltr'>aureus</span> <span class='ocrx_word' id='word_1_482' title='bbox 2178 462 2425 534; x_wconf 90' lang='lat' dir='ltr'>Babylon</span> <span class='ocrx_word' id='word_1_483' title='bbox 2453 463 2509 517; x_wconf 90' lang='lat' dir='ltr'>in</span> <span class='ocrx_word' id='word_1_484' title='bbox 2539 478 2716 518; x_wconf 91' lang='lat' dir='ltr'>manu</span> <span class='ocrx_word' id='word_1_485' title='bbox 2747 463 2969 517; x_wconf 90' lang='lat' dir='ltr'>Domini</span> <span class='ocrx_word' id='word_1_486' title='bbox 2989 480 3021 516; x_wconf 90' lang='lat' dir='ltr'>a</span> <span class='ocrx_word' id='word_1_487' title='bbox 3046 479 3157 534; x_wconf 89' lang='lat' dir='ltr'>quo</span> <span class='ocrx_word' id='word_1_488' title='bbox 3182 464 3471 519; x_wconf 88' lang='lat' dir='ltr'>inebriata</span> 
     </span>
    </p>
   </div>
   <div class='ocr_carea' id='block_1_65' title="bbox 1849 557 3474 628">
    <p class='ocr_par' dir='ltr' id='par_1_65' title="bbox 1849 557 3474 628">
     <span class='ocr_line' id='line_1_65' title="bbox 1849 557 3474 628; baseline 0.001 -18"><span class='ocrx_word' id='word_1_489' title='bbox 1849 563 1982 612; x_wconf 90' lang='lat' dir='ltr'>sunt</span> <span class='ocrx_word' id='word_1_490' title='bbox 2025 561 2224 628; x_wconf 84' lang='lat' dir='ltr'>gentes</span> <span class='ocrx_word' id='word_1_491' title='bbox 2263 558 2498 626; x_wconf 80' lang='lat' dir='ltr'>(Jerem.,</span> <span class='ocrx_word' id='word_1_492' title='bbox 2529 574 2599 626; x_wconf 82' lang='lat' dir='ltr'>LI,</span> <span class='ocrx_word' id='word_1_493' title='bbox 2627 561 2712 626; x_wconf 89' lang='lat'><strong>7);</strong></span> <span class='ocrx_word' id='word_1_494' title='bbox 2745 579 2772 606; x_wconf 87' lang='grc'><strong>››</strong></span> <span class='ocrx_word' id='word_1_495' title='bbox 2809 557 2914 611; x_wconf 87' lang='lat' dir='ltr'>hoc</span> <span class='ocrx_word' id='word_1_496' title='bbox 2955 559 3058 622; x_wconf 91' lang='lat' dir='ltr'>est,</span> <span class='ocrx_word' id='word_1_497' title='bbox 3094 573 3258 626; x_wconf 77' lang='lat' dir='ltr'>pana</span> <span class='ocrx_word' id='word_1_498' title='bbox 3301 573 3333 610; x_wconf 87' lang='lat' dir='ltr'>a</span> <span class='ocrx_word' id='word_1_499' title='bbox 3376 575 3474 612; x_wconf 91' lang='lat' dir='ltr'>na-</span> 
     </span>
    </p>
   </div>
   <div class='ocr_carea' id='block_1_66' title="bbox 1848 649 3472 722">
    <p class='ocr_par' dir='ltr' id='par_1_66' title="bbox 1848 649 3472 722">
     <span class='ocr_line' id='line_1_66' title="bbox 1848 649 3472 722; baseline -0.001 -17"><span class='ocrx_word' id='word_1_500' title='bbox 1848 651 2095 705; x_wconf 84' lang='lat' dir='ltr'>tionibus</span> <span class='ocrx_word' id='word_1_501' title='bbox 2131 651 2420 722; x_wconf 90' lang='lat' dir='ltr'>persoluta</span> <span class='ocrx_word' id='word_1_502' title='bbox 2449 656 2561 716; x_wconf 88' lang='lat' dir='ltr'>est;</span> <span class='ocrx_word' id='word_1_503' title='bbox 2604 666 2676 704; x_wconf 90' lang='lat' dir='ltr'>ne</span> <span class='ocrx_word' id='word_1_504' title='bbox 2718 649 2930 704; x_wconf 90' lang='lat' dir='ltr'>diutius</span> <span class='ocrx_word' id='word_1_505' title='bbox 2976 650 3315 704; x_wconf 87' lang='lat' dir='ltr'>insultarent</span> <span class='ocrx_word' id='word_1_506' title='bbox 3342 651 3472 721; x_wconf 86' lang='lat'>(65),</span> 
     </span>
    </p>
   </div>
   <div class='ocr_carea' id='block_1_67' title="bbox 1849 743 3475 815">
    <p class='ocr_par' dir='ltr' id='par_1_67' title="bbox 1849 743 3475 815">
     <span class='ocr_line' id='line_1_67' title="bbox 1849 743 3475 815; baseline 0 -17"><span class='ocrx_word' id='word_1_507' title='bbox 1849 745 1998 815; x_wconf 92' lang='lat' dir='ltr'>quod</span> <span class='ocrx_word' id='word_1_508' title='bbox 2043 743 2144 798; x_wconf 91' lang='lat' dir='ltr'>Dei</span> <span class='ocrx_word' id='word_1_509' title='bbox 2185 745 2464 815; x_wconf 84' lang='lat' dir='ltr'>pOpulum</span> <span class='ocrx_word' id='word_1_510' title='bbox 2508 743 2872 798; x_wconf 88' lang='lat' dir='ltr'>acerbissima</span> <span class='ocrx_word' id='word_1_511' title='bbox 2916 743 3281 814; x_wconf 89' lang='lat' dir='ltr'>populatione</span> <span class='ocrx_word' id='word_1_512' title='bbox 3307 759 3475 798; x_wconf 84' lang='lat' dir='ltr'>vexa-</span> 
     </span>
    </p>
   </div>
   <div class='ocr_carea' id='block_1_68' title="bbox 1851 836 3479 907">
    <p class='ocr_par' dir='ltr' id='par_1_68' title="bbox 1851 836 3479 907">
     <span class='ocr_line' id='line_1_68' title="bbox 1851 836 3479 907; baseline 0 -16"><span class='ocrx_word' id='word_1_513' title='bbox 1851 841 1997 892; x_wconf 89' lang='lat' dir='ltr'>rent.</span> <span class='ocrx_word' id='word_1_514' title='bbox 2033 837 2241 892; x_wconf 90' lang='lat' dir='ltr'>Sensus</span> <span class='ocrx_word' id='word_1_515' title='bbox 2271 837 2449 907; x_wconf 82' lang='lat' dir='ltr'>igitur</span> <span class='ocrx_word' id='word_1_516' title='bbox 2491 853 2683 892; x_wconf 89' lang='lat' dir='ltr'>versus</span> <span class='ocrx_word' id='word_1_517' title='bbox 2721 836 2963 891; x_wconf 85' lang='lat' dir='ltr'>Davidici</span> <span class='ocrx_word' id='word_1_518' title='bbox 3003 836 3093 890; x_wconf 90' lang='lat' dir='ltr'>hic</span> <span class='ocrx_word' id='word_1_519' title='bbox 3119 843 3205 891; x_wconf 88' lang='lat' dir='ltr'>est</span> <span class='ocrx_word' id='word_1_520' title='bbox 3239 853 3251 890; x_wconf 92' lang='lat'><strong>:</strong></span> <span class='ocrx_word' id='word_1_521' title='bbox 3282 837 3479 891; x_wconf 85' lang='lat' dir='ltr'>Parata</span> 
     </span>
    </p>
   </div>
   <div class='ocr_carea' id='block_1_69' title="bbox 1850 929 3476 1001">
    <p class='ocr_par' dir='ltr' id='par_1_69' title="bbox 1850 929 3476 1001">
     <span class='ocr_line' id='line_1_69' title="bbox 1850 929 3476 1001; baseline 0 -17"><span class='ocrx_word' id='word_1_522' title='bbox 1850 935 1907 984; x_wconf 90' lang='lat' dir='ltr'>et</span> <span class='ocrx_word' id='word_1_523' title='bbox 1931 930 2099 1000; x_wconf 90' lang='lat' dir='ltr'>plena</span> <span class='ocrx_word' id='word_1_524' title='bbox 2138 934 2225 984; x_wconf 91' lang='lat' dir='ltr'>est</span> <span class='ocrx_word' id='word_1_525' title='bbox 2264 945 2430 1000; x_wconf 83' lang='lat' dir='ltr'>pana</span> <span class='ocrx_word' id='word_1_526' title='bbox 2468 946 2598 1001; x_wconf 89' lang='lat' dir='ltr'>qua</span> <span class='ocrx_word' id='word_1_527' title='bbox 2632 929 2876 984; x_wconf 90' lang='lat' dir='ltr'>debetur</span> <span class='ocrx_word' id='word_1_528' title='bbox 2910 929 3120 1001; x_wconf 90' lang='lat' dir='ltr'>impiis,</span> <span class='ocrx_word' id='word_1_529' title='bbox 3153 945 3325 1001; x_wconf 88' lang='lat' dir='ltr'>quam</span> <span class='ocrx_word' id='word_1_530' title='bbox 3367 930 3476 984; x_wconf 85' lang='lat' dir='ltr'>Do-</span> 
     </span>
    </p>
   </div>
   <div class='ocr_carea' id='block_1_70' title="bbox 1851 1021 3476 1094">
    <p class='ocr_par' dir='ltr' id='par_1_70' title="bbox 1851 1021 3476 1094">
     <span class='ocr_line' id='line_1_70' title="bbox 1851 1021 3476 1094; baseline -0.001 -17"><span class='ocrx_word' id='word_1_531' title='bbox 1851 1023 2041 1077; x_wconf 89' lang='lat' dir='ltr'>minus</span> <span class='ocrx_word' id='word_1_532' title='bbox 2092 1023 2345 1080; x_wconf 87' lang='lat' dir='ltr'>declinat</span> <span class='ocrx_word' id='word_1_533' title='bbox 2395 1025 2456 1078; x_wconf 92' lang='lat' dir='ltr'>in</span> <span class='ocrx_word' id='word_1_534' title='bbox 2511 1021 2795 1094; x_wconf 84' lang='lat' dir='ltr'>perﬁdos;</span> <span class='ocrx_word' id='word_1_535' title='bbox 2845 1023 2942 1078; x_wconf 89' lang='lat' dir='ltr'>sed</span> <span class='ocrx_word' id='word_1_536' title='bbox 2985 1027 3180 1077; x_wconf 88' lang='lat' dir='ltr'>tamen</span> <span class='ocrx_word' id='word_1_537' title='bbox 3240 1023 3476 1078; x_wconf 83' lang='lat' dir='ltr'>misera-</span> 
     </span>
    </p>
   </div>
   <div class='ocr_carea' id='block_1_71' title="bbox 1852 1115 3475 1188">
    <p class='ocr_par' dir='ltr' id='par_1_71' title="bbox 1852 1115 3475 1188">
     <span class='ocr_line' id='line_1_71' title="bbox 1852 1115 3475 1188; baseline -0.001 -18"><span class='ocrx_word' id='word_1_538' title='bbox 1852 1117 2005 1171; x_wconf 86' lang='lat' dir='ltr'>tione</span> <span class='ocrx_word' id='word_1_539' title='bbox 2029 1133 2132 1170; x_wconf 90' lang='lat' dir='ltr'>sua</span> <span class='ocrx_word' id='word_1_540' title='bbox 2154 1133 2270 1171; x_wconf 89' lang='lat' dir='ltr'>non</span> <span class='ocrx_word' id='word_1_541' title='bbox 2303 1132 2484 1187; x_wconf 90' lang='lat' dir='ltr'>usque</span> <span class='ocrx_word' id='word_1_542' title='bbox 2513 1117 2585 1170; x_wconf 93' lang='lat' dir='ltr'>ad</span> <span class='ocrx_word' id='word_1_543' title='bbox 2613 1117 2809 1171; x_wconf 85' lang='lat' dir='ltr'>facem</span> <span class='ocrx_word' id='word_1_544' title='bbox 2843 1117 3115 1188; x_wconf 88' lang='lat' dir='ltr'>dignatur</span> <span class='ocrx_word' id='word_1_545' title='bbox 3143 1115 3438 1170; x_wconf 75' lang='lat' dir='ltr'>effundere</span> <span class='ocrx_word' id='word_1_546' title='bbox 3459 1134 3475 1182; x_wconf 87' lang='lat'>;</span> 
     </span>
    </p>
   </div>
   <div class='ocr_carea' id='block_1_72' title="bbox 1851 1209 3477 1282">
    <p class='ocr_par' dir='ltr' id='par_1_72' title="bbox 1851 1209 3477 1282">
     <span class='ocr_line' id='line_1_72' title="bbox 1851 1209 3477 1282; baseline -0.001 -18"><span class='ocrx_word' id='word_1_547' title='bbox 1851 1225 1924 1264; x_wconf 87' lang='lat' dir='ltr'>ne</span> <span class='ocrx_word' id='word_1_548' title='bbox 1966 1209 2388 1281; x_wconf 87' lang='lat' dir='ltr'>plenitudinem</span> <span class='ocrx_word' id='word_1_549' title='bbox 2434 1209 2694 1280; x_wconf 89' lang='lat' dir='ltr'>supplicii</span> <span class='ocrx_word' id='word_1_550' title='bbox 2740 1209 2890 1264; x_wconf 87' lang='lat' dir='ltr'>ferre</span> <span class='ocrx_word' id='word_1_551' title='bbox 2943 1225 3056 1264; x_wconf 91' lang='lat' dir='ltr'>non</span> <span class='ocrx_word' id='word_1_552' title='bbox 3102 1209 3336 1282; x_wconf 87' lang='lat' dir='ltr'>possint.</span> <span class='ocrx_word' id='word_1_553' title='bbox 3385 1211 3477 1264; x_wconf 88' lang='lat' dir='ltr'>ln-</span> 
     </span>
    </p>
   </div>
   <div class='ocr_carea' id='block_1_73' title="bbox 1852 1301 3480 1372">
    <p class='ocr_par' dir='ltr' id='par_1_73' title="bbox 1852 1301 3480 1372">
     <span class='ocr_line' id='line_1_73' title="bbox 1852 1301 3480 1372; baseline 0.001 -16"><span class='ocrx_word' id='word_1_554' title='bbox 1852 1303 2023 1358; x_wconf 87' lang='lat' dir='ltr'>clinat</span> <span class='ocrx_word' id='word_1_555' title='bbox 2060 1318 2198 1372; x_wconf 88' lang='lat' dir='ltr'>ergo</span> <span class='ocrx_word' id='word_1_556' title='bbox 2245 1303 2499 1369; x_wconf 89' lang='lat' dir='ltr'>calicem,</span> <span class='ocrx_word' id='word_1_557' title='bbox 2548 1318 2661 1356; x_wconf 92' lang='lat' dir='ltr'>non</span> <span class='ocrx_word' id='word_1_558' title='bbox 2707 1307 2964 1357; x_wconf 89' lang='lat' dir='ltr'>evacuat.</span> <span class='ocrx_word' id='word_1_559' title='bbox 3012 1303 3173 1366; x_wconf 88' lang='lat' dir='ltr'>Quod</span> <span class='ocrx_word' id='word_1_560' title='bbox 3229 1301 3480 1368; x_wconf 91' lang='lat' dir='ltr'>inclinat,</span> 
     </span>
    </p>
   </div>
   <div class='ocr_carea' id='block_1_74' title="bbox 1853 1394 3317 1466">
    <p class='ocr_par' dir='ltr' id='par_1_74' title="bbox 1853 1394 3317 1466">
     <span class='ocr_line' id='line_1_74' title="bbox 1853 1394 3317 1466; baseline -0.001 -16"><span class='ocrx_word' id='word_1_561' title='bbox 1853 1412 2106 1451; x_wconf 90' lang='lat' dir='ltr'>censura</span> <span class='ocrx_word' id='word_1_562' title='bbox 2134 1398 2250 1462; x_wconf 89' lang='lat' dir='ltr'>est;</span> <span class='ocrx_word' id='word_1_563' title='bbox 2284 1395 2436 1466; x_wconf 89' lang='lat' dir='ltr'>quod</span> <span class='ocrx_word' id='word_1_564' title='bbox 2462 1411 2578 1450; x_wconf 91' lang='lat' dir='ltr'>non</span> <span class='ocrx_word' id='word_1_565' title='bbox 2607 1398 2863 1461; x_wconf 88' lang='lat' dir='ltr'>evacuat,</span> <span class='ocrx_word' id='word_1_566' title='bbox 2897 1394 3317 1449; x_wconf 85' lang='lat' dir='ltr'>misericordia.</span> 
     </span>
    </p>
   </div>
   <div class='ocr_carea' id='block_1_75' title="bbox 1924 1488 3482 1560">
    <p class='ocr_par' dir='ltr' id='par_1_75' title="bbox 1924 1488 3482 1560">
     <span class='ocr_line' id='line_1_75' title="bbox 1924 1488 3482 1560; baseline -0.001 -17"><span class='ocrx_word' id='word_1_567' title='bbox 1924 1491 2011 1544; x_wconf 82' lang='grc'>42.</span> <span class='ocrx_word' id='word_1_568' title='bbox 2040 1490 2188 1560; x_wconf 87' lang='lat' dir='ltr'>Ergo</span> <span class='ocrx_word' id='word_1_569' title='bbox 2212 1489 2494 1559; x_wconf 89' lang='lat' dir='ltr'>judicium</span> <span class='ocrx_word' id='word_1_570' title='bbox 2528 1504 2752 1560; x_wconf 90' lang='lat' dir='ltr'>quoque</span> <span class='ocrx_word' id='word_1_571' title='bbox 2782 1488 3168 1542; x_wconf 88' lang='lat' dir='ltr'>misericordia</span> <span class='ocrx_word' id='word_1_572' title='bbox 3196 1493 3482 1558; x_wconf 89' lang='lat' dir='ltr'>temperat</span> 
     </span>
    </p>
   </div>
   <div class='ocr_carea' id='block_1_76' title="bbox 1855 1581 3483 1645">
    <p class='ocr_par' dir='ltr' id='par_1_76' title="bbox 1855 1581 3483 1645">
     <span class='ocr_line' id='line_1_76' title="bbox 1855 1581 3483 1645; baseline -0.001 -8"><span class='ocrx_word' id='word_1_573' title='bbox 1855 1583 2130 1638; x_wconf 91' lang='lat' dir='ltr'>Dominus</span> <span class='ocrx_word' id='word_1_574' title='bbox 2167 1585 2310 1637; x_wconf 89' lang='lat' dir='ltr'>Deus</span> <span class='ocrx_word' id='word_1_575' title='bbox 2345 1585 2556 1636; x_wconf 90' lang='lat' dir='ltr'>noster.</span> <span class='ocrx_word' id='word_1_576' title='bbox 2597 1581 2732 1645; x_wconf 87' lang='lat' dir='ltr'>Quis</span> <span class='ocrx_word' id='word_1_577' title='bbox 2775 1582 2931 1636; x_wconf 91' lang='lat' dir='ltr'>enim</span> <span class='ocrx_word' id='word_1_578' title='bbox 2970 1584 3229 1636; x_wconf 89' lang='lat' dir='ltr'>nostrum</span> <span class='ocrx_word' id='word_1_579' title='bbox 3258 1581 3378 1636; x_wconf 91' lang='lat' dir='ltr'>sine</span> <span class='ocrx_word' id='word_1_580' title='bbox 3403 1581 3483 1636; x_wconf 89' lang='lat' dir='ltr'>di-</span> 
     </span>
    </p>
   </div>
   <div class='ocr_carea' id='block_1_77' title="bbox 1853 1674 3482 1746">
    <p class='ocr_par' dir='ltr' id='par_1_77' title="bbox 1853 1674 3482 1746">
     <span class='ocr_line' id='line_1_77' title="bbox 1853 1674 3482 1746; baseline -0.001 -16"><span class='ocrx_word' id='word_1_581' title='bbox 1853 1676 1982 1730; x_wconf 89' lang='lat' dir='ltr'>vina</span> <span class='ocrx_word' id='word_1_582' title='bbox 2015 1679 2205 1746; x_wconf 90' lang='lat' dir='ltr'>potest</span> <span class='ocrx_word' id='word_1_583' title='bbox 2232 1674 2596 1730; x_wconf 88' lang='lat' dir='ltr'>miseratione</span> <span class='ocrx_word' id='word_1_584' title='bbox 2625 1675 2966 1730; x_wconf 80' lang='lat' dir='ltr'>subsistere?</span> <span class='ocrx_word' id='word_1_585' title='bbox 2999 1674 3148 1738; x_wconf 86' lang='lat' dir='ltr'>Quid</span> <span class='ocrx_word' id='word_1_586' title='bbox 3176 1691 3482 1744; x_wconf 75' lang='lat' dir='ltr'>possumus</span> 
     </span>
    </p>
   </div>
   <div class='ocr_carea' id='block_1_78' title="bbox 1855 1768 3480 1840">
    <p class='ocr_par' dir='ltr' id='par_1_78' title="bbox 1855 1768 3480 1840">
     <span class='ocr_line' id='line_1_78' title="bbox 1855 1768 3480 1840; baseline -0.001 -16"><span class='ocrx_word' id='word_1_587' title='bbox 1855 1769 2094 1839; x_wconf 87' lang='lat' dir='ltr'>dignum</span> <span class='ocrx_word' id='word_1_588' title='bbox 2135 1769 2385 1840; x_wconf 88' lang='lat' dir='ltr'>pramiis</span> <span class='ocrx_word' id='word_1_589' title='bbox 2422 1769 2610 1824; x_wconf 86' lang='lat' dir='ltr'>facere</span> <span class='ocrx_word' id='word_1_590' title='bbox 2655 1768 3013 1822; x_wconf 70' lang='lat' dir='ltr'>coelestibus?</span> <span class='ocrx_word' id='word_1_591' title='bbox 3045 1768 3181 1831; x_wconf 87' lang='lat' dir='ltr'>Quis</span> <span class='ocrx_word' id='word_1_592' title='bbox 3218 1774 3480 1823; x_wconf 88' lang='lat' dir='ltr'>nostrum</span> 
     </span>
    </p>
   </div>
   <div class='ocr_carea' id='block_1_79' title="bbox 1852 1861 3485 1934">
    <p class='ocr_par' dir='ltr' id='par_1_79' title="bbox 1852 1861 3485 1934">
     <span class='ocr_line' id='line_1_79' title="bbox 1852 1861 3485 1934; baseline -0.001 -17"><span class='ocrx_word' id='word_1_593' title='bbox 1852 1863 1934 1917; x_wconf 92' lang='lat' dir='ltr'>ita</span> <span class='ocrx_word' id='word_1_594' title='bbox 1957 1863 2206 1933; x_wconf 86' lang='lat' dir='ltr'>assurgit</span> <span class='ocrx_word' id='word_1_595' title='bbox 2244 1862 2300 1917; x_wconf 92' lang='lat' dir='ltr'>in</span> <span class='ocrx_word' id='word_1_596' title='bbox 2340 1863 2449 1917; x_wconf 91' lang='lat' dir='ltr'>hoc</span> <span class='ocrx_word' id='word_1_597' title='bbox 2489 1878 2756 1934; x_wconf 90' lang='lat' dir='ltr'>corpore,</span> <span class='ocrx_word' id='word_1_598' title='bbox 2794 1865 2856 1916; x_wconf 92' lang='lat' dir='ltr'>ut</span> <span class='ocrx_word' id='word_1_599' title='bbox 2889 1861 3145 1916; x_wconf 88' lang='lat' dir='ltr'>animum</span> <span class='ocrx_word' id='word_1_600' title='bbox 3185 1877 3351 1916; x_wconf 89' lang='lat' dir='ltr'>suum</span> <span class='ocrx_word' id='word_1_601' title='bbox 3377 1862 3485 1916; x_wconf 88' lang='lat' dir='ltr'>ele-</span> 
     </span>
    </p>
   </div>
   <div class='ocr_carea' id='block_1_80' title="bbox 1858 1955 3483 2028">
    <p class='ocr_par' dir='ltr' id='par_1_80' title="bbox 1858 1955 3483 2028">
     <span class='ocr_line' id='line_1_80' title="bbox 1858 1955 3483 2028; baseline 0 -18"><span class='ocrx_word' id='word_1_602' title='bbox 1858 1962 1968 2022; x_wconf 90' lang='lat' dir='ltr'>vet,</span> <span class='ocrx_word' id='word_1_603' title='bbox 2014 1972 2128 2028; x_wconf 91' lang='lat' dir='ltr'>quo</span> <span class='ocrx_word' id='word_1_604' title='bbox 2166 1955 2387 2028; x_wconf 88' lang='lat' dir='ltr'>jugiter</span> <span class='ocrx_word' id='word_1_605' title='bbox 2432 1955 2730 2010; x_wconf 88' lang='lat' dir='ltr'>adhareat</span> <span class='ocrx_word' id='word_1_606' title='bbox 2777 1955 3039 2012; x_wconf 79' lang='lat' dir='ltr'>Christo?</span> <span class='ocrx_word' id='word_1_607' title='bbox 3081 1957 3203 2019; x_wconf 85' lang='lat' dir='ltr'>Quo</span> <span class='ocrx_word' id='word_1_608' title='bbox 3252 1955 3483 2010; x_wconf 86' lang='lat' dir='ltr'>tandem</span> 
     </span>
    </p>
   </div>
   <div class='ocr_carea' id='block_1_81' title="bbox 1857 2048 3480 2119">
    <p class='ocr_par' dir='ltr' id='par_1_81' title="bbox 1857 2048 3480 2119">
     <span class='ocr_line' id='line_1_81' title="bbox 1857 2048 3480 2119; baseline -0.001 -15"><span class='ocrx_word' id='word_1_609' title='bbox 1857 2050 2154 2104; x_wconf 89' lang='lat' dir='ltr'>hominum</span> <span class='ocrx_word' id='word_1_610' title='bbox 2192 2049 2459 2105; x_wconf 88' lang='lat' dir='ltr'>meritum</span> <span class='ocrx_word' id='word_1_611' title='bbox 2503 2049 2760 2104; x_wconf 84' lang='lat' dir='ltr'>defertur</span> <span class='ocrx_word' id='word_1_612' title='bbox 2796 2049 2930 2118; x_wconf 88' lang='lat'>(66),</span> <span class='ocrx_word' id='word_1_613' title='bbox 2971 2053 3033 2103; x_wconf 88' lang='lat' dir='ltr'>ut</span> <span class='ocrx_word' id='word_1_614' title='bbox 3073 2048 3197 2103; x_wconf 88' lang='lat' dir='ltr'>hac</span> <span class='ocrx_word' id='word_1_615' title='bbox 3247 2064 3480 2119; x_wconf 89' lang='lat' dir='ltr'>corrup-</span> 
     </span>
    </p>
   </div>
   <div class='ocr_carea' id='block_1_82' title="bbox 1855 2141 3484 2213">
    <p class='ocr_par' dir='ltr' id='par_1_82' title="bbox 1855 2141 3484 2213">
     <span class='ocr_line' id='line_1_82' title="bbox 1855 2141 3484 2213; baseline -0.001 -16"><span class='ocrx_word' id='word_1_616' title='bbox 1855 2143 2029 2198; x_wconf 91' lang='lat' dir='ltr'>tibilis</span> <span class='ocrx_word' id='word_1_617' title='bbox 2057 2159 2190 2198; x_wconf 90' lang='lat' dir='ltr'>caro</span> <span class='ocrx_word' id='word_1_618' title='bbox 2217 2143 2417 2198; x_wconf 89' lang='lat' dir='ltr'>induat</span> <span class='ocrx_word' id='word_1_619' title='bbox 2451 2143 2965 2213; x_wconf 90' lang='lat' dir='ltr'>incorruptionem,</span> <span class='ocrx_word' id='word_1_620' title='bbox 2999 2146 3058 2196; x_wconf 87' lang='lat' dir='ltr'>et</span> <span class='ocrx_word' id='word_1_621' title='bbox 3096 2143 3335 2197; x_wconf 83' lang='lat' dir='ltr'>mortale</span> <span class='ocrx_word' id='word_1_622' title='bbox 3375 2141 3484 2196; x_wconf 88' lang='lat' dir='ltr'>hoc</span> 
     </span>
    </p>
   </div>
   <div class='ocr_carea' id='block_1_83' title="bbox 1857 2235 3486 2306">
    <p class='ocr_par' dir='ltr' id='par_1_83' title="bbox 1857 2235 3486 2306">
     <span class='ocr_line' id='line_1_83' title="bbox 1857 2235 3486 2306; baseline -0.001 -15"><span class='ocrx_word' id='word_1_623' title='bbox 1857 2237 2059 2292; x_wconf 89' lang='lat' dir='ltr'>induat</span> <span class='ocrx_word' id='word_1_624' title='bbox 2108 2236 2635 2291; x_wconf 80' lang='lat' dir='ltr'>immortalitatem?</span> <span class='ocrx_word' id='word_1_625' title='bbox 2677 2236 2891 2300; x_wconf 89' lang='lat' dir='ltr'>Quibus</span> <span class='ocrx_word' id='word_1_626' title='bbox 2930 2235 3240 2302; x_wconf 89' lang='lat' dir='ltr'>laboribus,</span> <span class='ocrx_word' id='word_1_627' title='bbox 3281 2236 3486 2306; x_wconf 88' lang='lat' dir='ltr'>quibus</span> 
     </span>
    </p>
   </div>
   <div class='ocr_carea' id='block_1_84' title="bbox 1858 2329 3486 2401">
    <p class='ocr_par' dir='ltr' id='par_1_84' title="bbox 1858 2329 3486 2401">
     <span class='ocr_line' id='line_1_84' title="bbox 1858 2329 3486 2401; baseline -0.001 -16"><span class='ocrx_word' id='word_1_628' title='bbox 1858 2331 2079 2401; x_wconf 91' lang='lat' dir='ltr'>injuriis</span> <span class='ocrx_word' id='word_1_629' title='bbox 2106 2346 2404 2401; x_wconf 90' lang='lat' dir='ltr'>possumus</span> <span class='ocrx_word' id='word_1_630' title='bbox 2432 2335 2624 2384; x_wconf 90' lang='lat' dir='ltr'>nostra</span> <span class='ocrx_word' id='word_1_631' title='bbox 2648 2329 2842 2385; x_wconf 88' lang='lat' dir='ltr'>eluere</span> <span class='ocrx_word' id='word_1_632' title='bbox 2868 2331 3144 2400; x_wconf 83' lang='lat' dir='ltr'>peccata?</span> <span class='ocrx_word' id='word_1_633' title='bbox 3174 2352 3202 2378; x_wconf 77' lang='grc' dir='ltr'>ι(</span> <span class='ocrx_word' id='word_1_634' title='bbox 3231 2329 3486 2401; x_wconf 86' lang='lat' dir='ltr'>Indigna</span> 
     </span>
    </p>
   </div>
   <div class='ocr_carea' id='block_1_85' title="bbox 1857 2423 3487 2495">
    <p class='ocr_par' dir='ltr' id='par_1_85' title="bbox 1857 2423 3487 2495">
     <span class='ocr_line' id='line_1_85' title="bbox 1857 2423 3487 2495; baseline -0.001 -17"><span class='ocrx_word' id='word_1_635' title='bbox 1857 2427 1989 2478; x_wconf 87' lang='lat' dir='ltr'>sunt</span> <span class='ocrx_word' id='word_1_636' title='bbox 2042 2423 2325 2495; x_wconf 88' lang='lat' dir='ltr'>passiones</span> <span class='ocrx_word' id='word_1_637' title='bbox 2365 2423 2540 2494; x_wconf 89' lang='lat' dir='ltr'>hujus</span> <span class='ocrx_word' id='word_1_638' title='bbox 2584 2423 2852 2494; x_wconf 90' lang='lat' dir='ltr'>temporis</span> <span class='ocrx_word' id='word_1_639' title='bbox 2901 2423 2974 2476; x_wconf 91' lang='lat' dir='ltr'>ad</span> <span class='ocrx_word' id='word_1_640' title='bbox 3016 2428 3487 2493; x_wconf 86' lang='lat' dir='ltr'>superventuram</span> 
     </span>
    </p>
   </div>
   <div class='ocr_carea' id='block_1_86' title="bbox 1859 2513 3485 2588">
    <p class='ocr_par' dir='ltr' id='par_1_86' title="bbox 1859 2513 3485 2588">
     <span class='ocr_line' id='line_1_86' title="bbox 1859 2513 3485 2588; baseline -0.001 -18"><span class='ocrx_word' id='word_1_641' title='bbox 1859 2516 2095 2588; x_wconf 84' lang='lat' dir='ltr'>gloriam</span> <span class='ocrx_word' id='word_1_642' title='bbox 2145 2519 2342 2581; x_wconf 74' lang='lat' dir='ltr'>(Rom,</span> <span class='ocrx_word' id='word_1_643' title='bbox 2398 2532 2515 2584; x_wconf 82' lang='lat' dir='ltr'>Vill,</span> <span class='ocrx_word' id='word_1_644' title='bbox 2570 2518 2675 2585; x_wconf 84' lang='grc'><strong>18).</strong></span> <span class='ocrx_word' id='word_1_645' title='bbox 2727 2538 2753 2564; x_wconf 76' lang='grc' dir='ltr'><strong>υ</strong></span> <span class='ocrx_word' id='word_1_646' title='bbox 2809 2515 2926 2569; x_wconf 86' lang='lat' dir='ltr'>Non</span> <span class='ocrx_word' id='word_1_647' title='bbox 2982 2530 3119 2584; x_wconf 87' lang='lat' dir='ltr'>ergo</span> <span class='ocrx_word' id='word_1_648' title='bbox 3169 2513 3485 2570; x_wconf 88' lang='lat' dir='ltr'>secundum</span> 
     </span>
    </p>
   </div>
   <div class='ocr_carea' id='block_1_87' title="bbox 1857 2607 3484 2677">
    <p class='ocr_par' dir='ltr' id='par_1_87' title="bbox 1857 2607 3484 2677">
     <span class='ocr_line' id='line_1_87' title="bbox 1857 2607 3484 2677; baseline -0.001 -14"><span class='ocrx_word' id='word_1_649' title='bbox 1857 2611 2060 2664; x_wconf 90' lang='lat' dir='ltr'>merita</span> <span class='ocrx_word' id='word_1_650' title='bbox 2109 2616 2317 2676; x_wconf 89' lang='lat' dir='ltr'>nostra,</span> <span class='ocrx_word' id='word_1_651' title='bbox 2356 2611 2452 2664; x_wconf 89' lang='lat' dir='ltr'>sed</span> <span class='ocrx_word' id='word_1_652' title='bbox 2502 2609 2817 2664; x_wconf 90' lang='lat' dir='ltr'>secundum</span> <span class='ocrx_word' id='word_1_653' title='bbox 2863 2607 3314 2662; x_wconf 86' lang='lat' dir='ltr'>misericordiam</span> <span class='ocrx_word' id='word_1_654' title='bbox 3365 2608 3484 2677; x_wconf 89' lang='lat' dir='ltr'>Dei,</span> 
     </span>
    </p>
   </div>
   <div class='ocr_carea' id='block_1_88' title="bbox 1856 2700 3481 2770">
    <p class='ocr_par' dir='ltr' id='par_1_88' title="bbox 1856 2700 3481 2770">
     <span class='ocr_line' id='line_1_88' title="bbox 1856 2700 3481 2770; baseline -0.001 -13"><span class='ocrx_word' id='word_1_655' title='bbox 1856 2703 2169 2759; x_wconf 82' lang='lat' dir='ltr'>calestium</span> <span class='ocrx_word' id='word_1_656' title='bbox 2197 2704 2552 2758; x_wconf 90' lang='lat' dir='ltr'>decretorum</span> <span class='ocrx_word' id='word_1_657' title='bbox 2578 2702 2638 2756; x_wconf 90' lang='lat' dir='ltr'>in</span> <span class='ocrx_word' id='word_1_658' title='bbox 2677 2701 2946 2756; x_wconf 87' lang='lat' dir='ltr'>homines</span> <span class='ocrx_word' id='word_1_659' title='bbox 2980 2700 3169 2756; x_wconf 89' lang='lat' dir='ltr'>forma</span> <span class='ocrx_word' id='word_1_660' title='bbox 3205 2701 3481 2770; x_wconf 90' lang='lat' dir='ltr'>procedit.</span> 
     </span>
    </p>
   </div>
   <div class='ocr_carea' id='block_1_89' title="bbox 1928 2794 3490 2866">
    <p class='ocr_par' dir='ltr' id='par_1_89' title="bbox 1928 2794 3490 2866">
     <span class='ocr_line' id='line_1_89' title="bbox 1928 2794 3490 2866; baseline -0.001 -15"><span class='ocrx_word' id='word_1_661' title='bbox 1928 2799 2015 2851; x_wconf 78' lang='grc'>43.</span> <span class='ocrx_word' id='word_1_662' title='bbox 2053 2797 2230 2866; x_wconf 89' lang='lat' dir='ltr'>(Vers.</span> <span class='ocrx_word' id='word_1_663' title='bbox 2277 2797 2420 2865; x_wconf 84' lang='lat' dir='ltr'>t57.)</span> <span class='ocrx_word' id='word_1_664' title='bbox 2457 2795 2728 2866; x_wconf 88' lang='lat' dir='ltr'>Sequitur</span> <span class='ocrx_word' id='word_1_665' title='bbox 2764 2811 2957 2850; x_wconf 86' lang='lat' dir='ltr'>versus</span> <span class='ocrx_word' id='word_1_666' title='bbox 3000 2794 3233 2865; x_wconf 88' lang='lat' dir='ltr'>quintus</span> <span class='ocrx_word' id='word_1_667' title='bbox 3261 2812 3280 2850; x_wconf 68' lang='grc' dir='ltr'><strong><em>τ</em></strong></span> <span class='ocrx_word' id='word_1_668' title='bbox 3325 2797 3490 2850; x_wconf 85' lang='lat' dir='ltr'>Multi</span> 
     </span>
    </p>
   </div>
   <div class='ocr_carea' id='block_1_90' title="bbox 1853 2889 3490 2960">
    <p class='ocr_par' dir='ltr' id='par_1_90' title="bbox 1853 2889 3490 2960">
     <span class='ocr_line' id='line_1_90' title="bbox 1853 2889 3490 2960; baseline -0.001 -15"><span class='ocrx_word' id='word_1_669' title='bbox 1853 2896 2224 2960; x_wconf 83' lang='lat' dir='ltr'>persequentes</span> <span class='ocrx_word' id='word_1_670' title='bbox 2287 2905 2368 2943; x_wconf 87' lang='lat' dir='ltr'>me</span> <span class='ocrx_word' id='word_1_671' title='bbox 2431 2894 2482 2944; x_wconf 86' lang='lat' dir='ltr'>et</span> <span class='ocrx_word' id='word_1_672' title='bbox 2542 2889 2860 2944; x_wconf 82' lang='lat' dir='ltr'>tribulantes</span> <span class='ocrx_word' id='word_1_673' title='bbox 2913 2903 2995 2943; x_wconf 86' lang='lat' dir='ltr'>me</span> <span class='ocrx_word' id='word_1_674' title='bbox 3005 2907 3023 2954; x_wconf 85' lang='lat'>;</span> <span class='ocrx_word' id='word_1_675' title='bbox 3076 2904 3112 2942; x_wconf 88' lang='lat' dir='ltr'>a</span> <span class='ocrx_word' id='word_1_676' title='bbox 3173 2891 3490 2944; x_wconf 75' lang='lat' dir='ltr'>testimoniis</span> 
     </span>
    </p>
   </div>
   <div class='ocr_carea' id='block_1_91' title="bbox 1861 2982 3487 3052">
    <p class='ocr_par' dir='ltr' id='par_1_91' title="bbox 1861 2982 3487 3052">
     <span class='ocr_line' id='line_1_91' title="bbox 1861 2982 3487 3052; baseline -0.001 -14"><span class='ocrx_word' id='word_1_677' title='bbox 1861 2988 1968 3039; x_wconf 85' lang='lat' dir='ltr'>tuis</span> <span class='ocrx_word' id='word_1_678' title='bbox 1997 2999 2102 3037; x_wconf 88' lang='lat' dir='ltr'>non</span> <span class='ocrx_word' id='word_1_679' title='bbox 2132 2983 2418 3037; x_wconf 83' lang='lat' dir='ltr'>declinavi.</span> <span class='ocrx_word' id='word_1_680' title='bbox 2455 2983 2576 3036; x_wconf 84' lang='lat' dir='ltr'>Non</span> <span class='ocrx_word' id='word_1_681' title='bbox 2621 2985 2707 3036; x_wconf 89' lang='lat' dir='ltr'>est</span> <span class='ocrx_word' id='word_1_682' title='bbox 2737 2997 3033 3052; x_wconf 87' lang='lat' dir='ltr'>magnum,</span> <span class='ocrx_word' id='word_1_683' title='bbox 3065 2982 3109 3037; x_wconf 92' lang='lat' dir='ltr'>si</span> <span class='ocrx_word' id='word_1_684' title='bbox 3149 2986 3285 3037; x_wconf 91' lang='lat' dir='ltr'>tunc</span> <span class='ocrx_word' id='word_1_685' title='bbox 3329 3000 3364 3037; x_wconf 94' lang='lat' dir='ltr'>a</span> <span class='ocrx_word' id='word_1_686' title='bbox 3388 2983 3487 3038; x_wconf 92' lang='lat' dir='ltr'>Dei</span> 
     </span>
    </p>
   </div>
   <div class='ocr_carea' id='block_1_92' title="bbox 1861 3075 3486 3146">
    <p class='ocr_par' dir='ltr' id='par_1_92' title="bbox 1861 3075 3486 3146">
     <span class='ocr_line' id='line_1_92' title="bbox 1861 3075 3486 3146; baseline -0.001 -15"><span class='ocrx_word' id='word_1_687' title='bbox 1861 3076 2199 3131; x_wconf 83' lang='lat' dir='ltr'>testimoniis</span> <span class='ocrx_word' id='word_1_688' title='bbox 2244 3093 2356 3130; x_wconf 91' lang='lat' dir='ltr'>non</span> <span class='ocrx_word' id='word_1_689' title='bbox 2401 3075 2670 3141; x_wconf 90' lang='lat' dir='ltr'>declines,</span> <span class='ocrx_word' id='word_1_690' title='bbox 2725 3091 2854 3129; x_wconf 90' lang='lat' dir='ltr'>cum</span> <span class='ocrx_word' id='word_1_691' title='bbox 2907 3082 2964 3130; x_wconf 90' lang='lat' dir='ltr'>te</span> <span class='ocrx_word' id='word_1_692' title='bbox 3017 3076 3206 3131; x_wconf 90' lang='lat' dir='ltr'>nullus</span> <span class='ocrx_word' id='word_1_693' title='bbox 3263 3075 3486 3146; x_wconf 86' lang='lat' dir='ltr'>afﬂigit,</span> 
     </span>
    </p>
   </div>
   <div class='ocr_carea' id='block_1_93' title="bbox 1864 3167 3490 3240">
    <p class='ocr_par' dir='ltr' id='par_1_93' title="bbox 1864 3167 3490 3240">
     <span class='ocr_line' id='line_1_93' title="bbox 1864 3167 3490 3240; baseline 0.001 -18"><span class='ocrx_word' id='word_1_694' title='bbox 1864 3169 2054 3223; x_wconf 90' lang='lat' dir='ltr'>nullus</span> <span class='ocrx_word' id='word_1_695' title='bbox 2102 3168 2481 3240; x_wconf 79' lang='lat' dir='ltr'>persequitur.</span> <span class='ocrx_word' id='word_1_696' title='bbox 2524 3168 2655 3231; x_wconf 88' lang='lat' dir='ltr'>Quis</span> <span class='ocrx_word' id='word_1_697' title='bbox 2693 3169 2850 3223; x_wconf 91' lang='lat' dir='ltr'>enim</span> <span class='ocrx_word' id='word_1_698' title='bbox 2898 3167 3172 3224; x_wconf 72' lang='lat' dir='ltr'>inoffense</span> <span class='ocrx_word' id='word_1_699' title='bbox 3216 3168 3319 3223; x_wconf 91' lang='lat' dir='ltr'>sibi</span> <span class='ocrx_word' id='word_1_700' title='bbox 3363 3186 3490 3240; x_wconf 71' lang='lat' dir='ltr'>pro-</span> 
     </span>
    </p>
   </div>
   <div class='ocr_carea' id='block_1_94' title="bbox 1861 3261 3487 3334">
    <p class='ocr_par' dir='ltr' id='par_1_94' title="bbox 1861 3261 3487 3334">
     <span class='ocr_line' id='line_1_94' title="bbox 1861 3261 3487 3334; baseline -0.001 -18"><span class='ocrx_word' id='word_1_701' title='bbox 1861 3277 2161 3333; x_wconf 90' lang='lat' dir='ltr'>sperorum</span> <span class='ocrx_word' id='word_1_702' title='bbox 2227 3264 2537 3316; x_wconf 87' lang='lat' dir='ltr'>eventuum</span> <span class='ocrx_word' id='word_1_703' title='bbox 2601 3261 2949 3316; x_wconf 89' lang='lat' dir='ltr'>secundante</span> <span class='ocrx_word' id='word_1_704' title='bbox 3011 3277 3274 3317; x_wconf 88' lang='lat' dir='ltr'>successu</span> <span class='ocrx_word' id='word_1_705' title='bbox 3337 3263 3487 3334; x_wconf 86' lang='lat'>(67),</span> 
     </span>
    </p>
   </div>
   <div class='ocr_carea' id='block_1_95' title="bbox 1862 3353 3489 3427">
    <p class='ocr_par' dir='ltr' id='par_1_95' title="bbox 1862 3353 3489 3427">
     <span class='ocr_line' id='line_1_95' title="bbox 1862 3353 3489 3427; baseline 0.001 -18"><span class='ocrx_word' id='word_1_706' title='bbox 1862 3355 2021 3411; x_wconf 82' lang='lat' dir='ltr'>ﬁeret</span> <span class='ocrx_word' id='word_1_707' title='bbox 2060 3354 2356 3426; x_wconf 89' lang='lat' dir='ltr'>ingratus?</span> <span class='ocrx_word' id='word_1_708' title='bbox 2399 3355 2537 3418; x_wconf 91' lang='lat' dir='ltr'>Quis</span> <span class='ocrx_word' id='word_1_709' title='bbox 2577 3353 2786 3408; x_wconf 86' lang='lat' dir='ltr'>divitiis</span> <span class='ocrx_word' id='word_1_710' title='bbox 2833 3354 3097 3423; x_wconf 83' lang='lat' dir='ltr'>afﬂuens,</span> <span class='ocrx_word' id='word_1_711' title='bbox 3132 3356 3259 3427; x_wconf 89' lang='lat' dir='ltr'>jugi</span> <span class='ocrx_word' id='word_1_712' title='bbox 3307 3356 3489 3411; x_wconf 87' lang='lat' dir='ltr'>salute</span> 
     </span>
    </p>
   </div>
   <div class='ocr_carea' id='block_1_96' title="bbox 1862 3447 3490 3519">
    <p class='ocr_par' dir='ltr' id='par_1_96' title="bbox 1862 3447 3490 3519">
     <span class='ocr_line' id='line_1_96' title="bbox 1862 3447 3490 3519; baseline 0.001 -17"><span class='ocrx_word' id='word_1_713' title='bbox 1862 3447 2146 3515; x_wconf 90' lang='lat' dir='ltr'>robustus,</span> <span class='ocrx_word' id='word_1_714' title='bbox 2192 3463 2309 3503; x_wconf 90' lang='lat' dir='ltr'>non</span> <span class='ocrx_word' id='word_1_715' title='bbox 2352 3448 2421 3502; x_wconf 89' lang='lat' dir='ltr'>ad</span> <span class='ocrx_word' id='word_1_716' title='bbox 2469 3447 2570 3503; x_wconf 89' lang='lat' dir='ltr'>Dei</span> <span class='ocrx_word' id='word_1_717' title='bbox 2625 3447 2870 3518; x_wconf 88' lang='lat' dir='ltr'>gratiam</span> <span class='ocrx_word' id='word_1_718' title='bbox 2921 3448 3128 3504; x_wconf 86' lang='lat' dir='ltr'>referat</span> <span class='ocrx_word' id='word_1_719' title='bbox 3178 3449 3332 3519; x_wconf 90' lang='lat' dir='ltr'>quod</span> <span class='ocrx_word' id='word_1_720' title='bbox 3386 3449 3490 3504; x_wconf 89' lang='lat' dir='ltr'>sibi</span> 
     </span>
    </p>
   </div>
   <div class='ocr_carea' id='block_1_97' title="bbox 1866 3540 3492 3611">
    <p class='ocr_par' dir='ltr' id='par_1_97' title="bbox 1866 3540 3492 3611">
     <span class='ocr_line' id='line_1_97' title="bbox 1866 3540 3492 3611; baseline 0.001 -15"><span class='ocrx_word' id='word_1_721' title='bbox 1866 3542 1958 3596; x_wconf 92' lang='lat' dir='ltr'>illa</span> <span class='ocrx_word' id='word_1_722' title='bbox 2023 3557 2294 3596; x_wconf 89' lang='lat' dir='ltr'>concessa</span> <span class='ocrx_word' id='word_1_723' title='bbox 2351 3540 2501 3595; x_wconf 83' lang='lat' dir='ltr'>sint?</span> <span class='ocrx_word' id='word_1_724' title='bbox 2564 3541 2818 3611; x_wconf 90' lang='lat' dir='ltr'>Denique</span> <span class='ocrx_word' id='word_1_725' title='bbox 2874 3557 3007 3595; x_wconf 90' lang='lat' dir='ltr'>cum</span> <span class='ocrx_word' id='word_1_726' title='bbox 3069 3546 3332 3597; x_wconf 90' lang='lat' dir='ltr'>sanctum</span> <span class='ocrx_word' id='word_1_727' title='bbox 3391 3543 3492 3599; x_wconf 82' lang='lat' dir='ltr'>Job</span> 
     </span>
    </p>
   </div>
   <div class='ocr_carea' id='block_1_98' title="bbox 1866 3632 3495 3707">
    <p class='ocr_par' dir='ltr' id='par_1_98' title="bbox 1866 3632 3495 3707">
     <span class='ocr_line' id='line_1_98' title="bbox 1866 3632 3495 3707; baseline 0.002 -19"><span class='ocrx_word' id='word_1_728' title='bbox 1866 3633 2204 3704; x_wconf 87' lang='lat' dir='ltr'>pradicaret</span> <span class='ocrx_word' id='word_1_729' title='bbox 2245 3633 2540 3699; x_wconf 87' lang='lat' dir='ltr'>Dominus,</span> <span class='ocrx_word' id='word_1_730' title='bbox 2582 3632 2663 3687; x_wconf 90' lang='lat' dir='ltr'>ait</span> <span class='ocrx_word' id='word_1_731' title='bbox 2705 3633 3060 3688; x_wconf 87' lang='lat' dir='ltr'>adversarius</span> <span class='ocrx_word' id='word_1_732' title='bbox 3093 3650 3104 3688; x_wconf 92' lang='lat'>:</span> <span class='ocrx_word' id='word_1_733' title='bbox 3154 3656 3182 3683; x_wconf 87' lang='lat'><strong><em>«</em></strong></span> <span class='ocrx_word' id='word_1_734' title='bbox 3209 3635 3495 3707; x_wconf 84' lang='lat' dir='ltr'>Numquid</span> 
     </span>
    </p>
   </div>
   <div class='ocr_carea' id='block_1_99' title="bbox 1867 3725 3495 3798">
    <p class='ocr_par' dir='ltr' id='par_1_99' title="bbox 1867 3725 3495 3798">
     <span class='ocr_line' id='line_1_99' title="bbox 1867 3725 3495 3798; baseline 0.002 -18"><span class='ocrx_word' id='word_1_735' title='bbox 1867 3726 2044 3798; x_wconf 88' lang='lat' dir='ltr'>gratis</span> <span class='ocrx_word' id='word_1_736' title='bbox 2069 3727 2200 3782; x_wconf 91' lang='lat' dir='ltr'>colit</span> <span class='ocrx_word' id='word_1_737' title='bbox 2223 3726 2324 3780; x_wconf 81' lang='lat' dir='ltr'>Job</span> <span class='ocrx_word' id='word_1_738' title='bbox 2364 3725 2708 3780; x_wconf 82' lang='lat' dir='ltr'>Dominum?</span> <span class='ocrx_word' id='word_1_739' title='bbox 2738 3726 2932 3781; x_wconf 87' lang='lat' dir='ltr'>Nonne</span> <span class='ocrx_word' id='word_1_740' title='bbox 2963 3732 3023 3781; x_wconf 92' lang='lat' dir='ltr'>tu</span> <span class='ocrx_word' id='word_1_741' title='bbox 3068 3726 3285 3782; x_wconf 90' lang='lat' dir='ltr'>vallasti</span> <span class='ocrx_word' id='word_1_742' title='bbox 3315 3730 3495 3783; x_wconf 80' lang='lat' dir='ltr'>eum?</span> 
     </span>
    </p>
   </div>
   <div class='ocr_carea' id='block_1_100' title="bbox 1868 3818 3495 3892">
    <p class='ocr_par' dir='ltr' id='par_1_100' title="bbox 1868 3818 3495 3892">
     <span class='ocr_line' id='line_1_100' title="bbox 1868 3818 3495 3892; baseline -0.001 -15"><span class='ocrx_word' id='word_1_743' title='bbox 1868 3818 2242 3892; x_wconf 54' lang='lat'>1234&quot;...</span> <span class='ocrx_word' id='word_1_744' title='bbox 2304 3819 2456 3874; x_wconf 85' lang='lat' dir='ltr'>Mitte</span> <span class='ocrx_word' id='word_1_745' title='bbox 2513 3835 2747 3873; x_wconf 86' lang='lat' dir='ltr'>manum</span> <span class='ocrx_word' id='word_1_746' title='bbox 2799 3825 2956 3874; x_wconf 90' lang='lat' dir='ltr'>tuam</span> <span class='ocrx_word' id='word_1_747' title='bbox 3011 3820 3071 3873; x_wconf 91' lang='lat' dir='ltr'>in</span> <span class='ocrx_word' id='word_1_748' title='bbox 3124 3820 3318 3875; x_wconf 90' lang='lat' dir='ltr'>omnia</span> <span class='ocrx_word' id='word_1_749' title='bbox 3369 3837 3495 3891; x_wconf 87' lang='lat' dir='ltr'>qua</span> 
     </span>
    </p>
   </div>
   <div class='ocr_carea' id='block_1_101' title="bbox 1867 3911 3491 3985">
    <p class='ocr_par' dir='ltr' id='par_1_101' title="bbox 1867 3911 3491 3985">
     <span class='ocr_line' id='line_1_101' title="bbox 1867 3911 3491 3985; baseline -0.004 -17"><span class='ocrx_word' id='word_1_750' title='bbox 1867 3914 2059 3981; x_wconf 88' lang='lat' dir='ltr'>habet,</span> <span class='ocrx_word' id='word_1_751' title='bbox 2087 3913 2132 3968; x_wconf 90' lang='lat' dir='ltr'>si</span> <span class='ocrx_word' id='word_1_752' title='bbox 2159 3929 2274 3968; x_wconf 90' lang='lat' dir='ltr'>non</span> <span class='ocrx_word' id='word_1_753' title='bbox 2302 3913 2361 3968; x_wconf 92' lang='lat' dir='ltr'>in</span> <span class='ocrx_word' id='word_1_754' title='bbox 2390 3911 2590 3967; x_wconf 86' lang='lat' dir='ltr'>faciem</span> <span class='ocrx_word' id='word_1_755' title='bbox 2619 3915 2673 3966; x_wconf 91' lang='lat' dir='ltr'>te</span> <span class='ocrx_word' id='word_1_756' title='bbox 2699 3912 2986 3969; x_wconf 89' lang='lat' dir='ltr'>benedicit</span> <span class='ocrx_word' id='word_1_757' title='bbox 3011 3912 3148 3984; x_wconf 85' lang='lat' dir='ltr'>(Job,</span> <span class='ocrx_word' id='word_1_758' title='bbox 3197 3931 3233 3980; x_wconf 84' lang='grc' dir='ltr'>ι,</span> <span class='ocrx_word' id='word_1_759' title='bbox 3275 3916 3438 3985; x_wconf 77' lang='grc'>9-11).</span> <span class='ocrx_word' id='word_1_760' title='bbox 3461 3935 3491 3965; x_wconf 83' lang='grc'><strong>››</strong></span> 
     </span>
    </p>
   </div>
   <div class='ocr_carea' id='block_1_102' title="bbox 1866 4005 3494 4078">
    <p class='ocr_par' dir='ltr' id='par_1_102' title="bbox 1866 4005 3494 4078">
     <span class='ocr_line' id='line_1_102' title="bbox 1866 4005 3494 4078; baseline 0.001 -18"><span class='ocrx_word' id='word_1_761' title='bbox 1866 4008 2022 4061; x_wconf 91' lang='lat' dir='ltr'>Tunc</span> <span class='ocrx_word' id='word_1_762' title='bbox 2076 4006 2252 4077; x_wconf 87' lang='lat' dir='ltr'>igitur</span> <span class='ocrx_word' id='word_1_763' title='bbox 2305 4007 2432 4078; x_wconf 90' lang='lat' dir='ltr'>plus</span> <span class='ocrx_word' id='word_1_764' title='bbox 2488 4005 2755 4076; x_wconf 89' lang='lat' dir='ltr'>probatus</span> <span class='ocrx_word' id='word_1_765' title='bbox 2811 4011 2923 4073; x_wconf 90' lang='lat' dir='ltr'>est,</span> <span class='ocrx_word' id='word_1_766' title='bbox 2974 4006 3208 4078; x_wconf 89' lang='lat' dir='ltr'>quando</span> <span class='ocrx_word' id='word_1_767' title='bbox 3271 4008 3494 4062; x_wconf 86' lang='lat' dir='ltr'>amissis</span> 
     </span>
    </p>
   </div>
   <div class='ocr_carea' id='block_1_103' title="bbox 1869 4098 3492 4172">
    <p class='ocr_par' dir='ltr' id='par_1_103' title="bbox 1869 4098 3492 4172">
     <span class='ocr_line' id='line_1_103' title="bbox 1869 4098 3492 4172; baseline 0.002 -18"><span class='ocrx_word' id='word_1_768' title='bbox 1869 4100 2072 4172; x_wconf 83' lang='lat' dir='ltr'>Opibus</span> <span class='ocrx_word' id='word_1_769' title='bbox 2124 4104 2180 4153; x_wconf 90' lang='lat' dir='ltr'>et</span> <span class='ocrx_word' id='word_1_770' title='bbox 2232 4098 2378 4165; x_wconf 82' lang='lat' dir='ltr'>ﬁliis,</span> <span class='ocrx_word' id='word_1_771' title='bbox 2434 4115 2465 4152; x_wconf 89' lang='lat' dir='ltr'>a</span> <span class='ocrx_word' id='word_1_772' title='bbox 2515 4099 2735 4153; x_wconf 91' lang='lat' dir='ltr'>Domini</span> <span class='ocrx_word' id='word_1_773' title='bbox 2799 4099 2952 4154; x_wconf 91' lang='lat' dir='ltr'>cultu</span> <span class='ocrx_word' id='word_1_774' title='bbox 3011 4104 3068 4154; x_wconf 89' lang='lat' dir='ltr'>et</span> <span class='ocrx_word' id='word_1_775' title='bbox 3131 4100 3316 4172; x_wconf 87' lang='lat' dir='ltr'>gratia</span> <span class='ocrx_word' id='word_1_776' title='bbox 3379 4118 3492 4157; x_wconf 91' lang='lat' dir='ltr'>non</span> 
     </span>
    </p>
   </div>
   <div class='ocr_carea' id='block_1_104' title="bbox 1869 4192 3496 4264">
    <p class='ocr_par' dir='ltr' id='par_1_104' title="bbox 1869 4192 3496 4264">
     <span class='ocr_line' id='line_1_104' title="bbox 1869 4192 3496 4264; baseline 0.002 -17"><span class='ocrx_word' id='word_1_777' title='bbox 1869 4192 2117 4248; x_wconf 87' lang='lat' dir='ltr'>recessit.</span> <span class='ocrx_word' id='word_1_778' title='bbox 2176 4192 2285 4248; x_wconf 92' lang='lat' dir='ltr'>Sed</span> <span class='ocrx_word' id='word_1_779' title='bbox 2336 4209 2452 4247; x_wconf 91' lang='lat' dir='ltr'>non</span> <span class='ocrx_word' id='word_1_780' title='bbox 2521 4209 2664 4247; x_wconf 91' lang='lat' dir='ltr'>unus</span> <span class='ocrx_word' id='word_1_781' title='bbox 2716 4196 3044 4264; x_wconf 88' lang='lat' dir='ltr'>persecutor</span> <span class='ocrx_word' id='word_1_782' title='bbox 3109 4198 3226 4264; x_wconf 90' lang='lat' dir='ltr'>est;</span> <span class='ocrx_word' id='word_1_783' title='bbox 3285 4197 3496 4252; x_wconf 90' lang='lat' dir='ltr'>multos</span> 
     </span>
    </p>
   </div>
   <div class='ocr_carea' id='block_1_105' title="bbox 1869 4285 3498 4353">
    <p class='ocr_par' dir='ltr' id='par_1_105' title="bbox 1869 4285 3498 4353">
     <span class='ocr_line' id='line_1_105' title="bbox 1869 4285 3498 4353; baseline 0.003 -13"><span class='ocrx_word' id='word_1_784' title='bbox 1869 4286 2156 4340; x_wconf 89' lang='lat' dir='ltr'>ministros</span> <span class='ocrx_word' id='word_1_785' title='bbox 2184 4285 2385 4353; x_wconf 88' lang='lat' dir='ltr'>habet;</span> <span class='ocrx_word' id='word_1_786' title='bbox 2415 4285 2512 4341; x_wconf 90' lang='lat' dir='ltr'>sed</span> <span class='ocrx_word' id='word_1_787' title='bbox 2539 4303 2653 4341; x_wconf 90' lang='lat' dir='ltr'>non</span> <span class='ocrx_word' id='word_1_788' title='bbox 2681 4289 2736 4341; x_wconf 90' lang='lat' dir='ltr'>te</span> <span class='ocrx_word' id='word_1_789' title='bbox 2767 4290 3020 4342; x_wconf 88' lang='lat' dir='ltr'>terreant</span> <span class='ocrx_word' id='word_1_790' title='bbox 3046 4305 3058 4342; x_wconf 92' lang='lat'><strong>:</strong></span> <span class='ocrx_word' id='word_1_791' title='bbox 3098 4309 3125 4336; x_wconf 84' lang='lat'><strong>«</strong></span> <span class='ocrx_word' id='word_1_792' title='bbox 3159 4290 3265 4342; x_wconf 87' lang='lat' dir='ltr'>Per</span> <span class='ocrx_word' id='word_1_793' title='bbox 3290 4290 3498 4345; x_wconf 90' lang='lat' dir='ltr'>multas</span> 
     </span>
    </p>
   </div>
   <div class='ocr_carea' id='block_1_106' title="bbox 1869 4379 3495 4452">
    <p class='ocr_par' dir='ltr' id='par_1_106' title="bbox 1869 4379 3495 4452">
     <span class='ocr_line' id='line_1_106' title="bbox 1869 4379 3495 4452; baseline 0.001 -18"><span class='ocrx_word' id='word_1_794' title='bbox 1869 4379 2022 4434; x_wconf 91' lang='lat' dir='ltr'>enim</span> <span class='ocrx_word' id='word_1_795' title='bbox 2057 4380 2446 4436; x_wconf 88' lang='lat' dir='ltr'>tribulationes</span> <span class='ocrx_word' id='word_1_796' title='bbox 2478 4383 2704 4451; x_wconf 90' lang='lat' dir='ltr'>oportet</span> <span class='ocrx_word' id='word_1_797' title='bbox 2743 4397 2847 4434; x_wconf 90' lang='lat' dir='ltr'>nos</span> <span class='ocrx_word' id='word_1_798' title='bbox 2889 4379 3125 4435; x_wconf 87' lang='lat' dir='ltr'>introire</span> <span class='ocrx_word' id='word_1_799' title='bbox 3164 4381 3223 4434; x_wconf 90' lang='lat' dir='ltr'>in</span> <span class='ocrx_word' id='word_1_800' title='bbox 3254 4398 3495 4452; x_wconf 87' lang='lat' dir='ltr'>regnum</span> 
     </span>
    </p>
   </div>
   <div class='ocr_carea' id='block_1_107' title="bbox 2670 4472 3498 4544">
    <p class='ocr_par' dir='ltr' id='par_1_107' title="bbox 2670 4472 3498 4544">
     <span class='ocr_line' id='line_1_107' title="bbox 2670 4472 3498 4544; baseline 0 -16"><span class='ocrx_word' id='word_1_801' title='bbox 2670 4472 2722 4528; x_wconf 92' lang='lat' dir='ltr'>Si</span> <span class='ocrx_word' id='word_1_802' title='bbox 2786 4472 2978 4528; x_wconf 88' lang='lat' dir='ltr'>multa</span> <span class='ocrx_word' id='word_1_803' title='bbox 3043 4475 3468 4544; x_wconf 87' lang='lat' dir='ltr'>persecutiones</span> <span class='ocrx_word' id='word_1_804' title='bbox 3483 4517 3498 4542; x_wconf 94' lang='lat'>,</span> 
     </span>
    </p>
   </div>
   <div class='ocr_carea' id='block_1_108' title="bbox 1873 4565 3498 4637">
    <p class='ocr_par' dir='ltr' id='par_1_108' title="bbox 1873 4565 3498 4637">
     <span class='ocr_line' id='line_1_108' title="bbox 1873 4565 3498 4637; baseline 0.002 -17"><span class='ocrx_word' id='word_1_805' title='bbox 1873 4567 2069 4620; x_wconf 89' lang='lat' dir='ltr'>multa</span> <span class='ocrx_word' id='word_1_806' title='bbox 2131 4566 2522 4637; x_wconf 88' lang='lat' dir='ltr'>probationes;</span> <span class='ocrx_word' id='word_1_807' title='bbox 2591 4565 2683 4619; x_wconf 91' lang='lat' dir='ltr'>ubi</span> <span class='ocrx_word' id='word_1_808' title='bbox 2740 4565 2933 4620; x_wconf 85' lang='lat' dir='ltr'>multa</span> <span class='ocrx_word' id='word_1_809' title='bbox 2997 4582 3253 4634; x_wconf 89' lang='lat' dir='ltr'>corona,</span> <span class='ocrx_word' id='word_1_810' title='bbox 3318 4568 3498 4623; x_wconf 85' lang='lat' dir='ltr'>multa</span> 
     </span>
    </p>
   </div>
   <div class='ocr_carea' id='block_1_109' title="bbox 1873 4657 3498 4732">
    <p class='ocr_par' dir='ltr' id='par_1_109' title="bbox 1873 4657 3498 4732">
     <span class='ocr_line' id='line_1_109' title="bbox 1873 4657 3498 4732; baseline 0.001 -18"><span class='ocrx_word' id='word_1_811' title='bbox 1873 4657 2209 4727; x_wconf 87' lang='lat' dir='ltr'>certamina;</span> <span class='ocrx_word' id='word_1_812' title='bbox 2243 4659 2344 4714; x_wconf 89' lang='lat' dir='ltr'>tibi</span> <span class='ocrx_word' id='word_1_813' title='bbox 2389 4674 2526 4729; x_wconf 89' lang='lat' dir='ltr'>ergo</span> <span class='ocrx_word' id='word_1_814' title='bbox 2570 4658 2809 4728; x_wconf 85' lang='lat' dir='ltr'>proiicit,</span> <span class='ocrx_word' id='word_1_815' title='bbox 2841 4658 2994 4730; x_wconf 91' lang='lat' dir='ltr'>quod</span> <span class='ocrx_word' id='word_1_816' title='bbox 3034 4660 3204 4715; x_wconf 91' lang='lat' dir='ltr'>multi</span> <span class='ocrx_word' id='word_1_817' title='bbox 3240 4677 3498 4732; x_wconf 88' lang='lat' dir='ltr'>persecu-</span> 
     </span>
    </p>
   </div>
   <div class='ocr_carea' id='block_1_110' title="bbox 1872 4751 3497 4823">
    <p class='ocr_par' dir='ltr' id='par_1_110' title="bbox 1872 4751 3497 4823">
     <span class='ocr_line' id='line_1_110' title="bbox 1872 4751 3497 4823; baseline -0.001 -16"><span class='ocrx_word' id='word_1_818' title='bbox 1872 4759 2022 4808; x_wconf 88' lang='lat' dir='ltr'>tores</span> <span class='ocrx_word' id='word_1_819' title='bbox 2068 4757 2236 4820; x_wconf 86' lang='lat' dir='ltr'>sunt;</span> <span class='ocrx_word' id='word_1_820' title='bbox 2274 4757 2338 4806; x_wconf 89' lang='lat' dir='ltr'>ut</span> <span class='ocrx_word' id='word_1_821' title='bbox 2382 4752 2534 4806; x_wconf 91' lang='lat' dir='ltr'>inter</span> <span class='ocrx_word' id='word_1_822' title='bbox 2577 4751 2782 4806; x_wconf 90' lang='lat' dir='ltr'>multas</span> <span class='ocrx_word' id='word_1_823' title='bbox 2817 4753 3238 4823; x_wconf 88' lang='lat' dir='ltr'>persecutiones</span> <span class='ocrx_word' id='word_1_824' title='bbox 3283 4753 3497 4808; x_wconf 84' lang='lat' dir='ltr'>facilius</span> 
     </span>
    </p>
   </div>
   <div class='ocr_carea' id='block_1_111' title="bbox 1875 4844 2979 4915">
    <p class='ocr_par' dir='ltr' id='par_1_111' title="bbox 1875 4844 2979 4915">
     <span class='ocr_line' id='line_1_111' title="bbox 1875 4844 2979 4915; baseline 0.003 -17"><span class='ocrx_word' id='word_1_825' title='bbox 1875 4845 2126 4900; x_wconf 90' lang='lat' dir='ltr'>invenias</span> <span class='ocrx_word' id='word_1_826' title='bbox 2152 4844 2637 4915; x_wconf 89' lang='lat' dir='ltr'>quemadmodum</span> <span class='ocrx_word' id='word_1_827' title='bbox 2669 4846 2979 4902; x_wconf 88' lang='lat' dir='ltr'>coroneris.</span> 
     </span>
    </p>
   </div>
   <div class='ocr_carea' id='block_1_112' title="bbox 1945 4937 3498 5010">
    <p class='ocr_par' dir='ltr' id='par_1_112' title="bbox 1945 4937 3498 5010">
     <span class='ocr_line' id='line_1_112' title="bbox 1945 4937 3498 5010; baseline -0.001 -17"><span class='ocrx_word' id='word_1_828' title='bbox 1945 4939 2034 4994; x_wconf 74' lang='grc'>44.</span> <span class='ocrx_word' id='word_1_829' title='bbox 2072 4939 2306 4992; x_wconf 86' lang='lat' dir='ltr'>Utamur</span> <span class='ocrx_word' id='word_1_830' title='bbox 2352 4938 2614 5008; x_wconf 91' lang='lat' dir='ltr'>exemplo</span> <span class='ocrx_word' id='word_1_831' title='bbox 2655 4937 2973 4994; x_wconf 90' lang='lat' dir='ltr'>Sebastiani</span> <span class='ocrx_word' id='word_1_832' title='bbox 3017 4939 3300 5010; x_wconf 82' lang='lat' dir='ltr'>martyris,</span> <span class='ocrx_word' id='word_1_833' title='bbox 3340 4939 3498 5010; x_wconf 87' lang='lat' dir='ltr'>cujus</span> 
     </span>
    </p>
   </div>
   <div class='ocr_carea' id='block_1_113' title="bbox 1877 5030 3500 5102">
    <p class='ocr_par' dir='ltr' id='par_1_113' title="bbox 1877 5030 3500 5102">
     <span class='ocr_line' id='line_1_113' title="bbox 1877 5030 3500 5102; baseline 0.001 -17"><span class='ocrx_word' id='word_1_834' title='bbox 1877 5032 2044 5085; x_wconf 88' lang='lat' dir='ltr'>hodie</span> <span class='ocrx_word' id='word_1_835' title='bbox 2086 5030 2290 5086; x_wconf 84' lang='lat' dir='ltr'>natalis</span> <span class='ocrx_word' id='word_1_836' title='bbox 2331 5035 2433 5085; x_wconf 87' lang='lat' dir='ltr'>est.</span> <span class='ocrx_word' id='word_1_837' title='bbox 2479 5031 2572 5085; x_wconf 86' lang='lat' dir='ltr'>Hic</span> <span class='ocrx_word' id='word_1_838' title='bbox 2604 5032 3038 5088; x_wconf 84' lang='lat' dir='ltr'>Mediolanensis</span> <span class='ocrx_word' id='word_1_839' title='bbox 3074 5031 3184 5102; x_wconf 89' lang='lat'>(68)</span> <span class='ocrx_word' id='word_1_840' title='bbox 3224 5031 3500 5086; x_wconf 86' lang='lat' dir='ltr'>oriundus</span> 
     </span>
    </p>
   </div>
   <div class='ocr_carea' id='block_1_114' title="bbox 1938 5216 3502 5284">
    <p class='ocr_par' dir='ltr' id='par_1_114' title="bbox 1938 5216 3502 5284">
     <span class='ocr_line' id='line_1_114' title="bbox 1938 5216 3502 5284; baseline -0.001 -15"><span class='ocrx_word' id='word_1_841' title='bbox 1938 5218 2034 5284; x_wconf 90' lang='grc'>(68)</span> <span class='ocrx_word' id='word_1_842' title='bbox 2081 5218 2249 5268; x_wconf 78' lang='lat' dir='ltr'>Vides</span> <span class='ocrx_word' id='word_1_843' title='bbox 2295 5231 2419 5269; x_wconf 90' lang='lat' dir='ltr'>eam</span> <span class='ocrx_word' id='word_1_844' title='bbox 2469 5219 2615 5269; x_wconf 88' lang='lat' dir='ltr'>diem</span> <span class='ocrx_word' id='word_1_845' title='bbox 2657 5231 2765 5282; x_wconf 86' lang='lat' dir='ltr'>qua</span> <span class='ocrx_word' id='word_1_846' title='bbox 2810 5217 3033 5268; x_wconf 88' lang='lat' dir='ltr'>habitus</span> <span class='ocrx_word' id='word_1_847' title='bbox 3083 5217 3154 5267; x_wconf 91' lang='lat' dir='ltr'>ab</span> <span class='ocrx_word' id='word_1_848' title='bbox 3207 5216 3502 5268; x_wconf 83' lang='lat' dir='ltr'>Ambrosio</span> 
     </span>
    </p>
   </div>
   <div class='ocr_carea' id='block_1_115' title="bbox 1877 5286 3502 5348">
    <p class='ocr_par' dir='ltr' id='par_1_115' title="bbox 1877 5286 3502 5348">
     <span class='ocr_line' id='line_1_115' title="bbox 1877 5286 3502 5348; baseline -0.001 -10"><span class='ocrx_word' id='word_1_849' title='bbox 1877 5290 1977 5339; x_wconf 83' lang='lat' dir='ltr'>fuit</span> <span class='ocrx_word' id='word_1_850' title='bbox 2014 5289 2107 5339; x_wconf 87' lang='lat' dir='ltr'>hic</span> <span class='ocrx_word' id='word_1_851' title='bbox 2137 5301 2336 5348; x_wconf 88' lang='lat' dir='ltr'>sermo,</span> <span class='ocrx_word' id='word_1_852' title='bbox 2368 5289 2425 5338; x_wconf 91' lang='lat' dir='ltr'>in</span> <span class='ocrx_word' id='word_1_853' title='bbox 2454 5289 2705 5340; x_wconf 84' lang='lat' dir='ltr'>Ecclesia</span> <span class='ocrx_word' id='word_1_854' title='bbox 2746 5288 3142 5338; x_wconf 80' lang='lat' dir='ltr'>Mediolanensi</span> <span class='ocrx_word' id='word_1_855' title='bbox 3172 5286 3502 5338; x_wconf 86' lang='lat' dir='ltr'>Sebastiano</span> 
     </span>
    </p>
   </div>
   <div class='ocr_carea' id='block_1_116' title="bbox 1876 5357 3504 5422">
    <p class='ocr_par' dir='ltr' id='par_1_116' title="bbox 1876 5357 3504 5422">
     <span class='ocr_line' id='line_1_116' title="bbox 1876 5357 3504 5422; baseline 0 -13"><span class='ocrx_word' id='word_1_856' title='bbox 1876 5361 2104 5422; x_wconf 87' lang='lat' dir='ltr'>martyri</span> <span class='ocrx_word' id='word_1_857' title='bbox 2133 5371 2347 5410; x_wconf 89' lang='lat' dir='ltr'>sacram</span> <span class='ocrx_word' id='word_1_858' title='bbox 2371 5361 2664 5409; x_wconf 87' lang='lat' dir='ltr'>exstitisse.</span> <span class='ocrx_word' id='word_1_859' title='bbox 2693 5359 2775 5409; x_wconf 89' lang='lat' dir='ltr'>De</span> <span class='ocrx_word' id='word_1_860' title='bbox 2805 5359 2968 5420; x_wconf 88' lang='lat' dir='ltr'>cujus</span> <span class='ocrx_word' id='word_1_861' title='bbox 2993 5357 3220 5421; x_wconf 87' lang='lat' dir='ltr'>quidem</span> <span class='ocrx_word' id='word_1_862' title='bbox 3246 5360 3504 5422; x_wconf 84' lang='lat' dir='ltr'>martyris</span> 
     </span>
    </p>
   </div>
   <div class='ocr_carea' id='block_1_117' title="bbox 1876 5428 3502 5496">
    <p class='ocr_par' dir='ltr' id='par_1_117' title="bbox 1876 5428 3502 5496">
     <span class='ocr_line' id='line_1_117' title="bbox 1876 5428 3502 5496; baseline 0 -15"><span class='ocrx_word' id='word_1_863' title='bbox 1876 5433 2047 5496; x_wconf 87' lang='lat' dir='ltr'>patria</span> <span class='ocrx_word' id='word_1_864' title='bbox 2087 5432 2189 5481; x_wconf 88' lang='lat' dir='ltr'>etsi</span> <span class='ocrx_word' id='word_1_865' title='bbox 2223 5437 2333 5480; x_wconf 86' lang='lat' dir='ltr'>tam</span> <span class='ocrx_word' id='word_1_866' title='bbox 2360 5429 2620 5480; x_wconf 86' lang='lat' dir='ltr'>distincte</span> <span class='ocrx_word' id='word_1_867' title='bbox 2659 5431 3020 5492; x_wconf 88' lang='lat' dir='ltr'>pronuntiare</span> <span class='ocrx_word' id='word_1_868' title='bbox 3059 5428 3313 5480; x_wconf 86' lang='lat' dir='ltr'>videatur</span> <span class='ocrx_word' id='word_1_869' title='bbox 3339 5443 3502 5481; x_wconf 89' lang='lat' dir='ltr'>sanc-</span> 
     </span>
    </p>
   </div>
   <div class='ocr_carea' id='block_1_118' title="bbox 1877 5498 3502 5564">
    <p class='ocr_par' dir='ltr' id='par_1_118' title="bbox 1877 5498 3502 5564">
     <span class='ocr_line' id='line_1_118' title="bbox 1877 5498 3502 5564; baseline 0.002 -16"><span class='ocrx_word' id='word_1_870' title='bbox 1877 5503 1965 5549; x_wconf 90' lang='lat' dir='ltr'>tus</span> <span class='ocrx_word' id='word_1_871' title='bbox 2011 5501 2232 5564; x_wconf 83' lang='lat' dir='ltr'>prasul,</span> <span class='ocrx_word' id='word_1_872' title='bbox 2283 5502 2404 5562; x_wconf 89' lang='lat' dir='ltr'>ejus</span> <span class='ocrx_word' id='word_1_873' title='bbox 2445 5505 2630 5549; x_wconf 89' lang='lat' dir='ltr'>tamen</span> <span class='ocrx_word' id='word_1_874' title='bbox 2679 5498 2845 5548; x_wconf 90' lang='lat' dir='ltr'>verba</span> <span class='ocrx_word' id='word_1_875' title='bbox 2903 5499 2958 5548; x_wconf 91' lang='lat' dir='ltr'>in</span> <span class='ocrx_word' id='word_1_876' title='bbox 3012 5498 3260 5550; x_wconf 89' lang='lat' dir='ltr'>diversos</span> <span class='ocrx_word' id='word_1_877' title='bbox 3301 5513 3502 5551; x_wconf 90' lang='lat' dir='ltr'>sensus</span> 
     </span>
    </p>
   </div>
   <div class='ocr_carea' id='block_1_119' title="bbox 1877 5569 3501 5632">
    <p class='ocr_par' dir='ltr' id='par_1_119' title="bbox 1877 5569 3501 5632">
     <span class='ocr_line' id='line_1_119' title="bbox 1877 5569 3501 5632; baseline 0.001 -13"><span class='ocrx_word' id='word_1_878' title='bbox 1877 5574 2162 5620; x_wconf 87' lang='lat' dir='ltr'>traxerunt</span> <span class='ocrx_word' id='word_1_879' title='bbox 2191 5570 2458 5620; x_wconf 86' lang='lat' dir='ltr'>historici.</span> <span class='ocrx_word' id='word_1_880' title='bbox 2493 5571 2630 5619; x_wconf 88' lang='lat' dir='ltr'>Nam</span> <span class='ocrx_word' id='word_1_881' title='bbox 2666 5584 2695 5618; x_wconf 89' lang='lat' dir='ltr'>a</span> <span class='ocrx_word' id='word_1_882' title='bbox 2739 5569 2936 5618; x_wconf 91' lang='lat' dir='ltr'>Baron.</span> <span class='ocrx_word' id='word_1_883' title='bbox 2971 5569 3039 5618; x_wconf 88' lang='lat' dir='ltr'>ad</span> <span class='ocrx_word' id='word_1_884' title='bbox 3081 5584 3168 5619; x_wconf 88' lang='lat' dir='ltr'>an.</span> <span class='ocrx_word' id='word_1_885' title='bbox 3199 5571 3312 5632; x_wconf 74' lang='lat'>284,</span> <span class='ocrx_word' id='word_1_886' title='bbox 3345 5585 3501 5622; x_wconf 91' lang='lat' dir='ltr'>num.</span> 
     </span>
    </p>
   </div>
   <div class='ocr_carea' id='block_1_120' title="bbox 1878 5639 3584 5701">
    <p class='ocr_par' dir='ltr' id='par_1_120' title="bbox 1878 5639 3584 5701">
     <span class='ocr_line' id='line_1_120' title="bbox 1878 5639 3584 5701; baseline 0.002 -12"><span class='ocrx_word' id='word_1_887' title='bbox 1878 5641 1956 5701; x_wconf 75' lang='grc'>12,</span> <span class='ocrx_word' id='word_1_888' title='bbox 1993 5641 2198 5690; x_wconf 91' lang='lat' dir='ltr'>dicitur</span> <span class='ocrx_word' id='word_1_889' title='bbox 2230 5653 2244 5690; x_wconf 90' lang='lat'><strong>:</strong></span> <span class='ocrx_word' id='word_1_890' title='bbox 2289 5639 2539 5690; x_wconf 82' lang='lat' dir='ltr'>Narbone</span> <span class='ocrx_word' id='word_1_891' title='bbox 2580 5639 2864 5696; x_wconf 84' lang='lat' dir='ltr'>oriundus,</span> <span class='ocrx_word' id='word_1_892' title='bbox 2896 5639 3186 5689; x_wconf 75' lang='lat' dir='ltr'>Mediolani</span> <span class='ocrx_word' id='word_1_893' title='bbox 3222 5655 3346 5692; x_wconf 81' lang='lat' dir='ltr'>vero</span> <span class='ocrx_word' id='word_1_894' title='bbox 3375 5643 3504 5692; x_wconf 86' lang='lat' dir='ltr'>edu-</span> <span class='ocrx_word' id='word_1_895' title='bbox 3581 5665 3584 5668; x_wconf 55' lang='grc' dir='ltr'><em>ί</em></span> 
     </span>
    </p>
   </div>
   <div class='ocr_carea' id='block_1_121' title="bbox 1879 5708 3502 5776">
    <p class='ocr_par' dir='ltr' id='par_1_121' title="bbox 1879 5708 3502 5776">
     <span class='ocr_line' id='line_1_121' title="bbox 1879 5708 3502 5776; baseline 0.001 -16"><span class='ocrx_word' id='word_1_896' title='bbox 1879 5716 2025 5760; x_wconf 81' lang='lat' dir='ltr'>catus</span> <span class='ocrx_word' id='word_1_897' title='bbox 2057 5724 2072 5758; x_wconf 89' lang='lat'><strong><em>:</em></strong></span> <span class='ocrx_word' id='word_1_898' title='bbox 2101 5710 2182 5760; x_wconf 80' lang='lat' dir='ltr'>vel</span> <span class='ocrx_word' id='word_1_899' title='bbox 2227 5713 2286 5759; x_wconf 83' lang='lat' dir='ltr'>ut</span> <span class='ocrx_word' id='word_1_900' title='bbox 2333 5715 2546 5758; x_wconf 83' lang='lat' dir='ltr'>sanctus</span> <span class='ocrx_word' id='word_1_901' title='bbox 2583 5708 2894 5758; x_wconf 84' lang='lat' dir='ltr'>Ambrosius</span> <span class='ocrx_word' id='word_1_902' title='bbox 2939 5710 3064 5772; x_wconf 89' lang='lat' dir='ltr'>(hoc</span> <span class='ocrx_word' id='word_1_903' title='bbox 3104 5712 3320 5762; x_wconf 85' lang='lat' dir='ltr'>scilicet</span> <span class='ocrx_word' id='word_1_904' title='bbox 3363 5714 3502 5776; x_wconf 90' lang='lat' dir='ltr'>loco)</span> 
     </span>
    </p>
   </div>
   <div class='ocr_carea' id='block_1_122' title="bbox 1879 5779 3504 5842">
    <p class='ocr_par' dir='ltr' id='par_1_122' title="bbox 1879 5779 3504 5842">
     <span class='ocr_line' id='line_1_122' title="bbox 1879 5779 3504 5842; baseline 0.002 -11"><span class='ocrx_word' id='word_1_905' title='bbox 1879 5785 1925 5831; x_wconf 75' lang='lat' dir='ltr'>et</span> <span class='ocrx_word' id='word_1_906' title='bbox 1977 5779 2077 5829; x_wconf 78' lang='lat' dir='ltr'>alii</span> <span class='ocrx_word' id='word_1_907' title='bbox 2127 5780 2365 5838; x_wconf 74' lang='lat' dir='ltr'>tradzmt,</span> <span class='ocrx_word' id='word_1_908' title='bbox 2424 5785 2577 5841; x_wconf 79' lang='lat' dir='ltr'>patre</span> <span class='ocrx_word' id='word_1_909' title='bbox 2625 5779 2978 5842; x_wconf 82' lang='lat' dir='ltr'>Narbonensi,</span> <span class='ocrx_word' id='word_1_910' title='bbox 3033 5789 3203 5833; x_wconf 79' lang='lat' dir='ltr'>mat-re</span> <span class='ocrx_word' id='word_1_911' title='bbox 3247 5783 3504 5835; x_wconf 71' lang='lat' dir='ltr'>Mediola-</span> 
     </span>
    </p>
   </div>
  </div>
