3930 6168
472 199 490 250 i
509 199 609 247 575
1948 192 2002 246 S.
2041 191 2358 247 AMBROSII
3652 203 3764 257 l576

471 323 574 370 est.
633 315 892 370 Fortasse
937 317 1037 368 aut
1067 313 1190 384 jam
1241 312 1570 367 discesserat
1612 315 1955 384 persecutor,
2007 319 2104 366 aut
2125 317 2354 396 Atatus
2389 329 2449 367 es
2487 312 2686 384 spiritu
2729 311 2999 382 avaritia,
3032 316 3096 368 ut
3129 315 3529 385 possessionem
3562 320 3768 376 minoris

467 409 652 462 adhuc
707 425 817 462 non
869 413 1101 462 venerat
1154 407 1212 460 in
1263 407 1383 460 haec
1439 407 1710 476 partium,
1757 410 1856 460 aut
1907 406 2104 460 mitior
2201 406 2514 473 invaderes,
2568 407 2880 462 indefensae
2941 407 3123 462 vidum
3179 408 3307 479 jura
3369 414 3681 482 temerares,
3725 423 3770 470 et

470 507 613 556 erat.
671 501 924 556 Advertit
971 501 1065 554 hic
1118 505 1215 554 aut
1263 500 1483 554 nullum
1540 516 1701 566 esse,
1751 506 1849 554 aut
1906 504 2100 570 tepere
2201 506 2394 555 tamen
2465 501 2941 571 contemplatione
3017 502 3322 556 caelestium
3397 508 3769 575 prteceptorum

469 599 786 649 certamen.
828 595 1066 650 Romam
1100 594 1390 664 profectus
1430 597 1536 661 est,
1564 594 1664 648 ubi
1704 598 1937 664 prepter
1971 592 2102 646 fidei
2201 609 2367 662 opem
2403 594 2582 664 magis
2612 595 2930 660 ferendam,
2958 611 3133 666 quam
3169 595 3507 651 inferendam
3535 598 3770 667 injuriam

469 687 722 742 studium
750 687 1164 758 persecutionis
1202 687 1410 741 acerba
1435 686 1757 753 fervebant,
1799 685 1877 740 ibi
1904 700 2103 756 passus
2193 686 2459 755 judicasti
2503 704 2515 740 :
2580 688 2734 742 testis
2797 703 2857 741 es
2916 689 3143 744 Christi.
3198 689 3445 760 Denique
3506 690 3632 745 tales
3677 694 3772 745 vult

471 784 575 849 est,
606 782 712 835 hoc
751 784 854 848 est,
893 781 971 834 ibi
998 783 1318 835 coronatus.
1355 782 1551 850 Itaque
1582 779 1717 847 illic,
1746 795 1860 850 quo
1897 779 2102 848 hospes
2200 783 2371 834 testes
2397 780 2650 835 Christus
2685 780 2966 843 assistere.
2999 783 3313 837 secundum
3351 784 3496 853 quod
3533 784 3772 855 scriptum

472 875 718 942 advenit,
751 874 1103 928 domicilium
1139 872 1586 928 immortalitatis
1617 877 1909 943 perpetuae
1937 872 2102 924 collo-
2201 880 2285 925 est
2317 889 2329 926 :
2375 893 2404 921 «
2435 874 2684 928 ludicate
2735 874 2974 944 pupillo,
3013 879 3070 928 et
3109 874 3410 946 justificate
3457 876 3687 943 viduam,
3729 882 3777 932 et

474 969 634 1022 cavit.
688 968 746 1022 Si
800 983 949 1022 unus
997 970 1327 1038 persecutor
1375 966 1598 1032 fuisset,
1634 970 1961 1020 coronatus
2013 963 2100 1018 hic
2200 966 2406 1033 venite,
2441 966 2814 1038 disputemus,
2845 967 2984 1022 dicit
3005 967 3274 1022 Dominus
3299 970 3443 1036 (Isu.,
3469 974 3606 1036 1,17,
3637 972 3773 1030 18).»

472 1065 689 1130 martyr
715 1060 907 1131 utique
936 1076 1050 1114 non
1075 1060 1290 1114 fuisset.
2200 1059 2468 1113 Tentatus
2523 1076 2582 1113 es
2624 1060 2824 1130 spiritu
2869 1061 3168 1131 superbiae,
3207 1062 3302 1115 sed
3345 1061 3531 1115 videns
3579 1061 3778 1133 inopem

543 1156 632 1208 45.
671 1153 783 1207 Sed
831 1153 979 1224 quod
1023 1153 1206 1222 pejus,
1248 1168 1362 1205 non
1405 1151 1467 1205 hi
1497 1151 1681 1206 solum
1711 1153 2103 1220 persecutores
2201 1154 2368 1222 atque
2395 1167 2662 1222 egenum,
2702 1154 2800 1223 pia
2840 1160 3031 1208 mente
3074 1169 3400 1225 compassus
3426 1170 3502 1224 es,
3531 1155 3779 1209 humilita-

473 1247 728 1318 suntqui
764 1246 1047 1312 videntur,
1091 1246 1186 1299 sed
1225 1245 1397 1300 etiam
1437 1246 1535 1316 qui
1577 1261 1691 1298 non
1734 1243 2017 1309 videntur,
2047 1249 2104 1298 et
2202 1247 2319 1298 tem
2351 1247 2536 1316 magis
2579 1263 2750 1316 quam
2797 1247 3184 1318 arrogantiam
3229 1247 3508 1302 dilexisti:
3552 1249 3694 1302 testis
3734 1266 3779 1301 es

476 1342 655 1395 multo
700 1342 889 1410 plures
931 1339 1348 1410 persecutores!
1392 1339 1549 1394 Sicut
1593 1339 1744 1392 enim
1788 1354 1937 1391 unus
1982 1353 2104 1407 per-
2201 1338 2426 1403 Christi,
2479 1343 2537 1392 et
2578 1340 2733 1410 quod
2779 1344 2864 1393 est
2908 1341 3174 1411 amplius,
3223 1357 3337 1395 non
3386 1341 3642 1395 sermonis
3684 1346 3781 1395 tan-

477 1440 702 1489 secutor
747 1450 848 1487 rex
896 1433 1091 1488 multis
1134 1433 1537 1503 persecutionis
1590 1436 1873 1502 praecepta
1919 1431 2103 1484 mitte-
2200 1432 2518 1500 tummodo,
2564 1433 2661 1487 sed
2712 1433 2886 1489 etiam
2941 1434 3128 1504 operis
3176 1433 3561 1488 testimonium
3613 1434 3780 1504 perhi-

476 1529 589 1594 bat,
641 1534 698 1582 et
739 1543 845 1598 per
889 1527 1135 1597 singulas
1189 1528 1275 1580 vel
1322 1527 1593 1591 civitates,
1640 1525 1737 1578 vel
1787 1523 2102 1594 provincias
2199 1523 2373 1578 buisti
2402 1528 2535 1592 (69).
2577 1525 2712 1589 Quis
2751 1527 2900 1580 enim
2942 1525 3277 1597 locupletior
3316 1528 3466 1581 testis
3504 1531 3603 1594 est,
3637 1542 3783 1597 quam

476 1624 641 1678 erant
703 1620 910 1674 diversi
974 1622 1396 1690 persecutores,
1462 1619 1541 1672 ita
1603 1617 1778 1672 etiam
1850 1617 2161 1690 diabolus_
2201 1619 2299 1688 qui
2343 1619 2644 1673 confitetur
2691 1620 2996 1674 Dominum
3039 1621 3227 1674 lesum
3272 1621 3331 1673 in
3375 1636 3537 1674 carne
3578 1621 3785 1685 venisse,

479 1715 687 1768 multos
732 1687 1023 1767 ministros
1073 1729 1201 1766 suos
1253 1711 1465 1782 dirigit,
1510 1711 1605 1781 qui
1653 1727 1765 1764 non
1808 1710 1946 1764 foris
1982 1687 2334 1764 tan-Bcum
2362 1712 2648 1781 Evangelii
2696 1716 2979 1783 praecepta
3021 1713 3306 1768 custodit?
3348 1713 3483 1767 Nam
3527 1713 3617 1784 qui
3653 1712 3787 1766 audit

480 1807 804 1873 tummodo,
857 1805 956 1860 sed
1005 1805 1176 1860 etiam
1221 1804 1374 1858 intus
1415 1803 1630 1858 faciant
1675 1802 2103 1873 persecutiones
2202 1810 2261 1858 et
2301 1821 2414 1858 non
2457 1804 2608 1872 facit,
2657 1812 2830 1876 negat
2870 1806 3176 1873 Christum,
3205 1807 3309 1861 etsi
3348 1806 3514 1861 verbo
3552 1806 3786 1868 fateatur,

483 1902 541 1954 in
574 1900 782 1954 animis
813 1898 1192 1968 singulorum.
1227 1898 1300 1950 De
1338 1897 1427 1951 his
1472 1897 1686 1951 dictum
1725 1899 1810 1950 est
1847 1911 2104 1965 persecu-
2204 1897 2472 1968 operibus
2499 1905 2688 1968 negat.
2711 1900 2893 1963 Quam
2915 1900 3109 1954 multis
3131 1900 3484 1955 dicentibus:
3511 1920 3538 1948 α
3558 1899 3787 1963 Domine,

483 1994 732 2047 tionibus
762 2011 774 2046 :
807 2013 834 2038 ‹‹
863 1993 1072 2046 Omnes
1097 1990 1194 2062 qui
1221 1992 1419 2045 volunt
1455 1991 1546 2060 pie
1581 1989 1766 2042 vivere
1791 1989 1850 2043 in
1879 1988 2103 2043 Christo
2206 1991 2476 2059 Domine,
2535 2008 2723 2046 nonne
2773 1993 2832 2046 in
2889 1997 2986 2047 tuo
3042 1994 3274 2047 nomine
3338 1992 3787 2064 prophetavimus,

475 2089 623 2152 .lesu,
665 2084 1124 2156 persecutionem
1165 2084 1456 2154 patiuntur
1497 2083 1563 2153 (ll
1606 2085 1764 2144 Tim.,
1814 2098 1890 2150 ιιι,
1935 2086 2043 2151 l2).
2075 2101 2101 2131 η
2203 2089 2257 2138 et
2297 2084 2578 2139 daemonia
2625 2086 2916 2156 ejecimus,
2959 2092 3017 2141 et
3054 2087 3290 2141 virtutes
3341 2087 3545 2141 multas
3584 2085 3789 2139 fecimus

479 2181 688 2235 Omnes
717 2179 877 2245 dixit,
921 2177 1142 2232 nullum
1188 2177 1430 2247 excepit.
1469 2176 1602 2240 Quis
1645 2175 1801 2229 enim
1841 2179 2105 2244 exceptus
2205 2180 2449 2245 (Matth,
2481 2195 2572 2246 vu,
2604 2179 2734 2248 22)?
2768 2201 2796 2229 υ
2826 2181 2886 2234 in
2909 2179 3004 2234 illo
3030 2180 3120 2235 die
3146 2179 3510 2250 respondebit
3546 2196 3558 2234 :
3589 2201 3614 2229 ‹‹
3640 2179 3792 2232 Disce-

479 2277 666 2345 potest
691 2290 830 2340 esse,
864 2287 994 2326 cum
1027 2271 1147 2341 ipse
1186 2271 1456 2325 Dominus
1493 2269 1959 2340 persecutionum
1990 2272 2104 2322 ten-

479 2370 738 2422 tamenta
792 2365 1154 2420 toleraverit?
1209 2363 1568 2433 Persequitur
1619 2363 1870 2425 avaritia,
1922 2377 2105 2432 perse-

481 2461 676 2532 quitur
737 2459 988 2526 ambitio,
1040 2457 1396 2529 persequitur
1447 2457 1688 2523 luxuria,
1746 2456 2106 2528 persequitur

478 2553 766 2626 superbia,
806 2551 1172 2624 persequitur
1217 2550 1532 2604 fornicatio.
1567 2550 1726 2605 Unde
1771 2555 1830 2604 et
1872 2552 2105 2621 Aposto-

478 2650 564 2704 lus
603 2647 722 2703 ait:
773 2667 801 2695 ι(
831 2646 1030 2717 Fugite
1064 2645 1499 2699 fornicationem
1547 2642 1586 2713 (Ι
1628 2646 1770 2707 Cor.,
1817 2659 1892 2712 v1,
1936 2645 2042 2707 18).
2075 2664 2102 2692 ››

479 2744 622 2798 Nam
651 2757 762 2812 qua
795 2756 959 2794 causa
999 2740 1248 2809 fugeres,
1291 2738 1396 2792 nisi
1423 2738 1520 2792 illa
1551 2743 1604 2792 te
1635 2735 2106 2808 persequeretur?

480 2837 576 2890 Est
622 2835 777 2889 enim
830 2833 1012 2888 malus
1055 2833 1286 2903 spiritus
1335 2830 1745 2898 fornicationis,
1793 2836 1877 2884 est
1922 2830 2106 2883 malus

479 2929 712 2999 spiritus
743 2927 1016 2994 avaritize,
1051 2927 1236 2980 malus
1265 2924 1496 2995 spiritus
1526 2923 1826 2994 superbire.

2204 2271 2320 2326 dite
2348 2288 2381 2324 a
2405 2287 2516 2338 me,
2546 2288 2746 2326 omnes
2775 2273 2870 2344 qui
2907 2273 3221 2344 operamini
3247 2273 3602 2344 iniquitatem
3635 2271 3790 2339 (Ibid,

2203 2365 2322 2433 23)!
2352 2386 2378 2414 »
2420 2365 2514 2420 Ille
2548 2381 2684 2436 ergo
2721 2367 2881 2420 testis
2923 2371 3028 2436 est,
3056 2366 3156 2438 qui
3184 2365 3611 2437 astipulantibus
3635 2364 3792 2429 factis,

2206 2457 2426 2512 Domini
2454 2459 2582 2512 .lesu
2611 2464 2899 2530 praecepta
2923 2463 3180 2513 testatur.

2274 2553 2363 2606 48.
2416 2551 2625 2614 Quanti
2671 2568 2810 2622 ergo
2858 2552 3110 2623 quotidie
3164 2553 3223 2607 in
3277 2553 3499 2607 occulto
3546 2556 3796 2622 martyres

2203 2643 2410 2699 Christi
2474 2650 2637 2711 sunt,
2706 2651 2762 2698 et
2825 2647 3015 2700 Jesum
3084 2646 3395 2700 Dominum
3453 2645 3790 2700 conﬁtentur!

2204 2737 2366 2790 Novit
2415 2737 2522 2792 hoc
2571 2737 2908 2809 martyrium
2960 2739 3260 2808 Apostolus
3315 2743 3372 2794 et
3427 2736 3794 2793 testimonium

2204 2830 2412 2885 Christi
2440 2830 2630 2900 fidele,
2659 2831 2756 2901 qui
2791 2831 2932 2886 dixit
2961 2848 2974 2885 :
3009 2853 3036 2881 «
3068 2832 3194 2886 Haec
3235 2837 3322 2888 est
3363 2833 3515 2886 enim
3559 2830 3794 2902 gloriatio

2207 2927 2416 2991 nostra,
2454 2924 2846 2978 testimonium
2881 2925 3239 2980 conscientiae
3277 2929 3487 2980 nostra:
3517 2926 3581 2994 (ll
3611 2927 3737 2983 Cor.,
3765 2939 3794 2985 ι,

551 3023 638 3077 46.
682 3021 780 3076 Isti
824 3026 955 3074 sunt
999 3021 1403 3090 persecutores
1432 3033 1649 3087 graves,
1687 3015 1784 3087 qui
1829 3015 1948 3070 sine
1989 3016 2176 3120 gla-C
2207 3021 2314 3084 l2).
2351 3039 2380 3068 ››
2414 3017 2624 3080 Quanti
2658 3017 2795 3072 foris
2828 3017 3068 3072 confessi
3105 3021 3258 3086 sunt,
3308 3024 3365 3073 et
3403 3019 3556 3073 intus
3586 3030 3796 3086 negave-

479 3117 559 3172 dii
586 3120 809 3169 terrore
837 3117 1089 3166 mentem
1119 3109 1368 3165 hominis
1387 3110 1718 3181 frequenter
1743 3109 1978 3176 elidunt,
2005 3108 2102 3180 qui

479 3205 758 3262 illecebris
787 3205 974 3275 magis
995 3221 1164 3274 quam
1192 3203 1505 3257 terroribus
1531 3202 1752 3257 animos
1774 3208 2101 3273 expugnant

480 3301 756 3356 fidelium.
818 3300 882 3354 Hi
944 3299 1044 3352 tibi
1107 3299 1298 3352 hostes
1361 3295 1629 3366 cavendi,
1699 3296 1757 3349 hi
1817 3296 2102 3366 graviores

479 3393 723 3465 tyranni,
766 3409 866 3463 per
904 3408 1047 3463 quos
1089 3390 1267 3447 Adam
1309 3397 1504 3460 captus
1539 3393 1641 3444 est.
1683 3389 1837 3444 Multi
1876 3389 1936 3442 in
1981 3405 2100 3460 per-

478 3487 768 3543 secutione
793 3485 1016 3557 publica
1041 3484 1310 3550 coronati,
1335 3483 1559 3539 occulta
1581 3483 1688 3537 hac
1710 3482 2102 3554 persecutione

477 3582 848 3637 ceciderunt:
887 3601 915 3628 «
947 3580 1122 3648 Foris,
1166 3578 1371 3649 inquit,
1414 3593 1646 3649 pugnae,
1677 3577 1831 3631 intus
1869 3577 2102 3631 timores

479 3677 544 3748 (ll
583 3677 726 3738 Cor.,
765 3691 858 3741 vn,
898 3677 969 3740 5).
1009 3696 1034 3722 ››
1084 3672 1342 3726 Advertis
1386 3687 1557 3742 quam
1599 3686 1769 3742 grave
1811 3673 2101 3725 certamen

479 3771 567 3836 sit,
609 3768 758 3840 quod
806 3772 890 3822 est
925 3767 1076 3821 intra
1119 3765 1436 3831 hominem,
1479 3770 1544 3819 ut
1584 3781 1775 3820 secum
1815 3764 1935 3835 ipse
1975 3780 2103 3817 con-

477 3863 657 3933 tligat,
686 3877 816 3916 cum
853 3860 968 3915 suis
1010 3859 1416 3930 cupiditatibus
1457 3857 1762 3928 prwlietur.
1798 3859 1921 3928 Ipse
1964 3860 2102 3928 Apo-

478 3957 652 4010 stolus
713 3957 965 4020 fluctuat,
1031 3953 1239 4018 haeret,
1299 3952 1663 4022 astringitur,
1717 3950 1983 4022 captivari
2044 3966 2102 4006 se

479 4047 678 4103 asserit
706 4048 764 4101 in
807 4048 932 4117 lege
964 4046 1174 4115 peccati
1213 4050 1270 4100 et
1304 4045 1504 4100 mortis
1542 4059 1780 4114 corpore
1807 4043 2098 4112 debellari,

478 4157 584 4196 nec
615 4139 863 4211 potuisse
911 4139 1176 4204 evadere,
1216 4138 1321 4192 nisi
1363 4143 1511 4192 esset
1555 4137 1779 4192 Domini
1822 4139 1950 4192 .lesu
1978 4153 2104 4208 gra—
2157 4208 2161 4213 '

480 4234 554 4288 tia
581 4233 850 4287 liberatus
881 4231 1074 4302 (Rom,
1105 4247 1193 4299 vn,
1225 4231 1426 4300 23-25).

548 4327 636 4380 47.
697 4327 906 4379 Verum
949 4328 1013 4379 ut
1068 4324 1262 4378 multa:
1311 4322 1748 4394 persecutiones,
1808 4323 1886 4377 ita
1929 4323 2104 4377 multa

2202 3110 2363 3165 runt!
2394 3111 2650 3182 Namque
2679 3110 2868 3166 uxoris
2908 3110 3182 3165 ducenda:
3221 3112 3424 3182 gratia,
3453 3127 3580 3183 quas
3618 3107 3795 3182 gentili

2203 3204 2320 3258 viro
2367 3222 2400 3258 a
2453 3204 2783 3260 Christianis
2825 3204 3153 3275 parentibus
3200 3205 3522 3276 negabatur
3571 3205 3694 3270 (70),
3739 3202 3795 3254 si-

2201 3299 2414 3353 mulata
2457 3297 2527 3352 ad
2566 3303 2797 3368 tempus
2831 3297 2960 3366 fide,
3001 3297 3262 3368 plerique
3311 3298 3630 3369 produntur
3669 3293 3795 3367 quod

2201 3392 2334 3446 foris
2373 3390 2608 3446 confessi
2636 3395 2784 3457 sunt,
2826 3390 2975 3445 intus
3012 3406 3276 3463 negasse.
3317 3396 3400 3448 An
3443 3387 3798 3446 fornicationis

2200 3501 2368 3539 causa
2399 3485 2794 3540 tantummodo
2834 3488 3102 3555 putamus
3143 3485 3452 3540 Dominum
3479 3486 3651 3539 Deum
3691 3498 3796 3536 nos-

2200 3584 2352 3634 trum
2383 3579 2440 3632 in
2468 3579 2745 3650 p0pulum
2781 3577 3108 3632 Judaeorum
3136 3581 3254 3633 tam
3295 3595 3489 3634 severe
3517 3593 3634 3632 esse
3668 3590 3797 3630 com-

2203 3676 2443 3739 motum,
2479 3676 2539 3725 ut
2573 3671 2772 3741 viginti
2817 3671 2924 3724 tria
2956 3671 3133 3726 millia
3161 3674 3272 3740 (71)
3318 3673 3389 3727 de
3428 3671 3632 3743 populo
3656 3684 3798 3724 neca-

2201 3768 2400 3820 rentur
2439 3767 2646 3833 (Num.,
2684 3781 2813 3832 xxv,
2859 3767 2936 3833 9),
2977 3768 3274 3836 propterea
3319 3766 3474 3836 quod
3514 3762 3798 3820 Madianiur

2203 3858 2385 3928 gentis
2422 3857 2648 3912 feminis
2686 3857 2990 3912 concubitu
3037 3858 3436 3927 miscerentur,
3493 3875 3557 3913 ac
3594 3872 3699 3912 non
3741 3870 3795 3907 eo

2201 3951 2349 4023 quod
2374 3966 2477 4022 per
2501 3951 2624 4006 illos
2653 3951 2987 4006 concubitus
3023 3951 3486 4022 alienigenarum
3513 3950 3794 4006 desciscere

2182 4061 2232 4115 pa
2261 4044 2391 4111 fide,
2422 4060 2634 4115 negare
2661 4044 2970 4099 Dominum
2997 4046 3381 4115 cogerentur?

2273 4137 2360 4192 49.
2383 4157 2410 4187 ‹‹
2440 4137 2644 4204 Nolite,
2666 4137 2870 4209 inquit,
2900 4137 3054 4192 omni
3085 4137 3310 4208 spiritui
3333 4137 3563 4193 credere
3587 4137 3624 4207 (l
3640 4138 3796 4192 Joan..

2203 4246 2276 4297 IV,
2312 4232 2397 4297 l);
2428 4252 2455 4280 ››
2491 4230 2589 4284 sed
2621 4246 2653 4284 a
2687 4230 2960 4285 fructibus
2998 4247 3197 4285 eorum
3236 4231 3585 4302 cognoscite,
3619 4227 3797 4300 quibus

2203 4323 2433 4378 credere
2485 4323 2756 4379 debeatis.
2805 4325 2967 4379 Venit
3016 4325 3142 4396 quis
3191 4324 3249 4378 in
3302 4324 3629 4391 Ecclesiam,
3679 4321 3795 4374 dum

479 4420 773 4490 martyria.
846 4418 1108 4483 Quotidie
1181 4417 1333 4472 testis
1407 4434 1466 4472 es
1537 4417 1762 4471 Christi.
1835 4415 2478 4487 Tentatuthonorem
2537 4417 2760 4472 affectat
2809 4417 2912 4472 sub
2960 4417 3408 4488 imperatoribus
3461 4413 3793 4474 Christianis,

482 4512 530 4584 1
547 4511 737 4585 235
772 4529 832 4566 es
855 4512 1061 4583 spiritu
1086 4510 1516 4580 fornicationis;
1545 4510 1642 4566 sed
1665 4509 1876 4565 veritus
1901 4509 2105 4566 Christi

480 4608 735 4660 futurum
756 4605 1060 4676 judicium,
1095 4603 1492 4659 temerandam
1524 4604 1726 4658 mentis
1762 4607 1819 4658 et
1858 4603 2106 4674 corporis

479 4699 868 4754 castimoniam
907 4714 1019 4753 non
1067 4698 1274 4768 putasti
1311 4715 1322 4750 :
1354 4702 1568 4768 martyr
1607 4714 1666 4752 es
1705 4697 1934 4753 Christi.
1965 4701 2104 4753 Ten-

474 4876 628 4927 nonsi
663 4879 826 4925 natus
862 4872 1169 4925 Mediolani.
1200 4873 1496 4924 Saussalus
1522 4879 1707 4926 autem
1734 4879 1886 4939 patre
1925 4875 2102 4938 Gallo,

479 4953 653 4999 matre
697 4945 1093 4997 Mediolanensi
1138 4945 1396 4996 Narbone
1442 4950 1632 4996 natum
1679 4948 1850 4998 fuisse
1895 4949 2104 4999 scribit.

478 5017 680 5069 Caeteri
742 5018 941 5080 partim
999 5015 1164 5077 huic,
1221 5017 1419 5080 partim
1486 5017 1567 5066 illi
1631 5018 1877 5081 opinioni
1945 5019 2108 5068 facile

475 5089 874 5139 assentiuntur.
941 5088 1196 5150 Denique
1251 5089 1387 5137 Acta
1450 5087 1696 5151 ejusdem
1754 5090 2010 5152 martyris
2075 5103 2106 5139 a

476 5159 744 5211 Bollando
796 5159 1096 5208 novissime
1148 5157 1254 5208 sub
1312 5157 1593 5208 Ambrosii
1650 5161 1822 5209 nostri
1881 5160 2107 5210 nomine

477 5245 545 5282 ex
585 5230 864 5281 veteribus
893 5243 1023 5280 mss.
1068 5229 1213 5280 edita
1249 5228 1371 5279 huic
1409 5229 1717 5279 secundum
1747 5231 1934 5294 plures
1974 5244 2102 5280 mss.

477 5303 687 5353 habent
726 5317 737 5350 :
784 5302 1128 5352 Sebastianus
1173 5301 1647 5351 Mediolanonsium
1688 5302 1938 5364 partibus
1978 5303 2104 5353 edu-

477 5379 652 5435 catus;
683 5376 738 5422 at
764 5373 1078 5423 secundum
1121 5372 1392 5436 quosdam
1434 5371 1592 5433 alios,
1631 5371 2106 5423 Mediolanensium

473 5445 712 5507 partium
735 5445 882 5503 civis,
909 5444 1059 5508 quod
1085 5443 1310 5508 quidem
1337 5457 1467 5494 cum
1498 5446 1654 5493 textu
1683 5447 1872 5494 nostro
1898 5445 2105 5507 optime

478 5518 749 5578 congruit.

537 5587 633 5646 (69)
665 5585 899 5636 Cunctas
938 5585 1070 5648 edit,
1098 5587 1452 5636 testimonium
1491 5584 1835 5648 perhibuisti;
1877 5588 2018 5636 testis
2055 5599 2106 5636 es

477 5657 674 5708 Christi
711 5673 726 5704 .-
769 5656 865 5706 sed
913 5657 1036 5706 haec
1084 5657 1277 5706 ultima
1323 5656 1488 5706 verba
1539 5670 1666 5706 mss.
1717 5657 2008 5717 omittunt;
2055 5661 2103 5706 et

476 5739 886 5792 supervacanea
927 5739 1047 5776 esse
1087 5727 1376 5788 intelliget.
1419 5727 1672 5790 quisquis
1714 5727 1898 5777 locum
1943 5728 2108 5792 paulo

2205 4511 2467 4565 simulato
2516 4516 2673 4566 metu
2714 4511 3034 4566 orationem
3077 4527 3135 4566 se
3184 4511 3351 4582 fingit
3393 4511 3630 4576 deferre,
3666 4504 3798 4561 incli-

2207 4609 2378 4659 natur
2415 4609 2472 4660 et
2509 4604 2624 4658 solo
2661 4606 2933 4660 sternitur
2965 4608 3100 4674 (72),
3127 4605 3225 4676 qui
3273 4621 3426 4675 genu
3467 4602 3669 4658 mentis
3703 4613 3797 4653 non

2207 4698 2445 4766 ﬂexerit,
2512 4697 2668 4753 videt
2714 4698 2875 4753 illum
2945 4699 3150 4765 homo,
3206 4698 3588 4754 Christianum
3641 4694 3798 4764 putat,

2209 4876 2474 4925 attentius
2503 4875 2842 4938 expenderit.

2267 4945 2365 5008 (70)
2410 4946 2738 4996 Ambrosius
2785 4959 2912 4996 cum
2958 4947 3203 5011 antiquis
3251 4946 3352 4998 PP.
3397 4943 3646 5011 conjugis
3686 4941 3801 4990 inter

2209 5016 2429 5068 ﬁdelem
2461 5031 2525 5068 ac
2562 5018 2844 5069 infidelem
2875 5031 3163 5082 nunquam
3205 5032 3316 5068 non
3358 5015 3679 5082 improbavit
3707 5025 3717 5058 :
3743 5019 3798 5056 an

2211 5091 2328 5138 viro
2357 5093 2641 5140 contracta
2682 5103 2747 5140 ea
2787 5089 3018 5140 dissolvi
3060 5090 3354 5150 voluerint,
3387 5089 3456 5138 lis
3499 5090 3580 5138 est
3617 5087 3800 5133 veteres

2207 5161 2349 5210 inter
2390 5173 2456 5210 ac
2484 5160 2820 5210 recentiores
2849 5159 3154 5225 theologos.
3207 5159 3266 5210 Id
3309 5161 3460 5210 enim
3500 5157 3578 5208 illi
3617 5150 3800 5225 Gratia-

2206 5245 2364 5292 num,
2425 5230 2862 5296 Magistrumque
2919 5221 3322 5282 sententiarum
3379 5230 3578 5289 secuti,
3627 5221 3800 5296 obnixe

2208 5286 2684 5367 afﬁrmantfquod
2714 5286 2904 5366 pdstea
2931 5304 3024 5352 alii
3055 5303 3279 5366 penitus
3309 5286 3594 5367 negavere.
3623 5290 3722 5347 Sed
3746 5286 3800 5336 de

2206 5373 2294 5423 his
2324 5373 2503 5423 fusius
2531 5373 2600 5422 ad
2626 5375 2783 5438 epist.
2815 5375 2886 5423 ad
2919 5373 3185 5438 Vigilium.
3642 5440 3649 5442 _
3712 5433 3721 5442 ι

2270 5444 2370 5507 (71)
2399 5443 2637 5506 Quidam
2681 5457 2834 5506 mss.,
2875 5444 2980 5494 duo
3020 5449 3067 5493 et
3101 5444 3288 5508 viginti
3327 5442 3530 5502 millia;
3557 5438 3723 5508 caeteri
3748 5438 3799 5478 ac

2207 5521 2316 5565 vet.
2347 5516 2504 5577 edit,
2529 5517 2721 5579 viginti
2749 5521 2795 5566 et
2835 5516 2945 5566 tria
2985 5507 3189 5577 millia;
3228 5515 3384 5566 Rom.
3427 5513 3561 5572 sola,
3603 5507 3802 5572 quatuor

2206 5592 2252 5637 el
2276 5588 2464 5650 viginti
2492 5587 2683 5639 millia.

2271 5658 2374 5718 (72)
2396 5658 2640 5709 Observa
2671 5671 2740 5708 ex
2766 5657 2873 5709 hoc
2900 5657 3025 5710 loco
3053 5657 3224 5707 moris
3254 5658 3424 5708 fuisse
3453 5651 3594 5717 apud
3620 5650 3800 5718 veteres

2209 5714 2555 5781 Christianos
2601 5729 2653 5778 in
2699 5727 2950 5780 Ecclesia
2997 5729 3142 5779 inter
3186 5725 3451 5779 orandum
3488 5714 3604 5772 'non
3646 5714 3800 5766 solum
