3930 6168
179 286 272 339 1577

1214 276 1565 333 EXPOSITIO
1602 277 1672 332 IN
1712 275 2024 332 PSALMUM
2063 275 2289 333 CXVIII.

170 404 275 458 videt
307 401 446 455 homo
487 402 737 453 amntem
794 397 1165 470 suppliciter,
1219 405 1277 454 et
1325 400 1543 468 credit,
1599 399 1695 454 sed
1721 399 2035 484 Ahonoris
2066 398 2386 470 impatiens,
2418 398 2466 453 si
2497 397 2775 453 desideria
2806 399 2982 471 longa
3018 402 3278 473 suspiret,
3310 420 3426 458 non

169 499 263 552 Deus
301 493 432 548 audit
474 495 805 563 negantem.
860 492 1107 548 Discedit
1154 494 1428 564 probatus
1479 494 1550 548 ab
1598 496 1695 548 ho-

167 582 281 655 nine,
305 587 387 641 sed
415 585 818 641 condemnatus
852 602 886 639 a
912 586 1123 656 judice.
1154 586 1380 650 Quanto
1420 587 1689 641 tolerabi-

166 685 230 736 lius
248 681 403 734 fuerat
423 678 630 733 homini
656 682 914 750 negasse,
942 683 999 734 et
1026 683 1137 735 Deo
1168 696 1287 736 esse
1326 680 1684 734 confessum!

163 777 258 829 Licet
296 774 385 827 hoc
430 788 651 843 quoque
696 773 1179 844 reprehensibile;
1236 774 1486 845 perfecta
1535 773 1691 828 enim

158 866 357 921 confessio
401 870 452 920 et
508 866 685 920 animi
732 867 938 937 quaerit
991 866 1380 934 devotionem,
1435 871 1492 921 et
1543 867 1691 921 vocis

156 960 473 1030 professionem
529 976 542 1012 :
599 979 626 1010 ‹‹
676 960 855 1014 Corde
908 960 1061 1016 enim
1113 960 1367 1015 creditur
1412 960 1484 1015 ad
1526 960 1694 1030 justi-

156 1055 259 1119 tiam,
288 1068 370 1106 ore
406 1056 589 1107 autem
626 1053 905 1109 confessio
932 1053 995 1107 fit
1020 1054 1093 1107 ad
1131 1054 1372 1108 salutem
1407 1057 1600 1121 (Rom,
1638 1071 1689 1120 x,

156 1138 226 1201 i0).
250 1168 270 1193 ››

195 1243 257 1293 50.
276 1241 403 1309 Ergo
422 1239 478 1293 in
505 1239 994 1310 persecutionibus
1020 1239 1387 1295 interioribus
1412 1244 1531 1296 esto
1558 1240 1694 1295 fide-

146 1334 186 1385 lis
215 1337 260 1385 et
290 1331 451 1397 fortis,
496 1338 557 1388 ut
598 1339 654 1388 et
691 1334 812 1387 istis
848 1333 1171 1388 forensibus
1207 1334 1694 1404 persecutionibus

144 1425 422 1495 approberis.
458 1427 524 1479 Et
563 1426 621 1480 in
658 1427 875 1482 intimis
912 1427 1396 1498 persecutionibus
1430 1427 1688 1501 1236

142 1525 233 1572 sunt
268 1534 425 1590 reges,
470 1526 525 1574 et
574 1520 859 1590 praesides,
911 1520 1194 1575 terribiles
1234 1521 1459 1591 judices
1499 1525 1688 1593 potes-

140 1616 216 1665 tate
248 1614 353 1679 (73).
400 1612 566 1666 Dabis
626 1614 950 1684 exemplum
993 1613 1053 1667 in
1100 1614 1327 1668 Domini
1374 1615 1690 1671 tentatione

138 1721 261 1774 quam
294 1705 526 1775 pertulit;
571 1706 953 1761 demonstrata
994 1710 1127 1761 sunt
1168 1709 1221 1761 ei
1260 1709 1453 1763 omnia
1491 1725 1689 1779 regna,

1796 492 2073 547 mediocri
2135 492 2340 547 mentis
2392 492 2526 547 tabe
2585 491 2903 547 conﬁcitur.
2955 494 3080 548 Non
3141 494 3267 548 talis
3326 497 3425 567 qui

1793 587 1926 640 dicit
1971 603 1984 640 :
2038 608 2063 634 ‹‹
2114 587 2293 650 Quam
2339 585 2613 640 distabuit
2657 602 2789 639 caro
2840 602 2969 640 mea
3020 587 3079 639 in
3126 592 3281 642 terra
3325 590 3422 643 de-

1794 683 1963 747 serta,
1998 679 2054 732 in
2084 678 2255 745 invia,
2284 684 2340 733 et
2367 678 2487 734 sine
2522 694 2668 749 aqua
2702 680 2867 748 (Psal.
2901 695 3028 746 Lxu,
3060 682 3111 746 2,
3147 680 3229 749 3)!
3262 701 3288 728 ››
3330 681 3428 735 Hic

1793 772 1947 826 enim
1986 772 2298 842 castigabat
2333 788 2567 827 carnem
2610 788 2792 841 suam,
2831 777 2887 827 et
2926 773 3214 827 tabescere
3251 772 3426 828 facie-

1792 865 1922 931 bat,
1972 864 2110 919 dum
2164 866 2446 920 indefesso
2491 864 2774 919 desiderio
2823 865 3029 919 divinae
3067 865 3425 936 cogitationis

1793 958 2070 1027 intentus,
2114 965 2171 1013 et
2199 959 2382 1013 lucem
2422 958 2532 1012 diei
2568 957 2803 1013 sollicita
2838 959 3256 1029 exspectatione
3288 976 3427 1030 prae-

1793 1053 2059 1120 veniens,
2104 1052 2512 1107 antelucanum
2552 1052 2769 1107 solvere
2814 1052 3056 1107 Domino
3099 1053 3333 1108 canticis
3373 1060 3429 1108 et

1798 1145 2025 1217 hymnis
2054 1145 2334 1216 gestiebat
2363 1145 2722 1216 obsequium.

1865 1243 1953 1293 53.
2003 1238 2257 1293 Tabescit
2306 1254 2443 1309 ergo
2499 1239 2582 1292 vir
2646 1237 2950 1309 paciﬁcus,
3002 1239 3235 1309 quando
3291 1239 3430 1295 alios

1791 1332 1944 1387 videt
1988 1336 2151 1402 pacta
2198 1330 2542 1399 rescindere,
2591 1348 2973 1386 consensuum
3015 1332 3243 1387 abolere
3292 1348 3443 1387 con-‘

1792 1425 2071 1493 cordiam,
2098 1426 2293 1496 jurgia
2322 1426 2389 1479 de
2429 1441 2562 1496 pace
2594 1441 2891 1496 reparare,
2926 1426 2983 1479 in
3023 1427 3305 1480 tumultus
3334 1443 3426 1481 re-

1794 1519 1916 1574 dire
1944 1520 2014 1574 de
2052 1519 2252 1589 gratia.
2283 1518 2441 1582 Quod
2483 1519 2680 1589 utique
2715 1535 2833 1573 non
2869 1519 3020 1585 facit,
3064 1520 3163 1589 qui
3202 1520 3428 1574 Domini

1792 1615 2075 1684 praecepta
2114 1612 2385 1679 custodit;
2427 1628 2544 1666 non
2585 1612 2717 1667 facit
2757 1612 2854 1683 qui
2896 1612 3056 1667 audit
3085 1612 3371 1667 dicentem
3411 1630 3424 1666 :

1797 1728 1824 1755 «
1863 1708 2065 1761 Pacem
2105 1722 2297 1760 meam
2338 1705 2411 1760 do
2452 1705 2631 1773 vobis,
2674 1721 2877 1776 pacem
2925 1721 3116 1760 meam
3161 1705 3424 1777 relinquo

140 1802 176 1849 et
197 1798 369 1853 dictum
397 1802 478 1853 est
504 1799 559 1853 ei
588 1817 602 1854 :
640 1819 668 1851 ‹‹
695 1800 817 1855 Tibi
843 1800 991 1855 dabo
1022 1801 1145 1856 haec
1181 1801 1392 1870 omnia,
1428 1802 1474 1856 si
1503 1776 1690 1873 proci-
1715 1776 1769 1848 Β
1794 1799 1950 1854 vobis
1984 1800 2185 1869 (Joan.,
2219 1815 2326 1865 x1v,
2360 1802 2467 1865 27).
2508 1820 2535 1849 »
2569 1800 2715 1870 Ergo
2747 1798 2845 1869 qui
2884 1803 3106 1869 pactum
3143 1776 3346 1867 servat,
3378 1799 3427 1852 is

138 1885 234 1940 deus
262 1887 562 1942 adoraveris
605 1904 694 1944 me
743 1888 987 1960 (Matth.,
1034 1906 1107 1959 Iv,
1159 1892 1233 1959 9).
1283 1912 1310 1939 ››
1360 1892 1591 1947 Lectum
1638 1896 1694 1947 et

138 1978 259 2032 alibi:
282 2002 305 2028 κ
330 1982 444 2035 Non
470 1987 675 2052 regnet
702 1987 1004 2053 peccatum
1030 1983 1091 2038 in
1115 1990 1300 2038 vestro
1325 1986 1551 2040 mortali
1576 2003 1692 2040 cor-

136 2087 226 2140 pore
254 2074 428 2144 (Rom.,
456 2092 529 2143 vi,
584 2077 689 2143 l2).
731 2098 757 2125 ››
806 2077 972 2131 Vides
1012 2080 1145 2131 ante
1192 2094 1334 2149 quos
1378 2095 1543 2149 reges
1584 2085 1692 2134 sta-

139 2167 275 2236 tueris,
298 2184 327 2221 ο
358 2168 546 2237 homo,
586 2174 720 2225 ante
750 2186 891 2241 quos
922 2171 1190 2241 praesides
1224 2177 1614 2242 peccatorum,
1646 2173 1690 2227 si

132 2258 244 2329 culpa
264 2261 476 2332 regnat?
498 2264 655 2327 Quot
678 2267 931 2334 peccata,
960 2267 1103 2335 quot
1126 2264 1277 2328 vitia,
1306 2271 1389 2321 tot
1417 2282 1601 2337 reges.
1624 2268 1691 2321 Et

133 2357 218 2405 ante
250 2354 335 2407 hos
371 2354 728 2425 adducimur,
772 2362 828 2411 et
871 2359 1006 2411 ante
1044 2358 1149 2413 hos
1191 2364 1427 2414 stamus.
1478 2360 1691 2414 Habent

133 2445 254 2499 etiam
282 2447 362 2502 isti
387 2464 558 2520 reges
586 2449 834 2504 tribunal
858 2450 918 2504 in
949 2452 1240 2506 mentibus
1272 2452 1648 2523 plurimorum
1670 2472 1687 2523 ;

134 2536 195 2589 sed
221 2539 257 2592 si
294 2541 407 2611 quis
441 2542 733 2597 Christum
771 2543 1041 2611 fateatur,
1070 2544 1257 2599 statim
1294 2562 1493 2617 regem
1529 2547 1690 2601 illum

129 2631 216 2684 facit
250 2649 354 2688 esse
397 2636 718 2707 captivum,
768 2636 961 2707 dejicit
1005 2637 1077 2691 de
1128 2638 1267 2692 solio
1303 2656 1419 2693 suae
1458 2642 1689 2696 mentis.

130 2722 353 2784 Quomodo
386 2729 541 2783 enim
583 2729 788 2800 poterit
825 2730 1039 2785 diaboli
1076 2730 1325 2787 tribunal
1359 2749 1591 2787 manere
1635 2734 1690 2789 in

129 2830 169 2868 eo
190 2820 259 2871 cui
280 2820 475 2876 Christi
502 2822 760 2877 tribunal
788 2824 1080 2895 assurgit?

171 2914 234 2964 5L
279 2916 435 2969 Mulli
479 2932 612 2985 ergo
657 2924 1057 2986 persequentes,
1111 2925 1161 2972 et
1219 2920 1541 2975 tribuluntes
1584 2936 1684 2975 me.

124 3002 167 3055 Et
200 3005 402 3064 fortasse
444 3008 709 3065 Christus
752 3010 858 3064 hoc
897 3010 1051 3079 dicit,
1097 3015 1154 3065 et
1197 3011 1331 3068 dicit
1368 3013 1426 3066 in
1468 3014 1692 3068 vocibus

124 3094 445 3171 singulorum;
476 3102 675 3174 ipsum
705 3103 916 3158 etenim
944 3103 1296 3159 adversarius
1332 3107 1692 3177 persequitur

122 3186 161 3240 in
190 3192 336 3248 nobis.
376 3195 433 3249 Si
476 3195 733 3250 declinas
772 3202 1231 3268 persequentem,
1274 3198 1561 3253 Christum
1601 3200 1692 3254 ab-

116 3279 220 3350 jicis,
256 3288 343 3356 qui
378 3305 436 3342 se
477 3289 698 3343 tentari
742 3289 975 3360 patitur,
1025 3296 1086 3343 ut
1128 3291 1332 3346 vincat.
1382 3291 1485 3346 Ubi
1531 3293 1690 3347 illum

118 3374 265 3433 viderit
288 3380 571 3449 diabolus,
611 3381 689 3436 ibi
720 3388 882 3453 parat
912 3383 1161 3450 insidias,
1190 3384 1271 3439 ibi
1307 3385 1688 3441 tentationum

119 3470 349 3528 machinas
396 3476 688 3541 admovet,
734 3476 811 3530 ibi
852 3476 1006 3531 dolos
1046 3477 1256 3544 nectit;
1307 3481 1371 3533 ut
1411 3479 1601 3546 illum,
1644 3480 1690 3534 si

118 3566 261 3630 possit,
289 3568 571 3624 excludat.
607 3568 713 3624 Ubi
743 3574 935 3624 autem
970 3569 1229 3625 diabolus
1268 3571 1579 3641 praeliatur,
1611 3573 1690 3627 ibi

118 3653 308 3713 Christus
345 3662 575 3717 assistit.
610 3662 715 3716 Ubi
753 3662 1008 3717 diabolus
1047 3663 1285 3733 obsidet,
1326 3664 1403 3719 ibi
1437 3665 1690 3720 Christus

117 3744 377 3822 includitur,
405 3755 483 3808 ibi
511 3770 815 3810 murorum
848 3756 1189 3826 spiritalium
1218 3762 1377 3829 septa
1410 3758 1685 3814 defendit.

117 3836 222 3909 Ergo
248 3847 332 3915 qui
360 3852 787 3917 persecutorem
819 3848 1051 3918 refugit,
1085 3850 1267 3919 rejicit
1294 3850 1469 3906 etiam
1495 3852 1689 3907 defen-

114 3947 265 3991 sorem.
300 3940 403 3994 Sed
447 3958 584 3996 cum
621 3940 784 3995 audis
823 3958 835 3995 :
865 3943 1034 3996 Multi
1067 3951 1466 4015 persequentes,
1503 3952 1553 4001 et
1584 3949 1685 4000 tri-

115 4023 297 4084 bulantes
342 4049 438 4093 me.
485 4035 611 4089 noli
649 4035 884 4100 timere,
926 4037 1022 4107 qui
1061 4040 1221 4107 potes
1263 4037 1450 4093 dicere
1495 4056 1507 4093 :
1553 4061 1580 4088 «
1631 4041 1688 4096 Si

113 4114 219 4173 Deus
245 4140 338 4193 pro
375 4128 565 4194 nobis,
602 4128 732 4198 quis
764 4133 965 4183 contra
993 4146 1097 4184 nos
1130 4130 1323 4199 (Rom,
1354 4148 1464 4199 vm,
1498 4134 1630 4203 3t)?
1658 4156 1685 4184 »

113 4208 267 4270 Verum
293 4219 393 4274 hoc
419 4220 565 4276 dicit
590 4221 708 4288 ille,
735 4221 833 4292 qui
859 4238 892 4276 a
916 4223 1253 4279 testimoniis
1277 4225 1505 4280 Domini
1534 4228 1689 4282 nullo

110 4307 325 4366 vitiorum
348 4314 607 4370 declinat
634 4316 916 4371 anfractu.

159 4403 227 4455 52.
272 4407 442 4475 (Vers.
503 4411 654 4478 158.)
703 4409 968 4480 Sequitur
1016 4426 1207 4466 versus
1257 4416 1444 4467 sextus
1490 4429 1502 4466 :
1562 4413 1690 4469 Vidi

1791 1893 1997 1949 Christi
2024 1892 2215 1947 obedit
2251 1890 2536 1963 imperiis;
2572 1892 2671 1962 qui
2706 1898 2897 1947 autem
2936 1908 3051 1946 non
3085 1895 3294 1959 servat,
3334 1891 3426 1946 ille

1791 1986 1996 2043 Christi
2042 1988 2330 2057 praecepta
2379 1985 2734 2053 contemnit;
2787 1989 2844 2039 et
2896 1986 3045 2057 quod
3094 1986 3254 2056 pejus
3305 1992 3421 2051 est,

1792 2085 2090 2150 comperta
2117 2078 2337 2134 fastidit
2367 2083 2423 2133 et
2452 2078 2716 2150 negligit.

1867 2171 2119 2245 1237
2172 2173 2259 2227 54.
2305 2174 2481 2237 (Vers.
2526 2172 2670 2244 159).
2710 2173 2977 2245 Sequitur
3014 2189 3204 2227 versus
3250 2172 3424 2243 septi-

1793 2282 1921 2321 mus
1959 2283 1972 2321 :
2023 2267 2157 2323 Vide
2199 2269 2329 2335 quia
2374 2272 2645 2336 praecepta
2687 2272 2784 2320 tua
2829 2266 3020 2329 dilexi,
3063 2268 3320 2331 Domine;
3367 2269 3425 2319 in

1790 2361 2159 2415 misericordia
2207 2365 2304 2414 tua
2355 2362 2568 2429 vivi/ica
2626 2376 2729 2414 me.
2784 2360 2883 2414 Hic
2947 2376 3171 2430 quoque
3232 2360 3428 2414 invitat

1792 2454 2116 2521 Dominum,
2156 2456 2217 2506 ut
2250 2454 2486 2524 plenum
2522 2452 2814 2507 charitatis
2850 2468 2966 2506 suae
3005 2455 3223 2523 spectet
3259 2452 3425 2507 affec-

1793 2551 1936 2602 tum.
1974 2549 2151 2601 Nemo
2187 2546 2343 2611 dicit,
2390 2546 2546 2609 Vide,
2586 2546 2694 2599 nisi
2734 2545 2833 2616 qui
2865 2545 3090 2616 judicat
3131 2561 3211 2611 se,
3253 2546 3299 2599 si
3342 2546 3424 2599 vi-

1791 2641 2008 2709 deatur,
2040 2655 2160 2694 esse
2201 2638 2565 2710 placiturum.
2605 2640 2673 2692 Et
2712 2638 2949 2709 pulchre
2983 2638 3136 2705 dicit,
3176 2639 3332 2701 Vide,
3371 2642 3429 2693 et

1791 2732 2106 2787 secundum
2144 2733 2333 2802 legem
2364 2731 2529 2801 dicit;
2561 2730 2695 2802 quia
2732 2732 2822 2786 lex
2856 2730 3130 2802 prmeepit
3156 2736 3217 2785 ut
3245 2747 3421 2785 unus-

1792 2826 2031 2897 quisque
2064 2831 2152 2879 ter
2176 2824 2235 2878 in
2263 2840 2415 2878 anno
2447 2841 2505 2878 se
2542 2823 2745 2878 offerat
2770 2824 2829 2877 in
2865 2826 3170 2894 conspectu
3197 2823 3428 2878 Domini

1794 2919 2012 2988 (Exod,
2036 2934 2185 2988 χχιιι,
2213 2920 2318 2985 17).
2338 2917 2605 2981 Quotidie
2627 2934 2685 2972 se
2713 2920 2938 2971 sanctus
2956 2915 3142 2985 offert,
3169 2916 3424 2987 quotidie

1793 3018 2046 3084 apparet,
2069 3018 2125 3068 et
2146 3029 2262 3067 non
2284 3027 2490 3066 vacuus
2510 3014 2776 3082 apparet;
2801 3027 2916 3065 non
2941 3011 3095 3065 enim
3116 3016 3201 3066 est
3220 3026 3428 3066 vacuus

1711 3143 1767 3218 Ο
1792 3106 1889 3178 qui
1934 3107 2003 3161 de
2046 3106 2400 3177 plenitudine
2442 3105 2566 3176 ejus
2604 3103 2841 3175 accepit.
2886 3106 3009 3159 Non
3051 3110 3176 3159 erat
3218 3121 3428 3159 vacuus

2829 3198 3024 3218 μην-
3078 3214 3127 3218 __

1794 3200 1982 3269 David,
2020 3200 2117 3270 qui
2144 3199 2266 3254 ait:
2308 3219 2336 3247 ‹‹
2371 3199 2668 3269 Repletum
2700 3202 2784 3253 est
2822 3198 3031 3269 gaudio
3071 3214 3133 3252 os
3170 3202 3429 3254 nostrum

1792 3295 1960 3363 (Psal.
1992 3309 2147 3360 cxxv,
2178 3293 2253 3362 2);
2282 3314 2310 3341 ››
2341 3291 2473 3364 quia
2505 3291 2781 3363 gaudium
2816 3291 3035 3347 fructus
3063 3295 3148 3346 est
3185 3291 3432 3363 Spiritus

1790 3386 1985 3441 sancti.
2036 3388 2103 3439 Et
2147 3386 2291 3440 sicut
2337 3386 2409 3440 de
2457 3385 2812 3456 plenitudine
2860 3385 3025 3439 Verbi
3070 3401 3175 3439 nos
3227 3401 3432 3440 omnes

1792 3481 2138 3553 accepimus,
2176 3479 2661 3550 quemadmodum
2698 3478 2837 3533 dixit
2873 3479 3113 3533 Joannes
3157 3480 3358 3549 (Joan.,
3389 3496 3425 3549 ι,

1794 3576 1919 3643 l6),
1985 3575 2065 3628 ita
2127 3575 2298 3628 etiam
2347 3572 2588 3643 Spiritus
2641 3575 2864 3626 sanctus
2929 3571 2999 3625 de
3069 3572 3430 3642 plenitudine

1790 3684 1891 3722 sua
1938 3667 2182 3738 replevit
2240 3667 2441 3721 orbem
2506 3671 2817 3720 terrarum.
2870 3666 2989 3719 Non
3053 3669 3173 3719 erat
3228 3682 3433 3719 vacuus

1788 3761 2120 3828 Zacharias,
2178 3760 2274 3831 qui
2338 3760 2589 3831 repletus
2652 3764 2737 3813 est
2796 3758 3008 3829 Spiritu
3075 3762 3309 3825 sancto,
3374 3762 3433 3813 et

1789 3854 2170 3926 prophetabat
2206 3853 2509 3908 adventum
2558 3852 2788 3907 Domini
2830 3853 2959 3907 Jesu
3004 3852 3182 3922 (Luc.,
3230 3869 3266 3918 ι,
3314 3854 3426 3919 67).

1788 3949 1915 4002 Non
1983 3952 2104 4001 erat
2167 3949 2369 4000 Paulus
2430 3962 2672 4014 vacuus,
2725 3945 2821 4016 qui
2887 3944 3318 4016 evangelizabat
3371 3943 3429 3997 in

1788 4041 2168 4109 abundantia;
2227 4043 2286 4093 et
2342 4041 2590 4109 repletus
2644 4044 2800 4104 erat,
2856 4038 3133 4109 accipiens
3183 4038 3420 4092 odorem

1787 4136 1954 4189 bonae
1994 4133 2281 4188 suavitatis
2309 4133 2380 4186 ab
2420 4132 2674 4203 Ephesiis
2712 4133 2951 4202 (Eph'es.,
2993 4148 3044 4200 v,
3088 4130 3165 4203 2),
3193 4132 3423 4203 placen-

1787 4235 1906 4283 tem
1954 4229 2064 4282 Deo
2110 4227 2378 4281 hostiam.
2431 4227 2554 4281 Non
2599 4228 2757 4280 erant
2801 4225 3077 4281 Corinthii
3126 4225 3311 4289 vacui,
3366 4226 3425 4279 in

1789 4322 1995 4393 quibus
2025 4320 2356 4374 abundabat
2398 4319 2493 4373 Dei
2528 4320 2733 4390 gratia,
2767 4319 2932 4389 juxta
2977 4318 3235 4388 ejusdem
3277 4322 3425 4388 Apo-

1786 4415 1913 4470 stoli
1938 4412 2331 4469 testimonium
2364 4414 2404 4483 (Ι
2433 4415 2575 4475 Cor.,
2603 4429 2639 4478 ι,
2670 4412 2746 4483 7).

110 4506 183 4546 non
208 4506 461 4556 servantes
494 4508 744 4572 pactum,
774 4508 824 4557 et
857 4504 1201 4567 tabescebam,
1233 4508 1492 4575 quoniam
1522 4507 1762 4585 verbal)
1855 4512 1942 4561 55.
1971 4507 2257 4562 Offerebat
2294 4522 2350 4561 se
2382 4521 2518 4574 ergo
2554 4503 2723 4557 David
2759 4502 3019 4574 quotidie
3057 4504 3193 4571 Deo,
3223 4505 3280 4556 et
3308 4518 3425 4557 non

111 4588 176 4637 τῑια
205 4605 294 4644 non
334 4596 735 4650 custodierunt.
787 4597 986 4651 Beatus
1034 4598 1120 4652 vir
1167 4598 1265 4669 qui
1315 4600 1376 4653 in
1415 4599 1687 4655 charitate

111 4675 177 4731 Dei
216 4684 477 4755 tabescit,
534 4688 670 4759 quia
721 4689 873 4745 videt
922 4706 1041 4745 non
1095 4698 1383 4747 servantes
1433 4695 1685 4763 pactum.

113 4770 222 4827 Alius
255 4786 481 4851 prapter
514 4780 745 4836 vitiosos
784 4799 1004 4838 amores
1040 4784 1295 4854 tabescit,
1326 4786 1423 4856 qui
1461 4786 1691 4841 distillat

115 4861 214 4920 dum
260 4876 340 4926 est
391 4874 606 4929 dilatus
657 4892 854 4930 amore
909 4876 1162 4944 dilectae;
1214 4885 1269 4933 et
1310 4879 1445 4933 dum
1493 4884 1687 4950 prote-

114 4950 219 5012 latur
259 4964 550 5036 ﬂagrantis
597 4968 926 5040 cupiditatis
972 4970 1223 5038 effectus,
1272 4973 1499 5026 animus
1546 4974 1688 5028 deti-

113 5048 187 5116 εἱὶ,
225 5056 354 5112 vires
406 5061 671 5132 corporis
722 5063 968 5134 quadam
1020 5064 1379 5120 deformitate
1432 5067 1687 5137 palloris,

116 5138 449 5225 fessommque
504 5157 738 5210 artuum
794 5157 921 5210 tabe
973 5158 1334 5213 minuuntur.
1389 5160 1545 5215 Alius
1595 5160 1691 5231 qui

119 5243 355 5300 Pecuniam
410 5249 792 5320 concupiscit,
838 5250 1020 5306 donec
1075 5252 1323 5323 potiatur
1370 5271 1470 5320 ea,
1522 5271 1692 5309 avaro

124 5330 245 5387 IlliSel'
277 5339 515 5396 tabescit
552 5342 777 5397 affectu.
824 5344 980 5398 Alius
1022 5346 1327 5401 immodice
1368 5347 1695 5418 capessendi

133 5529 237 5603 {39m
281 5534 573 5596 inclinare,
625 5552 691 5589 ac
740 5552 924 5603 genua
983 5539 1224 5601 ﬂectere,
1284 5554 1480 5591 verum
1530 5543 1697 5592 etiam

132 5594 250 5675 Enim}
273 5616 329 5655 se
357 5607 415 5655 in
447 5594 653 5659 terram
677 5594 1042 5673 prosternere.
1073 5612 1179 5661 Hic
1209 5594 1455 5675 namque
1482 5625 1596 5661 non
1627 5612 1697 5662 de

130 5670 483 5747 Elechumenis
525 5684 581 5729 et
616 5670 1036 5745 pcinitentibus,
1064 5683 1161 5733 sed
1208 5683 1277 5734 de
1314 5670 1572 5734 ﬁdelibus
1609 5683 1697 5747 agi

131 5740 424 5798 manifestum
454 5754 561 5800 est.

166 5808 238 5871 '73)
307 5817 516 5871 Omnes
584 5823 737 5885 edit.,
807 5824 1074 5876 terribiles
1136 5826 1338 5888 judicii
1405 5830 1697 5892 potestate;

316 5898 568 5965 Psraon.
608 5904 712 5970 XV
756 5906 915 5990 (XIV
958 5925 1095 5971 nas
1138 5906 1269 5991 11.).

1788 4617 1997 4655 vacuus
2043 4600 2349 4665 offerebat,
2399 4597 2497 4668 qui
2549 4599 2778 4666 poterat
2827 4596 3017 4650 dicere
3072 4613 3085 4649 :
3135 4595 3203 4651 Os
3252 4612 3427 4650 meum

1790 4698 2012 4764 aperui.
2061 4701 2111 4748 et
2159 4694 2296 4747 dumi
2345 4693 2601 4761 spiritum
2648 4691 2855 4760 (supr.,
2907 4705 3046 4744 vers.
3098 4690 3242 4760 l3l).
3294 4690 3425 4745 Ideo

1790 4803 1930 4858 ergo
1965 4786 2224 4840 dicebat:
2260 4785 2395 4840 Vide
2433 4786 2563 4853 quia
2599 4788 2875 4854 pracepta
2915 4788 3011 4837 tua
3053 4784 3241 4838 dilexi.
3282 4782 3427 4838 Audi

1792 4882 1850 4936 in
1892 4897 2006 4951 quo
2043 4885 2099 4934 te
2141 4878 2343 4933 offerre
2388 4877 2596 4931 debeas
2630 4877 2873 4932 Christo.
2917 4879 3039 4932 Non
3075 4877 3134 4930 in
3173 4876 3260 4929 his
3296 4891 3426 4949 quae

1792 4975 2071 5040 videntur,
2128 4973 2227 5026 sed
2285 4972 2342 5025 in
2399 4970 2671 5037 occultis,
2724 4975 2779 5023 et
2832 4971 2889 5023 in
2942 4969 3308 5037 abscondito;
3365 4972 3427 5021 ut

1793 5074 1956 5139 pater
1995 5072 2146 5133 tuus,
2176 5065 2274 5136 qui
2305 5066 2462 5119 videt
2487 5065 2545 5118 in
2581 5063 2932 5128 abscondito,
2972 5062 3172 5116 reddat
3202 5060 3325 5129 tibi,
3368 5069 3424 5115 et

1792 5161 2022 5229 ﬁdelem
2052 5165 2387 5214 remuneret
2424 5157 2711 5213 affectum.
2759 5158 3053 5225 Praecepta,
3085 5154 3292 5225 inquit,
3329 5160 3427 5209 tua

1793 5256 1982 5309 dilexi.
2039 5255 2161 5307 Non
2210 5253 2372 5319 dixit,
2432 5251 2682 5317 servavi;
2732 5266 2844 5304 non
2901 5248 3060 5314 dixit,
3110 5246 3423 5316 custodivi;

1797 5364 1935 5403 nam
1976 5347 2367 5420 imprudentes
2408 5362 2524 5401 non
2565 5342 2954 5399 custodierunt
2998 5346 3278 5411 praecepta
3319 5342 3421 5396 Do-

1796 5553 1991 5591 omnes
2048 5552 2202 5601 mss.,
2250 5536 2512 5587 terribiles
2576 5534 2826 5598 judices;
2894 5529 3184 5595 nonnulli,
3228 5534 3426 5598 judicia

1797 5616 2063 5676 potestate.
2096 5609 2517 5673 Consequenter
2556 5610 2741 5655 autem
2778 5603 2877 5655 ubi
2899 5603 3143 5676 rAmerb.
3175 5612 3230 5656 et
3272 5620 3386 5655 mss
3410 5644 3423 5668 ,

1798 5675 1965 5734 Dabis
2010 5680 2322 5744 exemplum,
2376 5680 2501 5729 Era.
2554 5680 2611 5727 et
2673 5688 2791 5740 seq.
2846 5675 2976 5726 edit.
3036 5682 3423 5741 reposuerunt,

1799 5754 1971 5806 Habes
2003 5751 2315 5817 exemplum.

3087 5902 3164 5968 50

3294 284 3427 336 457s
3526 260 3530 271 ’
