3930 6168
544 249 677 302 1579

538 367 700 423 mini.
761 367 947 439 Aliqui
1014 366 1168 422 enim
1237 366 1456 421 codices
1528 366 1745 422 habent
1814 371 2172 429 tito-uve'ro'imac,
2195 387 2254 457 Α

538 461 648 517 hoc
673 468 757 516 est
785 459 1136 530 insipientes,
1168 476 1281 514 non
1320 459 1704 531 intelligentes
1733 461 1864 530 (74).
1896 460 2044 529 Ergo
2074 458 2169 529 qui

535 570 654 609 non
677 553 1019 623 intelligunt,
1046 569 1160 607 non
1180 554 1441 625 sapiunt;
1470 554 1532 608 hi
1553 570 1671 609 non
1695 552 2043 608 custodiunt.
2065 551 2170 615 Qui

535 652 728 701 autem
757 646 1044 718 perfectus
1080 653 1164 702 est
1198 647 1514 715 intellectu,
1553 648 1836 718 perfectus
1867 645 2167 716 sapientia,

535 738 757 810 diligit:
789 738 939 809 quod
964 744 1049 794 est
1074 739 1317 810 amplius
1341 757 1515 811 quam
1544 739 1858 807 custodire;
1889 737 2170 793 custodire

538 833 693 887 enim
739 832 1088 887 necessitatis
1133 834 1467 904 plerumque
1513 837 1597 888 est
1643 837 1699 887 et
1736 831 1993 898 timoris;
2039 830 2166 885 dili-

541 942 678 997 gere
721 926 1032 982 charitatis.
1077 927 1336 983 Custodit
1380 928 1479 999 qui
1524 927 1899 997 evangelizat;
1943 925 2041 980 sed
2074 925 2171 996 qui

536 1020 730 1074 volens
798 1019 1182 1090 evangelizat,
1259 1020 1583 1075 mercedem
1647 1019 1893 1089 accipit;
1956 1024 2170 1089 quanto

537 1112 723 1183 magis
782 1112 876 1183 qui
932 1112 1147 1183 diligit,
1205 1114 1464 1169 mercede
1521 1113 1809 1168 donatur!
1865 1114 2169 1167 Possumus

539 1206 694 1260 enim
739 1222 855 1260 non
908 1222 1099 1260 amare
1144 1207 1297 1276 quod
1342 1206 1639 1275 volumus;
1694 1223 1808 1261 non
1872 1221 2171 1276 possumus

535 1297 685 1354 nolle
724 1299 875 1369 quod
912 1315 1192 1353 amamus.
1233 1299 1343 1354 Sed
1380 1299 1639 1371 quamvis
1674 1299 1999 1354 mercedem
2039 1314 2168 1369 per-

537 1394 697 1447 fectae
743 1391 1032 1446 charitatis
1082 1399 1386 1463 exspectet,
1436 1398 1494 1446 et
1541 1393 1921 1448 miserationis
1964 1392 2168 1447 divina

537 1485 868 1555 suffragium
916 1486 1112 1556 poscit,
1160 1491 1222 1540 ut
1266 1490 1322 1540 in
1365 1504 1432 1541 ea
1479 1485 1789 1541 vivificetur
1831 1503 1865 1541 a
1907 1485 2165 1541 Domino.

536 1581 661 1633 Non
709 1596 848 1649 ergo
893 1595 1170 1649 arrogans
1206 1580 1411 1634 debita
1452 1581 1727 1635 mercedis
1773 1585 2024 1647 exactor,
2070 1580 2167 1633 sed

533 1672 888 1727 verecundus
943 1672 1350 1727 misericordia
1408 1673 1615 1728 divina
1667 1680 1751 1729 est
1812 1674 2163 1744 deprecator.

2011 244 2068 298 s.
2110 242 2421 319 AMBROSII

3708 254 3819 307 1580

2278 364 2469 435 gessit,
2510 365 2624 419 sive
2657 364 2895 433 bonum,
2933 364 3051 418 sive
3091 363 3305 418 malum
3341 364 3405 433 (ll
3432 367 3563 429 Cosa,
3595 381 3643 435 v,
3682 372 3770 440 10).
3802 396 3822 420 »

2275 458 2443 513 Vides
2470 459 2603 530 quia
2633 463 2691 513 et
2715 458 2929 513 Paulus
2956 456 3201 525 assistet,
3228 459 3293 511 ut
3321 456 3432 527 ipse
3456 470 3826 519 commemorat.

2271 553 2413 607 Cave
2464 552 2656 622 ligna,
2709 568 2838 605 cave
2888 550 3184 622 stipulam,
3241 566 3310 604 ne
3363 550 3429 605 ad
3466 552 3715 622 judicium
3750 556 3830 612 Dei

2270 650 2460 700 tecum
2498 645 2738 714 deferas,
2772 661 2901 716 qua
2941 643 3091 714 ignis
3126 647 3344 698 exurat.
3386 644 3523 699 Cave
3557 661 3620 700 ne
3649 663 3759 701 cum
3784 649 3831 702 in

2272 755 2386 794 uno
2422 743 2520 794 aut
2560 738 2778 793 duobus
2815 737 3024 792 habeas
3059 738 3209 809 quod
3249 736 3509 807 probetur
3536 736 3588 791 in
3624 731 3834 810 pluribus

2272 832 2536 902 operibus
2579 832 2806 887 deferas
2851 831 3002 902 quod
3049 829 3321 885 offendat.
3372 850 3398 881 (ι
3448 831 3503 885 Si
3543 832 3686 902 cujus
3717 848 3836 904 opus

2270 926 2503 995 arserit,
2560 926 2969 981 detrimentum
3032 925 3314 995 patietur;
3373 926 3548 995 potest
3591 928 3758 980 tamen
3794 935 3838 982 et

2270 1020 2387 1090 ipse
2421 1035 2521 1089 per
2548 1019 2745 1090 ignem
2771 1019 2972 1073 salvari
3008 1020 3049 1089 (l
3082 1018 3224 1080 Corn,
3252 1033 3330 1083 ιιι,
3366 1020 3468 1085 15).
3499 1040 3525 1068 ››
3551 1017 3694 1073 Unde
3720 1020 3839 1075 colli-

2273 1113 2426 1183 gitur
2471 1114 2602 1183 quia
2648 1113 2803 1167 idem
2856 1112 3029 1166 homo
3083 1116 3140 1166 et
3188 1111 3430 1166 salvetur
3479 1128 3545 1165 ex
3587 1117 3761 1183 parte,
3798 1116 3840 1167 et

2270 1206 2687 1261 condemnatur
2718 1222 2805 1260 ex
2830 1210 3009 1277 parte.
3049 1206 3459 1276 Cognoscentes
3493 1205 3669 1276 itaque
3699 1205 3843 1259 multa

2273 1316 2391 1354 esse
2423 1299 2657 1370 judicia,
2696 1315 2869 1371 opera
2914 1304 3105 1355 nostra
3150 1299 3537 1354 examinemus
3572 1298 3759 1352 omnia.
3796 1301 3841 1352 in
3890 1308 3897 1316 '

2270 1393 2389 1447 viro
2432 1393 2585 1464 justo
2637 1409 2806 1464 grave
2856 1397 2941 1449 est
2999 1393 3429 1460 detrimentum,
3482 1407 3641 1463 grave
3689 1392 3843 1462 operis

2270 1487 2508 1557 alicujus
2556 1487 2924 1556 incendium;
2981 1486 3040 1541 in
3095 1486 3273 1557 impio
3321 1502 3486 1557 pana
3537 1484 3843 1540 miserabilis.

2271 1580 2395 1636 Sint
2435 1580 2616 1651 magis
2648 1580 2844 1635 omnia
2879 1579 3100 1651 judicia
3143 1580 3316 1652 plena
3360 1578 3570 1650 gratia,
3600 1580 3752 1649 plena
3773 1578 3847 1631 ﬂo-

2272 1675 2518 1729 rentium
2546 1690 2916 1741 coronarum;
2941 1690 3015 1729 ne
3041 1673 3189 1728 forte
3219 1673 3357 1728 dum
3384 1673 3716 1727 trutinantur
3736 1671 3848 1725 facta

608 1770 695 1819 56.
744 1767 922 1834 (Vers.
969 1768 1109 1835 160.)
1162 1766 1432 1836 Sequitur
1474 1783 1663 1821 versus
1705 1771 1931 1823 octavus
1971 1783 1984 1821 :
2018 1751 2246 1823 Prin-B
2271 1772 2480 1831 nostra,
2509 1769 2675 1839 culpa
2701 1767 3126 1839 praponderet.

536 1862 735 1929 cipium
771 1860 1054 1913 verborum
1096 1865 1304 1914 tuorum
1333 1863 1555 1923 veritas,
1596 1864 1654 1913 tn
1691 1865 1950 1915 atomum
1984 1862 2165 1915 omnia

524 1953 739 2022 judicia
764 1953 995 2020 justitiae
1024 1958 1148 2007 tua.
1179 1953 1318 2006 Cum
1356 1954 1695 2024 principium
1736 1953 2035 2008 verborum
2068 1953 2166 2007 Dei

535 2046 745 2101 veritas
784 2045 874 2111 sit,
916 2046 1120 2099 veritas
1162 2046 1358 2116 utique
1400 2046 1534 2101 ﬁdei
1583 2047 2019 2102 fundamentum
2060 2052 2162 2101 est.

535 2140 789 2193 Primum
820 2139 1031 2193 etenim
1061 2142 1281 2209 oportet
1313 2143 1374 2193 ut
1410 2141 1703 2195 credamus
1740 2157 1873 2195 vera
1908 2156 2028 2196 esse
2068 2140 2164 2194 Dei

536 2234 768 2302 summi,
806 2249 932 2303 qua
962 2232 1019 2287 in
1054 2232 1255 2286 divinis
1284 2232 1586 2304 Scripturis
1616 2235 1880 2304 legimus,
1912 2234 2162 2289 oracula.

534 2326 856 2381 Secundum
893 2332 996 2394 est,
1033 2332 1097 2381 ut
1125 2326 1396 2381 virtutem
1431 2343 1631 2382 eorum
1676 2328 1929 2398 pleniore
1965 2328 2161 2397 cogni-

532 2420 690 2474 tione
739 2419 1039 2474 discamus.
1092 2419 1247 2475 Sicut
1301 2421 1456 2475 enim
1502 2444 1527 2468 ‹‹
1590 2420 1820 2476 Initium
1871 2420 2163 2492 sapientia

531 2512 703 2567 timor
751 2513 975 2568 Domini
1028 2515 1192 2571 (Psal.
1246 2531 1348 2581 cx,
1403 2516 1495 2584 9);
1550 2535 1576 2563 ››
1625 2514 1915 2585 plenitudo
1971 2522 2164 2569 autem

533 2606 824 2676 sapientia
870 2606 1132 2674 dilectio;
1185 2608 1278 2662 lex
1319 2609 1471 2662 enim
1519 2608 1815 2678 sapientia,
1872 2608 2164 2679 plenitudo

532 2702 724 2754 autem
761 2700 905 2771 legis
948 2700 1209 2765 dilectio;
1262 2701 1342 2755 ita
1381 2700 1681 2773 plenitudo
1723 2701 2030 2757 verborum
2065 2702 2164 2757 Dei

533 2794 831 2864 sapientia,
865 2795 1226 2865 cognitioque
1254 2795 1515 2865 justitia.
1548 2797 1688 2850 Nam
1730 2796 1872 2850 sicut
1900 2812 1932 2849 a
1961 2796 2164 2850 timore

533 2888 758 2942 Domini
802 2903 1091 2958 processus
1126 2888 1356 2959 quidam
1397 2892 1482 2944 est
1520 2888 1592 2943 ad
1635 2889 1874 2959 gratiam
1906 2886 2163 2961 1238

533 2980 860 3048 charitatis,
916 2981 993 3035 ita
1046 2998 1078 3035 ει
1134 2981 1371 3037 veritate
1443 2983 1512 3037 ad
1574 2982 1855 3052 judicium
1924 2982 2163 3052 justitia

536 3074 743 3129 divina
770 3074 1002 3146 quidam
1033 3074 1257 3129 videtur
1280 3075 1402 3130 lieri
1429 3092 1745 3146 processus.

607 3172 694 3222 57.
742 3167 952 3222 Venisti
998 3168 1068 3222 ad
1116 3168 1459 3237 Ecclesiam;
1508 3168 1716 3223 audisti
1765 3185 1942 3223 unum
1987 3170 2165 3224 Deum

538 3261 682 3328 dici,
737 3260 886 3316 unde
947 3260 1037 3314 lex
1098 3259 1331 3332 incipit,
1395 3262 1540 3316 sicut
1586 3261 1766 3316 habes
1816 3261 2094 3332 scriptum
2150 3278 2162 3316 :

538 3374 568 3406 «ί
607 3353 774 3421 Audi,
813 3354 1001 3423 Israel,
1044 3354 1313 3409 Dominus
1352 3356 1497 3408 Deus
1540 3360 1688 3423 tuus,
1730 3356 1877 3409 Deus
1910 3372 2055 3409 unus
2084 3359 2168 3410 est

538 3452 733 3513 (Deut.,
766 3464 840 3515 vr,
874 3449 951 3514 4‘);
994 3470 1019 3496 υ
1060 3448 1228 3503 crede
1269 3464 1451 3504 unum
1498 3449 1671 3503 Deum
1712 3464 1849 3518 esse,
1889 3465 2006 3504 non
2046 3450 2168 3521 plu-

533 3557 624 3597 res
678 3541 833 3595 deos.
884 3542 1028 3595 Cum
1079 3545 1273 3596 autem
1323 3542 1556 3613 caperis
1611 3542 1802 3613 legere
1861 3542 2164 3597 Dominum

532 3636 720 3690 Jesum
764 3634 862 3690 Dei
902 3635 1103 3690 Filium
1149 3635 1206 3690 in
1255 3652 1425 3691 carne
1465 3635 1683 3691 venisse
1723 3641 1959 3708 propter
1996 3636 2166 3692 totius

531 3728 735 3783 mundi
783 3730 1271 3800 redemptionem,
1323 3729 1612 3801 distingue
1660 3730 1949 3801 sapienter
1988 3746 2163 3784 unum

531 3823 711 3877 Deum
733 3824 957 3877 Patrem
981 3840 1123 3892 esse,
1148 3840 1213 3877 ex
1239 3840 1353 3894 quo
1378 3824 1591 3891 omnia,
1614 3827 1672 3878 et
1693 3840 1796 3878 nos
1822 3823 1878 3877 in
1900 3823 2083 3892 illum,
2109 3828 2168 3878 et

532 3933 708 3971 unum
737 3916 1040 3971 Dominum
1067 3917 1282 3983 Jesum,
1305 3933 1409 3988 per
1429 3933 1601 3987 quem
1630 3917 1842 3983 omnia,
1868 3922 1925 3970 et
1946 3933 2045 3971 nos
2067 3932 2167 3988 per

532 4011 741 4081 ipsum.
765 4012 1050 4080 Cognosce
1084 4010 1218 4081 quia
1248 4010 1379 4065 ideo
1410 4011 1585 4079 venit,
1616 4015 1677 4065 ut
1703 4011 1923 4066 virtutis
1950 4011 2167 4066 semitis

532 4108 729 4157 noster
765 4103 1107 4158 informetur
1140 4104 1394 4171 affectus,
1426 4107 1487 4158 ut
1523 4120 1747 4160 morum
1780 4105 2165 4160 mansuetudi-

534 4213 670 4251 nem
719 4196 1166 4251 conversationis
1211 4198 1333 4268 ejus
1376 4197 1722 4254 disceremus
1763 4199 2056 4270 excmplo,
2102 4202 2167 4253 ut

530 4289 857 4361 aboleretur
890 4291 1055 4361 culpa
1099 4308 1204 4362 per
1250 4291 1525 4362 gratiam,
1569 4296 1627 4347 et
1670 4298 1804 4347 tunc
1846 4310 1879 4346 a
1917 4292 2165 4348 veritatis

534 4384 886 4440 confessione
946 4384 1019 4439 ad
1079 4384 1471 4455 cognitionem
1522 4385 1757 4456 justitia
1822 4386 2161 4458 processisti.

2187 3118 2241 3191 C

2612 1861 2839 1917 SERMO
2880 1860 3231 1917 VICESIMUS
3269 1860 3541 1916 PRIMUS.

2924 1956 3001 2006 tv.
3047 1941 3246 2004 Scitin.

2342 2048 2391 2099 1.
2422 2044 2620 2118 Incipit
2641 2044 2835 2099 littera
2854 2044 3121 2099 vicesima
3142 2045 3329 2115 prima
3361 2045 3545 2107 Scitin,
3568 2060 3687 2115 qua
3714 2042 3854 2097 latine

2268 2137 2473 2192 dicitur
2510 2137 2685 2208 Super
2731 2139 2942 2194 vulnus.
2991 2140 3172 2209 Super
3210 2140 3418 2193 vulnus
3467 2137 3602 2209 quid
3641 2141 3735 2203 est,
3771 2134 3856 2189 nisi

2267 2226 2772 2300 medicamentum,
2817 2247 2928 2302 quo
2972 2232 3220 2289 vulneris
3257 2231 3533 2287 acerbitas
3571 2228 3857 2299 mitigatur?

2266 2325 2447 2396 Super
2488 2326 2690 2379 vulnus
2732 2325 2925 2381 oleum
2968 2325 3307 2395 infunditur,
3336 2328 3403 2380 ut
3439 2324 3621 2379 omnis
3649 2321 3857 2377 vulneris

2269 2418 2594 2473 emolliatur
2622 2420 2921 2490 asperitas.
2956 2419 3139 2489 Super
3166 2418 3373 2474 vulnus
3404 2418 3700 2488 malagma,
3725 2430 3860 2485 super

2265 2512 2467 2566 vulnus
2492 2512 2807 2582 alligatura,
2841 2512 3047 2582 quibus
3080 2528 3252 2567 omne
3288 2512 3492 2567 vulnus
3528 2512 3755 2566 fovetur.
3777 2506 3860 2561 Ubi

2266 2622 2402 2676 ergo
2443 2621 2569 2676 spes
2611 2606 2984 2660 refundenda
3022 2610 3108 2660 est
3144 2605 3424 2672 sanitatis,
3453 2605 3529 2659 ibi
3562 2602 3864 2659 adhibentur

2266 2699 2681 2754 medicamenta
2725 2699 3070 2754 vulneribus.
3126 2699 3231 2753 Ubi
3274 2702 3471 2753 autem
3523 2712 3685 2754 omne
3727 2697 3862 2764 caput

2267 2792 2326 2847 in
2358 2792 2579 2859 dolore,
2614 2795 2669 2848 et
2694 2808 2865 2846 omne
2892 2808 2988 2847 cor
3016 2793 3075 2845 in
3104 2792 3396 2858 maestitia,
3428 2808 3544 2846 non
3572 2795 3655 2845 est
3676 2789 3863 2851 vulnus,

2268 2903 2453 2959 neque
2504 2886 2763 2952 cicatrix,
2813 2902 2929 2941 non
2976 2886 3143 2957 plaga
3192 2902 3325 2941 cum
3377 2885 3599 2941 fervore
3644 2885 3780 2955 (Isa.,
3822 2895 3862 2939 ι.

2266 2984 2317 3049 5,
2351 2982 2424 3049 6);
2463 2980 2566 3034 hoc
2607 2983 2708 3047 est,
2751 2979 2850 3034 ubi
2885 2996 3001 3035 non
3040 2979 3249 3051 portio,
3293 2980 3396 3035 sed
3440 2977 3761 3035 universitas
3795 2989 3868 3045 pe-

2266 3073 2561 3140 riclitatur,
2619 3080 2677 3127 et
2730 3074 2994 3150 quadam
3056 3074 3351 3144 corruptio
3417 3072 3595 3128 totius
3654 3066 3866 3141 corporis

2265 3166 2395 3222 tabe
2439 3166 2794 3221 consumitur
2842 3171 2985 3236 (75),
3042 3167 3119 3221 ibi
3170 3183 3285 3222 non
3345 3173 3434 3223 est
3477 3166 3755 3236 malagma
3789 3161 3869 3214 im—

2268 3276 2511 3332 ponere,
2558 3276 2748 3331 neque
2793 3261 3011 3329 oleum,
3064 3278 3252 3333 neque
3302 3261 3686 3331 alligatiiram.
3732 3254 3868 3310 Multo

2266 3354 2441 3425 igitur
2478 3354 2853 3425 commodius,
2884 3360 2950 3410 ut
2982 3355 3055 3410 sit
3082 3355 3290 3410 vulnus
3322 3355 3478 3426 quod
3518 3355 3702 3410 foveas
3733 3354 3869 3419 atque

2266 3448 2642 3519 constringas,
2688 3465 2861 3520 quam
2914 3448 3038 3505 sine
3091 3450 3328 3505 vulnere
3378 3466 3534 3505 mors
3584 3450 3762 3518 serpat
3802 3444 3867 3495 iu-

2270 3542 2460 3596 terior.

2338 3639 2389 3689 2.
2448 3636 2555 3691 Sed
2620 3642 2705 3691 est
2770 3652 2881 3692 non
2948 3637 3130 3691 solum
3185 3638 3452 3709 corporis
3514 3635 3741 3702 vulnus,
3795 3628 3870 3683 sed

2268 3729 2439 3785 etiam
2467 3730 2699 3798 mentis,
2736 3730 2885 3801 quod
2913 3731 3036 3785 oleo
3066 3731 3316 3802 quodam
3356 3730 3634 3786 mollioris
3656 3724 3873 3796 alloquii,

2268 3829 2325 3877 et
2375 3821 2633 3895 1239
2690 3822 2907 3894 paciﬁci
2969 3824 3247 3879 sermonis
3312 3825 3593 3880 suavitate
3644 3816 3871 3877 mitescit.

2267 3917 2411 3972 Sunt
2452 3918 2708 3972 fomenta
2737 3918 3063 3984 verborum,
3098 3923 3228 3973 sunt
3265 3918 3686 3973 medicamenta
3715 3913 3876 3969 cales-

2267 4012 2410 4066 tium
2467 4015 2911 4082 praceptorum,
2959 4011 3166 4083 quibus
3214 4028 3392 4067 omne
3446 4010 3713 4083 nequitia
3752 4006 3876 4060 virus

2265 4104 2546 4161 aboletur.
2580 4106 2721 4161 Sunt
2756 4105 2902 4176 legis
2932 4105 3157 4160 vincula
3196 4122 3326 4176 qua
3362 4123 3483 4162 non
3521 4106 3775 4167 adurant,
3800 4095 3877 4152 sed

2267 4198 2452 4270 magis
2502 4199 2748 4254 liberent
2794 4199 3085 4271 alligatos;
3138 4205 3223 4254 est
3274 4201 3576 4271 malagma
3625 4192 3874 4270 spiritale,

2268 4309 2379 4364 quo
2408 4292 2602 4347 collisa
2626 4292 2835 4346 anima
2860 4292 3121 4363 quadam
3148 4292 3419 4348 membra
3450 4293 3776 4347 solidentur.

2336 4389 2389 4442 3.
2442 4384 2884 4443 Consideremus
2931 4385 3105 4458 igitur
3158 4386 3296 4457 quid
3356 4388 3430 4441 sit
3486 4387 3717 4453 vulnus,
3768 4376 3876 4453 quid

535 4477 694 4533 Fides
731 4478 1076 4550 principium
1118 4478 1426 4535 Christiani
1474 4485 1592 4547 est;
1633 4479 1931 4551 plenitudo
1975 4485 2439 4559 autemDsupra
2480 4480 2704 4534 vulnus.
2759 4481 3037 4550 Principes
3081 4484 3362 4550 persecuti
3414 4488 3547 4535 sunt
3598 4495 3679 4535 me
3719 4476 3882 4544 gratis.

536 4571 840 4627 Christiani
878 4572 1100 4643 justitia
1141 4575 1245 4627 est.
1288 4573 1452 4628 Fides
1492 4573 1549 4628 in
1588 4574 1939 4629 confessione
1976 4590 2164 4658 popu-

533 4667 739 4733 lorum,
764 4666 985 4735 justitia
1016 4667 1071 4721 in
1105 4673 1422 4738 martyrum
1456 4668 1734 4738 passione.

606 4760 692 4814 58.
741 4759 991 4813 Scientes
1031 4759 1208 4829 igitur
1250 4760 1307 4814 in
1348 4767 1629 4816 alernum
1661 4778 1925 4816 mansura
1950 4761 2167 4832 judicia

531 4854 722 4908 omnia
764 4851 1002 4922 justitia
1066 4852 1192 4919 Dei,
1247 4869 1547 4909 caveamus
1606 4871 1676 4908 ne
1734 4872 1908 4926 opera
1974 4860 2167 4910 nostra

534 4946 890 5017 displiceant,
941 4952 999 5000 et
1050 4949 1333 5001 aeternum
1384 4947 1721 5019 incipiamus
1771 4948 1961 5004 subire
2008 4948 2163 5018 judi-

533 5038 715 5106 cium;
762 5055 867 5094 nec
909 5040 956 5094 si
1008 5040 1220 5112 aliquid
1270 5040 1406 5095 boni
1442 5041 1699 5109 fecimus,
1747 5043 2014 5113 resupino
2057 5042 2164 5096 sol-

531 5150 732 5190 vamur
767 5132 994 5189 affectu.
1038 5156 1065 5184 ‹‹
1100 5134 1314 5190 Omnes
1353 5138 1576 5206 oportet
1614 5151 1717 5190 nos
1752 5140 1884 5191 ante
1919 5135 2165 5190 tribunal

531 5228 738 5285 Christi
794 5228 1098 5299 assistere;
1155 5232 1218 5282 ut
1272 5229 1506 5301 recipiat
1563 5230 1960 5301 unusquisque
2014 5230 2162 5301 quod

598 5375 693 5436 (74)
748 5372 956 5424 Omnes
1008 5370 1143 5423 edit.
1201 5372 1350 5423 LXX
1411 5372 1637 5437 Interp.,
1695 5372 1817 5420 εἶδον
1880 5371 2161 5421 ἀπνετοῦν-

531 5459 630 5504 τας,
676 5444 758 5491 καὶ
800 5442 1100 5507 ἐξετηκόμην,
1150 5443 1357 5508 quibus
1412 5441 1629 5493 accedit
1679 5444 1861 5493 versio
1907 5443 2163 5494 Arabica.

533 5516 643 5567 Sed
692 5515 854 5578 Vulg.
905 5517 1021 5566 Lat.
1067 5529 1137 5567 ex
1185 5515 1440 5576 Hebraeo,
1489 5514 1602 5565 vidi
1657 5516 2072 5578 pracartcuntes
2120 5521 2165 5567 et

531 5585 873 5637 tabescebam.

597 5657 695 5721 (75)
733 5657 881 5707 Edit.
918 5658 1098 5720 Rom.,
1136 5663 1184 5708 et
1220 5658 1458 5723 quadam
1503 5658 1663 5710 totius
1702 5658 2010 5709 constitutio
2047 5671 2165 5709 cor-

528 5729 681 5795 poris
724 5727 844 5777 tabe
893 5730 1245 5779 consumitur.
1294 5729 1460 5780 Haud
1512 5729 1678 5793 male,
1722 5729 1831 5781 nisi
1882 5729 2167 5782 recederet

533 5798 604 5850 ab
634 5796 893 5848 omnibus
927 5798 1049 5846 aliis
1090 5798 1222 5848 edit.
1262 5803 1316 5849 et
1359 5813 1511 5863 mss.,
1552 5815 1792 5866 quorum
1830 5800 2013 5864 lectio,
2060 5802 2163 5852 etsi

2268 4572 2472 4627 vulnus
2509 4575 2613 4626 est.
2645 4573 2869 4628 Ercsulto
2908 4588 3000 4640 ego
3034 4575 3095 4627 in
3135 4574 3311 4628 verbis
3353 4578 3486 4639 tuis,
3533 4577 3667 4629 sicut
3702 4570 3792 4641 qui
3813 4569 3882 4619 in-

2265 4669 2412 4722 venit
2449 4667 2626 4737 spolia
2666 4667 2862 4729 multa,
2910 4682 3083 4738 super
3129 4666 3335 4720 vulnus
3384 4673 3513 4737 est;
3561 4667 3695 4739 quia
3733 4658 3885 4716 verbis

2266 4759 2578 4816 Dominicis
2605 4760 2854 4815 vulneris
2881 4759 3021 4815 dura
3052 4764 3348 4815 curantur.

2338 4856 2390 4910 4.
2446 4855 2504 4908 In
2554 4853 2793 4909 Threnis
2845 4869 3070 4925 quoque
3122 4854 3392 4909 Jeremia
3442 4854 3625 4909 habes
3664 4850 3761 4907 sub
3803 4848 3885 4901 hac

2266 4947 2459 5004 littera
2512 4947 2783 5017 scriptum
2837 4965 2848 5001 :
2896 4969 2923 4997 «
2976 4946 3196 5002 Audisti
3245 4947 3634 5019 opprobrium
3682 4954 3882 5002 eorum,

2266 5040 2524 5105 Domine,
2555 5042 2750 5096 omnia
2785 5039 3021 5096 consilia
3047 5057 3244 5095 eorum
3273 5041 3595 5097 adversum
3624 5054 3732 5105 me,
3765 5031 3883 5089 labia

2266 5135 2685 5206 insurgentium
2733 5135 2891 5202 mihi,
2933 5138 2989 5189 et
3031 5134 3447 5190 meditationes
3484 5148 3684 5189 eorum
3723 5128 3884 5183 adver~

2268 5245 2393 5283 sum
2440 5245 2530 5282 me
2581 5232 2690 5283 tota
2739 5228 2848 5296 die,
2902 5228 3209 5283 sessionem
3255 5244 3488 5296 eorum,
3540 5233 3600 5282 et
3643 5234 3886 5281 resurrec-

2266 5375 2452 5423 minus
2511 5375 2733 5433 usitata,
2782 5377 2965 5437 potest
3018 5378 3204 5423 tamen
3251 5374 3428 5424 etiam
3477 5370 3737 5444 defendi;
3778 5375 3885 5444 curn

2266 5445 2508 5510 quadam
2546 5446 2819 5510 corruptio
2860 5446 3018 5496 totius
3061 5447 3320 5509 corporis,
3362 5444 3523 5495 idem
3563 5443 3782 5493 omnino
3809 5438 3886 5510 si}:

2266 5503 2331 5566 ac
2397 5529 2600 5580 corpus
2661 5503 3075 5581 quodammodo
3126 5503 3482 5579 corruptum.
3544 5514 3751 5565 Rursus
3804 5503 3889 5556 ubi

2265 5588 2456 5639 cuncti
2497 5600 2629 5638 mss.
2673 5601 2740 5638 ac
2783 5591 2892 5638 vet.
2924 5587 3077 5650 edit.,
3113 5599 3255 5638 mors
3294 5591 3485 5648 serpat
3524 5585 3776 5641 interior;
3813 5589 3892 5625 ea-

2266 5659 2394 5711 dem
2437 5658 2619 5722 Rom.,
2667 5657 2883 5710 morbus
2928 5663 3112 5725 serpat
3152 5658 3405 5709 interior.
3460 5657 3575 5709 Sed
3622 5668 3683 5706 ea
3724 5653 3889 5701 muta-

2268 5732 2416 5782 tione
2440 5730 2581 5781 nihil
2612 5743 2753 5793 opus
2779 5734 2877 5781 est.
3384 5736 3393 5741 '
