3930 6168
137 293 212 349 1581

128 417 269 469 tionem
301 424 465 465 eorum
501 408 741 478 (Thren.,
808 424 894 477 n1,
949 409 1170 479 6io63);
1204 431 1230 458 »
1272 410 1474 463 vulnus
1531 413 1634 463 est.
1660 424 1718 495 Α

126 507 193 563 Sed
224 504 410 574 subjecit
448 519 460 554 :
509 523 535 551 (ι
581 502 777 572 Aspice
826 502 887 556 in
937 503 1125 581 oculos
1172 519 1410 569 eorum;
1458 502 1635 556 redde

126 602 188 655 illis
213 596 611 662 retributionem,
644 596 905 664 Domine,
948 595 1265 650 secundum
1309 612 1483 667 opera
1518 612 1635 650 ma-

128 709 234 747 unum
252 691 467 762 ipsorum
496 690 681 760 (Ibid,
714 690 825 760 64),
858 714 887 741 ››
917 706 1088 761 super
1111 690 1317 744 vulnus
1356 695 1468 758 est;
1501 690 1636 761 quia

126 785 286 839 vindicta
330 784 647 854 plerumque
699 784 840 837 solet
888 783 1140 838 dolorem
1188 783 1439 837 vulneris
1490 783 1638 837 miti-

122 895 214 951 gare.
243 877 295 931 Et
323 876 458 930 infra
499 876 655 930 idem
691 877 962 932 Jeremias
1000 876 1081 930 ait
1114 895 1127 930 :
1164 896 1189 923 ι(
1220 876 1408 931 Gaude
1450 880 1507 930 et
1538 877 1633 930 lm-

120 976 203 1035 tare,
232 968 328 1023 ﬁlia
365 969 650 1035 Idumaeas,
686 985 815 1040 quae
856 969 1078 1023 habitas
1118 970 1175 1023 in
1219 970 1364 1023 Geth
1397 970 1538 1040 (76);
1582 976 1636 1023 et

117 1064 267 1135 quidem
295 1062 354 1116 ad
390 1065 438 1115 te
478 1063 846 1133 pertransibit
884 1062 1055 1130 calix;
1098 1061 1274 1129 bibes,
1308 1065 1365 1116 et
1402 1062 1639 1116 inebria-

113 1158 203 1210 beris
232 1156 391 1209 adhuc
427 1157 664 1221 (Thren.,
708 1173 778 1221 Iv,
819 1160 933 1224 2t);
986 1178 1014 1204 ››
1059 1171 1229 1227 super
1266 1156 1474 1211 vulnus
1509 1161 1634 1221 est;

113 1250 196 1303 calix
228 1250 356 1303 enim
398 1249 611 1303 Domini
658 1250 917 1304 remissio
964 1253 1329 1320 peccatorum
1376 1255 1477 1317 est,
1523 1265 1638 1320 quo

87 1328 268 1412 “sanguis
293 1342 609 1412 effunditur,
644 1344 739 1413 qui
770 1342 945 1397 totius
977 1342 1175 1396 mundi
1216 1346 1439 1413 peccata
1474 1342 1636 1397 rede-

110 1436 186 1488 mit.
206 1435 281 1489 llic
315 1436 446 1491 calix
482 1434 785 1490 inebriavit
824 1439 1057 1506 gentes;
1088 1452 1159 1490 ne
1188 1436 1403 1506 proprii
1434 1435 1637 1490 memi-

107 1530 252 1582 nissent
283 1528 497 1595 doloris,
538 1528 638 1582 sed
684 1534 934 1583 veterem
979 1529 1443 1584 obliviscerentur
1478 1544 1639 1583 erro-

107 1638 195 1675 rem.
223 1622 352 1677 Bona
391 1622 567 1692 igitur
608 1622 853 1677 ebrietas
897 1622 1183 1693 spiritalis,
1234 1638 1365 1693 qua:
1410 1623 1640 1677 turbare

104 1716 224 1768 nescit
251 1715 477 1786 corporis
517 1716 825 1784 incessum,
857 1717 1043 1771 levare
1085 1717 1293 1770 mentis
1335 1716 1492 1770 novit
1526 1732 1643 1769 ves-

105 1808 241 1875 tigium
281 1809 395 1877 (77).
440 1809 596 1863 Bona
644 1809 885 1864 ebrietas
934 1809 1119 1880 poculi
1174 1808 1466 1877 salutaris,
1515 1793 1719 1880 quteB

103 1902 341 1956 maestitiam
385 1902 712 1973 peccatricis
759 1903 955 1957 abolet
995 1903 1388 1967 conscientias,
1433 1904 1640 1973 jucun-

104 1994 269 2049 diutem
319 1997 437 2049 vita
514 1996 769 2051 infundit
832 2002 1081 2051 aeterne.
1151 1997 1281 2051 Ideo
1354 1995 1644 2067 Scriptura

104 2086 224 2141 dicit:
259 2109 281 2139 α
321 2091 379 2143 Et
419 2089 693 2161 poculum
740 2093 903 2145 tuum
952 2089 1238 2145 inebrians
1281 2106 1453 2161 quam
1498 2106 1642 2160 prae-

106 2180 251 2236 clarum
277 2186 353 2236 est
375 2184 540 2251 (Psal.
569 2200 699 2251 χχιι,
731 2183 813 2253 5)!
845 2205 874 2232 »

142 2279 178 2326 5.
197 2275 640 2331 Medicamentum
672 2277 851 2345 igitur
889 2293 1063 2348 super
1100 2276 1303 2331 vulnus
1334 2282 1455 2343 est;
1508 2277 1646 2347 quia

104 2367 289 2422 Dominus
326 2370 478 2424 Jesus
534 2370 656 2441 ipse
704 2370 977 2439 medicus,
1028 2370 1125 2440 qui
1170 2370 1407 2424 Vulnera
1455 2376 1646 2424 nostra

102 2462 257 2529 curavit,
302 2463 609 2518 infundens
658 2464 851 2517 vinum
903 2469 960 2518 et
1008 2464 1232 2533 oleum,
1290 2468 1348 2517 et
1401 2464 1646 2535 alligans

103 2554 260 2609 vulnera
302 2557 426 2611 Ada:
474 2557 652 2624 illius,
700 2557 796 2629 qui
840 2557 1189 2611 descendens
1235 2573 1268 2610 a
1311 2558 1641 2623 Jerusalem,

104 2647 390 2704 alatronibus
424 2651 758 2706 vulneratus
798 2654 902 2705 est.
943 2652 1146 2706 Caveat
1176 2666 1314 2721 ergo
1343 2652 1642 2722 unusquis-

111 2754 167 2809 que
203 2758 260 2797 ne
305 2743 611 2799 descendat
674 2761 709 2798 a
771 2745 1118 2811 Jerusalem,
1186 2744 1431 2814 peccatis
1490 2744 1645 2797 enim

104 2834 167 2885 suis
207 2839 574 2909 unusquisque
632 2837 950 2905 descendit,
1000 2840 1057 2892 et
1106 2837 1321 2892 meritis
1370 2837 1642 2891 ascendit.

100 2930 166 2979 Aut
195 2930 306 2999 quia
341 2931 576 3003 fragiles
619 2947 845 3001 sumus;
880 2932 978 3003 qui
1006 2930 1318 3000 descendit,
1356 2933 1545 2985 currat
1574 2929 1645 2983 ad

95 3020 198 3075 illum
220 3025 646 3094 Samaritanum,
691 3025 983 3079 custodem
1016 3025 1205 3095 operis
1244 3025 1332 3079 sui
1361 3026 1491 3095 (78),
1520 3040 1643 3077 cus-

97 3112 225 3168 todem
262 3118 391 3189 legis
446 3124 505 3173 et
567 3119 787 3189 gratiae,
825 3122 890 3172 ut
927 3118 1150 3172 vulneri
1190 3134 1292 3172 suo
1336 3118 1515 3189 possit
1552 3118 1643 3170 in-

96 3207 231 3263 venire
292 3213 677 3279 medicinam,
746 3212 842 3283 qui
905 3211 1263 3282 alligaturam
1344 3212 1646 3266 verborum

94 3299 326 3359 calestium
365 3322 547 3376 super
584 3306 787 3359 vulnus
824 3306 1106 3377 imponat,
1138 3306 1329 3360 dicens
1358 3322 1371 3359 :
1404 3327 1432 3354 «
1462 3306 1644 3360 Posui-

92 3395 256 3450 lentiam
279 3400 453 3469 agite;
482 3399 972 3470 appropinquavit
1006 3400 1165 3453 enim
1202 3414 1450 3470 regnum
1480 3399 1645 3453 caelo-

92 3490 408 3559 mmiHatth.,
441 3510 519 3562 IV,
559 3494 667 3563 l7).
696 3513 725 3541 »
766 3493 919 3547 Bona
952 3493 1271 3563 alligatura,
1301 3508 1430 3564 quae
1470 3492 1649 3547 fracta

93 3581 237 3637 anima:
266 3590 368 3641 tua:
411 3603 542 3641 ossa
585 3588 909 3652 conuectat,
942 3592 1000 3641 et
1037 3584 1321 3641 soliditate
1359 3591 1645 3657 reparata,

94 3686 130 3723 In
156 3676 377 3743 pristinas
406 3680 557 3734 vires
601 3672 896 3746 reformat,
940 3696 1004 3735 ac
1035 3679 1296 3735 discissos
1336 3685 1493 3734 artus
1523 3679 1646 3733 sine

94 3765 167 3820 ulla
186 3770 267 3825 sibi
291 3773 563 3828 cicatricis
592 3773 901 3828 offensione
935 3774 1213 3829 restituat.

136 3862 173 3913 6.
208 3864 357 3931 iVers.
409 3868 561 3938 161.)
608 3869 686 3922 De
731 3868 935 3922 litterae
988 3868 1461 3939 interpretatione
1517 3867 1648 3921 satis

92 3966 159 4018 PFO
204 3964 345 4029 captu
408 3967 612 4016 nostro
678 3961 893 4016 dictum
962 3965 1267 4032 putamus;
1319 3961 1649 4016 adoriamur

93 4049 215 4102 sancti
250 4052 535 4125 Prophetse
578 4071 777 4109 versus
824 4055 1199 4124 considerare,
1244 4071 1385 4126 quos
1433 4054 1648 4125 Spiritu

91 4148 222 4196 sancto
254 4149 527 4203 revelante
572 4147 812 4218 subjecit
849 4164 862 4202 :
905 4150 1180 4219 Principes
1216 4152 1486 4219 persecuti
1522 4154 1650 4203 sunt

92 4248 140 4281 ωε
166 4242 330 4301 gratis,
357 4248 409 4295 et
452 4260 485 4295 (ι
522 4242 701 4297 verbis
742 4244 850 4297 tuis
889 4242 1187 4313 trepidauit
1225 4257 1315 4297 cor
1356 4258 1551 4297 meum.
1590 4242 1647 4298 Si

90 4333 272 4385 κείρει-ξω
305 4338 637 4406 repetamus
675 4334 997 4402 historiam,
1028 4338 1085 4389 et
1123 4335 1277 4403 Saul,
1310 4338 1369 4389 et
1410 4336 1645 4390 Abessa-

92 4415 168 4483 iou,
192 4431 237 4477 et
271 4427 433 4481 multi
479 4426 823 4498 alienigenae
868 4427 1154 4498 principes
1188 4432 1442 4483 sanctum
1478 4428 1648 4483 David

1668 3159 1722 3233 C

1144 284 1493 341 EXPOSITIO
1531 285 1598 340 IN
1640 284 1955 341 PSALMUM
1994 283 2219 340 CXVIII.

3227 287 3363 340 1582

1740 411 1925 463 tentes
1973 424 2155 479 regna
2200 411 2503 473 terrarum,
2548 407 2791 461 honores
2833 408 3003 477 atque
3044 406 3279 474 divitias,
3312 407 3362 461 si

1739 502 1927 572 fragili
1980 506 2173 555 mente
2227 500 2575 566 succumbas,
2626 504 2683 553 et
2731 499 3114 553 obedientium
3164 516 3361 555 eorum

1739 594 1997 666 imperiis
2040 594 2348 649 arbitreris.
2399 595 2492 649 Isti
2544 594 2827 665 principes
2870 593 3154 648 interdum
3192 596 3364 663 gratis

1737 692 2181 759 persequuntur,
2235 687 2524 742 interdum
2579 703 2693 741 non
2750 687 2944 758 gratis.
2997 687 3179 741 Gratis
3232 702 3365 740 eum

1740 786 2183 853 persequuntur,
2233 782 2381 852 apud
2421 798 2593 852 quem
2638 781 2782 835 nihil
2828 797 2993 835 suum
3043 780 3363 847 inveniunt,

1738 881 1795 930 et
1835 891 1968 930 eum
2013 876 2317 945 subjugare
2362 875 2747 941 contendunt;
2793 891 2902 928 non
2954 875 3127 945 gratis
3172 890 3363 944 perse-

1740 972 1999 1041 quuntur
2022 985 2174 1037 eum,
2204 970 2302 1040 qui
2331 985 2390 1022 se
2421 984 2619 1023 eorum
2644 968 2867 1023 dederit
2906 968 3195 1037 potestati,
3225 973 3281 1021 et
3308 967 3366 1021 in

1739 1063 2158 1134 possessionem
2191 1062 2383 1117 saeculi
2424 1065 2574 1116 totus
2612 1061 2933 1127 intraverit;
2966 1062 3025 1115 in
3054 1077 3184 1115 suos
3214 1062 3367 1116 enim

1739 1156 1846 1211 sibi
1870 1157 1997 1228 jure
2026 1156 2380 1211 dominatum
2410 1156 2715 1225 vindicant,
2744 1159 2915 1226 atque
2947 1155 3019 1209 ab
3052 1155 3119 1209 iis
3149 1172 3366 1210 merce-

1741 1252 1872 1305 dem
1906 1250 2219 1321 iniquitatis
2245 1248 2585 1319 efﬂagitant.

1813 1349 1865 1397 7.
1899 1344 2047 1398 Bene
2080 1344 2187 1397 hoc
2229 1346 2449 1413 martyr
2477 1343 2632 1409 dicit,
2663 1342 2818 1412 quod
2864 1342 3071 1412 injuste
3101 1359 3370 1413 persecu-

1743 1439 1966 1493 tionum
2017 1440 2307 1491 tormenta
2355 1436 2659 1502 sustineat,
2718 1437 2813 1505 qui
2872 1435 3014 1489 nihil
3081 1437 3367 1506 rapuerit,

1741 1532 1962 1585 nullum
2014 1531 2294 1585 violentus
2346 1529 2706 1600 oppresserit,
2768 1527 2978 1583 nullius
3033 1529 3370 1599 sanguinem

1742 1624 1974 1690 fuderit,
2005 1624 2215 1678 nullius
2252 1624 2481 1677 thorum
2526 1624 2634 1692 (79)
2672 1622 2955 1693 putaverit
2996 1638 3114 1677 esse
3155 1622 3368 1677 violan-

1742 1718 1913 1782 dum;
1945 1716 2043 1788 qui
2082 1716 2227 1770 nihil
2270 1714 2492 1786 legibus
2529 1714 2751 1783 debeat,
2795 1720 2852 1768 et
2894 1716 3153 1785 graviora
3192 1715 3366 1769 latro-

1746 1827 1883 1865 num
1951 1810 2232 1865 sustinere
2297 1814 2538 1879 cogatur
2596 1808 2897 1879 supplicia;
2956 1809 3053 1879 qui
3113 1809 3375 1880 loquatur

1738 1906 1913 1976 justa,
1942 1909 2001 1959 et
2030 1920 2146 1959 non
2172 1904 2466 1968 audiatur;
2512 1902 2610 1972 qui
2651 1902 2921 1973 loquatur
2962 1903 3130 1972 plena
3155 1903 3373 1971 salutis,

1746 2002 1803 2053 et
1842 1998 2233 2069 impugnatur,
2276 2000 2341 2051 ut
2376 1996 2551 2067 possit
2588 1996 2772 2050 dicere
2806 2012 2819 2049 :
2865 1996 3061 2051 «Cum
3107 1996 3378 2066 loquebar

1745 2092 1888 2161 illis,
1944 2091 2361 2163 impugnabant
2416 2106 2509 2143 me
2566 2091 2737 2160 gratis
2791 2091 2954 2159 (Psal.
3011 2106 3160 2157 cxrx,
3219 2092 3292 2158 7).
3346 2112 3371 2137 »

1744 2185 1927 2241 Gratis
1954 2185 2130 2257 igitur
2168 2184 2622 2255 persecutionem
2662 2184 2893 2253 patitur,
2932 2184 3031 2254 qui
3068 2183 3373 2255 impugna-

1746 2283 1840 2333 tur
1870 2280 1992 2333 sine
2023 2278 2296 2345 crimine;
2326 2279 2699 2348 impugnatur
2726 2281 2788 2331 ut
2814 2277 3034 2343 noxius,
3059 2293 3188 2331 cum
3217 2278 3286 2331 sit
3318 2278 3374 2331 in

1748 2373 1845 2427 tali
1871 2372 2222 2426 confessione
2254 2371 2569 2438 laudabilis,
2598 2370 2978 2441 impugnatur
3005 2372 3168 2442 quasi
3203 2388 3373 2425 vene-

1746 2468 1906 2533 ficus,
1936 2467 2066 2537 quia
2091 2465 2150 2519 in
2186 2465 2420 2519 nomine
2453 2464 2678 2518 Domini
2710 2464 3006 2534 gloriatur,
3035 2481 3167 2519 cum
3196 2466 3376 2535 pietas

1747 2560 2020 2614 virtutum
2067 2560 2328 2614 omnium
2372 2558 2816 2612 fundamentum
2857 2558 2950 2612 sit.
2992 2559 3133 2613 Vere
3166 2559 3376 2612 frustra

1745 2654 2138 2724 impugnatur,
2167 2653 2265 2723 qui
2291 2652 2441 2722 apud
2481 2651 2684 2722 impios
2728 2657 2782 2706 et
2822 2650 3028 2706 inﬁdos
3068 2651 3377 2723 impietatis

1746 2746 2068 2813 arcessitur,
2099 2761 2228 2799 cum
2259 2744 2390 2799 ﬁdei
2420 2744 2492 2798 sit
2519 2744 2811 2815 magister.

1817 2842 1869 2894 8.
1910 2840 2115 2894 Verum
2154 2839 2202 2892 is
2245 2839 2340 2909 qui
2382 2838 2557 2909 gratis
2597 2839 2986 2909 impugnatur,
3020 2838 3181 2893 fortis
3207 2838 3379 2893 debet

1746 2949 1866 2988 esse
1908 2939 1964 2987 et
2008 2932 2289 2987 constans.
2334 2931 2627 2996 Quomodo
2678 2947 2814 3003 ergo
2861 2932 3188 2987 subtexuit:
3230 2934 3301 2986 Et
3346 2949 3380 2986 α

1744 3028 1922 3082 verbis
1950 3030 2058 3081 tuis
2085 3028 2380 3096 trepidavit
2401 3042 2490 3081 cor
2513 3028 2723 3080 meum?
2742 3025 3048 3097 Trepidare
3080 3025 3379 3080 infirmita-

1747 3122 1819 3174 tis
1866 3125 1969 3188 est,
2022 3121 2245 3174 timoris
2301 3122 2471 3191 atque
2514 3119 2868 3187 formidinis;
2917 3119 3015 3173 sed
3066 3125 3150 3173 est
3205 3120 3376 3173 etiam

1748 3216 2046 3269 inﬁrmitas
2078 3214 2151 3268 ad
2184 3215 2446 3281 salutem,
2489 3217 2573 3267 est
2603 3213 2779 3267 etiam
2803 3214 2980 3268 timor
3005 3216 3333 3267 sanctorum
3367 3231 3380 3267 :

1750 3330 1779 3359 «
1816 3308 2036 3363 Timete
2078 3308 2383 3363 Dominum
2419 3308 2597 3362 sancti
2630 3307 2754 3377 ejus
2782 3308 2948 3377 (Psal.
2981 3323 3170 3375 xxxm,
3206 3309 3313 3377 10),
3344 3326 3371 3358 »

1748 3406 1805 3457 et
1831 3419 1845 3455 :
1879 3420 1904 3453 ‹‹
1936 3404 2138 3457 Beatus
2167 3402 2255 3455 vir
2276 3402 2376 3473 qui
2396 3402 2560 3456 timet
2589 3402 2898 3456 Dominum
2921 3402 3088 3469 (Psal.
3120 3416 3223 3467 cxr,
3250 3401 3323 3471 l).
3349 3420 3377 3452 ι)

1746 3496 1868 3560 Qua
1918 3496 2147 3550 ratione
2207 3496 2453 3551 Beatus?
2510 3496 2653 3559 Quia
2709 3516 2736 3544 «
2790 3494 2848 3548 in
2905 3493 3191 3549 mandatis
3256 3495 3379 3564 ejus

1748 3588 1940 3660 cupiet
1976 3588 2146 3643 nimis
2195 3589 2400 3658 (Ibid.).
2433 3611 2461 3639 »
2497 3590 2647 3643 Pone
2686 3604 2823 3659 ergo
2869 3592 3177 3658 martyrem
3223 3588 3380 3642 inter

1749 3682 2001 3754 pericula
2043 3681 2445 3750 constitutum;
2498 3698 2627 3735 cum
2683 3681 2815 3735 inde
2866 3680 3194 3735 immanitas
3244 3681 3375 3735 bes-

1746 3776 1955 3832 tiarum
1988 3776 2060 3830 ad
2085 3775 2477 3830 incutiendum
2508 3779 2784 3829 terrorem
2814 3774 3122 3843 infremat;
3151 3774 3377 3827 aliunde

1749 3870 1958 3925 stridor
1998 3869 2362 3924 candentium
2405 3868 2771 3935 laminarum,
2812 3872 2869 3922 et
2905 3867 3139 3922 ﬂamma
3178 3868 3375 3921 forna-

1748 3964 1827 4019 cis
1881 3964 2131 4020 ardentis
2185 3966 2484 4030 exaastuet;
2545 3979 2615 4017 ex
2680 3967 2841 4033 parte
2897 3962 3007 4015 alia
3066 3967 3378 4033 personent

1748 4064 1960 4113 tractus
1988 4058 2241 4128 gravium
2274 4060 2624 4123 catenarum,
2651 4056 2783 4110 hinc
2818 4055 3069 4110 carnifex
3109 4059 3376 4110 cruentus

1747 4152 1991 4217 assistat;
2042 4167 2206 4222 pone,
2258 4152 2512 4221 inquam,
2562 4151 3135 4220 circumspectantem
3184 4149 3376 4204 omnia

1748 4247 1913 4318 plena
1945 4244 2227 4316 supplicii,
2258 4245 2461 4299 deinde
2488 4244 2835 4315 cogitantem
2868 4243 3137 4298 mandata
3167 4243 3373 4310 divina,

1752 4340 1909 4394 illum
1948 4340 2141 4410 ignem
2172 4344 2535 4410 perpetuum,
2566 4338 2705 4392 illud
2740 4339 2863 4391 sine
2900 4338 3013 4391 fine
3047 4336 3375 4390 incendium

1750 4432 2121 4503 perfidorum,
2156 4432 2311 4486 illam
2358 4448 2536 4502 paenae
2563 4429 3006 4485 recrudescentis
3032 4444 3374 4498 aerumnam,

90 4518 298 4601 menti
322 4524 486 4587 sunt;
519 4521 624 4575 sed
660 4537 833 4576 nemo
862 4521 1046 4592 potuit
1072 4522 1141 4577 de
1171 4537 1237 4576 eo
1269 4522 1644 4593 triumphare.
1668 4529 1726 4601 Ι)
1750 4525 2030 4598 trepidare
2107 4525 2275 4579 corde
2298 4566 2311 4591 ,
2387 4541 2455 4577 ne
2531 4524 2668 4577 dum
2744 4522 3118 4594 praesentibus
3192 4522 3374 4591 cedit,

94 4600 183 4659 Sunt
209 4614 255 4664 et
291 4610 549 4686 1240
589 4613 877 4685 principes
908 4614 1136 4681 mundi,
1170 4619 1533 4686 rectoresque
1562 4622 1643 4670 te-

93 4694 340 4767 Iﬁbrarum,
364 4703 463 4773 qui
491 4707 546 4757 te
565 4704 625 4757 in
646 4707 744 4758 tuo
767 4707 995 4774 pectore
1016 4711 1290 4759 conantur
1303 4705 1645 4776 opprimere,

96 4784 127 4829 εί
155 4791 582 4851 persecutionum
630 4809 776 4848 saeva
816 4794 970 4848 intus
1023 4798 1355 4867 operantur,
1410 4794 1646 4864 promit-

129 4903 202 4979 (76]
231 4909 299 4959 lla
335 4914 527 4964 cuncti
576 4927 711 4974 mss,
759 4919 924 4979 atque
964 4916 1092 4965 edit.
1144 4921 1251 4966 vet.
1294 4916 1450 4967 Rom.
1501 4930 1648 4977 vero,

98 4980 170 5028 tua
186 4977 363 5033 habitas
388 4984 448 5032 in
489 4990 640 5035 terra
676 4986 807 5036 Hus.
835 4977 906 5036 Et
943 4992 1093 5037 certe
1126 4987 1219 5038 hic
1247 4989 1298 5037 ei
1338 4988 1484 5037 favet
1525 4993 1652 5037 tex—

96 5044 427 5122 lnallebraaus,
465 5060 638 5120 atque
664 5069 860 5107 omnes
897 5060 1196 5118 versiones,
1236 5063 1463 5122 excepta
1505 5058 1653 5108 LXX

100 5118 250 5191 fme’l’;
292 5123 345 5173 hi
399 5118 564 5176 enini
614 5141 809 5178 vocem
868 5130 977 5178 Hus
1031 5143 1143 5179 non
1195 5118 1512 5189 admittunt,
1556 5128 1653 5180 sed

102 5192 221 5263 λξῖῖυω
246 5195 501 5248 exhibent
534 5199 591 5246 in
633 5198 755 5249 hinc
794 5200 982 5259 verba,
1008 5201 1039 5257 ἡ
1075 5199 1371 5248 κατοικοῦσα
1410 5200 1486 5248 ἐπὶ
1519 5200 1605 5262 γῆς
1639 5215 1652 5249 :

102 5252 269 5377 ἷξξὲτο
301 5268 401 5326 γῆς,
440 5269 582 5334 quin
622 5271 835 5331 Ambr,
880 5252 1071 5336 legerit
1108 5271 1215 5334 γῆθ,
1257 5285 1369 5321 non
1427 5252 1657 5321 est'du-

142 5398 204 5477 '7?)
228 5404 368 5457 Rom.
397 5410 533 5460 edit.
571 5425 698 5462 cum
739 5418 891 5477 parte
930 5427 1085 5473 mss,
1126 5413 1301 5464 levare
1331 5414 1518 5464 mentis
1550 5427 1658 5463 non

118 5473 201 5550 ξεῖ(
218 5482 489 5543 vestigium.
522 5483 718 5533 Melius
739 5473 866 5535 alia;
895 5498 1023 5536 cum
1049 5486 1279 5550 reliquis
1320 5500 1447 5536 mss.
1487 5487 1659 5536 omit-

120 5538 555 5625 tufl.lmtlegtitionem.

144 5612 209 5698 [⁷θὲ
242 5621 436 5698 Omnes
470 5627 623 5689 edit,
663 5630 902 5693 corporis
937 5630 1041 5680 sui.
1080 5630 1289 5681 Omnes
1336 5643 1488 5692 mss.,
1530 5643 1661 5695 ope-

117 5684 507 5791 mpgndlmbus
541 5684 804 5764 exceptis,
833 5703 887 5751 in
933 5702 1139 5766 quibus
1173 5684 1487 5766 utrumque,
1511 5684 1663 5767 prm-

134 5760 356 5816 emissum
382 5773 481 5818 est.

162 5824 220 5891 79i
261 5833 376 5886 Mss.
422 5839 566 5891 bene
619 5844 801 5906 multi,
854 5844 1061 5895 nullum
1103 5847 1386 5911 justorum.
1438 5843 1547 5897 Sed
1602 5858 1665 5893 ea

1748 4620 2040 4692 perpetuis
2102 4636 2159 4672 se
2235 4617 2404 4673 dedat
2465 4617 2682 4685 exitiis;
2751 4615 3069 4686 perturbari
3146 4618 3373 4685 animo,

1750 4710 1887 4763 dum
1934 4708 2112 4763 futuri
2153 4707 2351 4777 judicii
2406 4705 2802 4775 rhomphaeam
2852 4706 3009 4759 illam
3059 4707 3374 4761 terribilem

1751 4798 1996 4869 quadam
2034 4799 2367 4866 conspectus
2398 4795 2483 4848 sui
2524 4795 2643 4849 acie
2682 4797 2983 4849 contuetur
3012 4796 3139 4865 (80).
3180 4796 3378 4849 Nonne

1750 4919 1987 4969 varietas
2041 4915 2172 4966 inde
2234 4916 2476 4979 profecta
2542 4920 2654 4974 est,
2710 4915 2858 4979 quod
2926 4917 2978 4964 in
3047 4914 3377 4979 quibusdam

1752 5002 1880 5037 mss.
1937 5002 2063 5049 vox,
2119 4988 2343 5044 nullius,
2398 4988 2473 5035 ita
2517 4985 2885 5046 dividebatur,
2942 4990 3003 5035 ut
3050 4987 3379 5049 posteriores

1751 5061 1950 5110 littera:
1985 5060 2106 5109 voci
2150 5059 2405 5121 sequenti
2449 5056 2828 5116 adhmrerent;
2860 5056 3010 5106 unde
3045 5058 3101 5105 in
3144 5057 3382 5105 nonnul-

1754 5132 1820 5181 lis
1869 5133 2174 5180 etiamnum
2226 5130 2479 5191 legimus,
2523 5127 2660 5178 nulli
2700 5129 3005 5190 justorum;
3053 5126 3200 5190 quod
3251 5140 3378 5177 cum

1756 5208 1942 5267 aperte
1974 5203 2228 5252 vitiosum
2274 5203 2361 5262 sit,
2402 5201 2494 5250 alii
2533 5201 2753 5264 proprio
2788 5205 2961 5248 marte
3000 5204 3378 5261 reposuerunt,

1755 5272 1960 5324 nullum
1986 5276 2271 5337 justorum.

1821 5344 1918 5406 (80)
1966 5343 2060 5395 Sic
2105 5357 2235 5393 mss.
2292 5343 2639 5407 complures;
2684 5342 2775 5390 alii
2826 5346 3030 5400 autem,
3084 5345 3137 5389 et
3188 5354 3382 5392 omnes

1757 5415 1907 5476 edit,
1951 5415 2186 5479 quadam
2236 5420 2537 5478 conspectus
2576 5415 2744 5477 specie
2787 5416 3114 5461 contuentur.
3159 5411 3382 5461 Utrum-

1758 5500 1868 5551 que
1894 5500 2005 5536 non
2044 5485 2207 5536 male.
2239 5485 2402 5547 Quod
2440 5498 2570 5535 vero
2615 5484 2823 5534 eaedem
2860 5482 2991 5531 edit.
3034 5496 3384 5546 consequen-

1758 5563 1841 5608 ter
1892 5559 2083 5620 legunt
2131 5572 2141 5604 :
2194 5558 2378 5606 Nonne
2424 5557 2495 5604 ad
2547 5556 2683 5604 hanc
2732 5553 3133 5617 trepidationem
3184 5555 3387 5619 fiducia

1759 5630 1868 5679 viri
1918 5629 2225 5685 constantis,
2271 5628 2494 5691 aequalis
2540 5627 2596 5673 in
2640 5625 2875 5674 eumdem
2920 5627 3190 5675 concurrit
3232 5625 3385 5691 e/fec-

1762 5706 1891 5759 tum,
1919 5704 2025 5751 etc.
2052 5700 2198 5749 Hinc
2222 5712 2356 5748 sane
2392 5702 2487 5747 aut
2528 5696 2736 5755 nullus,
2776 5699 2871 5746 aut
2906 5697 3143 5747 multum
3186 5699 3390 5748 confu-

1763 5786 1860 5823 sus
1891 5785 2092 5823 sensus
2124 5772 2244 5821 erui
2280 5773 2525 5834 poterat;
2551 5772 2887 5834 quapropter
2920 5770 3105 5820 locum
3142 5784 3215 5821 ex
3256 5783 3384 5821 mss.

1765 5844 2127 5895 restituimus.
