3930 6168
1314 134 1343 157 Ὁ

564 261 693 314 1583

2028 262 2084 313 S.
2122 257 2434 315 'AMBROSll

3713 271 3728 319 l
3742 271 3820 322 584

556 385 704 439 hanc
735 382 1179 455 trepidationem
1215 382 1439 437 ﬁducita
1490 382 1595 436 viri
1635 382 1942 438 constantis
1988 399 2178 454 mqua-
2205 396 2385 466 Asua
2434 362 2965 452 pertidiaiecerat,
3017 377 3206 434 amisit
3253 380 3418 449 spolia
3463 397 3575 453 quae
3620 386 3825 443 tenebat.

551 477 676 531 bis?
724 478 785 531 ln
842 477 1111 533 eumdem
1163 476 1451 531 concurrit
1508 476 1778 531 effectum
1843 475 2182 531 conﬁdentia
2285 476 2350 529 Et
2400 479 2460 529 ut
2510 478 2718 529 iterum
2767 490 3101 545 cognoscas,
3152 472 3286 543 quia
3334 474 3502 543 spolia
3547 476 3763 533 Christus
3804 499 3830 535 a

552 570 831 641 cupientis
894 575 1131 639 aeterna,
1190 575 1245 624 et
1301 570 1490 625 divina
1538 570 1893 641 trepidantis.
1950 571 2032 624 Sit
2090 575 2177 624 ta-

551 679 685 719 men
722 663 926 720 fortior
972 664 1067 718 ille
1110 664 1208 735 qui
1240 666 1465 735 sperat;
1496 664 1568 717 sit
1596 664 1797 719 fortior
1831 664 1929 734 qui
1964 680 2177 735 praesu-

552 757 675 811 mit.

623 853 675 904 9.
705 849 932 905 Utinam
959 867 1099 919 ergo
1132 850 1259 905 talis
1289 866 1410 905 esse
1439 851 1693 906 merear!
1721 856 1782 905 ut
1811 850 1855 904 si
1888 852 2035 905 forte
2057 866 2179 921 per-

552 950 773 999 secutor
827 944 1132 1015 ingruerit,
1184 961 1298 999 non
1348 944 1705 999 considerem
1768 944 2179 1016 suppliciorum

550 1053 816 1093 meorum
865 1037 1233 1106 acerbitates;
1279 1054 1394 1092 non
1442 1038 1644 1093 metiar
1697 1041 2007 1109 tormenta,
2066 1055 2180 1094 non

549 1148 772 1204 pinnas;
825 1148 943 1186 non
1002 1131 1246 1202 cogitem
1305 1131 1468 1186 ullius
1530 1132 1887 1187 atrocitatem
1943 1132 2174 1199 doloris,

552 1224 803 1297 1241
847 1225 942 1279 sed
968 1226 1089 1279 haec
1120 1225 1313 1279 omnia
1342 1224 1488 1280 levia
1514 1225 1744 1293 ducam;
1773 1225 2056 1297 trepidem
2086 1243 2179 1281 au-

550 1322 670 1373 tem
697 1336 771 1372 ne
798 1318 1049 1373 Christus
1070 1335 1160 1372 me
1188 1323 1383 1390 neget,
1406 1336 1477 1375 ne
1497 1319 1750 1376 Christus
1778 1337 1868 1375 me
1894 1320 2175 1388 excludat,

552 1427 623 1466 ne
652 1427 745 1465 me
776 1411 1012 1481 repellat
1036 1412 1107 1466 de
1136 1411 1375 1466 concilio
1400 1413 1778 1481 sacerdotum,
1803 1412 1849 1467 si
1869 1412 2177 1484 indignum

550 1521 618 1558 eo
654 1504 889 1575 collegio
920 1504 1290 1575 judicaverit;
1329 1506 1520 1561 videat
1565 1506 1748 1577 magis
1791 1506 1920 1561 licet
1946 1523 2174 1579 permo-

2282 569 2524 635 diabolo,
2572 585 2701 640 quce
2751 552 2808 623 in
2860 567 3041 622 Adam
3089 566 3186 620 ille
3235 567 3516 637 invaserat,
3560 568 3829 641 vindicavit,

2281 666 2335 716 et
2383 662 2588 716 Sabain
2640 661 2742 715 viri
2798 660 3007 717 excelsi
3065 660 3166 729 (82)
3224 659 3296 714 ad
3343 660 3626 716 Dominum
3679 664 3831 720 lesum

2281 755 2494 826 alligati
2535 755 2776 811 vinculis
2817 754 3185 821 transierunt,
3224 756 3388 824 atque
3428 753 3600 825 ipsum
3642 756 3834 812 adorare

2280 855 2594 920 coeperunt,
2643 849 2781 920 quia
2819 849 3095 919 captivam
3135 846 3294 902 duxit
3332 847 3703 918 captivitatem.
3733 850 3835 904 Ideo

2281 949 2450 1013 caput
2504 943 2626 1014 ejus
2680 942 2932 1008 abstulit,
2986 944 3051 996 ut
3102 941 3221 1011 ipse
3273 945 3437 1010 caput
3482 945 3619 995 esset
3675 957 3835 1013 corpo-

2281 1036 2359 1089 ris
2420 1036 2770 1106 interempti.
2836 1034 3032 1091 Merito
3102 1050 3255 1089 nunc
3313 1035 3504 1104 gentes
3569 1038 3675 1087 toto
3729 1034 3839 1088 orbe

2280 1134 2449 1201 caput
2508 1131 2703 1201 regale
2762 1128 3204 1198 circumferunt,
3253 1126 3387 1198 quia
3446 1127 3687 1181 membra
3738 1132 3841 1182 sunt

2278 1223 2505 1279 Christi.

2356 1320 2439 1371 l2.
2472 1316 2793 1387 Cognovisti
2824 1317 2894 1371 de
2924 1315 3283 1384 nationibus;
3315 1329 3583 1386 cognosce
3616 1313 3763 1368 etiam
3790 1313 3843 1368 de

2277 1410 2501 1478 Iudaeis,
2544 1411 2751 1482 quibus
2797 1410 3066 1465 Dominus
3104 1411 3267 1464 Jesus
3306 1408 3530 1463 abstulit
3552 1407 3738 1478 spolia;
3761 1407 3844 1462 hoc

2280 1509 2387 1574 est,
2430 1520 2676 1575 regnum
2725 1505 2992 1560 caelorum
3037 1503 3291 1572 abstulit,
3329 1506 3386 1557 et
3423 1501 3570 1557 dedit
3613 1500 3749 1571 genti
3783 1500 3844 1553 fa-

546 1603 672 1652 tum
726 1598 1108 1669 corporalium
1162 1602 1377 1653 terrore
1433 1616 1756 1670 poenarum,
1805 1601 1931 1671 plus
1985 1604 2177 1655 tamen
2279 1598 2451 1654 cienti
2481 1599 2730 1654 fructum
2760 1599 2903 1668 ejus.
2934 1597 3179 1652 Abstulit
3203 1597 3473 1652 virtutem
3503 1594 3674 1666 panis,
3700 1598 3748 1648 et
3767 1593 3846 1647 vir-

548 1691 934 1763 trepidantem
984 1692 1175 1746 futura
1213 1692 1449 1762 judicia.
1495 1694 1561 1747 Et
1614 1693 1659 1747 si
1713 1693 1923 1749 dixerit
1971 1694 2112 1749 mihi
2159 1713 2172 1748 :

2278 1695 2458 1747 tutem
2502 1709 2683 1764 aquae,
2716 1692 3078 1763 prophetam,
3109 1695 3165 1747 et
3204 1688 3600 1745 admirabilem
3634 1686 3842 1741 consilia-

548 1806 574 1832 ‹‹
618 1761 842 1839 tiodiem
872 1784 1024 1855 fidei,
1056 1802 1231 1857 quare
1265 1786 1535 1840 dubitasti
1570 1787 1815 1854 (Matth.,
1842 1803 1956 1855 x1v,
1985 1788 2113 1859 31)?
2147 1809 2173 1836 ››
2197 1761 2253 1832 Β
2277 1785 2449 1854 rium,
2472 1791 2528 1841 et
2554 1761 2901 1857 prudentem
2920 1785 3317 1852 architectum,
3339 1787 3396 1838 et
3415 1781 3712 1853 sapientem
3729 1778 3840 1833 audi-

546 1877 802 1948 porriget
826 1882 1023 1932 tamen
1053 1879 1364 1945 dexteram,
1394 1886 1447 1933 et
1488 1880 1837 1951 insurgentis
1872 1881 2043 1952 hujus
2068 1899 2171 1937 sae-

547 1972 657 2027 culi
688 1971 889 2026 ﬂuctus
926 1973 1073 2027 mole
1101 1974 1390 2028 turbatum
1424 1974 1537 2029 lida
1573 1974 1779 2029 mentis
1817 1975 2055 2031 statione
2087 1976 2175 2031 tir-

547 2064 743 2120 mabit.

623 2162 707 2213 lO.
781 2160 957 2228 (Vers.
1028 2162 1167 2231 l62.)
1234 2160 1497 2231 Sequitur
1566 2178 1756 2217 versus
1816 2163 2091 2218 secundus
2156 2181 2168 2218 :

2276 1885 2458 1934 torem
2491 1881 2638 1950 (lsa.,
2667 1896 2745 1947 Ill,
2786 1880 2862 1946 3).
2893 1879 3007 1934 Illis
3032 1878 3283 1945 abstulit,
3314 1876 3477 1931 nobis
3502 1874 3667 1930 dedit.
3698 1873 3846 1927 Merito

2275 1975 2546 2029 emsulto...
2576 1977 2712 2029 sicut
2745 1976 2840 2043 qui
2862 1974 3071 2028 invenit
3104 1974 3283 2043 spolia
3316 1971 3511 2026 multa.
3542 1968 3665 2025 Sine
3694 1966 3846 2021 labore

2274 2085 2406 2123 meo
2433 2067 2623 2122 inveni
2650 2067 2834 2139 spolia
2858 2083 2986 2138 quae
3013 2082 3127 2121 non
3154 2064 3466 2121 habebam.
3487 2060 3670 2118 lnveni
3694 2062 3850 2130 Heptac

2276 2162 2544 2215 teuchum
2574 2163 2702 2230 (83),
2732 2160 2924 2215 inveni
2958 2161 3290 2230 Regnorum
3320 2158 3510 2223 libros,
3544 2154 3719 2210 inveni
3747 2168 3848 2222 pro-

543 2253 772 2308 Emsulto
820 2269 912 2320 ego
951 2256 1010 2308 in
1052 2255 1225 2309 verbis
1268 2258 1393 2318 tuis,
1431 2258 1567 2310 sicut
1613 2259 1710 2325 qui
1752 2260 1959 2312 invenit
1999 2260 2173 2328 spolia
2272 2255 2578 2327 phetarum
2623 2254 2850 2325 scripta,
2884 2254 3073 2309 inveni
3113 2252 3373 2319 Esdram,
3409 2249 3595 2305 inveni
3639 2242 3850 2319 1242

541 2346 735 2400 multa.
771 2346 924 2400 Bona
953 2347 1127 2416 igitur
1153 2347 1453 2418 trepidatio
1476 2364 1509 2402 a
1548 2349 1731 2403 verbis
1765 2350 1881 2419 Dei,
1909 2352 1957 2404 si
1986 2352 2167 2406 exsul-

541 2440 822 2494 tationem
850 2446 1108 2511 generat,
1140 2441 1239 2511 qui
1279 2440 1432 2495 enim
1474 2442 1719 2513 trepidat
1748 2460 1782 2498 a
1826 2444 2013 2499 verbis
2047 2445 2167 2511 Dei,

539 2536 741 2604 postea
761 2534 1005 2589 exsultat
1030 2534 1087 2588 in
1113 2534 1299 2589 verbis
1321 2535 1443 2590 Dei.
1471 2537 1620 2607 Ergo
1640 2536 1738 2608 qui
1763 2537 1936 2592 habet
1961 2538 2019 2592 in
2040 2539 2170 2593 aula

538 2642 658 2695 sua,
688 2627 859 2682 corde
881 2626 1148 2683 videlicet
1174 2645 1296 2695 suo,
1328 2628 1500 2684 verba
1531 2630 1646 2697 Dei,
1679 2631 1932 2685 excludit
1959 2648 2171 2687 sermo-

539 2735 641 2774 nes
677 2720 1004 2791 principum
1048 2738 1080 2774 a
1124 2721 1296 2776 corde
1340 2738 1461 2790 suo,
1504 2722 1753 2778 excludit
1792 2724 1964 2779 timor
1997 2725 2164 2781 timo-

2274 2349 2537 2414 Psalmos,
2569 2348 2757 2403 inveni
2789 2346 3106 2413 Proverbia,
3139 2345 3338 2400 inveni
3381 2342 3748 2406 Ecclesiasten,
3782 2339 3849 2392 in-

2271 2442 2401 2497 veni
2439 2442 2671 2498 Cantica
2697 2441 3067 2509 canticorum,
3098 2439 3291 2495 inveni
3331 2436 3719 2493 admirabilem
3745 2448 3850 2486 con-

2271 2535 2545 2589 siliarium
2610 2535 2929 2600 Christum,
2988 2533 3179 2588 inveni
3248 2533 3491 2587 Paulum
3554 2527 3851 2600 prudentem

2270 2629 2672 2698 architectum;
2702 2628 2893 2683 inveni
2919 2627 3237 2698 Sapientem
3275 2626 3594 2682 auditorem
3620 2621 3851 2693 populum

2268 2722 2670 2789 Christianum,
2712 2722 2810 2794 qui
2858 2722 3013 2776 novit
3063 2737 3131 2776 ea
3176 2738 3305 2793 quae
3348 2720 3633 2790 leguntur,
3661 2713 3850 2771 audire;

537 2828 682 2868 rem.
713 2813 772 2868 Si
801 2814 956 2869 enim
997 2815 1287 2885 ingressus
1331 2816 1457 2887 quis
1483 2816 1734 2885 balneas,
1773 2818 1905 2871 solis
1940 2818 2171 2889 deponit
2269 2816 2367 2871 ille
2413 2817 2569 2871 enim
2607 2816 2767 2871 audit
2810 2816 2908 2886 qui
2948 2832 3015 2870 ea
3058 2831 3189 2886 quae
3227 2814 3413 2883 audit,
3459 2809 3732 2880 intelligit.
3772 2806 3852 2859 Lex

537 2911 726 2975 aestus,
781 2913 839 2962 et
890 2908 1045 2962 calor
1101 2908 1355 2963 excludit
1403 2911 1670 2977 calorem,
1722 2916 1933 2981 quanto
1982 2913 2168 2983 magis

533 3000 708 3055 divini
734 3000 936 3071 judicii
968 3005 1156 3055 terror
1193 3002 1346 3057 hunc
1386 3004 1660 3057 terrorem
1693 3004 1936 3059 excludit
1963 3005 2162 3060 huma-

2267 2910 2530 2979 spiritalis
2578 2913 2682 2964 est.
2732 2910 2852 2964 Non
2899 2909 3053 2963 illam
3097 2908 3259 2963 audit
3303 2907 3551 2974 Iudaeus,
3603 2902 3694 2975 qui
3732 2896 3855 2954 audit

2267 3003 2656 3074 corporaliter,
2707 3003 2806 3057 sed
2852 3001 2949 3056 ille
2994 3002 3173 3070 audit,
3219 3002 3322 3072 qui
3369 3000 3526 3056 audit
3569 2998 3627 3052 in
3669 2994 3852 3067 spiritu.

532 3109 673 3148 num
697 3112 710 3160 ;
768 3094 1048 3149 fervorem
1115 3095 1315 3165 gratiae
1369 3097 1675 3161 saecularis,
1731 3098 1929 3167 gratiae
1979 3098 2168 3154 fervor
2186 3133 2241 3206 Ο
2266 3097 2486 3151 Habent
2509 3096 2590 3151 illi
2622 3096 2819 3163 libros,
2842 3095 2941 3151 sed
2967 3111 3197 3150 sensum
3230 3096 3513 3150 librorum
3532 3108 3644 3147 non
3661 3088 3855 3143 habent.

542 3191 759 3206 μι-μ-.μΑ
783 3187 795 3206 Ι
2270 3192 2309 3206 ΙΙ
2347 3189 2362 3206 1
2468 3192 2480 3206 ι
2552 3205 2555 3206 ,
2618 3205 2622 3206 ν
2657 3190 2693 3206 11
2761 3193 2770 3206 ι
2974 3189 2988 3206 1
3078 3205 3085 3206 ,
3181 3190 3193 3206 1
3259 3189 3275 3206 1
3317 3205 3320 3206 ,
3385 3193 3397 3206 ι
3448 3202 3596 3206 ,_._-_.-
3644 3183 3714 3206 2112
3754 3196 3833 3206 ..ι-,ι

535 3191 765 3241 reterns:
782 3187 795 3239 !

607 3284 699 3334 Η.
737 3279 986 3334 Exsultat
1021 3296 1158 3351 ergo
1203 3281 1300 3353 qui
1345 3282 1515 3337 habet
1550 3283 1784 3338 verbum
1828 3283 1956 3351 Dei;
1998 3284 2165 3341 habet

533 3375 687 3429 enim
742 3373 921 3445 spolia
970 3376 1175 3442 multa,
1228 3391 1354 3447 qua:
1408 3376 1619 3431 Judaais
1674 3376 1934 3447 abstulit;
1993 3378 2165 3435 habet

530 3467 799 3539 prostrati
838 3467 1013 3522 hostis
1045 3468 1290 3523 exuvias.
1324 3469 1478 3525 Sicut
1521 3469 1690 3525 David
1729 3470 1960 3525 abstulit
1987 3471 2162 3527 Golia:

530 3560 821 3633 gladium,
882 3565 939 3617 et
991 3562 1165 3634 ipsius
1233 3562 1421 3633 gladio
1476 3566 1646 3633 caput
1707 3564 1828 3634 ejus
1880 3566 2159 3634 exsecuit,

530 3656 571 3725 (Ι
612 3658 764 3723 Beg.,
817 3671 944 3722 xvn,
996 3656 1120 3726 5t);
1163 3656 1243 3711 sic
1288 3672 1453 3711 verus
1494 3656 1662 3711 David
1713 3658 1941 3713 humilis
1986 3665 2160 3730 atque

525 3751 856 3804 mansuetus
885 3749 1153 3803 Dominus
1179 3751 1358 3817 Jesus,
1390 3749 1765 3821 intelligibilis
1789 3751 1959 3805 Goliae
1990 3756 2161 3824 caput

524 3842 704 3896 armis
732 3843 910 3913 ipsius
948 3843 1279 3914 amputavit.
1322 3846 1492 3897 Arma
1523 3844 1677 3899 enim
1715 3844 1926 3900 diaboli
1958 3852 2160 3917 gentes

527 3941 723 4003 erant;
756 3936 869 3990 ﬁde
908 3940 1099 3991 autem
1143 3937 1401 4008 gentium
1438 3938 1765 4001 vulneratus,
1793 3947 1963 4010 caput
2005 3941 2158 4012 quod

523 4028 803 4095 habebat,
855 4029 1065 4085 amisit.
1116 4030 1378 4085 Detracta
1430 4034 1563 4084 sunt
1611 4032 1788 4101 spolia
1846 4037 2157 4105 prostrato,

523 4136 652 4175 vasa
700 4122 821 4191 ejus
874 4122 1114 4193 direpta,
1169 4125 1303 4194 quia
1352 4123 1623 4194 alligatus
1678 4131 1763 4179 est
1817 4126 1997 4181 fortis.
2056 4130 2158 4183 Vas

525 4214 737 4269 diaboli
779 4230 909 4270 caro
953 4220 1075 4270 erat
1112 4216 1367 4271 hominis
1414 4218 1747 4288 peccatoris,
1790 4221 1884 4275 sed
1928 4227 2153 4291 postea-

524 4324 696 4380 quam
734 4308 794 4364 in
842 4308 1129 4364 Christum
1176 4310 1541 4377 credidimus,
1586 4327 1715 4365 caro
1754 4319 1947 4368 nostra
1990 4316 2159 4387 coepit

523 4419 647 4456 esse
701 4419 793 4457 vas
840 4402 1148 4470 electionis,
1194 4409 1258 4458 ut
1310 4403 1479 4458 habes
1535 4404 1604 4457 de
1658 4407 1911 4476 apostolo
1960 4409 2153 4477 Paulo,

2270 3189 2489 3246 Habent
2532 3190 2862 3261 prophetas,
2894 3189 2992 3245 sed
3026 3205 3138 3243 non
3180 3189 3405 3244 habent
3434 3202 3603 3259 quem
3642 3183 3717 3237 illi
3754 3196 3853 3251 pro-

2263 3284 2663 3356 phetaverunt.
2708 3283 3003 3347 Quomodo
3057 3283 3214 3338 enim
3271 3282 3512 3345 habent,
3558 3292 3721 3351 quem
3765 3288 3854 3327 non

2264 3379 2643 3449 receperunt?
2669 3377 2801 3432 Ideo
2829 3394 2960 3433 cum
2987 3378 3172 3447 Moyse
3203 3381 3261 3431 et
3288 3377 3414 3431 Elia
3443 3374 3585 3430 mihi
3613 3367 3854 3443 apparuit,

2262 3472 2399 3542 quia
2432 3472 2501 3525 ab
2531 3470 2641 3526 illis
2664 3471 2913 3526 recessit.
2954 3470 3128 3527 Multa
3161 3470 3343 3525 habet
3378 3469 3578 3542 spolia,
3605 3466 3697 3539 qui
3720 3460 3856 3518 habet

2263 3566 2355 3620 Dei
2379 3564 2645 3620 Verbum.
2672 3565 2851 3620 Habet
2875 3564 3387 3632 resurrectionem,
3411 3563 3589 3617 habet
3596 3557 3855 3631 justitiam,

2262 3659 2527 3713 virtutem
2571 3662 2741 3729 atque
2781 3658 3145 3730 sapientiam,
3186 3657 3365 3712 habet
3409 3655 3626 3721 omnia,
3661 3650 3783 3724 quia
3814 3647 3855 3698 in

2263 3753 2381 3823 ipso
2422 3756 2684 3807 constant
2727 3752 2941 3807 omnia.
2990 3751 3208 3806 Hebraii
3254 3750 3646 3822 spoliaverunt
3686 3747 3855 3814 [Εεῐρο

2259 3847 2389 3913 tios,
2433 3852 2490 3901 ct
2538 3863 2665 3901 vasa
2708 3862 2906 3901 eorum
2954 3845 3316 3899 abstulerunt
3356 3844 3578 3913 (Exod,
3620 3857 3711 3906 xu,
3745 3839 3856 3903 36):

2258 3940 2584 3995 Judaeorum
2634 3940 2818 4011 spolia
2867 3938 3042 3994 habet
3093 3939 3343 4010 populus
3406 3937 3773 3998 Christianus,
3818 3930 3859 3979 et

2256 4038 2444 4089 totum
2475 4034 2753 4089 habemus
2793 4032 2948 4103 quod
2981 4032 3061 4085 illi
3095 4032 3304 4087 habere
3337 4048 3399 4087 se
3434 4028 3765 4086 nesciebant.
3793 4019 3858 4076 llli

2257 4144 2459 4182 aurum
2495 4134 2551 4182 et
2580 4129 2887 4197 argentum
2914 4125 3211 4179 materiale
3238 4125 3628 4191 abstulerunt,
3655 4135 3751 4175 nos
3781 4130 3858 4169 au-

2259 4237 2386 4274 rum
2419 4221 2627 4275 mentis
2669 4221 3010 4291 accepimus,
3061 4235 3161 4274 nos
3201 4218 3619 4289 acquisivimus
3659 4207 3859 4267 celestis

2259 4315 2538 4369 sermonis
2571 4319 2894 4384 argentum.

2331 4411 2412 4463 l3.
2449 4408 2625 4477 (Vers.
2668 4408 2811 4477 l63.)
2855 4407 3130 4478 Sequitur
3174 4423 3375 4462 versus
3420 4406 3666 4462 tertius:
3713 4399 3857 4469 lnjus-

521 4496 619 4567 qui
664 4497 733 4551 ad
776 4501 974 4568 gentes
1019 4499 1221 4552 missus
1266 4504 1370 4567 est,
1414 4499 1628 4555 dictum
1672 4518 1702 4555 a
1745 4501 1983 4556 Domino
2026 4501 2436 4574 Jesthitiam
2477 4502 2599 4558 odio
2648 4502 2831 4564 habui,
2878 4508 2927 4556 et
2976 4501 3323 4555 abominatus
3375 4517 3536 4565 sum;
3582 4500 3739 4565 legem
3780 4507 3858 4545 W'

520 4590 591 4643 ad
625 4590 902 4645 Ananiam
933 4608 945 4645 :
983 4613 1009 4639 ‹‹
1044 4591 1216 4659 Vade,
1258 4594 1533 4664 quoniam
1566 4612 1661 4649 vas
1692 4595 1982 4651 electionis
2012 4597 2153 4652 mihi
2257 4603 2360 4651 tem
2385 4602 2535 4651 tuam
2561 4596 2751 4650 ditari.
2782 4594 2979 4649 Merito
3002 4594 3163 4649 audit
3190 4594 3569 4664 iujustitiam,
3599 4590 3693 4663 qui
3719 4586 3861 4643 habet

523 4688 606 4738 est
630 4682 799 4754 (Ach,
835 4701 904 4749 Ix,
944 4685 1049 4755 l5).
1084 4708 1110 4735 »
1140 4686 1335 4741 Merito
1366 4703 1505 4759 ergo
1534 4694 1791 4743 vocatum
1832 4705 2039 4745 nomen
2071 4695 2155 4746 est
2255 4706 2416 4744 arma
2452 4689 2709 4760 justitiam
2754 4689 3020 4743 Hebraeus
3066 4703 3196 4742 cum
3242 4687 3496 4743 haberet
3543 4687 3666 4741 hinc
3708 4693 3859 4741 arma,

518 4776 723 4833 Christi
757 4793 769 4831 :
801 4798 827 4827 «
867 4777 1133 4833 Velociter
1160 4780 1337 4849 spolia
1367 4782 1623 4845 detrahe,
1659 4782 1842 4837 divide
1869 4784 1981 4837 cito
2008 4785 2148 4853 (8t);

520 4870 657 4942 quia
687 4871 1020 4942 priusquam
1053 4871 1190 4926 sciat
1229 4890 1373 4944 puer
1405 4891 1605 4930 vocare
1652 4882 1865 4947 patrem
1904 4880 2003 4932 aut
2030 4895 2149 4932 ma-

518 4968 692 5033 trem,
734 4964 972 5036 accipiet
1018 4964 1285 5021 virtutem
1328 4970 1598 5035 Damasci,
1640 4975 1697 5025 et
1738 4970 1913 5041 spolia
1951 4974 2148 5027 Sama-

520 5058 620 5113 rim
667 5061 863 5113 contra
907 5074 1100 5129 regem
1148 5061 1503 5131 Assyriorum
1553 5064 1705 5127 (180.,
1753 5080 1863 5133 vm,
1905 5067 1958 5132 3,
2007 5067 2082 5135 4).
2122 5090 2147 5115 ν

518 5152 665 5221 Ergo
710 5169 806 5206 rex
856 5152 1236 5223 Assyriorum,
1281 5171 1480 5211 corum
1533 5156 1741 5212 scilicet
1791 5174 1930 5229 quos
1974 5176 2151 5215 vanos

579 5314 674 5386 (8t)
713 5313 979 5386 Nonnulli
1024 5328 1155 5364 mss.
1201 5328 1330 5386 cum
1364 5320 1520 5386 textu
1563 5317 1732 5368 Hebr.
1773 5323 1829 5370 et
1871 5320 2150 5386 plerisque

514 5383 888 5443 versionibus,
926 5386 1028 5435 cito
1065 5385 1324 5449 praedura.
1368 5385 1477 5438 Sed
1520 5387 1613 5438 alii
1661 5402 1861 5453 magno
1897 5383 2148 5454 numero,

511 5458 579 5523 et
616 5460 837 5505 cunctas
896 5455 1051 5515 edit.,
1103 5456 1282 5507 divide
1330 5459 1432 5507 cito
1480 5475 1491 5508 :
1549 5459 1887 5523 quibuscum
1938 5463 2151 5513 faciunt

516 5522 685 5582 LXX,
717 5525 865 5589 apud
893 5540 1035 5591 quos
1064 5527 1235 5592 legas,
1265 5528 1407 5584 ὀξέως
1428 5522 1773 5593 προνϐμευσον.

575 5593 672 5657 (82)
725 5594 932 5647 Omnes
985 5597 1137 5661 edit.,
1196 5604 1244 5649 et
1298 5599 1442 5650 Saba
1502 5601 1647 5652 dona
1708 5599 1933 5652 adduxit
1982 5618 1999 5651 :
2048 5604 2150 5654 viri

511 5664 723 5738 excelsi,
766 5671 871 5738 etc:
920 5666 1031 5719 Sed
1079 5670 1382 5721 verisimile
1416 5674 1500 5722 est
1541 5672 1708 5724 verba
1757 5686 1883 5738 qum
1922 5675 1979 5724 in
2015 5688 2147 5725 mss.

510 5736 736 5809 desunt,
766 5736 953 5809 addita
978 5739 1168 5803 fuisse,
1194 5746 1259 5791 ut
1284 5742 1484 5794 allusio
1512 5743 1670 5795 ﬂeret
1711 5736 1791 5795 ad‘
1816 5745 1954 5809 psal.
1987 5760 2145 5807 Lxxx,

505 5818 638 5860 cum
665 5806 806 5859 forte
834 5807 903 5857 ad
930 5808 1055 5873 Isa.,
1091 5823 1228 5875 ην,
1262 5814 1341 5874 N,
1380 5817 1597 5867 tantum
1631 5806 1932 5870 alludatur.

2253 4783 2362 4838 hoc
2393 4786 2496 4849 est,
2528 4784 2711 4853 legem
2753 4787 2810 4836 et
2834 4781 3164 4853 prophetas,
3194 4796 3431 4835 murem
3458 4774 3863 4835 abominabatur

2252 4881 2584 4941 mortuum;
2621 4876 2757 4948 quia
2801 4877 2905 4932 Lex
2954 4875 3089 4930 dicit
3130 4892 3143 4929 :
3191 4895 3218 4922 «
3247 4874 3456 4929 Omnis
3498 4874 3599 4945 qui
3641 4862 3881 4938 tetigerit.

2254 4976 2614 5026 mortuum...
2646 4970 2979 5024 immundus
3009 4969 3117 5023 erit
3141 4970 3353 5037 (Num.,
3388 4984 3503 5034 xIx,
3532 4967 3639 5033 Η),
3668 4984 3691 5014 ι
3714 4968 3763 5015 et
3783 4958 3863 5013 hu-

2253 5064 2545 5120 manitatis
2591 5080 2857 5135 suprema
2901 5062 3147 5133 negabat
3195 5061 3390 5116 ofﬁcia
3436 5057 3743 5124 defunctis;
3782 5047 3862 5105 sed

2254 5159 2363 5231 legi
2400 5176 2515 5214 non
2548 5163 2634 5213 est
2664 5163 2941 5227 mortuus,
2974 5156 3082 5210 nisi
3112 5156 3209 5227 qui
3242 5155 3495 5226 injustus
3524 5157 3628 5209 est.
3655 5151 3771 5205 Haec
3796 5144 3864 5197 est

2317 5320 2411 5384 (83)
2459 5321 2560 5370 Per
2609 5317 3032 5383 Heptateuchum,
3080 5315 3329 5379 intellige
3380 5316 3599 5379 priores
3644 5323 3715 5360 vn
3759 5304 3863 5384 Y8};

2252 5371 2491 5442 Testem.
2550 5371 2756 5448 librds;
2829 5391 2903 5439 ita
2966 5371 3152 5438 tamen
3218 5371 3290 5437 ut
3337 5371 3559 5437 Iudices
3629 5396 3691 5433 ac
3756 5371 3865 5453 Πιξξῇ

2252 5441 2420 5514 unico
2485 5462 2627 5512 libro
2694 5441 3253 5524 comprehendantur.
3313 5456 3546 5507 Etenim
3602 5454 3745 5524 hunc
3800 5441 3869 5523 illi

2252 5542 2516 5598 tanquam
2588 5537 2800 5595 partem
2824 5518 2842 5524 ’
2875 5534 2969 5581 aut
3039 5528 3445 5598 appendicem,
3484 5526 3556 5577 ab
3639 5518 3867 5598 Hebri”?

2250 5590 2476 5668 adjungi
2538 5590 2765 5654 solitum
2837 5601 3003 5652 docet
3048 5590 3311 5672 ijosephq
3387 5597 3490 5672 l_ib.
3546 5607 3624 5672 Vn,
3653 5590 3885 5672 “'CO'P‘fA‘fl

2249 5656 2557 5738 Ap'pioiiam,
2604 5673 2890 5738 Origenes,
2943 5671 3159 5734 Philae,
3384 5669 3435 5731 3,
3502 5671 3558 5720 et
3618 5663 3707 5715 alii
3753 5656 3863 5722 Ροδί

2250 5748 2407 5811 ipsos.
