3930 6168
134 305 223 357 1585

1168 296 1522 352 EXPOSITIO
1558 297 1627 352 ΙΝ
1667 296 1979 355 PSALMUM
2018 298 2244 355 CXVIII.

3251 315 3383 369 1586

126 418 408 479 inmunditia
440 417 588 489 justi,
638 434 765 489 quae
809 418 1098 490 iniquitas.
1147 417 1292 483 Quid
1347 419 1505 474 enim
1550 421 1653 475 im-
1680 421 1991 506 Ahymnis
2034 428 2091 478 et
2130 424 2384 491 canticis,
2426 442 2562 481 vera
2601 444 2831 499 semper
2866 433 2922 483 et
2957 431 3110 501 justa
3149 450 3212 489 ea
3251 451 3381 507 qua!

124 515 340 579 mundius,
366 528 528 584 quam
562 515 836 581 mentem,
867 527 977 584 qua
1008 512 1150 567 nihil
1194 512 1413 567 homini
1442 514 1655 583 pretio-

124 612 194 664 sius
222 612 290 662 est
308 607 506 673 datum,
544 605 803 677 turpibus
852 607 1265 660 commaculare
1304 605 1651 677 criminibus,

126 707 155 758 et
170 698 405 755 atrocibus
436 699 671 753 efferare
712 700 1090 754 commentis?
1117 699 1264 763 Quid
1294 699 1402 754 illis
1428 699 1658 771 prodest

124 795 215 868 quod
238 795 506 848 mortuum
542 792 838 847 hominem
878 793 1058 848 visere
1095 792 1508 848 reformidant?
1536 794 1651 849 Uti-

120 905 200 943 nam
221 886 315 940 vita
337 901 528 941 eorum
565 902 678 940 non
723 887 1004 957 pollueret
1042 885 1150 956 (84)
1186 887 1651 959 appropinquan-

116 988 203 1046 tem,
231 994 456 1051 quorum
496 994 650 1033 mors
683 978 1079 1034 contaminare
1120 979 1412 1035 neminem
1439 982 1649 1052 potest!

112 1076 204 1129 Iors
228 1072 420 1127 nemini
450 1076 633 1139 nocet,
673 1072 891 1127 utinam
932 1072 1046 1127 vita
1085 1089 1200 1127 non
1238 1074 1471 1129 noceat!
1500 1075 1649 1129 Con-

111 1168 260 1238 tagium
281 1166 422 1221 enim
449 1166 779 1221 colluvionis
817 1167 1167 1221 consortium
1203 1167 1518 1239 iniquitatis
1546 1173 1648 1222 est.

108 1260 325 1325 Quomodo
370 1276 507 1331 ergo
561 1260 948 1315 contaminare
1004 1264 1216 1331 potest,
1266 1262 1366 1333 qui
1423 1262 1652 1334 iniquus

110 1371 181 1409 esse
213 1355 317 1425 jam
364 1370 475 1408 non
528 1357 743 1425 potest;
801 1370 934 1408 cum
989 1354 1209 1409 etiamsi
1270 1354 1398 1421 fuit,
1456 1358 1650 1410 tamen

107 1464 179 1503 ese
200 1447 410 1503 desivit?
439 1448 593 1519 Fuge
619 1464 757 1518 ergo
788 1447 1170 1519 iniquitatem,
1207 1464 1276 1502 ne
1308 1451 1362 1503 te
1389 1430 1647 1521 cdmpre-

103 1541 268 1595 tendat.
297 1542 440 1611 Fuge
473 1541 830 1612 injustitiam,
861 1558 989 1612 quae
1017 1540 1266 1597 viventes
1290 1542 1475 1597 adhuc
1502 1559 1651 1597 mor-

101 1638 181 1688 tuos
199 1634 329 1689 facit.

1757 516 1826 571 de
1869 516 2074 571 divinis
2119 517 2378 574 canimus
2416 518 2699 589 laudibus,
2746 522 3101 580 conﬁtentes.
3142 527 3265 582 Non
3311 529 3384 584 sit

1758 625 1964 681 anceps
2018 613 2075 665 et
2125 611 2295 666 dubia
2346 614 2658 683 sententia;
2713 631 2829 670 non
2883 616 3128 672 discolor
3176 621 3381 676 mentis

1754 701 2022 769 intentio,
2049 719 2168 759 non
2198 705 2582 761 materialibus
2613 709 2858 780 negotiis
2886 714 3156 782 occupata
3185 728 3219 766 a
3246 727 3379 783 pro-

1756 794 1923 865 positi
1968 797 2241 867 spiritalis
2290 800 2651 855 exsecutione
2705 801 2990 858 deﬂectat.
3038 803 3382 861 lustiﬁc‘etur

1754 905 1982 961 semper
2026 890 2250 961 justitia
2301 893 2397 947 Dei
2453 894 2756 966 tranquillo
2804 897 3030 964 animo,
3086 913 3200 953 non
3261 898 3378 954 otio

1753 982 1969 1039 feriato.

1829 1080 1911 1131 16,
1961 1079 2135 1148 (Vers.
2192 1080 2334 1150 l65.)
2378 1080 2648 1152 Sequitur
2695 1099 2884 1138 versus
2927 1086 3160 1155 quintus
3201 1101 3214 1140 :
3261 1088 3382 1143 Paa:

1751 1171 1924 1226 multa
1979 1171 2329 1240 diligentibus
2380 1190 2567 1229 nomen
2618 1180 2807 1241 tuum;
2859 1182 2908 1231 et
2974 1193 3081 1232 non
3144 1185 3221 1233 est
3269 1180 3383 1235 illis

1750 1265 2092 1319 scandalum.
2128 1264 2307 1336 Supra
2339 1268 2494 1335 (vers.
2532 1270 2652 1338 162)
2686 1268 2932 1325 diximus
2961 1271 3095 1341 quia
3134 1271 3379 1327 cbaritas

1753 1357 2000 1412 excludit
2060 1358 2358 1426 timorem;
2416 1376 2567 1415 nunc
2632 1361 2874 1417 dicimus
2930 1364 3064 1434 quia
3134 1365 3379 1420 excludit

1752 1467 1985 1506 omnem
2020 1452 2533 1522 perturbationem.
2565 1456 2788 1509 Etenim
2824 1457 2923 1527 qui
2959 1458 3136 1512 Deum
3164 1458 3371 1529 diligit,

1752 1544 2032 1615 profunda
2057 1549 2141 1599 est
2168 1547 2226 1600 in
2257 1563 2324 1600 eo
2353 1548 2705 1602 confirmata:
2732 1550 2943 1603 mentis
2971 1551 3370 1623 tranquillitas.

1751 1660 1777 1686 ‹‹
1818 1641 2002 1709 Aqua,
2034 1639 2238 1710 inquit,
2268 1640 2445 1694 multa
2475 1641 2779 1696 excludere
2808 1659 2922 1697 nou
2953 1645 3162 1715 poterit
3185 1644 3373 1699 chari-

143 1730 206 1782 H.
228 1727 323 1783 Sed
360 1742 529 1782 nemo
574 1728 720 1799 fugit
756 1728 1136 1799 iniquitatem,
1179 1727 1285 1782 nisi
1324 1729 1420 1800 qui
1459 1729 1650 1801 diligit
1672 1801 1712 1807 _
1748 1733 1942 1799 tatem,
1972 1734 2028 1786 et
2051 1731 2289 1786 ﬂumina
2323 1748 2436 1787 non
2477 1733 2835 1789 inundabunt
2864 1751 2990 1791 eam
3025 1735 3228 1807 (Cant.,
3257 1753 3373 1803 vui,

98 1821 370 1893 equitatem,
406 1824 465 1874 et
506 1820 636 1877 ideo
664 1821 743 1876 ait
772 1838 785 1876 :
819 1824 1006 1891 Legem
1043 1826 1223 1877 autem
1268 1829 1417 1877 tuam
1453 1823 1643 1879 dilexi.
1668 1801 1723 1871 Β
1748 1825 1821 1894 7).
1875 1846 1900 1873 ››

96 1916 134 1968 lo
153 1915 250 1984 lege
279 1915 507 1986 aequitas
551 1919 673 1984 est,‘
704 1916 749 1968 si
791 1914 1110 1985 spiritalem
1155 1915 1393 1987 accipias
1430 1916 1642 1987 legem,

95 2007 123 2060 si
148 2023 408 2079 consurges
447 2024 583 2063 cum
627 2007 867 2076 Christo,
906 2011 963 2063 et
999 2007 1077 2062 ibi
1116 2010 1291 2064 altare
1320 2026 1642 2065 sacrosanc-

94 2108 171 2153 tum
195 2101 311 2155 illud
340 2102 571 2156 coaleste
600 2101 942 2169 consideres,
976 2118 1091 2157 non
1120 2103 1295 2158 altare
1327 2107 1641 2173 terrenum,

95 2194 191 2264 quod
239 2195 408 2250 hostili
473 2195 919 2267 depOpulatione
995 2195 1346 2251 destructum
1415 2201 1518 2252 est.
1583 2197 1642 2253 Si

93 2288 192 2340 illam
232 2289 525 2343 Jerusalem
586 2292 806 2358 spectes
856 2305 985 2360 qua:
1040 2289 1097 2344 in
1163 2289 1303 2345 cmlo
1370 2295 1473 2358 est,
1528 2307 1641 2346 non

90 2380 198 2436 istam
229 2398 341 2454 quae
377 2400 411 2436 a
450 2382 670 2454 populo
707 2382 1033 2438 Iudaeorum
1064 2383 1542 2455 frequentabatur
1582 2385 1640 2439 in

92 2474 215 2539 terris,
238 2492 351 2546 quae
380 2480 623 2548 propter
650 2476 967 2531 incolarum
1006 2477 1304 2548 perfidiam
1327 2493 1360 2531 a
1388 2478 1640 2533 Romano

90 2568 264 2622 exercitu
302 2568 677 2640 triumphata,
715 2569 922 2640 injecto
958 2570 1220 2642 ﬂagravit
1254 2571 1537 2625 incendio.
1581 2571 1639 2627 Si

94 2661 282 2715 iutuearis
321 2663 377 2715 in
426 2662 598 2717 illum
639 2662 963 2734 principem
998 2663 1376 2731 sacerdotum,
1418 2664 1487 2719 de
1524 2680 1638 2735 quo

99 2756 282 2824 nuptum
305 2759 385 2810 est
412 2772 424 2808 :
462 2780 488 2805 α
524 2755 808 2811 Habentes
837 2756 1034 2828 itaque
1062 2773 1339 2828 magnum
1369 2757 1635 2812 sacerdo-

95 2850 158 2898 lem
184 2863 450 2918 egressum
490 2849 570 2904 de
602 2849 774 2915 caelis,
819 2850 1011 2905 lesum
1053 2849 1254 2905 Filium
1286 2850 1402 2917 Dei,
1447 2834 1651 2905 tenea-l

90 2953 165 2993 mus
197 2943 596 2997 confessionem
642 2942 873 2997 ﬁdelem
917 2944 1123 3011 (Hebr.,
1172 2960 1243 3012 Iv,
1294 2942 1406 3016 lt);
1459 2967 1487 2993 »
1537 2944 1637 3015 qui

84 3034 262 3100 quotidie
287 3036 598 3092 advocatus
637 3052 740 3106 pro
783 3035 947 3090 nobis
986 3040 1071 3091 est
1114 3037 1268 3108 apud
1298 3038 1543 3105 Patrem,
1571 3044 1635 3092 ut

1958 1825 2128 1879 Multa
2182 1841 2331 1897 aqua
2378 1826 2729 1881 diversarum
2780 1834 2865 1883 est
2908 1829 3268 1900 passionum,
3318 1835 3377 1886 et

1746 1917 1988 1972 ﬂumina
2023 1919 2379 1973 saecularium
2420 1920 2799 1991 cupiditatum
2835 1923 3225 1994 corporalibus
3252 1940 3370 1978 mo-

1745 2011 1895 2067 tibus
1936 2012 2190 2079 incitata,
2231 2029 2359 2084 quae
2404 2016 2596 2068 tamen
2637 2030 2871 2070 murum
2917 2016 3206 2071 charitatis
3242 2017 3372 2073 sub-

1746 2108 1965 2160 vertere
2012 2122 2125 2160 non
2169 2111 2408 2177 possunt
2449 2106 2584 2178 (85).
2630 2107 2873 2179 Ideoque
2921 2108 3198 2165 charitate
3243 2111 3369 2166 fun-

1743 2198 1909 2254 datus
1938 2198 2074 2254 dicit
2101 2216 2114 2252 :
2148 2220 2175 2248 «
2206 2201 2541 2255 Torrentem
2565 2202 2933 2271 pertransivit
2958 2202 3152 2257 anima
3176 2210 3372 2260 nostra

1744 2292 1913 2363 (Psal.
1946 2307 2130 2360 cxxm,
2169 2292 2243 2364 5).
2276 2314 2303 2342 »
2348 2293 2637 2364 Numquid
2674 2309 2823 2365 aqua
2852 2295 3027 2349 maris
3074 2297 3374 2352 excludere

1741 2386 1942 2457 Moysis
1968 2384 2151 2456 potuit
2178 2385 2558 2440 charitatem?
2585 2388 2652 2442 Et
2675 2389 2741 2440 ut
2776 2387 3087 2443 secundum
3114 2388 3371 2445 litteram

1741 2478 1844 2533 tibi
1887 2479 2242 2549 psalmorum
2285 2478 2457 2533 series
2486 2479 2851 2549 suffragetur,
2883 2496 3092 2551 nempe
3130 2481 3373 2553 diligens

1743 2572 1943 2641 Deum,
1976 2576 2160 2626 tutum
2188 2572 2292 2626 sibi
2334 2572 2577 2627 credidit
2601 2572 2709 2627 iter
2745 2588 2868 2628 esse
2907 2589 3011 2644 per
3038 2574 3238 2629 maria.
3266 2576 3372 2639 Qui

1742 2667 1932 2719 autem
1968 2681 2082 2718 non
2122 2665 2444 2719 dilexerunt
2481 2666 2679 2731 Deum,
2715 2666 2773 2720 bi
2818 2665 3066 2720 demersi
3109 2666 3371 2723 ﬂuctibus

1739 2757 1980 2828 dignum
2028 2758 2339 2829 sacrilegiis
2383 2758 2500 2812 suis
2542 2759 2753 2813 exitum
2798 2760 3177 2830 pertulerunt.
3222 2761 3369 2817 Elias

1738 2854 1909 2921 atque
1961 2850 2192 2905 Elisceus
2244 2849 2552 2905 Jordanem
2604 2852 3045 2907 transmiserunt
3086 2853 3232 2924 pede
3280 2854 3367 2921 (IV

1736 2948 1889 3014 Reg.,
1936 2960 1992 3011 ιι,
2036 2946 2110 3013 8),
2152 2948 2212 2998 et
2255 2944 2376 2998 haec
2421 2944 2529 2998 fuit
2568 2944 2763 3000 nimiae
2807 2961 3025 3001 merces
3068 2952 3124 3001 et
3180 2947 3368 3017 gratia

1737 3037 2049 3093 charitatis.
2095 3038 2155 3092 Hi
2193 3038 2372 3108 igitur
2400 3042 2465 3092 ut
2507 3038 2819 3093 transirent
2854 3055 3028 3111 aquas
3056 3039 3212 3095 ﬂuvii
3236 3042 3362 3095 Jor-

84 3139 150 3193 pro
180 3129 355 3198 quibus
391 3130 452 3183 in
499 3128 709 3184 diebus
755 3129 940 3183 carnis
986 3146 1104 3184 sure
1152 3130 1504 3185 misericordi
1555 3135 1714 3237 estC
1741 3131 1921 3198 danis,
1968 3130 2292 3202 passionum
2334 3130 2551 3186 ﬂuenta
2590 3133 2918 3187 nostrarum
2961 3132 3168 3187 mentis
3209 3133 3366 3205 prius

83 3234 324 3290 compassus
353 3221 622 3296 1243
643 3223 868 3290 affectu,
894 3239 1000 3295 pro
1028 3224 1118 3278 bis
1150 3226 1418 3295 operetur
1445 3224 1637 3279 remis-

82 3312 233 3368 sionem
269 3317 514 3387 quotidie
562 3321 948 3388 peccatorum.
990 3318 1125 3381 Quai
1171 3318 1325 3373 enim
1363 3334 1492 3389 spes
1528 3319 1638 3373 alia

83 3408 219 3471 generi
260 3409 541 3478 humano,
597 3409 706 3464 nisi
754 3411 1015 3466 omnium
1071 3410 1382 3466 viventium
1434 3410 1639 3466 delicta

82 3496 324 3558 donentur?
347 3503 443 3559 Ille
490 3520 639 3575 ergo
664 3504 929 3575 princeps
954 3505 1104 3559 solus
1140 3507 1225 3559 est
1252 3504 1633 3573 sacerdotum,

82 3592 139 3645 cui
166 3599 318 3652 astant
354 3598 435 3669 pii
476 3598 829 3665 sacerdotes,
871 3599 930 3653 in
972 3598 1287 3654 caelestium
1331 3598 1638 3653 sacrarium

84 3682 175 3740 illud
212 3690 535 3747 altissimum
583 3693 791 3747 merito
838 3691 1054 3763 proprii
1106 3691 1325 3747 cruoris
1370 3692 1634 3762 ingressi.

84 3777 148 3830 Illa
181 3797 293 3854 ergo
345 3786 437 3841 lex
495 3785 823 3856 diligenda,
874 3786 934 3839 in
986 3801 1101 3856 qua
1159 3801 1326 3840 verus
1372 3785 1638 3840 Hebraeus

81 3866 177 3926 liber
199 3876 256 3930 ab
289 3879 436 3933 omni
468 3878 746 3934 servitute
789 3878 1059 3933 vitiorum
1089 3883 1193 3946 est,
1222 3879 1283 3932 in
1326 3895 1438 3950 qua
1469 3895 1633 3950 mag-

81 3978 171 4019 num
201 3970 489 4028 Sabbatum
535 3977 595 4029 et
634 3971 907 4027 inoffensa
947 3972 1173 4043 requies
1213 3973 1633 4039 defunctorum,

81 4054 116 4109 in
135 4073 218 4129 qua
236 4066 435 4121 mortui
465 4065 667 4138 populi
705 4081 902 4120 semen
936 4066 1303 4121 resuscitator
1339 4082 1452 4120 non
1481 4081 1633 4120 com-

80 4151 307 4225 mistione,
369 4161 466 4215 sed
530 4159 928 4229 redemptione
987 4159 1253 4214 fraterna.
1310 4159 1636 4214 Secundum

80 4240 179 4299 hanc
218 4265 340 4323 ergo
381 4254 578 4325 legem
620 4252 750 4306 odio
793 4251 966 4307 habet
1008 4255 1236 4307 sanctus
1276 4252 1632 4323 injustitiam,

80 4351 155 4391 non
174 4341 418 4413 injustam
444 4347 548 4418 qui
576 4350 763 4417 potest
791 4362 938 4417 saepe
959 4346 1234 4414 converti;
1259 4363 1360 4402 nec
1388 4350 1636 4403 mortuo-

82 4444 163 4486 rum
183 4438 442 4511 reliquias,
475 4439 578 4496 sed
608 4442 898 4495 mortuam
923 4440 1281 4512 iniquitatem
1309 4444 1637 4497 exsecratur

82 4528 113 4574 Et
130 4528 315 4601 refugit.

128 4621 364 4689 15.(Vers.
408 4627 554 4698 164.)
585 4627 852 4698 Sequitur
879 4642 1072 4682 versus
1109 4632 1345 4699 quartus
1375 4644 1388 4682 :
1431 4630 1635 4698 Septies

84 4725 115 4759 ιη
142 4714 207 4769 die
236 4718 445 4775 laudem
479 4722 607 4775 dixi
644 4721 763 4784 tibi,
802 4736 962 4791 super
990 4721 1209 4790 judicia
1242 4721 1470 4789 iustitiae
1509 4728 1631 4777 tuae.

86 4799 123 4855 Et
135 4820 328 4867 onmem
352 4813 595 4886 quidem
621 4813 873 4869 studium
897 4817 1105 4869 sanctae
1125 4814 1436 4870 devotionis
1458 4814 1638 4886 expri-

86 4897 227 4969 mitur;
265 4907 354 4960 sed
407 4912 554 4979 puto
597 4907 779 4978 magis
837 4907 989 4978 quod
1030 4924 1227 4979 purus,
1278 4911 1336 4961 et
1387 4909 1634 4979 quietus,

89 5001 126 5040 ξε
162 5008 335 5052 vacuus
380 5000 452 5054 ab
500 5001 663 5056 omni
713 5016 887 5056 onere
936 5000 1274 5056 delictorum
1319 5000 1640 5056 declaretur

91 5079 269 5157 airtctus,
305 5098 365 5148 ut
404 5094 531 5148 sine
576 5094 689 5148 ullo
728 5093 1010 5149 iracundae
1053 5094 1499 5165 imprecationis,
1540 5098 1640 5149 aut

92 5170 306 5245 ﬂagitiosae
355 5187 687 5258 cupiditatis
749 5187 1011 5243 incendio
1074 5187 1365 5243 deferatur
1419 5188 1637 5257 oratio,

94 5265 183 5322 nihil
201 5278 331 5344 quod
370 5279 468 5335 alii
509 5285 715 5335 noceat
754 5280 1133 5351 postulemus,
1172 5281 1315 5336 nihil
1350 5282 1500 5353 quod
1538 5297 1639 5335 nos

104 5364 373 5427 sacularibus
423 5373 801 5445 petitionibus
858 5374 1170 5430 decoloret.
1220 5376 1535 5431 Laudemus
1580 5374 1638 5429 in

139 5549 199 5611 tu)
236 5558 303 5610 Ita
340 5575 470 5613 mss.
522 5577 731 5626 omnes,
780 5568 833 5614 et
875 5565 1033 5615 Rom.
1079 5564 1234 5625 edit.,
1278 5564 1429 5629 quod
1476 5565 1640 5615 etiam

108 5626 179 5700 Sim
206 5634 550 5693 sequentibus
589 5636 735 5687 belle
773 5635 1046 5700 congruit.
1086 5635 1233 5687 Edit.
1282 5626 1465 5686 tamen
1510 5639 1642 5697 vet.,

111 5682 252 5771 τάξειε
271 5682 391 5751 'u'ua
406 5682 731 5757 .maasa
757 5682 1070 5771 ganeam.

106 5760 504 5902 3:351:89...
548 5760 959 5830 morum'tamen
994 5775 1309 5830 charith
1344 5778 1645 5831 subvertere

1739 3225 1978 3296 vestigio
2014 3224 2383 3279 transierunt.
2425 3226 2504 3279 De
2546 3225 2651 3279 hac
2690 3241 2836 3297 aqua
2876 3225 3013 3281 dicit
3049 3226 3360 3282 Dominus:

1740 3339 1768 3367 «
1809 3319 1863 3374 Si
1910 3323 2160 3373 transeas
2204 3334 2308 3389 per
2346 3334 2574 3389 aquam,
2620 3323 2805 3373 tecum
2849 3335 2995 3388 sum,
3039 3323 3096 3375 et
3129 3320 3365 3376 ﬂumina

1736 3428 1851 3466 non
1881 3411 2240 3466 inundabunt
2264 3417 2318 3466 te
2349 3412 2497 3481 (Isa.,
2525 3428 2672 3478 xuii,
2702 3412 2778 3482 2).
2807 3432 2836 3461 »
2864 3412 3039 3468 Adest
3059 3414 3173 3468 suis
3195 3414 3365 3485 justis

1738 3520 1965 3577 semper
2013 3521 2144 3559 cum
2188 3504 2474 3576 aliquibus
2518 3507 2784 3559 teruntur
2830 3505 3079 3560 adversis
3125 3506 3269 3577 (86);
3314 3509 3363 3562 si

1737 3605 1931 3654 tamen
1982 3602 2270 3652 transeant
2312 3602 2507 3652 mente
2555 3598 2853 3664 constanti,
2896 3614 3015 3653 non
3060 3599 3359 3668 dubitanti,

1737 3708 1851 3748 non
1877 3691 2011 3746 ﬁdei
2040 3691 2346 3745 turbentur
2370 3691 2606 3746 incerto.

1816 3789 1899 3840 17.
1941 3785 2138 3840 Transi
2173 3800 2312 3855 ergo
2355 3788 2413 3838 et
2455 3789 2517 3838 tu
2543 3783 2722 3839 ﬁdelis
2747 3784 2925 3840 animi
2955 3784 3283 3852 directione,
3317 3787 3364 3841 si

1738 3878 1992 3934 divinam
2029 3878 2110 3932 vis
2147 3877 2251 3933 tibi
2288 3876 2487 3931 adesse
2530 3877 2922 3948 praesentiam;
2950 3877 2998 3932 si
3024 3894 3141 3933 non
3179 3879 3360 3934 solum

1736 3989 1866 4044 pax,
1913 3972 2012 4026 sed
2051 3970 2223 4027 etiam
2265 3970 2443 4026 multa
2473 3987 2584 4042 pax
2621 3970 2695 4025 sit
2734 3970 2794 4024 in
2825 3970 3020 4027 animo
3050 3974 3168 4038 tuo,
3206 3972 3364 4027 nulla

1740 4064 1996 4138 1244
2031 4071 2086 4119 te
2121 4063 2322 4135 praelia
2359 4064 2596 4119 diversae
2637 4063 2963 4135 cupiditatis
2997 4060 3359 4136 impugnent,

1738 4175 1855 4214 non
1881 4158 2172 4213 iracundia
2191 4157 2465 4227 stimulet,
2493 4174 2607 4212 non
2631 4156 2844 4223 libido;
2874 4160 2931 4213 et
2964 4159 3010 4213 si
3037 4164 3120 4213 est
3145 4174 3360 4230 pugna,

1737 4258 1929 4308 tamen
1957 4248 2267 4318 foris,‘non
2308 4251 2462 4305 intus
2489 4251 2580 4306 sit.
2620 4252 2887 4306 Prteliare
2928 4252 3195 4307 adversus
3231 4267 3359 4324 per-

1738 4350 2063 4418 sequentes,
2090 4345 2220 4399 licet
2247 4349 2305 4399 et
2327 4344 2464 4416 ipsis
2490 4344 2713 4400 silentio
2738 4361 2891 4415 saepe
2921 4345 3240 4400 cedendum
3267 4346 3359 4415 sit,

1736 4439 1866 4511 quia
1919 4438 2024 4493 tibi
2073 4439 2328 4493 vincunt.
2375 4439 2604 4493 Illorum
2654 4438 2936 4508 potentia,
2984 4441 3085 4491 tua
3133 4436 3363 4492 victoria

1655 4530 1844 4600 Dest.
1888 4533 2043 4586 Tunc
2099 4531 2345 4602 denique
2392 4530 2840 4600 triumphantur,
2887 4545 3021 4583 cum
3063 4546 3123 4583 se
3165 4529 3361 4585 vicisse

1736 4625 2097 4682 crediderint.
2145 4625 2265 4678 Non
2324 4638 2460 4693 ergo
2503 4625 2558 4676 te
2601 4622 2905 4692 impugnet
2949 4622 3199 4689 avaritia,
3245 4639 3361 4679 non

1738 4719 2018 4790 cupiditas
2044 4717 2313 4788 exagitet,
2336 4731 2452 4770 non
2486 4714 2712 4771 tristitia
2739 4714 2983 4786 dejiciat,
3006 4733 3121 4772 non
3147 4717 3365 4773 inﬂam-

1739 4816 1856 4869 met
1905 4812 2102 4881 libido,
2158 4827 2275 4864 non
2329 4808 2620 4880 resupinet
2668 4808 2951 4881 superbia,
3000 4826 3116 4864 non
3174 4815 3367 4865 curvet

1737 4906 1992 4974 ambitio,
2026 4920 2142 4959 non
2171 4903 2420 4959 formido
2452 4907 2791 4958 consternat.
2831 4904 2941 4957 Pax
2977 4904 3157 4958 multa
3183 4902 3364 4957 abun-

1740 5001 1839 5055 det
1863 4999 1986 5067 tibi,
2010 5014 2139 5070 qum
2165 5001 2461 5067 exsuperat
2493 5011 2728 5051 omnem
2750 4998 3025 5063 mentem,
3053 4995 3364 5050 secundum

1738 5092 1989 5164 Apostoli
2049 5090 2391 5147 sententiam
2444 5090 2727 5160 (Philipp,
2784 5106 2857 5157 ιν,
2913 5090 3003 5159 7);
3057 5104 3169 5159 quo
3220 5086 3365 5142 nihil

1740 5186 2038 5259 pulchrius
2098 5184 2206 5239 dici
2268 5183 2471 5254 potuit.
2529 5183 2800 5238 Summus
2863 5181 3018 5236 enim
3074 5179 3365 5251 sapientiae

1740 5280 1869 5334 ﬁnis
1920 5283 2025 5347 est,
2066 5281 2131 5332 ut
2182 5277 2358 5331 simus
2414 5280 2605 5331 mente
2659 5274 2997 5345 tranquilla;
3053 5289 3168 5326 non
3219 5289 3367 5327 com-

1742 5371 2021 5429 mentitiis
2062 5375 2359 5443 poetarum
2386 5369 2591 5425 fabulis
2620 5367 2871 5421 lubricus
2910 5364 3169 5420 turbetur
3195 5364 3361 5420 affec-

1806 5562 1905 5624 (86)
1936 5561 2018 5611 Ita
2057 5562 2164 5611 vet.
2207 5558 2338 5609 edit.
2382 5561 2436 5608 et
2477 5555 2664 5608 cuncti
2700 5567 2832 5604 mss.
2871 5552 3051 5614 Rom.,
3092 5552 3179 5603 ed.
3228 5553 3365 5615 sola,

1746 5636 2015 5681 terrentur
2048 5630 2302 5681 adversis.
2330 5629 2515 5680 Minus
2538 5628 2713 5685 bene;
2739 5625 2885 5675 infra
2920 5637 3053 5675 vero
3081 5624 3211 5675 edit.
3260 5628 3368 5675 vet.

1744 5708 1800 5754 et
1827 5701 2083 5766 quedam
2112 5701 2305 5759 Paris.,
2338 5700 2428 5751 sed
2463 5699 2619 5748 etiam
2662 5695 2832 5747 multa
2873 5696 2942 5747 sit
2975 5695 3032 5744 in
3068 5695 3247 5747 animo
3281 5700 3371 5747 tuo

1744 5773 1972 5825 dilectio.
2018 5773 2178 5825 Rom.
2221 5785 2349 5823 cum
2382 5783 2511 5821 mss.
2552 5768 2831 5832 omnibus,
2874 5767 2962 5819 sed
3005 5767 3162 5817 etiam
3204 5766 3373 5818 multa

1742 5858 1873 5908 pom,
1901 5846 2005 5896 etc.
