3862 6166
546 262 677 314 1587

2004 255 2060 307 S.
2103 254 2192 309 AM
2200 253 2419 309 BROSII

3685 268 3787 321 1588

541 382 649 431 tus.
683 375 952 430 Summus
980 373 1109 427 ﬁnis
1141 376 1225 426 est
1242 371 1501 442 justitiaa,
1528 374 1591 425 ut
1611 370 1885 441 iniquitas
1914 375 2170 425 mentem
2193 384 2252 455 Α
2273 368 2474 437 animi,
2516 373 2578 425 ut
2625 385 2754 424 eum
2807 371 2975 425 etiam
3022 385 3146 425 esca
3193 370 3372 425 fratris
3404 376 3639 445 exagitet!
3673 380 3795 439 Unde

535 470 678 542 justi
712 484 940 522 movere
987 483 1101 521 non
1148 466 1344 536 possit.
1392 465 1625 519 Virtutis
1667 465 1840 518 totius
1886 464 1975 519 hic
2018 464 2167 531 linis,

544 565 603 619 et
627 578 914 633 corporeae
949 561 1128 631 ipsius
1164 558 1540 627 fortitudinis,
1587 564 1666 626 ut,
1700 559 1959 613 confecto
1994 557 2168 625 bello,

540 672 743 727 pacem
780 655 1051 709 reformet
1080 653 1217 723 (87).
1250 652 1376 707 Paci
1422 667 1562 722 ergo
1595 654 1654 705 et
1684 652 1806 722 ipsa
1836 652 2172 723 plerumque

541 749 750 804 militat
791 747 1069 803 fortitudo
1125 746 1410 812 bellandi;
1467 761 1638 799 nemo
1684 761 1821 816 ergo
1876 745 2174 815 pacificum

524 843 739 899 .turbet
764 842 1047 897 affectum.

618 940 703 992 18.
729 937 901 993 Multa
921 938 1273 1007 generantur
1291 935 1359 988 ad
1380 932 1867 1004 perturbationem
1893 933 2168 1001 hominis,

546 1036 606 1086 et
630 1046 772 1084 uxor
810 1031 1151 1101 plerumque
1182 1028 1419 1098 decepta
1462 1026 1746 1097 serpentis
1788 1027 2006 1081 insidiis
2050 1028 2170 1081 ani-

546 1140 709 1180 mum
755 1123 861 1178 viri
905 1122 1196 1193 exagitare
1248 1123 1510 1185 conatur,
1555 1122 1612 1174 et
1655 1124 1817 1191 pater
1863 1121 2035 1175 fidem
2072 1120 2174 1175 ﬁlii

545 1219 877 1289 frequenter
930 1215 1145 1281 irridet,
1200 1217 1259 1268 et
1298 1213 1382 1267 vir
1431 1213 1695 1284 conjugis
1751 1230 1867 1269 suae
1917 1217 2175 1268 mentem

547 1315 730 1366 tentat
754 1309 1089 1381 opprobriis.
1115 1307 1222 1364 Sed
1252 1306 1310 1361 in
1340 1306 1427 1361 his
1453 1307 1718 1362 omnibus
1746 1313 1972 1378 superat
1988 1307 2176 1378 justus

550 1408 610 1459 et
642 1404 777 1458 dicit
805 1420 819 1457 :
863 1424 891 1453 «
918 1402 1052 1467 Quis
1091 1418 1196 1456 nos
1237 1400 1517 1471 separabit
1552 1418 1585 1455 a
1619 1401 1893 1456 charitate
1931 1400 2176 1457 Christi?

548 1495 879 1562 Tribulatio,
908 1512 980 1550 an
1018 1494 1350 1566 angustia...
1381 1510 1453 1549 an
1485 1495 1804 1565 persecutio
1835 1496 2025 1563 (Rom.,
2055 1512 2175 1562 vm,

548 1590 678 1661 35)?
705 1611 731 1640 ››
765 1589 996 1655 Quoties
1021 1589 1141 1660 ipsa
1166 1588 1470 1643 benefacta
1492 1588 1721 1642 crimini
1748 1588 1999 1644 dantur?
2024 1591 2174 1654 Quo-

2274 480 2391 517 non
2416 466 2602 534 potest
2624 463 2845 518 homini
2885 480 3005 519 esse
3045 463 3424 535 praecipitium,
3453 471 3644 539 quando
3663 475 3796 533 etiam

2272 557 2405 611 hinc
2437 560 2525 610 est
2552 558 2911 628 periculum?

2343 654 2430 705 20.
2484 653 2551 705 Et
2607 651 2763 722 quod
2818 652 2977 722 pejus
3039 657 3154 721 est,
3206 651 3489 709 inﬁrmitas
3535 658 3799 728 huiusmodi

2272 744 2450 814 serpit
2482 744 2543 798 in
2588 744 2814 799 multos.
2864 744 3029 799 Vides
3078 745 3310 816 inopem
3343 746 3563 818 justum,
3599 754 3804 820 tentaris;

2273 838 2426 892 vides
2465 838 2697 892 divitem
2743 836 3026 909 iniquum,
3068 840 3333 909 tentaris;
3359 841 3504 895 vides
3538 842 3638 897 sine
3663 845 3806 902 liberis

2274 936 2555 998 sanctum,
2592 932 2857 1000 tentaris;
2888 931 3041 987 vides
3087 932 3300 1000 liberis,
3341 934 3640 1006 honoribus,
3670 938 3808 995 laudi-

2272 1024 2376 1078 bus
2424 1026 2789 1080 saecularibus
2839 1025 3236 1081 abundantem
3285 1027 3560 1098 injustam,
3607 1034 3808 1088 tentaris.

2276 1117 2513 1181 Quantm
2541 1119 2735 1185 foveae,
2778 1119 2978 1190 quanti
3006 1120 3215 1191 laquei,
3258 1125 3313 1175 et
3340 1121 3483 1192 quod
3516 1126 3593 1176 est
3620 1125 3813 1194 gravius,

2277 1211 2371 1281 qui
2426 1212 2704 1282 plurimos
2766 1213 3148 1283 strangulent!
3198 1216 3263 1270 In
3329 1214 3669 1271 Sodomitana
3710 1218 3815 1271 urbe

2275 1305 2361 1358 vix
2392 1322 2535 1359 unus
2562 1306 2667 1360 Lot
2697 1306 2794 1377 qui
2825 1323 2942 1361 non
2967 1310 3285 1362 tentaretur
3312 1307 3560 1364 inventus
3587 1314 3677 1375 est,
3697 1312 3816 1379 cujus

2276 1403 2471 1454 tamen
2496 1416 2640 1453 uxor
2668 1416 2786 1454 non
2817 1400 3005 1470 potuit
3028 1401 3353 1463 tentationis
3378 1402 3599 1471 laqueos
3621 1403 3818 1458 evadere.

2280 1492 2646 1547 Hebraeorum
2708 1493 2950 1564 populus
3022 1493 3205 1549 maria
3267 1494 3545 1560 transivit;
3604 1495 3690 1549 sed
3739 1513 3823 1551 non

2276 1585 2461 1656 potuit
2510 1590 2864 1642 tentamenta
2917 1586 3183 1641 transire.
3237 1588 3457 1643 Tentati
3506 1593 3627 1643 sunt
3678 1605 3824 1644 omnes

544 1684 654 1739 ties
680 1683 859 1738 virtus
895 1681 1204 1753 opprobrio
1243 1682 1507 1736 ducitur?
1544 1682 1777 1746 Quoties
1807 1683 1927 1752 ipsa
1957 1682 2241 1753 ingrata_
2279 1683 2485 1750 praeter
2532 1682 2725 1734 Jesum
2777 1685 2833 1734 et
2883 1680 3082 1747 Caleb,
3140 1682 3238 1752 qui
3290 1681 3415 1736 ideo
3468 1682 3534 1736 de
3573 1681 3821 1736 senioribus

548 1782 633 1833 est
661 1776 879 1848 gratia?
908 1748 1174 1831 Vendidit
1205 1775 1394 1845 justus
1433 1775 1721 1830 facultates
1760 1748 1907 1843 suas,
1946 1748 2175 1847 dispen-
2199 1748 2256 1820 B
2279 1748 2492 1828 terram
2552 1773 3010 1844 repromissionis
3066 1748 3305 1830 introire
3355 1782 3690 1842 meruerunt;
3738 1775 3820 1845 quia

549 1870 695 1926 savit
738 1869 1103 1941 pauperibus,
1151 1868 1293 1922 nihil
1337 1868 1441 1922 sibi
1491 1868 1748 1939 reliquit;
1796 1870 2181 1925 contemnitur

551 1964 889 2035 plerumque
915 1962 975 2015 in
1017 1962 1139 2033 ipsa
1169 1961 1429 2027 Ecclesia,
1463 1962 1595 2032 quia
1634 1961 1787 2016 dives
1812 1978 1930 2018 esse
1957 1963 2176 2032 desivit,

551 2057 697 2111 sicut
732 2056 1008 2127 scriptum
1055 2057 1138 2108 est
1172 2076 1183 2108 :
1220 2076 1247 2104 «
1280 2054 1339 2110 Si
1374 2055 1594 2110 dederit
1627 2055 1714 2108 vir
1757 2071 1957 2110 omnes
2000 2057 2176 2111 facul-

549 2154 692 2205 tates
718 2164 847 2203 suas
882 2149 942 2203 in
978 2148 1276 2217 charitate,
1310 2150 1643 2219 contemptu
1681 2152 2041 2220 contemptus
2071 2150 2181 2205 erit

550 2243 754 2312 (Cant,
801 2258 920 2309 vni,
963 2242 1036 2310 7).
1071 2263 1098 2291 ››
1140 2242 1264 2296 Non
1311 2258 1448 2313 ergo
1493 2246 1810 2309 moveatur,
1857 2258 1974 2297 non
2023 2243 2177 2297 enim

552 2335 877 2391 mercedem
903 2334 1073 2405 hujus
1096 2334 1305 2401 saeculi,
1328 2351 1435 2389 nec
1463 2336 1728 2405 gratiam,
1757 2337 1855 2391 sed
1881 2336 2009 2391 vitas
2030 2353 2180 2407 quaa-

552 2428 678 2484 sivit
703 2435 956 2483 internae.
989 2429 1115 2483 Non
1154 2428 1506 2498 indignetur,
1540 2428 1676 2499 quia
1711 2429 1976 2484 homines
2005 2446 2174 2500 pecu~

550 2522 661 2577 niis
690 2521 877 2593 magis
919 2537 1093 2593 quam
1132 2521 1396 2591 operibus
1430 2521 1595 2576 bonis
1629 2522 1915 2578 deferunt.
1955 2524 2091 2576 Nam
2133 2523 2177 2577 si

549 2616 602 2670 ei
631 2617 868 2686 propter
892 2615 1111 2670 bonum
1139 2630 1283 2685 opus
1314 2615 1370 2669 in
1411 2615 1516 2669 hoc
1545 2616 1749 2671 saeculo
1783 2615 2091 2684 deferatur,
2124 2621 2181 2671 et

550 2709 721 2779 hujus
750 2708 921 2763 studii
955 2708 1207 2779 fructum
1231 2708 1326 2763 hic
1354 2708 1716 2779 adipiscatur,
1746 2709 1951 2764 dicitur
1977 2709 2045 2765 de
2072 2726 2138 2765 eo
2164 2728 2176 2763 :

550 2801 811 2873 Percepit
861 2801 1190 2855 mercedem
1246 2817 1407 2856 suam
1455 2802 1699 2869 (Matth.,
1752 2819 1825 2870 Vl,
1876 2803 1953 2870 2).
2008 2803 2182 2858 [labet

551 2894 785 2966 quidem
834 2910 976 2965 opus
1020 2895 1255 2963 bonum,
1301 2900 1361 2950 et
1402 2894 1495 2949 hic
1543 2896 1805 2966 gratiam,
1849 2896 1948 2951 sed
1992 2896 2181 2951 brevis

552 2988 743 3059 portio
772 2987 1093 3042 emerendae
1134 2988 1327 3041 salutis
1367 2994 1468 3043 est.
1509 2990 1680 3044 Serva
1720 2989 1925 3043 futuris
1956 3006 2176 3044 merce-

2277 1866 2511 1921 fuerunt
2550 1866 2882 1922 tentationis
2921 1871 3201 1938 expertes.
3251 1869 3362 1924 Nec
3400 1870 3577 1922 Aaron
3615 1867 3824 1933 introivit,

2280 1976 2384 2013 nec
2427 1960 2620 2029 Maria,
2666 1960 2803 2030 quia
2859 1964 2917 2015 et
2956 1960 3065 2031 ipsi
3103 1961 3305 2016 tentati
3346 1966 3491 2015 sunt.
3536 1961 3638 2015 Nec
3675 1960 3831 2029 Moym

2278 2053 2556 2120 introivit,
2615 2053 2751 2124 quia
2804 2053 2915 2108 dux
2963 2059 3087 2108 erat
3133 2054 3335 2125 populi
3390 2053 3489 2126 qui
3544 2053 3831 2116 tentabatur;

2277 2153 2444 2218 typus
2470 2146 2615 2217 legis
2640 2162 2769 2218 quae
2794 2146 3091 2202 excludere
3128 2152 3485 2202 tentamenta
3518 2163 3626 2201 non
3650 2152 3833 2216 poterat,

2279 2256 2397 2295 non
2460 2242 2689 2311 poterat
2750 2240 2808 2294 in
2866 2244 3074 2295 terram
3126 2239 3553 2295 resurrectionis
3609 2239 3833 2303 inducere,

2280 2334 2415 2405 quia
2453 2334 2560 2388 ista
2602 2333 2907 2404 Evangelio
2951 2334 3140 2405 gratia
3176 2333 3509 2389 debebatur.
3552 2335 3654 2388 Lex
3688 2346 3845 2403 pacem?

2282 2443 2397 2481 non
2438 2427 2622 2497 potuit
2648 2427 2817 2496 dare;
2848 2427 2977 2482 ideo
3014 2428 3231 2497 Moyses
3272 2428 3454 2498 quoad
3495 2427 3642 2491 vixit,
3669 2440 3845 2494 semper

2282 2521 2569 2591 praeliatus
2623 2524 2739 2587 est;
2793 2536 3019 2592 semper
3071 2521 3215 2591 legis
3263 2521 3510 2592 populus
3556 2520 3611 2574 in
3668 2514 3841 2587 ancipiti

2278 2614 2559 2669 bellorum
2583 2618 2698 2677 est;
2726 2615 2887 2669 Jesus
2912 2618 3104 2669 autem
3135 2615 3290 2668 Nave
3318 2614 3499 2685 plebis
3533 2613 3732 2668 animos
3753 2628 3841 2681 pro-

2280 2707 2459 2761 funda
2500 2723 2637 2778 pace
2682 2707 3019 2778 composuit,
3053 2707 3331 2779 quoniam
3361 2708 3461 2780 qui
3496 2706 3593 2760 sub
3626 2707 3752 2776 Lege
3770 2707 3842 2765 est.

2280 2801 2527 2871 agitatur
2563 2800 2823 2869 incertis;
2866 2800 2966 2872 qui
3010 2801 3114 2855 sub
3156 2801 3488 2872 Evangelio,
3524 2799 3669 2855 audit
3699 2799 3845 2852 dicen-

2281 2901 2395 2949 tem
2438 2914 2451 2949 :
2496 2914 2524 2945 α
2556 2896 2762 2949 Pacem
2808 2895 3072 2965 relinquo
3115 2895 3309 2965 vobis;
3359 2911 3556 2966 pacem
3598 2908 3762 2948 meam
3798 2888 3846 2942 da

2280 2988 2437 3042 vobis
2481 2988 2678 3057 (Joan.,
2732 3005 2839 3055 xiv,
2877 2988 2989 3058 27).
3032 3010 3060 3038 ››
3107 2988 3361 3061 Ideoque
3397 2986 3740 3059 diligentibus
3769 2997 3846 3037 non

552 3083 685 3138 dem
724 3086 900 3147 tuam,
945 3084 1004 3136 et
1041 3080 1200 3133 istius
1245 3082 1431 3134 saeculi
1477 3081 1780 3151 opprobria
1826 3081 2181 3138 incrementa
2202 3114 2257 3188 Ο
2283 3086 2366 3136 est
2390 3082 2733 3136 scandalum.

554 3173 833 3229 mercedis
878 3179 994 3228 tua:
1030 3173 1245 3244 judice.
1295 3173 1489 3245 Cogita
1531 3190 1762 3245 semper
1807 3175 2180 3245 apostolicum

552 3268 713 3335 illud,
739 3267 895 3338 quod
916 3287 943 3315 ‹‹
974 3266 1229 3337 Indigna:
1258 3267 1373 3321 sint
1394 3268 1682 3338 passiones
1710 3268 1881 3339 hujus
1909 3272 2182 3340 temporis

557 3362 626 3417 ad
652 3364 1117 3433 superventuram
1159 3360 1398 3431 gloriam
1437 3362 1633 3433 (Rom,
1663 3378 1776 3429 vm,
1811 3364 1913 3431 18).
1948 3384 1976 3413 ››
2010 3362 2183 3418 Nullis

557 3470 695 3525 ergo
719 3454 908 3525 justus
930 3455 1227 3524 frangatur
1252 3454 1494 3525 injuriis,
1517 3456 1687 3510 nullis
1714 3462 2011 3510 moveatur
2037 3458 2185 3527 peri-

557 3548 721 3619 culis,
759 3548 933 3603 nullis
978 3550 1231 3603 tentetur
1268 3549 1546 3618 procellis,
1584 3550 1697 3603 sive
1737 3565 1890 3604 mors
1930 3550 2181 3620 ingruat,

558 3643 674 3697 sive
724 3642 864 3709 vita,
910 3642 1026 3696 sive
1074 3641 1265 3712 angeli
1312 3643 1600 3697 caelorum.
1646 3644 1835 3713 Neque
1886 3643 2184 3714 dejiciatur

558 3735 829 3805 adversis,
873 3751 1060 3806 neque
1100 3734 1407 3790 extollatur
1455 3736 1732 3790 secundis.
1780 3738 2066 3808 Nusquam
2115 3739 2186 3793 sit

557 3830 677 3900 ejus
714 3828 977 3883 infirmus
1010 3828 1261 3884 affectus.
1291 3830 1360 3883 Et
1400 3845 1558 3884 mors
1586 3832 1784 3896 tentat,
1823 3836 1879 3884 et
1906 3831 2021 3885 vita
2051 3837 2182 3887 ten-

554 3928 655 3991 tat,
682 3938 815 3977 cave
839 3921 1193 3976 scandalum.

631 4020 717 4070 19.
756 4015 860 4080 Qui
888 4031 1090 4085 pacem
1123 4015 1316 4083 habet,
1351 4032 1478 4087 quae
1520 4032 1750 4070 omnem
1794 4022 2050 4072 mentem
2089 4035 2180 4072 su-

556 4113 738 4180 perat,
782 4124 1023 4178 magnus
1068 4113 1172 4175 est,
1215 4125 1329 4163 non
1376 4115 1459 4163 est
1500 4109 1571 4163 de
1609 4109 1827 4180 pusillis
1866 4112 2003 4166 istis.
2052 4112 2182 4167 Ideo

558 4201 889 4256 scandalum
936 4201 1057 4271 pati
1107 4217 1220 4255 non
1270 4201 1456 4267 debet,
1515 4202 1651 4272 quia
1705 4205 2039 4274 pusillorum
2103 4210 2184 4260 est

558 4293 831 4365 exagitari
876 4294 1158 4350 seandalo.
1203 4294 1360 4349 Unde
1408 4298 1466 4348 et
1506 4296 1779 4351 Dominus
1820 4299 1944 4352 ait:
1991 4299 2179 4363 «Qui-

558 4404 784 4459 cunque
821 4386 1283 4442 scandalizaverit
1309 4403 1491 4442 unum
1523 4388 1589 4443 de
1621 4390 1840 4459 pusillis
1866 4390 1984 4445 istis
2010 4392 2178 4446 mini-

2351 3178 2439 3230 2l.
2486 3176 2689 3245 Accipe
2736 3174 2945 3230 aliter:
2986 3191 3123 3230 crux
3161 3176 3393 3231 Domini
3436 3174 3641 3231 Iudaeis
3670 3169 3846 3226 scanda-

2281 3270 2422 3337 lum,
2469 3268 2679 3324 Grazcis
2715 3268 2953 3323 stultitia
2997 3274 3102 3323 est.
3153 3269 3507 3325 Scandalum
3550 3274 3629 3323 est
3666 3262 3846 3337 perﬁdo,

2283 3362 2416 3433 quia
2449 3362 2584 3416 dicit
2618 3362 2885 3417 Iudaeus:
2928 3363 3075 3433 Ergo
3115 3362 3208 3417 hic
3247 3364 3401 3418 Deus
3449 3367 3552 3430 est,
3591 3361 3681 3431 qui
3725 3359 3846 3412 homo

2282 3456 2434 3509 visus
2484 3459 2589 3523 est,
2646 3454 2741 3509 hic
2791 3457 2938 3510 Deus
2990 3458 3077 3511 est
3126 3456 3226 3527 qui
3276 3456 3584 3528 jejunavit,
3624 3453 3706 3508 hic
3749 3452 3846 3504 Deus

2284 3555 2370 3604 est
2406 3548 2504 3621 qui
2541 3549 2847 3621 vapulavit,
2890 3549 2981 3604 hic
3019 3551 3164 3605 Deus
3201 3556 3289 3606 est
3334 3551 3437 3622 qui
3472 3547 3752 3604 cruciﬁxus
3780 3544 3846 3607 est,

2284 3642 2377 3697 hic
2406 3643 2551 3697 Deus
2577 3647 2660 3697 est
2686 3643 2785 3713 qui
2822 3642 2893 3697 de
2927 3659 3093 3698 cruce
3125 3643 3476 3699 descendere
3505 3647 3563 3698 et
3587 3658 3641 3696 se
3668 3639 3846 3694 liberare

2283 3753 2401 3791 non
2426 3735 2649 3807 potuit?
2690 3736 2944 3807 Denique
2981 3737 3088 3790 hoc
3124 3737 3403 3792 dicebant
3438 3741 3688 3808 tempore
3710 3728 3846 3787 Domi-

2282 3829 2427 3884 nicw
2454 3828 2730 3900 passionis
2762 3846 2777 3882 :
2814 3852 2841 3877 ‹‹
2872 3830 3185 3885 Descendat
3222 3832 3295 3886 de
3326 3847 3517 3897 cruce,
3551 3835 3605 3886 et
3629 3825 3846 3884 credimut

2283 3923 2354 3978 ei.
2409 3921 2655 3978 Confidit
2714 3922 2776 3976 in
2826 3923 2971 3989 Deo,
3024 3922 3229 3977 liberet
3279 3940 3439 3978 nunc
3491 3939 3649 3989 eum,
3693 3919 3733 3973 si
3776 3914 3846 3969 full

2283 4016 2527 4088 (Matth,
2569 4031 2731 4079 xxvn,
2773 4018 2861 4084 42,
2902 4017 3009 4086 43).
3039 4038 3067 4067 ››
3106 4017 3231 4071 Non
3269 4024 3326 4072 te
3364 4018 3478 4073 ista
3520 4018 3743 4081 tentent,
3775 4021 3846 4063 nor

2281 4115 2339 4165 te
2365 4110 2469 4164 ista
2501 4108 2855 4180 perturbent,
2880 4125 2992 4163 non
3018 4110 3077 4163 in
3108 4109 3375 4166 animum
3398 4116 3568 4167 tuum
3591 4100 3845 4178 hujusmodi

2283 4219 2342 4257 se
2388 4203 2652 4273 ingerent
2690 4202 3073 4274 cogitationes.
3124 4203 3234 4258 Ubi
3274 4221 3415 4275 pax,
3453 4208 3514 4259 et
3554 4202 3723 4257 multa
3752 4208 3845 4269 par

2282 4295 2358 4350 ibi
2385 4312 2518 4351 crux
2557 4296 2766 4351 Christi
2794 4312 2909 4351 non
2950 4297 3278 4368 opprobrio,
3317 4298 3423 4352 sed
3462 4297 3629 4352 saluti
3656 4298 3746 4349 est.
3769 4292 3846 4345 Non

2282 4389 2391 4443 fuit
2439 4388 2750 4460 opprobrio
2812 4391 2977 4445 Petro
3025 4406 3157 4444 crux
3209 4390 3458 4459 Christi,
3509 4406 3636 4462 quae
3685 4388 3846 4441 tantum

555 4480 663 4535 mis
708 4481 950 4550 (Matth,
996 4497 1142 4548 xvm,
1191 4482 1263 4551 6).
1303 4503 1331 4531 »
1381 4482 1505 4536 Non
1555 4482 1740 4536 solum
1786 4483 2037 4554 pusillos,
2079 4478 2332 4548 sedDei
2384 4483 2579 4552 gloriae
2632 4481 2806 4550 dedit,
2860 4489 2924 4537 ut
2973 4482 3207 4537 inversis
3263 4484 3559 4541 Christum
3610 4484 3845 4537 honorare

557 4574 728 4629 etiam
781 4574 1052 4629 minimos
1107 4574 1279 4642 dixit,
1324 4592 1464 4646 quos
1514 4576 1850 4647 perturbant
1900 4578 2177 4644 scandala,

556 4671 613 4720 et
640 4665 771 4721 ideo
817 4667 977 4736 gravi
1020 4667 1299 4722 obnoxius
1334 4684 1514 4737 poenas
1554 4673 1658 4735 est,
1705 4672 1765 4723 ut
1806 4669 2013 4740 legisti,
2052 4671 2178 4741 qui-

555 4774 781 4829 cunque
822 4752 1134 4814 turbaverit
1168 4758 1427 4832 1245
1465 4761 1707 4816 infirma:
1744 4763 1952 4817 mentis
1991 4763 2177 4817 infan-

554 4852 716 4906 tiam.
753 4852 906 4907 Sicut
933 4851 1085 4906 enim
1118 4853 1364 4923 graviori
1400 4853 1610 4924 dignus
1645 4855 1921 4926 supplicio
1950 4860 2053 4923 est,
2083 4856 2182 4926 qui

556 4945 900 5018 persuaserit
937 4946 1151 5000 crimen
1188 4946 1484 5015 infantulo,
1520 4953 1577 5002 et
1612 4949 1891 5003 incautam
1924 4949 2181 5021 praecipi-

552 5039 687 5095 tarit
713 5043 962 5107 aetatem,
1006 5039 1081 5093 ita
1117 5040 1215 5111 qui
1252 5040 1583 5108 invalidum,
1615 5047 1672 5095 et
1700 5042 2088 5114 insipientem,
2122 5050 2177 5097 et

551 5134 932 5205 improvidum
983 5132 1493 5205 circumscripserit
1533 5135 1903 5204 persuasione
1948 5136 2177 5205 erroris,

552 5229 649 5281 aut
677 5227 1060 5298 exagitatione
1089 5226 1271 5281 cordis
1302 5227 1591 5282 affectum.
1617 5227 1705 5282 Vis
1732 5228 1876 5283 scire
1906 5245 2073 5299 quam
2100 5229 2182 5284 in-

549 5320 752 5377 ﬁrmus
781 5321 855 5375 sit
882 5321 978 5392 qui
1010 5320 1463 5375 scandalizatur?
1484 5342 1511 5371 ‹‹
1537 5322 1657 5376 Non
1685 5321 2065 5390 manducabo,
2098 5323 2181 5377 in-

552 5414 696 5484 quit,
711 5431 1005 5469 carnem...
1023 5431 1095 5468 ne
1113 5415 1346 5468 fratrem
1370 5431 1561 5470 meum
1581 5416 1953 5470 scandalizem
1973 5418 2015 5485 (I
2035 5415 2177 5480 Cora,

550 5522 665 5574 vm,
700 5508 804 5574 13).
839 5527 865 5558 ››
910 5507 1134 5571 Quanta
1169 5507 1494 5576 infirmitas,
1542 5510 1598 5561 et
1633 5524 1902 5579 quaenam
1939 5509 2178 5566 infantia

614 5655 709 5717 (87)
740 5655 883 5705 Edit.
917 5658 1023 5706 vet.
1052 5659 1105 5706 et
1130 5657 1297 5706 Paris.
1328 5655 1608 5720 quedam,
1640 5661 1695 5705 ut
1719 5668 1972 5721 corporea
2012 5660 2179 5722 ipsius

549 5726 878 5789 fortitudinis
926 5725 1116 5789 efﬁciat
1159 5726 1305 5777 miles
1352 5726 1508 5776 bella.
1560 5726 1717 5778 Rom.
1769 5740 1895 5777 cum
1942 5741 2074 5779 mss.
2122 5732 2179 5779 in

551 5798 850 5851 lectionem
890 5800 1133 5853 nostram
1179 5800 1564 5869 consentiunt;
1612 5798 1716 5849 nisi
1759 5799 1908 5871 quod
1953 5799 2046 5851 illa
2087 5813 2182 5852 vo-

2280 4575 2569 4645 vestigiis;
2600 4579 2865 4630 metuens
2907 4592 2981 4631 ne
3016 4576 3063 4630 si
3088 4592 3153 4631 ea
3187 4578 3381 4649 specie
3415 4576 3710 4632 cruciﬁxus
3738 4568 3846 4626 esset

2281 4685 2389 4739 qua
2418 4668 2709 4736 Dominus,
2742 4668 3029 4724 affectasse
3070 4671 3295 4726 Domini
3329 4672 3576 4742 gloriam
3610 4669 3846 4724 videretur

2280 4765 2432 4818 Crux
2452 4778 2590 4833 ergo
2625 4762 2995 4833 opprobrium
3024 4762 3275 4833 perﬁdo;
3300 4765 3464 4819 fideli
3489 4767 3679 4819 autem
3704 4755 3846 4831 gratia

2281 4856 2438 4910 fideli
2484 4856 2819 4927 redemptio,
2868 4856 3019 4911 ﬁdeli
3069 4858 3410 4913 resurrectio
3465 4861 3573 4926 est,
3630 4855 3751 4926 quia
3792 4863 3845 4918 P"

2284 4949 2444 5003 nobis
2490 4966 2683 5021 passus
2727 4955 2812 5004 est
2850 4950 3145 5018 Dominus,
3183 4952 3324 5022 quia
3378 4952 3478 5006 illo
3526 4967 3625 5005 nos
3666 4936 3846 5001 redemi

2282 5042 2582 5113 sanguine,
2619 5042 2715 5097 illa
2757 5043 2830 5097 ad
2864 5043 3191 5114 paradisum
3227 5046 3646 5101 resurrectione
3682 5048 3845 5095 revoca

2282 5137 2378 5191 vit.
2423 5136 2528 5200 Qui
2578 5136 2700 5192 haec
2741 5136 2939 5207 credit,
2982 5138 3269 5209 quomodo
3312 5144 3505 5210 potest
3548 5133 3767 5198 turbari,
3802 5139 3846 5181 ευ

2283 5245 2407 5300 spes
2433 5230 2596 5301 regni
2625 5230 2864 5285 caelestis
2890 5231 3177 5302 assurgit?

2351 5327 2439 5379 22.
2474 5323 2649 5393 (Vers.
2696 5325 2843 5395 166.)
2880 5324 3145 5396 Sequitur
3186 5340 3389 5380 versus
3436 5330 3666 5381 sextus:
3706 5322 3846 5387 Ezped

2285 5418 2467 5472 tabam
2491 5418 2734 5474 salutare
2774 5422 2945 5480 tuum,
2990 5421 3227 5482 Domine,
3257 5426 3312 5473 et
3351 5424 3619 5489 prmoepta
3649 5422 3733 5469 tua
3768 5415 3846 5477 fect

2281 5511 2383 5575 Qui
2419 5512 2722 5581 exspectat,
2751 5514 2968 5582 sperat.
2995 5511 3345 5567 Charitatem
3380 5529 3522 5583 ergo
3547 5525 3668 5583 spes
3695 5515 3846 5577 prince

2283 5672 2434 5718 cem,
2483 5657 2658 5715 miles,
2708 5658 2987 5708 transtulit
3038 5659 3096 5709 in
3146 5658 3462 5710 membrum
3508 5668 3737 5722 sequens
3786 5651 3846 5698 ho

2282 5730 2467 5791 modo,
2518 5729 2667 5781 miles
2714 5742 2895 5792 pacem
2935 5729 3213 5793 reformat;
3257 5731 3360 5782 sed
3406 5745 3473 5782 ea
3518 5728 3735 5782 mutatio
3779 5730 3846 5771 n01

2285 5800 2585 5853 admodum
2615 5802 2805 5856 sensui
2833 5802 3145 5855 necessaria
3168 5804 3266 5855 est.
