3930 6168
163 254 259 305 1589

157 378 231 443 dit,
253 375 482 445 sequitur
508 376 670 442 salus,
701 388 829 455 spes
863 373 1040 445 igitur
1078 373 1378 444 praeurrit
1416 373 1707 440 effectum,
1731 386 1789 459 Α

152 470 245 525 ideo
280 467 365 539 qui
397 466 727 538 exspectavit
767 466 1011 522 salutem
1050 481 1085 520 a
1128 465 1389 534 Domino,
1426 470 1711 537 praecepta

152 560 320 618 Domini
356 559 500 616 fecit.
548 558 803 632 1246
839 559 999 615 Unde
1047 565 1103 614 et
1146 560 1422 614 Dominus
1464 559 1713 631 appellat

154 655 306 711 unicos
354 654 409 708 in
469 654 775 725 Evangelio
840 654 1037 722 (Joan.,
1101 669 1201 722 xv,
1260 653 1356 721 14,
1420 656 1528 719 15),
1595 668 1710 706 non

150 764 301 814 servos,
326 747 418 817 qui
442 763 542 801 sua
566 751 855 818 praecepta
874 747 1153 801 fecerunt.
1179 745 1287 810 Qui
1317 745 1507 817 diligit
1528 746 1707 815 enim,

147 841 262 907 facit;
286 845 340 895 et
380 840 473 911 qui
514 840 730 906 fecerit,
776 840 982 895 merito
1021 839 1337 895 dilectionis
1377 854 1707 895 remunera-

148 936 255 989 tione
282 933 538 988 donatur.

187 1030 255 1082 23.
284 1027 449 1097 (Vers.
484 1027 624 1097 167.)
658 1026 926 1098 Sequitur
953 1043 1149 1082 versus
1174 1027 1450 1099 septimus
1476 1043 1489 1081 :
1522 1028 1708 1085 Custo-

138 1123 239 1177 dioit
263 1122 439 1175 anima
474 1132 593 1175 mea
619 1123 920 1176 testimonia
951 1127 1078 1187 tua;
1110 1126 1160 1176 et
1189 1122 1386 1176 dilexit
1424 1137 1486 1175 ea
1528 1122 1706 1176 nimis.

137 1216 228 1269 Plus
260 1218 335 1269 est
371 1212 637 1285 diligere,
680 1230 857 1285 quam
898 1213 1209 1284 custodire;
1250 1219 1307 1268 et
1350 1230 1526 1286 supra
1566 1213 1705 1268 dixi-

135 1324 224 1362 mus
260 1307 403 1377 (vers.
438 1310 561 1377 159,
603 1324 754 1363 num.
796 1308 879 1377 55)
910 1307 1042 1379 quia
1082 1308 1385 1375 custodire,
1417 1307 1708 1363 interdum

136 1400 429 1455 necessitatis
485 1404 573 1455 est
624 1401 710 1456 vel
761 1401 1020 1469 timoris;
1072 1401 1343 1472 diligere,
1396 1400 1706 1456 charitatis.

132 1495 228 1549 ldeo
248 1509 367 1548 cum
396 1495 487 1549 hic
524 1494 758 1549 dixisset
788 1511 801 1547 :
832 1495 1129 1555 Custodivi,
1164 1493 1374 1564 adjecit
1411 1494 1618 1559 Dilemi;
1650 1500 1712 1549 ut

130 1586 335 1641 custodia
361 1586 603 1641 amantis
639 1586 829 1653 fuerit,
859 1602 972 1641 non
1015 1586 1283 1641 timentis.
1314 1586 1422 1651 Qui
1461 1586 1709 1641 nimium

131 1677 289 1749 diligit,
319 1679 557 1733 nimium
590 1678 853 1734 custodit.

177 1774 247 1827 24.
274 1774 440 1842 (Vers.
476 1774 622 1843 168.)
654 1772 926 1844 Sequitur
957 1788 1150 1827 versus
1188 1776 1415 1827 octavus
1445 1788 1457 1826 :
1487 1772 1713 1828 Servavi
1737 1750 1786 1820 Β

127 1873 339 1937 precepta
375 1872 472 1920 tua
513 1871 568 1921 et
604 1868 909 1921 testimonia
947 1870 1044 1921 tua
1055 1885 1075 1932 ,-
1103 1868 1363 1936 quoniam
1399 1882 1577 1922 omnes
1610 1869 1712 1922 viae

129 1975 218 2014 mea
257 1967 373 2015 ante
427 1965 498 2021 te,
554 1961 795 2014 Domine.
849 1960 1051 2014 Beatus
1090 1960 1191 2031 qui
1232 1963 1422 2031 potest
1461 1960 1648 2016 dicere
1688 1978 1703 2015 :

128 2055 273 2109 Omnes
292 2056 388 2108 viae
417 2069 553 2108 mea:
578 2058 703 2109 ante
735 2058 812 2119 te;
839 2054 937 2124 qui
966 2052 1110 2108 nolit
1134 2052 1479 2109 abscondere
1513 2069 1711 2109 omnes

130 2147 440 2215 cogitationes
480 2164 635 2214 suas,
678 2162 875 2202 omnes
913 2149 1073 2201 actus
1114 2162 1245 2201 suos
1287 2163 1300 2200 :
1334 2146 1714 2202 abscondebat

126 2239 260 2293 Adam
294 2241 440 2295 viam
481 2256 675 2305 suam,
720 2239 1107 2295 abscondebat
1149 2241 1261 2295 Eva
1298 2246 1424 2310 post
1462 2241 1708 2310 culpam,

128 2330 449 2387 abscondebat
473 2333 620 2387 Cain
659 2349 862 2388 necem
912 2333 1123 2388 fratris.
1173 2335 1236 2388 In
1281 2332 1485 2388 affectu
1531 2334 1706 2388 habe-

128 2441 215 2479 mus
258 2426 624 2495 abscondere,
678 2443 791 2481 non
850 2426 910 2481 in
965 2427 1192 2482 effectu.
1244 2427 1421 2481 Plena
1472 2428 1706 2482 abscon-

126 2518 259 2572 dentis
291 2520 548 2590 perﬁdia,
583 2520 684 2575 etsi
738 2520 889 2591 apud
936 2522 1115 2575 Deum
1162 2520 1321 2575 nulla
1364 2521 1435 2574 sit
1477 2520 1707 2575 latebra.

127 2612 219 2665 Ideo
265 2613 508 2669 Ecclesia
568 2613 625 2667 in
688 2613 931 2669 Canticis
993 2630 1097 2668 sua
1150 2614 1203 2669 ei
1269 2617 1484 2670 secreta
1546 2631 1706 2668 mon-

130 2704 304 2773 strabat,
333 2706 538 2761 dicens
572 2722 584 2759 :
633 2727 660 2754 ‹‹
688 2708 989 2760 Assumam
1030 2711 1108 2775 te,
1149 2709 1205 2763 et
1244 2707 1507 2762 inducam
1553 2713 1606 2761 te
1649 2708 1709 2761 in

127 2796 303 2853 domum
331 2800 539 2854 matris
573 2815 735 2865 meae,
768 2804 826 2854 et
856 2800 915 2854 in
948 2803 1232 2855 secretum
1264 2801 1386 2871 ejus
1422 2816 1533 2872 que
1570 2816 1708 2855 con-

124 2892 231 2960 cepit
260 2909 345 2947 me
396 2895 607 2961 (Cant.,
651 2909 767 2961 vm,
810 2893 886 2963 '2).
940 2914 967 2941 ι(
1005 2894 1145 2947 Nam
1194 2895 1295 2949 etsi
1340 2896 1484 2949 Deus
1518 2894 1711 2949 omnia

125 2984 268 3040 videat
303 2987 491 3043 cordis
543 2988 784 3053 occulta,
826 2987 1045 3041 bonum
1093 2991 1279 3042 tamen
1318 2991 1403 3042 est
1432 2992 1493 3042 ut
1531 3004 1707 3041 unus-

125 3080 309 3150 quisque
347 3082 609 3135 animam
653 3096 815 3134 suam
859 3079 912 3133 ei
960 3080 1182 3151 aperiat
1222 3086 1277 3136 et
1315 3081 1619 3151 expandat,
1654 3085 1783 3183 etc

124 3177 339 3243 tauquam
363 3172 576 3228 lumini
601 3173 688 3227 vel
719 3173 896 3228 calori
922 3173 1043 3243 ejus
1071 3180 1345 3228 occurrat.
1375 3175 1483 3228 Nec
1511 3174 1709 3228 imme-

124 3265 204 3319 rito
225 3266 480 3337 gloriatur
505 3266 780 3334 Ecclesia,
805 3266 998 3320 dicens
1021 3283 1034 3320 :
1063 3287 1090 3315 ‹‹
1113 3267 1233 3338 Ego
1259 3283 1419 3321 eram
1448 3267 1506 3321 in
1531 3267 1709 3322 oculis

125 3358 213 3425 ejus
240 3365 504 3432 tanquam
547 3359 845 3415 inveniens
884 3376 1085 3431 pacem
1129 3360 1310 3431 (Ibid.,
1362 3364 1467 3431 10),
1501 3382 1529 3410 »ι
1561 3378 1706 3432 quo-

124 3450 237 3505 niam
260 3454 368 3507 vias
394 3468 536 3509 suas
562 3452 806 3525 prodere
844 3469 962 3508 non
997 3453 1255 3509 timebat.
1284 3454 1424 3509 Justi
1451 3470 1590 3526 ergo
1623 3458 1709 3509 est

123 3542 201 3597 ista
225 3561 317 3601 vox
347 3564 360 3600 :
394 3569 422 3597 ‹‹
446 3546 613 3603 Oculi
647 3546 848 3616 (enim)
876 3548 1099 3602 Domini
1132 3564 1305 3618 super
1327 3548 1513 3618 justos
1540 3548 1703 3617 (Psat.

126 3651 266 3708 min,
302 3642 400 3711 16).
444 3660 474 3692 η
512 3642 712 3711 Itaque
759 3641 999 3695 Domino
1038 3642 1167 3695 Jesu
1204 3641 1450 3708 Christo,
1491 3642 1590 3713 qui
1620 3646 1707 3696 est

123 3731 185 3783 via
218 3736 265 3786 et
298 3734 533 3803 veritas,
582 3733 734 3788 bene
783 3733 889 3789 hoc
934 3734 1140 3788 dicitur
1175 3734 1245 3789 ab
1284 3734 1355 3788 iis
1405 3735 1502 3805 qui
1553 3735 1707 3789 illam

123 3838 269 3879 Veram
299 3828 442 3882 viam
473 3827 614 3895 ﬁde,
656 3827 929 3894 moribus,
959 3831 1201 3899 actuque
1228 3827 1554 3883 desiderant
1579 3844 1708 3881 con-

123 3918 269 3973 venire
310 3938 322 3973 :
362 3922 557 3977 Omnes
602 3924 704 3976 via.o
750 3936 879 3976 mea
920 3936 1100 3976 eorum
1143 3928 1213 3983 te,
1259 3923 1497 3976 Domine.
1544 3921 1708 3975 Nulla

121 4011 236 4066 enim
255 4018 432 4083 potest
461 4015 551 4069 via
579 4030 698 4069 esse
721 4014 898 4083 bona,
926 4013 1037 4067 nisi
1063 4029 1237 4085 quam
1272 4018 1332 4067 tu
1370 4013 1705 4068 illuminan-

120 4101 217 4157 dam
264 4108 337 4161 tui
390 4108 716 4163 visitatione
770 4106 1008 4161 luminis
1055 4106 1425 4176 judicaveris;
1481 4106 1572 4161 cui
1620 4111 1708 4162 est

122 4194 282 4266 honor,
310 4202 511 4271 gloria,
544 4203 690 4265 laus,
728 4200 1081 4272 perpetuitas
1109 4216 1143 4254 a
1168 4199 1407 4267 saeculis,
1444 4202 1501 4254 et
1528 4216 1702 4267 nunc,

121 4290 161 4339 el
187 4306 407 4365 semper,
438 4299 499 4349 et
534 4295 596 4348 in
631 4294 826 4348 omnia
862 4294 1069 4348 saecula
1105 4293 1464 4348 saeculorum.
1502 4297 1703 4348 Amen.

374 4387 606 4443 SERMO
646 4386 993 4442 VICESIMUS
1031 4386 1399 4442 SECUNDUS.

749 4485 818 4532 Π.
877 4470 1022 4531 Ταὶι.

170 4569 208 4621 1.
235 4571 418 4644 Incipit
451 4573 650 4628 littera
681 4575 816 4635 Tau,
849 4587 978 4643 quae
1014 4571 1192 4626 latina
1228 4571 1701 4643 interpretatione

122 4658 349 4729 signiﬁcat
397 4668 651 4731 Erravit;
706 4665 818 4719 alia
872 4664 1269 4736 interpretatio
1321 4664 1510 4734 habet,
1572 4665 1702 4720 Con-

120 4761 371 4812 summavit.
409 4758 561 4823 Quid
603 4762 689 4813 est
718 4758 973 4813 erravit?
1008 4757 1283 4813 Vicesima
1325 4758 1573 4814 secunda
1602 4759 1697 4814 lit-

122 4846 205 4898 tera
240 4856 339 4916 est,
384 4868 516 4923 qum
562 4852 716 4923 apud
765 4852 1032 4907 Hebraeos
1083 4856 1167 4907 est
1211 4851 1432 4907 ultima.
1478 4853 1698 4908 Psalmo

124 4940 266 4994 autem
290 4942 412 5013 isto,
440 4945 551 4999 hoc
578 4948 685 5012 est,
717 4945 1033 4999 centesimo
1065 4947 1265 5000 octavo
1289 4945 1530 5012 decimo,
1562 4963 1696 5017 pro-

124 5024 284 5088 fectum
320 5035 571 5093 hominis
617 5037 866 5093 diximus
910 5038 1106 5109 (supr.,
1148 5038 1208 5092 in
1256 5039 1480 5110 prolog.
1527 5039 1700 5110 hujus

127 5122 247 5194 P511.)
280 5128 602 5200 signiﬁcari,
635 5132 731 5203 qui
763 5131 1038 5186 doctrinae
1080 5131 1315 5187 moralis
1357 5132 1698 5204 magisteriis

129 5216 347 5289 eruditus,
400 5225 712 5296 deponeret
767 5240 1003 5280 omnem
1049 5224 1432 5280 inexercitata;
1483 5225 1696 5280 mentis

131 5302 393 5383 infantiam,
426 5320 741 5372 assumeret
766 5323 960 5373 autem
987 5318 1244 5373 veterani
1271 5317 1495 5373 consilii
1520 5318 1699 5373 scien-

134 5396 231 5455 tiam
255 5413 307 5461 et
338 5411 653 5478 prudentia;
678 5411 874 5466 senilis
899 5416 1152 5467 atatem.
1185 5411 1287 5467 Ubi
1315 5416 1509 5467 autem
1536 5427 1699 5467 error

137 5497 204 5555 εει»
232 5498 379 5571 culpa
412 5504 685 5575 signatur.
723 5505 819 5559 Hic
855 5521 996 5575 ergo
1025 5511 1112 5561 est
1137 5505 1424 5577 profectus
1453 5505 1603 5575 ﬁnis,
1635 5510 1700 5560 ut

1724 4478 1783 4548 D

178 5634 254 5693 (88)
278 5639 413 5691 Edit.
456 5649 583 5705 vet.,
628 5644 900 5708 praeterita
938 5645 1161 5696 donare.
1204 5645 1382 5706 Rom.,
1427 5645 1698 5710 praterita

141 5699 356 5760 dmunere.
392 5714 457 5764 Et
496 5699 684 5767 rursus
722 5718 883 5778 intra,
927 5722 1035 5768 vet.
1077 5718 1231 5779 edit.,
1270 5699 1502 5768 conditio
1544 5717 1697 5782 lapsa

144 5783 336 5829 recreari.
382 5784 551 5849 Rom.,
600 5788 832 5841 conditio
878 5788 1024 5842 lassa
1078 5789 1331 5841 recreari.
1386 5788 1516 5840 Mss.
1563 5801 1696 5839 vero

1214 246 1568 303 EXPOSITIO
1607 248 1675 302 IN
1716 248 2027 306 PSALMUM
2067 251 2293 307 CXVIII.

3309 262 3444 314 1590

1810 373 1981 430 etiam
2008 376 2189 447 culpa:
2215 375 2303 431 sit.
2342 377 2453 432 Sed
2494 377 2623 432 vide
2651 378 2787 447 quid
2812 379 3238 450 interpretetur.
3271 387 3443 440 Erra-

1810 470 1909 537 vit,
1952 468 2174 539 inquit;
2216 486 2329 525 non
2371 475 2542 537 errat,
2586 470 2687 525 sed
2730 474 2954 527 erravit.
3000 472 3250 543 Errasse,
3296 494 3441 546 prae-

1808 560 1964 615 teriti
1990 566 2074 617 est
2097 563 2371 633 temporis
2408 580 2422 616 :
2458 580 2667 630 errare,
2710 564 3028 635 praesentis.
3068 564 3176 629 Qui
3215 568 3441 638 erravit,

1812 653 2016 708 desivit
2052 671 2263 723 errare,
2293 660 2351 711 et
2374 660 2625 711 veterem
2658 657 3008 712 condemnat
3038 673 3321 715 errorem.
3368 662 3444 716 De

1812 763 1880 802 eo
1909 747 2063 803 enim
2091 748 2318 816 dicitur,
2351 750 2575 818 erravit,
2606 750 2705 820 qui
2731 750 2791 804 in
2824 766 3014 806 errore
3036 752 3160 822 jam
3190 768 3304 807 non
3343 752 3440 822 sit;

1811 858 1944 896 nam
1972 842 2021 896 is
2049 843 2145 914 qui
2176 842 2360 898 adhuc
2385 843 2445 898 in
2476 860 2668 898 errore
2700 848 3057 914 permaneat,
3086 861 3200 900 non
3227 862 3442 901 errasse

1810 935 2043 1005 dicitur,
2090 936 2186 990 sed
2234 952 2451 1005 errare;
2505 953 2697 991 errare
2745 939 2900 992 enim
2948 938 3339 1008 permanentis
3381 939 3441 996 in

1808 1027 1946 1083 vitio
1972 1032 2085 1095 est;
2114 1045 2350 1099 errasse,
2380 1030 2716 1102 corrigentis
2747 1035 2834 1085 est
2856 1031 3103 1102 lapsum.

1878 1125 1931 1175 2.
1983 1122 2237 1193 Denique
2281 1123 2620 1179 emendator
2664 1140 2895 1179 morum
2942 1124 3022 1180 ait
3064 1142 3077 1180 :
3129 1148 3155 1174 ‹‹
3206 1123 3444 1182 Eramus

1812 1214 1970 1269 enim
2010 1215 2318 1287 aliquando
2358 1216 2718 1288 insipientes,
2758 1218 3053 1285 increduli,
3088 1224 3346 1275 errantes
3384 1221 3444 1276 in

1810 1308 2108 1363 desideriis
2133 1312 2190 1363 et
2216 1310 2598 1381 voluptatibus
2625 1313 2780 1381 (Tit.,
2808 1327 2888 1380 ιιι,
2917 1314 2991 1374 3).
3012 1334 3040 1361 ››
3061 1313 3181 1366 Non
3208 1313 3445 1369 dixisset

1813 1402 2007 1474 utique
2041 1421 2055 1457 :
2092 1424 2119 1451 ‹‹
2153 1404 2387 1457 Eramus
2415 1403 2721 1474 aliquando
2750 1404 3100 1475 insipientes,
3133 1428 3160 1455 ››
3192 1406 3301 1461 nisi
3341 1409 3443 1479 qui

1811 1496 2051 1567 adeptus
2091 1500 2239 1550 esset
2276 1500 2476 1567 postea
2507 1496 2801 1567 sapientiae
2840 1498 3215 1569 disciplinam.
3246 1501 3440 1572 Neque

1810 1588 2033 1643 dixisset
2058 1606 2071 1643 :
2096 1588 2349 1661 1247
2385 1610 2412 1641 «
2442 1592 2676 1645 Eramus
2703 1596 2977 1657 errantes,
3011 1613 3038 1640 ››
3065 1592 3162 1663 qui
3190 1595 3441 1663 superio-

1810 1697 1932 1737 rem
1959 1682 2311 1753 deposuisset
2333 1699 2609 1738 errorem.
2640 1682 2911 1755 Denique,
2936 1688 3000 1739 ut
3022 1684 3293 1741 abolitum
3321 1687 3441 1759 lap-

1811 1792 1938 1830 sum
1968 1775 2214 1844 doceret,
2244 1792 2346 1831 nec
2385 1777 2562 1831 ullum
2594 1776 2927 1832 offensionis
2963 1777 3241 1835 resedisse
3269 1781 3439 1835 vesti-

1810 1869 1989 1939 gium,
2017 1869 2098 1923 ait
2129 1886 2142 1924 ε
2174 1888 2203 1917 ‹‹
2232 1870 2375 1925 Cum
2414 1875 2606 1925 autem
2644 1870 2989 1941 benignitas,
3028 1876 3084 1925 et
3118 1872 3442 1928 humanitas

1811 1962 2077 2032 apparuit
2102 1963 2392 2017 salvatoris
2424 1963 2603 2019 nostri
2630 1964 2751 2033 Dei,
2786 1980 2899 2019 non
2928 1980 2996 2019 ex
3024 1964 3290 2036 operibus
3317 1966 3441 2037 jus-

1810 2054 1951 2109 titiza
1978 2070 2106 2126 qua:
2133 2055 2372 2111 fecimus
2402 2073 2528 2125 nos,
2564 2057 2659 2112 sed
2688 2058 3002 2137 secundum
3036 2074 3199 2113 suam
3228 2059 3444 2114 miseri-

1810 2147 2060 2203 cordiam
2095 2150 2274 2204 salvos
2301 2166 2405 2205 nos
2434 2144 2570 2205 fecit
2594 2167 2698 2221 per
2725 2151 3015 2205 lavacrum
3046 2153 3443 2224 regeneratio-

1812 2245 1899 2299 nis
1944 2247 2000 2297 et
2045 2242 2433 2298 renovationis
2476 2242 2717 2314 Spiritus
2759 2244 2931 2299 sancti
2974 2244 3155 2314 (Ibid,
3206 2248 3260 2313 4,
3303 2248 3377 2315 5).
3412 2268 3439 2295 η

1810 2338 1997 2393 Veteri
2045 2337 2221 2408 igitur
2268 2352 2464 2391 errore
2518 2336 2796 2407 deposito,
2843 2342 2900 2391 et
2954 2338 3168 2408 Spiritu
3221 2342 3442 2408 sancto,

1809 2434 1977 2502 atque
2008 2430 2165 2484 omni
2198 2445 2428 2484 morum
2475 2429 2876 2484 emendatione
2920 2436 3220 2485 renovatus
3258 2431 3395 2486 dicit
3427 2449 3441 2486 :

1811 2546 1839 2573 «
1874 2526 2109 2579 Eramus
2156 2523 2309 2577 enim
2359 2522 2665 2594 aliquando
2705 2528 2978 2577 errantes.
3023 2546 3051 2571 »
3092 2523 3260 2579 Vides
3302 2541 3441 2595 ergo

1810 2618 1940 2689 quia
1974 2617 2151 2671 errori
2185 2616 2539 2671 renuntiasse
2574 2632 2687 2669 non
2726 2616 2865 2681 vitii,
2900 2617 2997 2670 sed
3030 2616 3313 2687 profectus
3337 2621 3442 2673 est.

1882 2714 1933 2764 3.
1993 2711 2283 2764 Postremo
2328 2710 2445 2779 ipse
2501 2712 2554 2763 te
2602 2708 2802 2764 doceat
2852 2709 3125 2764 Dominus
3166 2711 3346 2775 .lesus,
3397 2711 3443 2766 si

1810 2803 2071 2857 humanis
2098 2802 2345 2857 consiliis
2370 2804 2457 2856 vel
2488 2802 2787 2857 sententiis
2827 2819 2939 2856 non
2966 2806 3136 2873 putas
3166 2819 3287 2857 esse
3312 2818 3440 2857 cre-

1809 2897 2082 2951 dendum.
2131 2896 2388 2966 Namque
2434 2895 2493 2950 in
2534 2895 2841 2966 Evangelio
2887 2912 2989 2949 suo
3037 2895 3153 2966 ipse
3200 2896 3444 2950 asseruit

1808 2990 1956 3061 quod
1996 2995 2187 3061 pastor
2226 2988 2461 3060 reliquit
2501 2989 2815 3059 nonaginta
2852 2993 2907 3043 et
2945 3004 3148 3043 novem
3188 3005 3337 3054 oves,
3385 2994 3443 3044 et

1810 3099 1981 3137 unam
2016 3083 2257 3155 requirit
2282 3099 2409 3153 quas
2439 3082 2645 3136 errarit
2668 3082 2842 3151 (Luc.,
2875 3098 2965 3149 xv,
3002 3083 3076 3151 4).
3116 3082 3440 3138 Centesima

1808 3176 1924 3230 ovis
1968 3178 2053 3230 est
2086 3192 2259 3247 quam
2290 3174 2425 3229 dicit
2454 3191 2671 3229 errasse
2700 3192 2713 3228 ε
2748 3174 3019 3245 perfectio
3056 3179 3114 3228 et
3147 3174 3439 3245 plenitudo

1810 3269 2034 3323 numeri
2064 3268 2186 3339 ipsa
2212 3271 2267 3322 te
2293 3268 2535 3322 instruat
2563 3273 2620 3322 et
2654 3268 2946 3321 informet.
2985 3268 3107 3321 Non
3148 3266 3438 3323 immerito

1807 3362 2029 3416 caeteris
2057 3361 2400 3427 antefertur;
2428 3360 2560 3431 quia
2587 3362 2713 3431 plus
2734 3364 2822 3414 est
2841 3376 2874 3414 a
2892 3358 3028 3414 vitio
3050 3375 3107 3414 se
3128 3375 3438 3426 revocasse,

1807 3472 1980 3527 quam
2010 3470 2191 3525 prope
2216 3453 2351 3508 vitia
2377 3453 2499 3525 ipsa
2525 3452 2790 3507 nescisse.
2828 3452 3076 3506 lmbutos
3106 3453 3262 3507 enim
3289 3453 3441 3507 vitiis

1808 3548 2035 3605 animos
2059 3563 2269 3603 exuere
2288 3547 2467 3601 frenis
2488 3545 2867 3618 cupiditatum
2893 3548 3065 3616 atque
3085 3546 3437 3614 emendasse,

1809 3658 1922 3697 non
1948 3641 2135 3696 solum
2165 3640 2435 3711 perfectas
2462 3639 2705 3707 virtutis,
2740 3638 2838 3693 sed
2867 3638 3039 3693 etiam
3079 3639 3316 3693 ccclestis
3353 3644 3439 3695 est

1808 3735 2022 3807 gratim.
2047 3732 2363 3789 Emendare
2385 3732 2599 3786 etenim
2618 3731 2809 3786 futura
2826 3730 3158 3786 attentionis
3173 3733 3438 3786 humanas

1808 3831 1920 3895 est;
1968 3826 2257 3899 praeterita
2294 3825 2562 3880 damnare
2604 3826 2715 3892 (88)
2756 3823 2963 3878 divinas
2999 3829 3084 3878 est
3122 3823 3433 3894 potestatis.

1806 3920 2064 3992 Denique
2105 3919 2399 3974 inventam
2438 3919 2635 3989 pastor
2670 3932 2829 3971 ovem
2870 3915 3126 3970 humeris
3169 3915 3439 3986 imposuit

1806 4014 1921 4068 suis
1964 4013 2146 4083 (Ibid.,
2200 4013 2271 4081 5).
2317 4011 2593 4082 Agnoscis
2638 4009 2837 4080 utique
2887 4009 3246 4080 mysterium,
3292 4024 3433 4081 quo-

1807 4106 1976 4161 modo
2025 4106 2143 4160 ovis
2185 4105 2332 4159 lassa
2368 4103 2680 4169 reficietur;
2720 4103 2853 4174 quia
2889 4118 3003 4157 non
3049 4104 3231 4173 potest
3274 4102 3438 4157 aliter

1806 4201 2062 4255 humana
2085 4198 2331 4254 conditio
2356 4197 2501 4251 lassa
2528 4196 2772 4252 recreari
2794 4195 2925 4266 (89),
2949 4194 3061 4250 nisi
3081 4198 3439 4250 sacramento

1806 4294 2115 4350 Dominica:
2155 4292 2429 4363 passionis
2455 4295 2513 4346 et
2539 4289 2835 4362 sanguinis
2862 4291 2994 4344 Jesu
3023 4288 3250 4355 Christi,
3284 4310 3313 4338 «
3338 4304 3436 4343 eu-

1799 4388 1894 4459 jus
1930 4387 2281 4458 principatus
2320 4401 2493 4457 super
2521 4384 2791 4439 humeros
2821 4382 2943 4453 ejus
2988 4381 3139 4451 (Isa.,
3168 4397 3241 4447 1x,
3287 4383 3369 4448 6);
3405 4400 3432 4430 ι)

1806 4481 1864 4535 in
1896 4480 1992 4534 illa
2028 4479 2183 4535 enim
2223 4495 2388 4533 cruce
2414 4477 2776 4533 inﬁrmitates
2804 4477 3030 4529 nostras
3069 4472 3331 4544 portavit,
3370 4478 3436 4526 ut

1802 4574 1882 4628 ibi
1918 4573 2181 4628 omnium
2218 4573 2456 4642 peccata
2498 4573 2782 4623 vacuaret.
2822 4566 3017 4621 Merito
3057 4565 3313 4637 gaudent
3338 4582 3435 4642 an-

1803 4666 1938 4739 geli,
1968 4666 2104 4736 quia
2130 4664 2177 4718 is
2211 4664 2309 4735 qui
2336 4661 2562 4729 erravit,
2591 4661 2717 4731 jam
2754 4675 2867 4715 non
2898 4662 3072 4727 errat,
3111 4659 3234 4731 jam
3266 4640 3433 4713 suum

1802 4764 1884 4814 est
1912 4759 2118 4813 oblitus
2144 4772 2424 4811 errorem.

1871 4853 1924 4907 4.
1955 4853 2075 4906 Non
2099 4866 2258 4905 error
2284 4849 2479 4920 igitur,
2503 4848 2602 4903 sed
2623 4847 3044 4902 consummatio
3065 4849 3149 4902 est
3177 4849 3238 4900 ut
3258 4847 3434 4899 altera

1801 4947 1966 5001 docet
1994 4943 2408 5015 interpretatio.
2447 4940 2879 4997 Consummatio
2914 4944 3129 5008 autem,
3161 4938 3432 5010 perfectio

1801 5037 2115 5110 disciplinae
2163 5042 2267 5092 est.
2310 5035 2470 5091 Unde
2514 5040 2570 5090 et
2609 5034 2883 5089 Jeremias
2930 5034 2989 5087 in
3036 5032 3152 5086 suis
3193 5031 3433 5086 Threnis

1799 5132 1903 5187 sub
1953 5132 2058 5185 hac
2106 5130 2293 5185 littera
2336 5130 2418 5184 ait
2455 5145 2469 5183 :
2516 5150 2542 5177 α
2578 5127 2791 5183 Defecit
2837 5124 3112 5196 iniquitas
3151 5128 3272 5192 tua,
3318 5123 3431 5177 ﬁlia

1798 5226 1962 5293 Sion;
2018 5240 2132 5279 non
2190 5223 2417 5295 adjiciet
2465 5226 2522 5277 te
2573 5220 2856 5292 expellere
2913 5217 3117 5272 adhuc.
3174 5216 3432 5271 Visitavit

1798 5319 2131 5390 iniquitates
2176 5323 2320 5383 tuas,
2368 5315 2486 5370 ﬁlia
2524 5315 2731 5378 Edom;
2776 5309 3044 5366 revelavit
3086 5325 3260 5379 super
3303 5326 3429 5381 pec-

1798 5416 1921 5468 cata
1953 5416 2051 5466 tua
2094 5411 2336 5482 (Thren.,
2380 5425 2455 5477 1v,
2492 5408 2604 5477 2t).
2638 5429 2664 5456 »
2709 5403 2967 5460 Advertis
3008 5402 3276 5473 quoniam
3318 5403 3423 5459 ini-
3478 5476 3483 5479 μ

1800 5505 1984 5579 quitas
2010 5520 2128 5560 non
2153 5503 2339 5576 potuit
2377 5502 2497 5556 sine
2538 5499 2636 5554 Dei
2674 5497 2994 5553 visitatione
3024 5494 3286 5564 deﬁcere,
3322 5513 3426 5552 nec

1796 5646 2095 5710 utrobique
2121 5645 2322 5710 partim
2350 5642 2500 5703 huic,
2528 5640 2726 5705 partim
2749 5639 2861 5690 illis
2884 5637 3173 5710 accedunt.

1861 5717 1959 5781 (89)
1987 5709 2106 5769 Vet.
2131 5709 2280 5767 edit.
2320 5726 2449 5765 cum
2486 5714 2639 5777 parte
2676 5724 2833 5772 mss,
2872 5710 3101 5762 conditio
3139 5709 3289 5775 lapsa
3332 5723 3426 5761 re—

1795 5788 1991 5837 creari.
