3930 6168
475 192 599 242 1591

1925 181 1978 234 S.
2021 177 2330 234 AMBROSII

3664 179 3779 232 l592

466 312 634 380 plena
665 325 788 363 esse
823 307 1115 372 correctio,
1149 306 1259 359 nisi
1301 321 1400 375 per
1444 305 1685 374 gratiam
1729 303 1948 358 Domini
1975 303 2091 357 Sal-
2118 313 2176 383 Α
2197 299 2358 354 solita
2384 299 2552 353 David
2579 298 2921 353 verecundia
2939 314 3054 352 non
3080 296 3468 366 semetipsum,
3495 296 3586 350 sed
3610 299 3783 352 oratio-

466 403 713 458 vatoris?
760 400 1054 465 Quomodo
1105 404 1300 454 autem
1360 399 1580 453 deticiat
1624 397 1912 467 iniquitas,
1962 396 2092 449 audi

467 497 751 551 dicentem
798 494 1098 549 Ecclesiam
1139 510 1151 546 :
1199 515 1226 541 «
1261 493 1402 546 Exui
1427 493 1675 546 tunicam
1711 507 1923 557 meam,
1954 507 2091 560 quo-

467 590 640 644 modo
687 587 926 641 induam
973 586 1138 640 eam?
1186 586 1315 641 Lavi
1361 585 1537 656 pedes
1584 601 1771 652 meos,
1813 583 2094 653 quomodo

467 681 779 753 inquinabo
820 696 916 734 eos
950 683 1147 744 (Cunt.,
1187 685 1239 744 5,
1275 680 1363 748 3)?
1406 701 1431 727 ››
1464 678 1675 732 Veteris
1702 677 1877 746 igitur
1909 675 2093 730 homi-

467 776 557 830 nis
596 775 1000 828 vestimentum
1042 773 1187 826 vitiis
1228 772 1435 826 erroris
1478 771 1770 834 intextum,
1803 771 1861 822 in
1892 769 2097 822 lavacri

469 867 907 940 regeneratione
961 865 1302 937 depositum,
1351 864 1529 919 nescit
1582 863 1867 934 quomodo
1922 861 2099 933 possit

471 963 738 1027 induere;
762 961 946 1016 studio
981 960 1132 1014 enim
1161 958 1526 1013 correctionis
1550 958 1860 1011 inoleverat
1889 956 2096 1010 oblivio

468 1060 851 1127 peccatorum.
885 1055 1067 1107 Tanta
1108 1053 1189 1105 vis
1232 1057 1641 1106 consummatm
1683 1050 2097 1104 emendationis

471 1153 583 1216 est,
646 1154 706 1202 ut
762 1148 819 1202 in
885 1147 1193 1217 quamdam
1255 1145 1515 1215 pueritiae
1575 1143 1768 1198 redeat
1831 1142 2097 1214 spiritalis

468 1246 719 1306 aetatem,
765 1257 891 1312 quae
931 1241 1045 1294 vias
1081 1238 1288 1292 erroris
1315 1239 1562 1308 ignoret,
1612 1238 1830 1291 crimen
1875 1237 2096 1291 etiamsi

469 1336 622 1401 velit,
667 1352 780 1389 non
816 1334 993 1404 possit
1026 1332 1358 1399 admittere;
1391 1332 1524 1401 quia
1565 1330 1883 1385 desueverit
1928 1346 2097 1384 usum

470 1445 637 1485 nosse
664 1426 962 1498 peccandi.
996 1428 1062 1479 Et
1085 1426 1211 1495 jam
1238 1426 1306 1478 de
1335 1425 1505 1494 hujus
1535 1424 1739 1478 litterae
1765 1424 2101 1493 interpreta-

469 1523 623 1577 tione
651 1521 785 1574 satis
821 1520 1038 1573 dictum
1080 1519 1327 1572 arbitror
1365 1534 1518 1570 nunc
1531 1535 1546 1585 ;
1591 1533 2001 1587 cognoscamus
2030 1533 2100 1570 ex

469 1614 730 1680 subditis,
761 1630 885 1683 qua»
913 1612 986 1666 sit
1015 1611 1119 1666 viri
1145 1610 1522 1666 consummati
1549 1611 1833 1664 sententia
1861 1611 1990 1678 (90).

2196 410 2326 447 nem
2355 409 2510 446 suam
2545 393 2658 446 Deo
2687 391 3145 462 appropinquare
3175 389 3447 460 postulat;
3478 395 3536 443 ut
3559 389 3786 444 videatur

2197 487 2338 541 ordo
2365 486 2594 557 quidam
2624 501 2742 539 esse
2769 484 3082 549 distinctus,
3107 483 3254 553 quod
3275 483 3315 535 ii
3336 482 3430 551 qui
3456 482 3789 551 perfectiores

2196 585 2346 645 sunt,
2389 579 2494 649 ipsi
2522 578 2984 650 appropinquent
3023 578 3162 642 Deo,
3193 575 3475 645 sequentis
3505 577 3682 628 autem
3708 592 3787 630 or-

2196 673 2342 726 dinis
2359 672 2496 742 justi
2529 671 2631 725 viri
2657 673 2792 726 satis
2818 671 3090 738 habeant,
3112 670 3155 723 si
3180 684 3382 723 eorum
3409 669 3792 739 appropinquet

2198 766 2398 821 oratio.

2267 864 2318 912 7.
2353 860 2434 912 Ex
2476 875 2580 912 usu
2620 863 2814 913 autem
2859 858 3042 913 nostri
3085 855 3368 911 sermonis
3408 854 3795 909 consideremus

2199 952 2338 1024 quid
2368 953 2439 1006 sit
2461 953 2943 1022 appropinquare.
2976 951 3266 1005 Constitue
3295 948 3620 1020 magistrum
3649 951 3795 1018 atque

2199 1051 2567 1120 discipulum;
2627 1049 2674 1102 si
2723 1048 3028 1119 discipulus
3077 1046 3384 1102 studiosius
3436 1045 3679 1115 magistri
3725 1047 3798 1098 vel

2197 1144 2384 1198 hausit
2423 1143 2739 1214 ingenium,
2773 1143 2858 1196 vel
2902 1147 3186 1212 praecepto
3225 1139 3493 1205 intendit,
3541 1139 3616 1191 ita
3646 1141 3704 1191 ut
3739 1138 3798 1192 ad

2199 1237 2628 1292 similitudinem
2668 1235 2854 1307 operis
2893 1235 3016 1306 ejus
3054 1238 3226 1305 atque
3267 1233 3540 1287 doctrinae
3575 1231 3798 1302 proxime

2197 1331 2458 1385 videatur
2486 1330 2778 1395 accedere,
2807 1345 2996 1382 nonne
3036 1328 3224 1382 dicere
3264 1326 3513 1381 solemus
3551 1324 3694 1395 quod
3718 1340 3798 1393 ap-

2199 1424 2599 1495 propinquavit
2647 1421 2957 1492 magistro?
2998 1423 3146 1493 Ergo
3186 1425 3243 1476 et
3287 1425 3348 1474 tu
3397 1420 3442 1472 si
3488 1419 3800 1472 imitatorem

2199 1522 2253 1572 te
2284 1517 2543 1587 prmbeas
2581 1516 2787 1571 Christi
2830 1516 2974 1570 sicut
3010 1516 3102 1570 ille
3141 1515 3242 1584 qui
3275 1513 3356 1567 ait
3399 1531 3412 1566 :
3459 1532 3486 1560 «
3524 1511 3803 1565 lmitatores

2201 1612 2314 1664 mei
2359 1615 2552 1676 estote,
2602 1611 2745 1666 sicut
2788 1616 2845 1665 et
2882 1627 2989 1680 ego
3033 1607 3239 1665 Christi
3285 1608 3324 1677 (Ι
3369 1609 3512 1666 Cor.,
3545 1621 3617 1671 iv,
3657 1607 3756 1671 16);
3782 1624 3802 1650 υ

543 1712 593 1761 5.
628 1681 800 1777 (Vers.
840 1705 982 1774 169.)
1017 1707 1212 1774 Itaque
1250 1704 1329 1757 sic
1360 1705 1436 1757 ait
1478 1720 1490 1757 :
1536 1705 1946 1773 Appropinquet
1986 1681 2177 1757 οῖδα-Β
2203 1705 2248 1758 si
2285 1704 2482 1759 dolum
2517 1705 2754 1773 nescias,
2784 1703 3148 1758 mendacium
3180 1701 3391 1766 oderis,
3424 1699 3706 1752 veritatem
3734 1712 3802 1748 se-

472 1805 546 1857 tio
570 1817 688 1855 mea
717 1803 773 1853 in
809 1805 1088 1868 conspectu
1130 1805 1241 1860 tuo,
1283 1801 1533 1862 Domine;
1567 1798 1860 1851 secundum
1883 1798 2102 1851 verbum

473 1900 629 1948 tuum
651 1893 782 1947 mihi
813 1893 988 1946 tribue
1016 1892 1367 1944 intellectum.
1400 1890 1596 1944 Volare
1630 1890 1765 1943 facit
1788 1890 2101 1944 orationem

472 1987 626 2042 bona
666 1986 804 2052 vita,
851 1990 908 2039 et
953 1984 1049 2037 dat
1089 1984 1203 2036 alas
1250 1983 1508 2054 precibus
1553 1983 1857 2053 spiritales,
1900 1983 2104 2052 quibus

473 2083 800 2134 sanctorum
828 2079 899 2131 ad
939 2079 1115 2132 Deum
1157 2077 1432 2130 evehatur
1468 2077 1670 2130 oratio.
1708 2075 1816 2131 Sed
1849 2083 1904 2129 et
1932 2076 2099 2145 spiri-

473 2179 564 2226 tus
613 2188 726 2242 quo
777 2169 1034 2242 1248
1081 2186 1332 2234 oramus,
1378 2170 1633 2223 sublevat
1673 2185 1901 2239 precem
1930 2169 2099 2239 justi;

474 2265 721 2320 maxime
769 2265 815 2318 si
866 2264 1032 2317 corde
1083 2263 1325 2317 contrito
1377 2262 1730 2332 compatiens
1775 2279 1901 2317 eam
1956 2279 2102 2316 com-

473 2359 709 2412 mendet
748 2358 1000 2411 affectus.
1049 2356 1443 2411 Consummati
1489 2359 1682 2410 autem
1727 2356 1830 2408 viri
1876 2355 1978 2410 ista
2023 2361 2104 2410 est

473 2451 832 2507 conﬁdentia.
893 2449 1142 2520 Denique
1201 2449 1319 2520 ipse
1374 2449 1544 2504 David
1602 2449 1663 2502 in
1718 2449 2104 2519 superioribus

471 2545 631 2600 istius
690 2543 891 2613 psalmi
959 2544 1249 2596 lucernam
1309 2542 1422 2595 suis
1479 2541 1717 2611 pedibus
1775 2541 2104 2612 requirebat

472 2638 668 2708 (supr.,
701 2653 836 2692 vers.
874 2635 1021 2706 105);
1065 2653 1136 2690 ne
1177 2636 1236 2690 in
1266 2636 1374 2689 hoc
1414 2634 1617 2690 itinere
1658 2640 1883 2690 terreno
1913 2635 2106 2688 ambu-

474 2733 602 2786 laus
629 2736 818 2802 posset
844 2745 1050 2784 errare.
1088 2731 1245 2784 Nunc
1276 2734 1468 2784 autem
1498 2730 1654 2800 quasi
1674 2730 1795 2799 jam
1825 2729 1882 2782 in
1913 2729 2025 2783 line
2052 2733 2107 2782 et

476 2841 744 2897 processu
769 2824 1001 2894 positus,
1031 2826 1426 2878 consummato
1454 2823 1641 2876 viandi
1668 2839 1925 2889 munere,
1954 2826 2106 2876 totus

474 2919 738 2989 assurgit.
788 2919 855 2970 Et
899 2916 1214 2971 orationem
1261 2932 1422 2968 suam
1465 2915 1666 2985 dirigit
1719 2916 1778 2969 in
1830 2916 2102 2982 coelestia;

2202 1798 2415 1868 quaris,
2437 1798 2722 1868 justitiam
2749 1815 2867 1853 non
2893 1796 3163 1867 refugias,
3187 1795 3393 1865 diligas
3419 1791 3802 1853 castimoniam,

2201 1891 2671 1962 appropinquasti
2706 1891 2947 1957 Christo,
2990 1896 3044 1944 et
3078 1906 3180 1960 per
3222 1886 3512 1942 Christum
3545 1885 3671 1937 Deo.
3703 1886 3804 1953 Ipse

2204 1985 2358 2040 enim
2389 1989 2473 2039 est
2502 1983 2608 2053 via,
2639 2001 2748 2056 qua
2787 1984 3115 2054 pervenitur
3157 1982 3229 2036 ad
3271 1983 3516 2046 Patrem,
3553 1978 3646 2049 qui
3679 1977 3807 2047 apud

2201 2080 2429 2131 Patrem
2457 2094 2682 2148 semper
2708 2082 2810 2132 est.

2277 2174 2328 2225 8.
2371 2170 2688 2225 Didicimus
2726 2170 2861 2241 quid
2889 2171 2960 2224 sit
2997 2169 3464 2240 appropinquare
3503 2165 3805 2227 orationem,

2207 2264 2310 2318 hoc
2355 2269 2472 2329 est,
2519 2265 2773 2318 elevetur
2813 2264 3034 2318 actibus
3077 2263 3308 2317 nostris.
3357 2261 3414 2315 Si
3462 2259 3640 2313 elevas
3679 2262 3808 2311 actus

2204 2363 2364 2424 tuos,
2413 2357 2644 2411 elevasti
2682 2357 2997 2412 orationem
3043 2362 3220 2411 tuam.
3280 2355 3389 2418 Qui
3433 2354 3584 2407 novit
3625 2353 3808 2406 elevare

2206 2466 2408 2504 manus
2445 2467 2596 2518 suas,
2637 2449 2828 2519 dirigit
2873 2449 3188 2504 orationem
3234 2464 3401 2502 suam
3441 2447 3501 2500 in
3540 2448 3810 2514 conspectu

2207 2544 2326 2608 Dei,
2353 2542 2495 2596 sicut
2520 2542 2666 2597 infra
2694 2543 2883 2613 legisti
2917 2560 2928 2594 :
2962 2563 2988 2593 ‹‹
3018 2543 3312 2613 Dirigatur
3341 2541 3518 2594 oratio
3549 2555 3669 2593 mea
3693 2537 3810 2591 sicut

2206 2637 2502 2690 incensum
2567 2637 2626 2689 in
2693 2640 3000 2706 conspectu
3064 2642 3185 2690 tuo.
3258 2634 3502 2689 Elevatio
3569 2646 3809 2685 manuum

2208 2746 2466 2784 mearum
2512 2729 2850 2784 sacriﬁcium
2898 2729 3292 2799 vespertinum
3329 2727 3502 2798 (Psul.
3547 2743 3656 2792 CXL,
3695 2728 3760 2790 2).
3788 2745 3809 2769 »

2208 2824 2334 2876 Haec
2371 2823 2571 2892 utique
2613 2823 2791 2876 oratio
2833 2823 2906 2876 ad
2947 2823 3144 2888 vitam,
3190 2822 3303 2875 alia
3341 2820 3519 2875 oratio
3553 2820 3609 2872 in
3645 2832 3809 2888 pecca-

2208 2921 2351 2968 tum.
2413 2935 2439 2963 «
2487 2917 2554 2969 Et
2599 2916 2783 2970 oratio
2829 2914 3096 2987 1249
3145 2915 3272 2984 ejus
3314 2915 3415 2968 fiat
3457 2914 3515 2968 in
3553 2915 3808 2984 peccatum

477 3012 653 3066 mittit
688 3026 816 3065 eam
850 3011 910 3062 in
951 3011 1314 3078 conspectum
1354 3008 1576 3061 Domini
1616 3007 1930 3075 Salvatoris,
1966 3008 2182 3111 dansC
2213 3008 2375 3078 (Psul.
2437 3025 2585 3077 cvm,
2641 3010 2714 3077 7).
2770 3030 2797 3058 »
2855 3010 2923 3061 Et
2981 3014 3040 3062 tu
3097 3009 3142 3061 si
3199 3007 3494 3062 saecularia
3544 3011 3723 3077 petas,
3773 3003 3808 3056 si

478 3105 560 3160 illi
622 3103 797 3157 ﬂabra
848 3101 1116 3172 justitiaa,
1171 3101 1470 3170 sapientim
1532 3099 1801 3169 ﬂamina,
1871 3097 2486 3172 remigiavﬂagitiosa
2537 3102 2806 3172 postules,
2861 3100 3042 3155 oratio
3091 3103 3188 3154 tua
3241 3117 3359 3155 non
3411 3102 3482 3155 ad
3527 3103 3693 3156 Deum
3737 3097 3806 3150 di-

482 3195 796 3251 devotionis
845 3201 901 3248 et
950 3193 1113 3260 fidei,
1162 3193 1501 3247 innocentiae
1553 3193 1924 3264 puritatisque
1973 3194 2105 3246 sub-
2207 3194 2444 3265 rigitur,
2500 3195 2596 3249 sed
2643 3194 2703 3248 in
2751 3198 3066 3265 peccatum.
3122 3193 3373 3265 Ideoque
3418 3194 3660 3265 intellige
3704 3206 3808 3262 quae

480 3289 650 3354 sidia;
696 3291 928 3358 peccato
976 3287 1132 3340 enim
1179 3285 1456 3356 gravescit
1502 3287 1700 3353 oratio,
1749 3290 1806 3340 et
1842 3287 2008 3358 longe
2044 3286 2108 3340 ﬁt
2209 3292 2390 3358 petas.

476 3399 507 3436 a
545 3383 679 3436 Deo.
711 3383 885 3435 Tanto
927 3383 1118 3434 autem
1158 3380 1282 3450 plus
1321 3382 1604 3450 gravatur,
1632 3385 1850 3450 quanto
1891 3379 2105 3450 impro-
2280 3385 2331 3435 9.
2383 3381 2706 3442 Secundum,
2753 3380 2956 3452 inquit,
3007 3382 3224 3436 verbum
3283 3388 3437 3436 tuum
3491 3383 3619 3435 mihi
3666 3378 3808 3434 tribue

475 3473 720 3529 habilior
773 3473 886 3545 (91)
945 3478 1029 3527 est
1095 3472 1208 3526 vita
1273 3473 1646 3543 deprecantis.
1715 3474 2107 3528 Innocentium
2207 3475 2554 3530 intellectum.
2595 3475 2834 3529 Adverte
2863 3474 3001 3544 quid
3031 3475 3301 3545 postulet.
3333 3477 3454 3531 Non
3495 3474 3807 3529 intellectum

478 3570 675 3622 autem
725 3567 980 3622 ascendit
1027 3567 1235 3632 oratio,
1292 3571 1348 3620 et
1407 3566 1657 3637 gemitus
1712 3568 2108 3637 compatientis
2209 3568 2556 3639 generaliter
2606 3568 2767 3634 dixit,
2812 3567 2911 3621 sed
2957 3568 3317 3624 intellectum
3368 3568 3668 3624 secundum
3708 3579 3807 3617 ver-

476 3661 732 3726 affectus,
786 3660 830 3714 si
879 3659 1205 3731 Egyptium
1260 3660 1445 3714 lutum
1495 3660 1738 3726 oderint,
1785 3666 1841 3713 et
1888 3660 2107 3730 operari
2207 3661 2345 3715 bum
2391 3661 2522 3728 Dei;
2573 3665 2660 3714 est
2701 3660 2855 3716 enim
2899 3661 3222 3716 intellectus
3269 3663 3343 3717 ad
3396 3668 3650 3727 mortem,
3692 3659 3809 3712 sicut

477 3759 706 3810 terrena
731 3753 1035 3808 declinent.
1059 3753 1309 3823 Denique
1337 3753 1416 3806 sic
1441 3752 1813 3823 legisti,quod
1843 3753 2104 3807 I‘Iebraao-
2209 3758 2294 3809 est
2341 3754 2650 3824 prudentia
2697 3754 2768 3808 ad
2813 3754 3108 3808 interitum
3151 3772 3163 3808 :
3202 3776 3228 3804 «
3263 3755 3392 3810 Filii
3438 3756 3605 3826 hujus
3650 3748 3807 3805 saeculi

474 3864 603 3902 rum
632 3848 729 3918 qui
767 3847 912 3901 dura
946 3847 1337 3917 Egyptiorum
1375 3845 1612 3916 imperia
1641 3845 1786 3900 ferre
1812 3863 1926 3900 non
1953 3851 2109 3916 pote-
2209 3847 2609 3916 prudentiores
2652 3851 2782 3900 sunt
2818 3864 2990 3918 quam
3029 3848 3131 3901 ﬁlii
3172 3848 3314 3902 lucis
3353 3849 3413 3902 in
3458 3849 3558 3902 hac
3602 3859 3804 3917 genera-

473 3945 632 4007 rant,
669 3945 725 3994 et
757 3945 822 3994 ut
866 3941 1078 4010 gravia,
1117 3940 1194 3992 ita
1235 3945 1290 3993 et
1333 3939 1612 3994 lutulenta
1656 3956 1826 4009 opera
1870 3939 2108 4010 indigna
2207 3939 2365 3995 tione
2411 3941 2582 4011 (Luc.,
2621 3957 2732 4006 xv1,
2771 3940 2845 4012 8).
2876 3963 2903 3989 ››
2936 3941 3042 3995 Sed
3089 3941 3395 4010 prudentia
3434 3943 3537 3996 ista
3578 3956 3693 4011 quae
3728 3952 3807 3989 saa-

476 4033 564 4086 sui
607 4031 903 4086 nobilitate
946 4032 1169 4102 generis
1214 4032 1569 4098 recusabant,
1618 4032 1862 4103 gemitus
1908 4038 1963 4087 et
1999 4050 2107 4088 vox
2209 4034 2321 4087 culi
2353 4040 2454 4100 est,
2487 4034 2558 4088 ad
2594 4033 2769 4087 vitam
2813 4050 2929 4089 non
2974 4033 3317 4105 suti‘ragatur
3347 4039 3635 4090 mternam.
3677 4032 3807 4085 Circa

476 4125 795 4180 ascenderit
823 4124 896 4178 ad
937 4125 1240 4178 Dominum
1286 4127 1464 4178 Deum
1498 4131 1756 4179 nostrum
1799 4126 2013 4193 (Emod.,
2048 4144 2105 4193 ιι,
2186 4127 2475 4196 honores,
2517 4126 2662 4181 circa
2707 4127 2901 4180 lucella
2947 4130 3052 4195 est,
3099 4129 3412 4198 quaestibus
3451 4121 3807 4182 coacervandis

477 4217 677 4287 23-25).
706 4217 968 4273 Ascendit
996 4218 1150 4271 enim
1186 4218 1384 4285 oratio,
1413 4219 1548 4287 quia
1579 4219 1682 4273 etsi
1710 4220 2105 4289 operabantur,
2210 4220 2450 4288 intenta,
2494 4237 2607 4274 non
2646 4220 2864 4274 meritis
2904 4221 3327 4291 comparandis.
3376 4224 3653 4276 Postremo
3687 4217 3805 4272 circa

477 4313 669 4364 tamen
714 4310 1098 4381 operabantur
1139 4310 1319 4364 inviti.
1368 4311 1756 4364 Descendebat
1798 4313 1985 4383 itaque
2036 4312 2108 4366 ad
2211 4315 2495 4368 elementa
2536 4313 2741 4367 mundi
2789 4319 2870 4369 est
2922 4314 3212 4384 phalerata
3259 4317 3445 4386 magis
3492 4330 3652 4386 quam
3699 4325 3805 4364 vera

473 4403 604 4458 illos
630 4403 729 4458 Dei
754 4403 1161 4470 misericordia,
1196 4403 1330 4473 quia
1355 4403 1578 4457 illorum
1611 4404 1682 4458 ad
1711 4405 1887 4458 Deum
1913 4422 2104 4461 ascen-
2125 4401 2184 4473 D
2208 4407 2524 4477 sapientia;
2583 4412 2644 4461 ut
2693 4412 2776 4462 est
2825 4407 3185 4478 philosophia
3236 4410 3423 4463 omnis
3481 4425 3603 4479 quae
3651 4405 3805 4460 aliena

479 4495 652 4552 debat
677 4497 922 4551 devotio.
2211 4501 2433 4572 qumrit,
2483 4516 2615 4554 cum
2669 4517 2772 4555 sua
2824 4502 3068 4570 nesciat;
3119 4505 3408 4557 scrutatur
3453 4501 3570 4556 coeli
3619 4500 3804 4571 plagas,

550 4591 602 4641 6.
653 4589 1007 4643 Ascendebat
1058 4590 1248 4659 itaque
1303 4606 1416 4644 non
1469 4591 1867 4660 corporaliter;
1922 4607 2109 4661 neque
2210 4594 2405 4648 mundi
2462 4593 2643 4664 spatia
2696 4595 2976 4663 rimatur,
3033 4612 3160 4666 quae
3213 4595 3318 4649 sibi
3368 4596 3627 4666 prodesse
3687 4586 3806 4644 nihil

475 4681 633 4736 enim
684 4682 959 4752 propheta
1014 4688 1204 4736 tantus
1255 4682 1638 4752 precationem
1681 4700 1839 4737 suam
1886 4685 2111 4755 petebat
2209 4691 2483 4758 possunt;
2524 4689 2706 4742 Deum
2747 4687 2996 4758 ignorat,
3044 4705 3217 4759 quem
3261 4690 3443 4743 solum
3485 4687 3706 4742 deberet
3741 4683 3805 4735 in-

473 4775 589 4828 Deo
630 4774 998 4844 corporaliter
1035 4775 1528 4845 appropinquare;
1562 4792 1698 4829 nam
1747 4777 1843 4847 qui
1890 4777 1968 4832 ita
2010 4795 2108 4848 pu-
2209 4781 2454 4852 quirere.

473 4869 575 4934 tat,
608 4867 806 4937 utique
849 4867 895 4920 is
939 4868 1118 4921 Deum
1162 4873 1315 4922 certo
1359 4868 1418 4922 in
1465 4869 1651 4940 aliquo
1700 4870 1823 4924 loco
1871 4887 1934 4924 ac
1978 4871 2108 4926 sede
2285 4878 2369 4929 l0.
2417 4874 2550 4930 Ideo
2598 4891 2763 4930 verus
2806 4876 3028 4946 sapiens
3069 4876 3248 4930 dicit:
3282 4895 3309 4926 «
3350 4877 3408 4930 Si
3454 4875 3576 4946 quis
3616 4871 3803 4925 videtur

471 4961 785 5026 concludit,
838 4965 897 5014 ut
938 4960 1290 5015 ditfusiorem
1341 4963 1526 5016 locum
1576 4963 1634 5016 in
1687 4980 1800 5034 quo
1850 4965 1994 5019 Deus
2039 4966 2108 5019 sit
2208 4968 2431 5039 sapiens
2477 4984 2597 5024 esse
2645 4969 2797 5022 inter
2839 4985 2936 5023 vos
2983 4969 3041 5023 in
3084 4970 3191 5023 hoc
3236 4971 3457 5036 saeculo,
3487 4969 3673 5022 stultus
3706 4961 3799 5023 ﬁat,

471 5055 813 5121 arbitretur;
865 5071 993 5108 cum
1041 5055 1232 5126 utique
1278 5056 1592 5123 invisibilis,
1640 5057 1960 5124 ineffabilis,
2015 5059 2104 5112 in-
2209 5065 2269 5116 ut
2336 5063 2408 5115 sit
2473 5061 2728 5134 sapiens;
2798 5062 3074 5132 sapientia
3142 5063 3292 5117 enim
3364 5063 3531 5134 hujus
3595 5053 3796 5118 mundi,

472 5148 1004 5218 comprehensibilis
1053 5148 1288 5219 impleat
1331 5150 1542 5219 omnia,
1593 5154 1648 5205 et
1692 5151 1997 5206 divinitatis
2047 5152 2105 5206 in
2207 5155 2447 5209 stultitia
2509 5158 2595 5209 est
2650 5156 2801 5226 apud
2855 5157 3033 5210 Deum
3088 5157 3126 5226 (Ι
3177 5158 3323 5219 σωκ,
3380 5173 3451 5221 lll,
3506 5157 3586 5220 l8,
3643 5151 3729 5215 l9)-
3773 5164 3794 5191 ”

473 5256 539 5294 eo
571 5241 791 5295 habitet
823 5241 1142 5312 plenitudo.
1185 5243 1319 5312 Legi
1355 5244 1580 5313 Moysen
1618 5246 2105 5316 appropinquasse
2207 5249 2628 5302 Elaborandum
2681 5253 2766 5303 est
2813 5249 2992 5320 igitur
3044 5255 3104 5302 ut
3158 5251 3215 5303 in
3269 5252 3373 5305 hoc
3423 5247 3619 5304 smculo
3668 5236 3795 5295 stulti

470 5332 583 5388 Deo
622 5335 840 5402 (Ewod.,
886 5351 1028 5403 xxxv,
1080 5338 1183 5404 t8),
1232 5352 1362 5391 cum
1411 5338 1600 5407 legem
1642 5339 1953 5408 acciperet;
2005 5339 2099 5392 sed
2207 5341 2402 5407 simus,
2431 5341 2571 5396 nihil
2601 5342 2766 5397 nobis
2803 5359 2930 5397 cum
2971 5343 3358 5414 philosophia;
3391 5361 3456 5396 ne
3497 5340 3611 5411 quis
3649 5334 3792 5388 ﬁdem

530 5497 625 5559 (90)
657 5499 882 5562 Septem
914 5515 1068 5564 mss.,
1106 5517 1222 5567 qua:
1245 5505 1312 5552 sit
1356 5506 1462 5553 viri
1501 5507 1850 5555 consummati
1888 5505 2099 5568 ﬁducia.

470 5568 574 5617 Pro
605 5569 709 5619 hac
741 5572 977 5623 lectione
1008 5575 1154 5637 facit,
1199 5576 1347 5639 quod
1385 5577 1550 5639 paulo
1584 5582 1707 5640 post
1745 5580 1801 5626 in
1843 5578 2103 5627 omnibus

467 5643 685 5776 mss/{det
710 5640 840 5761 ﬁdit.
875 5643 1127 5710 habetur,
1154 5650 1504 5697 consummati
1537 5653 1713 5699 autem
1750 5649 1861 5700 υἱνί
1895 5650 1995 5700 ista
2031 5655 2102 5699 est

468 5725 565 5762 con
641 5725 805 5762 enm.

468 5725 805 5762 coniuent-ia.

2268 5510 2366 5569 (91)
2409 5509 2615 5559 Omnes
2653 5509 2806 5570 edit.,
2851 5517 3053 5574 quanto
3100 5511 3421 5575 improbior;
3451 5513 3790 5575 omneshmssq

2204 5585 2403 5643 quanto
2439 5573 2868 5643 improbabilior.
2897 5582 3101 5631 Iterum
3144 5573 3276 5632 vero
3316 5581 3410 5630 ubi
3449 5583 3552 5628 vet.
3588 5573 3699 5625 edit.
3736 5581 3787 5645 ac

2204 5641 2355 5711 mss.,
2408 5641 2625 5712 operari
2674 5657 2885 5702 terrena
2935 5652 3226 5714 declinent;
3275 5654 3426 5705 Rom.
3478 5649 3587 5702 sola
3631 5641 3784 5710 posuit

2203 5735 2364 5788 opera
2392 5727 2604 5773 terrena
2631 5723 2909 5775 declinent.
