3930 6168
196 235 302 287 1593

1290 229 1646 285 EXPOSITIO
1682 230 1747 285 IN
1788 228 2108 286 PSALMUM
2149 231 2370 286 CXVIII.

3361 234 3495 289 1594

190 358 404 409 nostram
457 370 550 424 per
597 353 882 408 elementa
934 353 1137 408 mundi
1192 353 1363 423 hujus
1417 354 1676 408 traducat
1737 370 1770 407 a
1791 359 1996 436 Atuas
2037 354 2094 408 in
2132 355 2277 408 latus
2322 370 2520 408 meum
2568 355 2699 422 (93);
2742 357 2798 408 et
2831 355 2946 408 noli
2987 371 3105 408 esse
3149 357 3499 423 incredulus,
3535 352 3538 354 ’

185 464 322 514 vero,
375 463 439 502 ne
486 447 606 517 quis
654 447 1029 502 assertionem
1073 452 1326 501 nostram
1375 463 1478 518 per
1527 447 1770 516 philoso-

181 542 344 613 phiam
370 541 742 610 deprmdetur.
785 541 874 596 Sic
903 541 1057 595 enim
1096 540 1328 596 Arianos
1367 540 1425 594 in
1467 539 1768 610 perlidiam

179 634 324 688 ruisse
351 633 727 704 cognovimus,
771 634 906 688 dum
944 633 1150 688 Chri’sti
1191 633 1620 704 generationem
1662 649 1764 703 pu-

179 733 276 781 tant
323 743 423 780 usu
473 727 641 798 hujus
694 728 882 781 saeculi
937 727 1336 797 colligendam.
1393 727 1770 796 Reliquerunt

175 821 506 892 Apostolum,
567 826 882 891 sequuntur
945 821 1324 875 Aristotelem.
1390 820 1770 891 Reliquerunt

174 916 477 986 sapientiam
513 931 638 985 qua:
666 914 818 985 apud
858 915 1041 969 Deum
1086 918 1201 981 est;
1243 916 1547 984 elegerunt
1582 914 1769 984 dispu-

173 1009 367 1083 tatiopis
413 1008 757 1073 tendiculas,
812 1013 866 1062 et
926 1008 1166 1079 aucupia
1218 1007 1518 1062 verborum
1568 1023 1769 1061 secun-

171 1105 282 1156 dum
321 1101 620 1156 dialecticas
664 1101 1056 1171 disciplinam,
1105 1117 1235 1155 cum
1287 1102 1494 1155 clamet
1541 1104 1768 1171 Aposto-

169 1197 272 1250 lus:
307 1215 332 1242 ‹‹
358 1195 436 1248 Ne
483 1195 610 1264 quis
646 1211 745 1248 vos
781 1194 1143 1264 deprazdetur
1182 1210 1284 1264 per
1321 1194 1765 1264 philosophiam,

168 1295 209 1343 et
229 1289 442 1342 inanem
474 1287 882 1353 seductionem,
914 1288 1226 1341 secundum
1264 1287 1626 1341 traditionem
1662 1287 1764 1340 ho-

1871 449 1966 503 sed
2011 448 2195 502 fidelis
2246 451 2445 515 (10am,
2487 463 2576 515 xx,
2616 449 2726 516 27).
2761 468 2788 496 ››
2833 448 2999 501 Pulsa
3042 464 3177 519 ergo
3210 449 3412 520 digito,
3453 451 3500 505 si

1873 559 1988 596 non
2030 545 2191 612 potes
2231 545 2343 594 tota
2380 557 2578 595 manu.
2624 541 2791 595 Pulsa
2829 542 3088 611 januam.
3121 541 3372 596 Christus
3413 549 3499 598 est

1862 636 2060 705 janua,
2094 635 2191 705 qui
2224 636 2300 689 ait
2342 651 2354 688 ε
2401 656 2428 682 ‹‹
2470 637 2573 689 Per
2611 651 2700 688 me
2738 635 2782 687 si
2819 635 2944 705 quis
2988 633 3295 702 introierit,
3331 637 3496 690 salva-

1869 729 2025 784 bitur
2055 731 2248 797 (Joan.,
2287 747 2337 796 x,
2365 732 2438 798 9).
2473 751 2500 778 »

1944 826 2027 877 l3.
2080 825 2220 878 Cum
2271 823 2420 877 hanc
2469 823 2647 893 igitur
2687 823 2922 892 januam
2975 823 3315 892 pulsaveris,
3370 823 3496 877 vide

1868 917 2158 986 quomodo
2197 916 2568 987 ingrediaris;
2619 932 2690 969 ne
2741 916 2888 970 forte
2936 921 2991 968 et
3027 917 3147 985 jam
3186 915 3495 986 ingressus,

1869 1014 2030 1064 extra
2058 1013 2424 1080 conspectum
2459 1009 2609 1079 regis
2643 1010 2735 1063 sis.
2773 1008 2927 1062 Multi
2958 1008 3362 1079 ingrediuntur
3391 1025 3493 1078 pa-

1867 1103 2020 1169 latia,
2054 1106 2112 1156 et
2141 1120 2257 1157 non
2290 1104 2485 1157 statim
2514 1119 2708 1172 regem
2739 1102 2912 1155 istum
2943 1107 3238 1155 terrenum
3267 1101 3492 1167 vident;

1868 1197 1968 1250 sed
2031 1196 2360 1266 frequenter
2419 1196 2758 1260 observant,
2819 1201 2879 1248 ut
2945 1195 3246 1266 aliquando
3310 1194 3498 1249 videre

1867 1294 2222 1344 mereantur.
2273 1291 2384 1344 Nec
2430 1294 2784 1360 praesumunt
2828 1288 3058 1342 videndi
3098 1288 3355 1358 copiam;
3398 1288 3496 1341 sed

166 1382 374 1447 minnm,
406 1379 726 1435 secundum
759 1381 1042 1434 elementa
1077 1380 1250 1449 hujus
1288 1380 1510 1446 mundi,
1549 1385 1602 1434 et
1650 1395 1767 1434 non
1861 1383 2005 1454 jussi
2043 1388 2546 1453 reprzesentantur,
2588 1387 2641 1436 et
2681 1398 2904 1452 precem
2952 1381 3220 1448 fundunt,
3265 1384 3327 1434 ut
3364 1397 3493 1435 cum

167 1475 446 1528 secundum
471 1473 760 1528 Christum
796 1474 1031 1541 (601055.,
1063 1489 1122 1540 ιι,
1152 1476 1222 1540 8).
1261 1495 1287 1522 »

225 1571 298 1621 tl.
359 1567 590 1620 Utinam
653 1566 867 1636 possim
930 1565 1145 1619 imitari
1199 1565 1355 1620 illam
1420 1565 1718 1620 stultitiam
1750 1609 1764 1632 ,

167 1677 254 1730 qua
293 1659 394 1712 sim
443 1659 704 1729 sapiens;
757 1659 920 1712 illum
964 1659 1149 1712 virum
1192 1658 1505 1712 habentem
1549 1660 1766 1729 amplas

1866 1476 2269 1530 benevolentia
2329 1475 2727 1546 suscipiantur.
2787 1475 3008 1529 Primus
3071 1477 3158 1528 sui
3219 1476 3495 1530 sermonis

1867 1570 2157 1639 ingressus
2203 1573 2306 1636 est,
2352 1585 2423 1623 ne
2468 1569 2604 1639 quid
2653 1568 2881 1634 titubet,
2925 1585 2997 1621 ne
3042 1569 3179 1638 quid
3224 1567 3490 1621 offendat.

1869 1662 2090 1725 Quanto
2137 1662 2322 1733 magis
2367 1662 2658 1732 rogandus
2704 1667 2787 1715 est
2834 1663 3000 1728 Deus,
3046 1665 3111 1714 ut
3155 1661 3361 1714 ostium
3395 1660 3495 1714 mi-

167 1753 542 1823 possessiones,
587 1752 688 1806 sed
732 1752 1122 1822 negligentem
1166 1752 1432 1818 fructum,
1481 1732 2188 1810 intentumBsericordiae
2243 1772 2359 1809 sua:
2427 1758 2626 1808 nostra
2690 1754 3048 1824 ingrediatur
3109 1753 3318 1807 oratio!
3388 1753 3490 1806 De-

165 1847 255 1901 Deo
294 1847 450 1900 illum
495 1845 706 1911 virum,
755 1846 855 1916 qui
900 1846 1146 1899 honores
1191 1845 1360 1899 etiam
1407 1845 1618 1899 delatos
1662 1845 1765 1899 sibi

167 1942 386 2009 respuat,
454 1937 780 1992 doctrinam
843 1937 1220 2008 philosophiae
1291 1954 1407 1991 non
1472 1938 1761 2008 requirat;

166 2032 352 2085 etiamsi
381 2036 519 2085 ante
552 2031 838 2099 cognovit,
873 2034 1058 2084 tamen
1087 2031 1228 2084 scire
1265 2030 1613 2097 dissimulet,
1646 2046 1762 2084 non

165 2125 466 2194 requirendo
527 2124 811 2189 dediscat;
859 2140 976 2178 non
1025 2128 1244 2195 quierat
1290 2140 1417 2194 quas
1464 2140 1563 2177 sua
1613 2130 1761 2189 sunt,

164 2218 236 2271 sed
262 2219 376 2272 aliis
405 2234 510 2272 sua
551 2216 824 2283 conferat,
854 2217 958 2270 sibi
990 2217 1244 2288 acquirat
1270 2221 1505 2271 aeterna.
1539 2217 1632 2270 Hic
1660 2234 1760 2288 po-

163 2317 246 2365 test
285 2311 464 2366 dicere
516 2331 533 2368 :
589 2310 894 2366 Secundum
934 2312 1155 2365 verbum
1211 2317 1365 2364 tuum
1411 2311 1545 2364 mihi
1594 2313 1764 2366 tribue

1867 1849 2035 1919 nique
2095 1854 2152 1902 et
2208 1850 2414 1902 Paulus
2458 1854 2624 1917 rogat
2674 1851 2733 1900 ut
2786 1847 3075 1917 aperiatur
3125 1847 3230 1900 sibi
3284 1846 3492 1899 ostium

1868 1942 2019 1996 verbi
2069 1942 2142 1996 ad
2198 1942 2546 2014 loquendum
2600 1940 2937 2011 mysterium
2987 1939 3194 1994 Christi
3250 1939 3493 2006 (Coloss.,

1867 2053 1937 2101 ιν,
1968 2039 2042 2104 3).

1942 2130 2023 2182 14.
2094 2129 2204 2184 Sed
2267 2128 2404 2199 quia
2458 2129 2683 2182 Graecus
2745 2127 2932 2195 habet,
3002 2134 3264 2185 Εἰσελθέτω
3311 2135 3495 2196 ἀξίωμά

1866 2245 1978 2290 μου,
2038 2222 2145 2275 hoc
2195 2228 2305 2286 est,
2368 2225 2530 2276 Intret
2582 2221 2822 2288 dignitas
2874 2236 3020 2282 mea,
3075 2221 3207 2274 licet
3249 2220 3495 2289 potuerit

1865 2322 1920 2368 et
1964 2314 2204 2384 scriptor
2248 2329 2468 2379 errare,
2515 2320 2567 2368 et
2615 2313 2813 2366 fecerit
2852 2321 3060 2382 ἀξίωσις,
3111 2314 3215 2366 hoc
3258 2317 3361 2378 est,
3399 2314 3492 2366 de-

163 2406 470 2466 inteltectum,
530 2405 589 2459 id
647 2410 762 2471 est,
817 2420 931 2458 non
987 2405 1297 2459 secundum
1357 2403 1760 2474 philosophos,
1859 2411 2131 2478 precatio;
2179 2411 2374 2462 tamen
2424 2408 2531 2460 hoc
2578 2422 2803 2478 quoque
2848 2407 3222 2478 explanemus
3264 2410 3328 2459 ut
3365 2421 3490 2475 pos-

163 2514 252 2550 non
289 2498 607 2552 secundum
651 2497 958 2552 causidicos
983 2538 998 2564 ,
1041 2514 1154 2551 non
1197 2496 1507 2552 secundum
1549 2514 1765 2552 merca-

162 2597 279 2645 tores
310 2593 478 2662 hujus
529 2591 741 2659 saeculi,
781 2607 898 2645 non
939 2591 1246 2646 secundum
1286 2591 1621 2646 architectos
1660 2591 1760 2644 do-

161 2699 380 2752 morum,
434 2684 545 2739 sed
596 2685 908 2738 secundum
955 2684 1187 2738 verbum
1237 2691 1435 2751 tuum,
1485 2685 1634 2754 quod
1665 2685 1765 2754 :est

159 2796 275 2832 vera:
321 2764 622 2848 sapientiae
672 2778 1079 2848 bonorumque
1126 2794 1369 2848 operum
1420 2777 1763 2832 fundamen-

159 2875 280 2936 tum;
331 2877 394 2926 ut
447 2887 625 2942 super
678 2871 816 2924 illud
871 2871 1171 2926 constituat
1221 2873 1760 2942 propheta-aurum

159 2966 307 3019 cordis
335 2967 441 3032 sui,
479 2967 792 3035 argentum
835 2964 1119 3019 sermonis
1156 2965 1263 3032 sui,
1300 2965 1518 3035 lapides
1548 2967 1758 3036 pretio-

161 3074 224 3112 sos
265 3058 665 3130 operationum
716 3074 986 3124 suarum;
1039 3064 1098 3112 ut
1146 3075 1287 3130 opus
1333 3075 1498 3114 suum
1542 3059 1658 3114 labi
1705 3065 1834 3170 etc

161 3155 309 3220 perire
335 3170 449 3210 non
480 3151 690 3222 possit.

215 3250 283 3302 l2.
327 3250 502 3313 (Vers.
556 3249 696 3313 170.)
742 3245 1008 3317 Sequitur
1048 3262 1245 3300 versus
1294 3246 1570 3302 secundus
1609 3264 1623 3300 ;
1666 3250 1758 3302 In-

161 3347 238 3393 tret
282 3344 584 3411 postulatio
644 3355 763 3394 mea
814 3355 993 3393 coram
1057 3347 1135 3404 te;
1198 3342 1493 3394 secundum
1544 3341 1761 3395 verbum

161 3438 277 3487 tuum
318 3435 484 3488 libera
545 3449 648 3488 me.
702 3432 836 3486 Vide
890 3431 1179 3487 ordinem.
1240 3433 1494 3487 Primum
1552 3433 1694 3487 dixit
1744 3451 1755 3487 :

161 3528 539 3597 Apprcipinquet
579 3528 753 3581 oratio
796 3542 914 3580 mea
948 3527 1146 3596 (infra,
1189 3543 1324 3581 vers.
1380 3527 1530 3597 169);
1567 3549 1594 3574 »
1627 3543 1756 3597 pos-

163 3622 232 3672 tea
267 3621 624 3674 intellectum
664 3618 937 3689 poposcit,
969 3619 1262 3673 secundum
1293 3621 1547 3685 verbum;
1588 3621 1758 3674 tertio

163 3711 255 3765 ait:
280 3717 441 3769 Intret
474 3713 782 3784 postulatio
819 3728 936 3766 mea
964 3729 1144 3766 eorum
1177 3719 1244 3766 te.
1281 3713 1477 3767 Nonne
1507 3714 1757 3784 quodam

161 3804 388 3860 Dominus
416 3823 521 3861 nos
548 3805 754 3859 invitat
779 3821 906 3872 usu,
941 3810 996 3860 et
1026 3806 1311 3876 suscipere
1343 3805 1390 3878 1
1409 3805 1601 3878 250
1633 3807 1756 3878 dig-

163 3904 296 3952 natur
336 3899 587 3954 aﬂ‘ectu?
635 3900 836 3953 Nonne
887 3916 1015 3952 cum
1057 3899 1306 3969 aliquem
1354 3899 1423 3952 de
1470 3900 1759 3970 primariis

161 3990 266 4045 viris
300 3993 585 4048 desideras
621 3993 943 4058 convenire,
977 3993 1226 4063 primum
1269 3993 1338 4047 ad
1370 3993 1491 4062 ejus
1521 3995 1758 4048 domum

160 4087 587 4157 appropinquas;
625 4091 823 4156 postea
863 4085 1072 4156 quaeris
1113 4086 1408 4140 informari
1455 4091 1624 4158 atque
1669 4088 1755 4140 in-

163 4179 300 4242 strui,
328 4184 388 4233 ut
413 4195 722 4250 cognoscas
760 4183 1012 4234 mentem
1055 4179 1512 4249 patrisfamilias;
1555 4181 1759 4235 deinde

163 4275 211 4322 nt
242 4273 351 4340 ejus
396 4274 635 4328 domum
680 4273 1040 4342 ingrediaris,
1084 4273 1381 4343 implores;
1424 4289 1494 4328 ne
1541 4275 1666 4344 quis
1702 4280 1758 4328 te

163 4360 356 4432 abjiciat
395 4373 450 4420 et
493 4366 802 4420 excludat?
847 4366 1009 4420 Pulsa
1054 4381 1191 4435 ergo
1239 4371 1296 4420 et
1340 4369 1402 4419 tu
1442 4367 1659 4437 regiam
1700 4368 1760 4421 il-

1864 2519 2080 2558 sumus.
2132 2504 2343 2572 Nempe
2385 2518 2513 2555 cum
2569 2503 2863 2557 hominem
2905 2518 3103 2572 regem
3149 2516 3318 2571 rogas
3362 2499 3490 2569 (94),

1865 2597 2003 2650 dicis
2027 2601 2086 2649 ut
2111 2596 2658 2666 contemplationem
2679 2595 2887 2649 habeat
2913 2594 3144 2648 honoris
3168 2593 3271 2660 tui,
3293 2596 3494 2662 tangat

1865 2705 1998 2742 eum
2019 2693 2133 2742 tum
2161 2689 2563 2759 contemplatio
2587 2688 2907 2759 dignitatis;
2933 2690 2998 2740 ut
3018 2690 3116 2741 aut
3135 2686 3490 2752 misereatur,

1865 2782 1909 2834 si
1965 2782 2131 2836 venia
2185 2788 2269 2836 est
2319 2783 2690 2853 postulanda;
2739 2786 2838 2834 aut
2887 2780 3101 2834 deferat
3139 2795 3242 2850 pro
3288 2779 3489 2834 ordine

1865 2875 2174 2946 dignitatis.
2207 2878 2271 2931 Et
2303 2875 2441 2946 quid
2482 2875 2689 2942 dicam,
2723 2876 2934 2944 rogas?
2977 2873 3067 2928 Sic
3101 2873 3492 2943 unusquisque

1863 2969 2180 3039 ingreditur
2236 2969 2362 3035 (95),
2424 2975 2484 3022 ut
2538 2967 2906 3038 dignitatibus
2963 2967 3267 3022 deferatur.
3321 2966 3491 3020 Recte

1863 3079 2000 3134 ergo
2038 3067 2093 3118 et
2131 3063 2365 3117 devotus
2408 3063 2518 3117 Deo
2549 3061 2682 3116 dicit
2713 3079 2726 3115 :
2761 3065 2928 3116 Intret
2963 3061 3206 3130 dignitas
3242 3075 3359 3113 mea
3401 3074 3487 3112 co-

1861 3172 1982 3211 ram
2041 3164 2108 3211 te.
2165 3156 2342 3211 Habet
2395 3160 2451 3210 et
2498 3155 2851 3210 Christianus
2899 3154 3238 3224 dignitatem
3289 3169 3489 3217 suam,

1862 3251 1958 3322 qui
1984 3255 2143 3304 tanto
2171 3249 2505 3320 imperatori
2537 3248 2759 3303 militat.

1939 3348 2022 3399 15.
2063 3344 2208 3399 Sunt
2248 3343 2511 3397 maxima:
2549 3346 2607 3396 et
2651 3359 2795 3397 verm
2833 3342 2967 3397 ﬁdei
3001 3341 3328 3412 dignitates,
3361 3343 3491 3395 sunt

1862 3439 2149 3492 honorum
2183 3437 2386 3491 diversi
2414 3445 2469 3491 et
2509 3436 2662 3506 apud
2700 3437 2986 3491 Christum
3025 3435 3257 3490 ordines
3285 3451 3296 3488 :
3332 3456 3358 3482 ‹‹
3388 3437 3488 3490 Po-

1861 3532 1972 3585 suit
2029 3533 2178 3584 Deus
2232 3532 2290 3583 in
2345 3530 2587 3584 Ecclesia
2638 3531 2822 3599 primo
2877 3530 3188 3600 apostolos,
3243 3529 3490 3582 secundo

1862 3625 2189 3695 prophetas,
2239 3623 2404 3677 tertio
2449 3623 2705 3677 doctores
2736 3625 2778 3689 (l
2826 3622 2970 3690 Con,
3013 3639 3103 3688 xu,
3149 3624 3262 3690 28).
3311 3642 3338 3669 »
3383 3621 3490 3676 Sed

1860 3718 1981 3772 ista:
2027 3717 2549 3771 adi'i'iinistrantium
2596 3716 2922 3786 dignitates.
2970 3718 3111 3770 Sunt
3156 3715 3329 3768 etiam
3371 3715 3488 3784 pri-

1860 3816 2144 3876 vatorum,
2178 3813 2241 3863 ut
2270 3814 2355 3863 est
2393 3810 2589 3880 pietas,
2615 3808 2854 3878 justitia,
2895 3808 3189 3873 sobrietas,
3223 3807 3486 3860 castimo-

1863 3906 1976 3970 nia,
2035 3903 2354 3974 disciplina.
2409 3905 2552 3957 Sunt
2603 3903 2775 3957 etiam
2831 3901 3100 3956 orationis
3147 3900 3486 3970 dignitates,

1861 3998 1906 4051 si
1948 4013 2048 4068 pro
2084 3997 2254 4050 vidua
2285 4013 2472 4067 roges,
2516 3997 2560 4050 si
2599 4012 2760 4066 roges
2803 4012 2903 4065 pro
2947 3995 3185 4066 pupillo,
3231 3994 3277 4046 si
3325 4009 3488 4064 roges

1861 4107 1962 4161 pro
2015 4089 2384 4156 misericordi,
2438 4089 2484 4143 si
2534 4106 2695 4160 roges
2744 4107 2844 4160 pro
2897 4089 3138 4144 nimium
3178 4088 3380 4142 devoto
3426 4102 3487 4141 ac

1859 4183 2039 4249 ﬁdeli;
2085 4185 2130 4237 si
2174 4200 2338 4254 roges
2379 4184 2438 4237 in
2485 4184 2868 4251 tribulatione,
2901 4199 3068 4253 roges
3107 4199 3235 4236 cum
3274 4181 3486 4246 dolore,

1861 4277 1905 4330 si
1962 4283 2161 4332 moesto
2212 4281 2270 4330 et
2318 4278 2438 4348 ipse
2483 4278 2582 4348 qui
2632 4294 2800 4347 rogas
2847 4275 3216 4346 compatiaris
3264 4275 3487 4342 affectu,

1861 4370 2034 4424 intrat
2065 4370 2245 4425 oratio
2275 4376 2374 4424 tua
2416 4370 2510 4424 Dei
2545 4370 2809 4441 gratiam,
2855 4370 3037 4423 intrat
3076 4368 3314 4421 domum
3345 4368 3484 4436 ejus,

164 4455 251 4509 lam
274 4460 586 4527 ctelestem;
620 4459 780 4529 pulsa
814 4475 927 4512 non
968 4475 1141 4512 manu
1171 4460 1445 4529 corporis,
1479 4461 1577 4514 sed
1619 4477 1756 4531 qua-
1781 4466 1837 4536 Ι)
1863 4464 1909 4517 si
1948 4469 2136 4518 tecum
2168 4464 2412 4518 Ecclesia
2451 4463 2808 4534 deprecetur,
2843 4462 2890 4514 si
2919 4461 3160 4530 populus
3200 4459 3489 4514 universus

165 4546 266 4602 dam
305 4552 568 4607 orationis
615 4557 727 4606 tuae
773 4552 1010 4606 dextera
1054 4554 1180 4622 (92).
1223 4555 1344 4606 Non
1390 4553 1512 4607 sola
1555 4571 1757 4608 manus

164 4645 377 4711 corporis
406 4648 628 4717 pulsat;
663 4646 847 4716 pulsat
883 4649 938 4698 et
967 4661 1101 4713 vox;
1136 4645 1408 4716 scriptum
1439 4651 1522 4700 est
1553 4648 1707 4701 enim
1741 4667 1749 4696 :

166 4753 184 4772 ιτ
213 4735 312 4790 Vox
338 4738 530 4793 fratris
574 4740 688 4794 mei
727 4739 917 4808 pulsat
946 4739 1014 4792 ad
1044 4740 1278 4808 januam
1307 4740 1511 4809 (Cant.,
1541 4757 1593 4807 v,
1621 4745 1695 4810 2).
1723 4764 1750 4791 »

166 4825 413 4886 Pulsamns
469 4838 527 4886 et
583 4833 783 4903 digito.
840 4833 1093 4902 Denique
1158 4836 1214 4886 et
1275 4833 1520 4886 Thomas
1576 4834 1754 4904 digito

165 4924 331 4976 meruit
357 4925 593 4994 ianuam
631 4924 1064 4979 resurrectionis
1102 4925 1344 4994 aperire.
1376 4927 1442 4978 Et
1480 4925 1578 4979 tibi
1621 4927 1757 4980 dicit

166 5010 285 5067 Iesus
315 5033 326 5068 :
354 5041 380 5064 «
415 5019 566 5072 Infer
595 5018 836 5089 digitum
871 5023 1031 5073 tuum
1061 5019 1240 5072 huc...
1275 5024 1330 5072 et
1357 5019 1519 5074 mitte
1552 5037 1756 5075 manus

213 5135 287 5194 (ΞΒ)
315 5137 516 5189 Omnes
543 5139 696 5201 edit.,
731 5140 820 5189 sed
851 5140 1084 5201 quadam
1120 5140 1346 5189 rationis
1374 5145 1474 5188 tuae
1516 5142 1750 5191 dextera.

166 5200 322 5257 Melius
355 5225 544 5262 omnes
569 5200 766 5272 mss...,
802 5200 1066 5263 orationis
1092 5218 1190 5261 tuae
1217 5213 1457 5262 dextera.

211 5275 292 5335 (93)
315 5280 438 5330 Mss.
469 5297 579 5333 non
605 5285 788 5347 pauci,
814 5289 861 5334 et
882 5285 1022 5333 mitte
1049 5286 1103 5331 in
1134 5297 1325 5333 manus
1355 5297 1518 5342 meas,
1543 5289 1587 5332 et
1615 5283 1753 5333 latus

170 5354 312 5396 meum.

216 5416 293 5476 (94)
344 5421 485 5472 Edit.
537 5437 755 5484 omnes,
819 5425 1010 5486 Nempe
1070 5436 1189 5473 cum
1242 5423 1505 5472 hominem
1568 5436 1751 5487 rogas,

171 5496 301 5546 "99m
339 5497 382 5540 te
423 5494 568 5544 dicis.
623 5496 832 5545 Sensus
877 5494 1168 5544 absurdus.
1211 5495 1403 5558 Itaque
1445 5496 1750 5559 legitimum

174 5565 422 5631 {cunctis
478 5579 602 5614 mss.
655 5566 1016 5615 restituimus.
1067 5564 1359 5628 Corruptio
1412 5569 1595 5615 autem
1637 5577 1749 5614 non

174 5622 352 5700 aliunde
401 5639 584 5684 exorta
638 5640 741 5694 est,
792 5637 898 5685 nisi
953 5649 1021 5685 ex
1079 5650 1144 5685 eo
1193 5622 1343 5699 quod
1402 5637 1563 5698 pauci
1618 5649 1745 5685 mss.

175 5690 421 5771 dic-tionem
482 5719 648 5769 regem
697 5690 822 5770 post
867 5708 1119 5766 verbum,
1168 5690 1345 5770 regas,
1395 5690 1748 5769 transposueo

177 5772 275 5830 τωῑν
312 5777 447 5837 quod
494 5779 808 5832 intrudendi
853 5779 1133 5843 voculam,
1177 5785 1243 5842 te,
1289 5779 1462 5832 sciolo
1506 5779 1746 5843 cuipiam

1857 4557 2147 4628 imploret,
2180 4563 2239 4610 ut
2273 4556 2489 4610 Domini
2522 4555 2756 4608 inclinet
2787 4554 3063 4608 favorem.

1937 4654 2018 4704 16.
2051 4650 2196 4714 Quid
2231 4655 2418 4703 autem
2462 4649 2672 4718 rugat?
2705 4649 2774 4702 Ut
2805 4652 3054 4717 eruatur,
3087 4651 3153 4701 ut
3189 4647 3485 4713 liberetur;

1859 4761 1926 4797 eo
1964 4745 2118 4814 quod
2151 4743 2274 4813 jam
2313 4741 2408 4795 diu
2439 4741 2705 4796 adversus
2745 4741 3029 4812 nequitias
3059 4741 3356 4811 spiritales,
3388 4740 3484 4793 ad-

1864 4853 2060 4891 versus
2127 4839 2482 4891 tentamenta
2547 4836 2716 4906 hujus
2776 4835 2964 4890 seaculi
3031 4835 3360 4906 prazlietur;
3421 4849 3486 4886 eo

1863 4931 2012 5001 quod
2046 4945 2218 5000 grave
2252 4936 2336 4983 est
2373 4929 2507 4984 satis
2536 4930 2794 5000 longaevo
2827 4945 2992 4983 cursu
3023 4928 3183 4982 istius
3223 4926 3346 4980 vitas
3379 4926 3482 4994 (96)

2147 5022 2478 5077 diuturnam
2510 5023 2791 5077 sustinere
2828 5022 3109 5077 militiam.
3146 5019 3398 5089 Denique
3430 5021 3485 5070 et

1860 5144 2012 5194 dedit
2037 5145 2405 5194 occasionem.

1921 5216 2016 5277 (95)
2062 5215 2189 5263 Mss.
2241 5215 2473 5277 aliquot,
2523 5216 2586 5264 Et
2635 5215 2765 5278 quid
2805 5211 3024 5264 dicam?
3066 5213 3272 5274 Rogans
3321 5225 3485 5263 unus-

1857 5288 2083 5349 quisque
2107 5287 2180 5336 sic
2207 5287 2521 5348 ingreditur,
2548 5291 2650 5336 etc.
2683 5287 2800 5334 Non
2830 5285 2903 5332 ita
2927 5283 3086 5332 male.

1918 5358 2012 5419 (96)
2071 5358 2147 5405 Ita
2196 5358 2443 5421 quinque
2486 5370 2617 5404 mss.
2665 5355 2775 5404 Alii
2824 5357 3030 5414 autem,
3081 5365 3142 5401 ac
3191 5356 3299 5401 vet.
3352 5353 3482 5403 edit.

1855 5427 2154 5477 dictionem
2182 5429 2300 5476 vitae
2328 5429 2782 5490 praetermittunt;
2813 5424 2963 5489 quod
3004 5424 3051 5473 si
3087 5423 3320 5486 placeat,
3348 5427 3484 5474 refe-

1853 5498 2087 5548 rendum
2141 5500 2244 5548 erit
2305 5499 2599 5548 relativum
2669 5498 2819 5546 istius
2894 5495 2962 5544 ad
3029 5508 3227 5544 vocem
3288 5496 3484 5552 seaculi,

1851 5569 2002 5632 prius
2047 5570 2304 5631 positam.
2355 5569 2462 5619 Sed
2517 5569 2675 5618 Rom.
2725 5568 2852 5617 edit.
2911 5567 3132 5631 proprio
3183 5570 3357 5616 marte
3406 5569 3488 5616 sic

1851 5639 2166 5690 emendavit
2192 5655 2202 5689 ε
2231 5654 2395 5703 grave
2420 5645 2489 5690 est
2512 5641 2642 5690 satis
2670 5640 2919 5703 longaevo,
2951 5652 3136 5689 cursus
3176 5639 3322 5690 istius
3354 5640 3483 5689 diu-

1850 5715 2084 5769 turnam,
2112 5715 2218 5762 etc.
