3930 6168
382 330 383 333 γ
422 262 549 313 1595

1885 262 1938 316 S.
1980 262 2292 319 AMBROSII

3597 270 3615 321 1
3626 272 3708 325 596

407 380 556 436 infra
594 379 732 435 dicit
761 395 774 434 :
809 399 835 428 «
868 381 985 435 Heu
1029 381 1158 435 me!
1202 381 1354 452 quod
1394 382 1671 438 incolatus
1706 398 1871 438 meus
1902 400 2034 456 pro-
2059 385 2385 468 Aloquitur
2416 385 2648 439 verbum
2690 382 2821 449 Dei;
2865 387 2924 437 et
2957 384 3055 454 qui
3085 383 3316 438 verbum
3345 383 3440 438 Dei
3474 385 3711 457 loquitur,

408 476 677 545 longatus
705 478 793 528 est
818 474 980 543 (Psal.
1012 490 1158 541 cxrx,
1190 476 1271 543 5)!
1300 496 1327 525 ››
1356 474 1678 547 Ingemiscit
1704 477 1854 532 enim
1883 478 2037 548 quod
2139 477 2377 532 otiosum
2406 477 2641 532 verbum
2670 493 2785 531 non
2811 477 3078 548 loquitur.
3105 475 3352 530 Otiosum
3376 477 3599 533 verbum
3625 487 3718 547 est,

410 566 720 622 indefessas
758 567 888 639 jugi
937 568 1166 623 labore.
1200 569 1393 623 tendat
1444 570 1750 639 excubias;
1807 574 1864 623 et
1915 571 2039 626 ideo
2139 570 2295 642 loqui
2331 586 2505 642 opera
2542 570 2865 625 hominum.
2896 569 3027 624 ldeo
3066 573 3291 624 sanctus
3322 568 3452 624 dicit
3482 570 3590 625 dari
3627 573 3720 628 sibi

408 660 550 731 petit
576 677 609 714 a
636 664 719 714 tot
746 660 1178 716 adversantibus
1207 662 1457 732 liberari,
1501 680 1603 718 nec
1635 680 1764 718 cum
1796 664 2039 719 terrenis
2138 682 2173 719 a
2211 664 2450 720 Domino
2484 664 2742 735 gratiam,
2776 668 2836 719 ut
2870 680 2983 718 non
3013 664 3274 734 loquatur
3298 678 3358 717 os
3388 679 3546 718 suum
3572 681 3722 736 opera

412 753 745 809 hominibus
774 755 893 809 vult
920 754 1133 810 habere
1160 756 1531 811 consortium.

485 849 569 900 17.
617 847 792 915 (Vers.
840 847 985 917 171.)
1032 848 1304 919 Sequitur
1342 865 1539 903 versus
1587 850 1831 904 tertius:
1868 853 2033 905 Eruc-

412 939 606 995 tabunt
649 939 796 995 labia
834 957 953 996 mea
990 943 1276 1011 hymnum;
1322 958 1439 997 cum
1478 944 1721 999 docueris
1764 959 1844 998 me
1870 945 2035 1013 justi-

405 1036 679 1102 ﬁcationes
725 1038 868 1089 tuas.
916 1037 1201 1091 Eructavit
1240 1036 1545 1107 hymnum,
1594 1037 1690 1109 qui
1734 1039 1921 1108 potest
1959 1038 2037 1092 di-

407 1142 533 1181 cere
595 1146 606 1180 :
670 1148 697 1177 ‹‹
761 1128 947 1183 Bonus
1005 1129 1159 1184 enim
1215 1129 1353 1184 odor
1404 1130 1609 1185 Christi
1678 1147 1871 1186 sumus
1921 1134 2034 1187 Deo

2139 759 2445 814 hominum
2496 760 2659 827 (Psal.
2720 773 2839 826 xw,
2898 758 2987 828 4);
3045 757 3180 827 quia
3232 756 3464 811 otiosum
3509 758 3722 813 verbum

2137 858 2253 921 est;
2293 868 2399 907 nec
2435 852 2617 907 solum
2663 852 2907 907 otiosum
2933 892 2946 919 ,
2992 850 3083 905 sed
3130 850 3303 905 etiam
3342 850 3723 921 periculosum,

2136 962 2239 1018 pro
2265 962 2376 1018 quo
2405 947 2681 1002 rationem
2715 961 2910 1000 sumus
2935 943 3235 1000 reddituri.
3259 942 3436 997 Omne
3461 944 3602 999 enim
3624 961 3729 999 ver-

2134 1040 2273 1094 bum
2318 1039 2558 1094 otiosum
2595 1039 2971 1111 quodcunque
3004 1038 3177 1092 locuti
3220 1037 3511 1103 fuerimus,
3546 1037 3727 1107 redde-

2136 1149 2264 1188 mus
2304 1149 2406 1205 pro
2446 1150 2513 1188 eo
2554 1134 2831 1189 rationem
2872 1133 3118 1203 (Matth.,
3163 1146 3258 1199 xu,
3302 1132 3408 1199 36).
3446 1130 3562 1185 Non
3594 1130 3729 1185 enim

406 1218 472 1285 (ll
507 1222 650 1285 Con,
693 1238 750 1291 ιι,
793 1224 899 1293 15).
938 1244 964 1273 ››
1000 1224 1067 1279 Et
1106 1223 1251 1277 bene
1293 1228 1530 1293 eructat,
1568 1224 1667 1296 qui
1696 1224 1939 1296 plurima
1981 1229 2037 1282 et
2134 1227 2421 1282 mediocre
2456 1226 2771 1298 periculum
2804 1231 2909 1292 est,
2947 1241 3077 1280 cum
3114 1224 3326 1279 habeas
3350 1226 3503 1279 tanta
3530 1224 3731 1295 eloquia

408 1315 604 1369 suavia
642 1321 927 1386 praecepta
967 1315 1191 1370 Domini
1235 1317 1568 1386 gustaverit.
1602 1318 1828 1374 Eructat
1867 1320 2031 1391 hym-

2134 1321 2262 1387 Dei,
2308 1326 2363 1375 et
2411 1320 2508 1375 Dei
2553 1336 2726 1391 Opera
2770 1335 2899 1391 quae
2942 1318 3075 1374 fecit
3124 1318 3184 1372 in
3229 1317 3463 1382 Genesi,
3514 1316 3642 1371 fecit
3680 1316 3732 1370 in

408 1424 568 1476 num,
617 1408 714 1479 qui
766 1409 1111 1463 eructaverit
1154 1410 1411 1465 verbum.
1460 1412 1717 1483 Denique
1758 1418 1814 1467 et
1859 1413 2032 1469 David
2134 1415 2348 1482 Exodo,
2376 1414 2509 1469 fecit
2535 1412 2793 1487 1252
2818 1413 2876 1467 in
2904 1409 3733 1482 Levitico,Numeris,Deutero—

406 1505 539 1555 ante
586 1502 855 1555 eructavit
897 1502 1133 1556 verbum
1183 1503 1395 1557 bonum
1428 1505 1595 1573 (Psal.
1640 1522 1784 1573 xuv,
1830 1506 1905 1577 2),
1944 1507 2035 1561 hic
2134 1508 2349 1576 nomio,
2378 1509 2503 1562 Jesu
2525 1507 2998 1574 Nave,Judicum,
3023 1507 3355 1578 Regnorum
3380 1508 3549 1575 atque
3568 1502 3735 1559 Esdraa

405 1599 622 1649 eructat
678 1596 976 1666 hymnum.
1006 1597 1225 1651 Bonum
1285 1597 1439 1652 enim
1503 1615 1713 1669 panem
1756 1600 2029 1671 gustavit,
2133 1601 2313 1670 libris,
2363 1601 2497 1656 fecit
2541 1601 2597 1655 in
2650 1599 2969 1670 Evangelio,
3019 1599 3105 1654 vel
3151 1599 3212 1653 in
3260 1596 3488 1652 Actibus
3531 1600 3734 1667 aposto-

402 1689 496 1760 qui
548 1689 617 1744 de
664 1690 802 1744 c0310
848 1689 1174 1758 descendit;
1220 1690 1439 1745 bonum
1489 1707 1719 1761 panem,
1768 1708 1938 1764 quem
1988 1695 2093 1765 si_
2133 1694 2339 1762 lorum,
2370 1694 2481 1749 illis
2505 1692 2927 1765 praetermissis,
2958 1691 3211 1764 loquaris
3236 1707 3363 1763 qua:
3393 1689 3736 1758 saeculisunt,

405 1784 531 1855 quis
557 1783 1006 1851 manducaverit,
1042 1800 1156 1837 non
1189 1783 1469 1839 morietur
1498 1784 1557 1839 in
1588 1789 1889 1841 aeternum.
1921 1788 2030 1843 Ha-
2053 1762 2110 1833 Β
2133 1787 2328 1842 audias
2370 1803 2499 1859 quae
2546 1786 2737 1841 saeculi
2786 1790 2935 1841 sunt.
2983 1807 3012 1835 ‹‹
3050 1784 3178 1856 Sepi
3219 1800 3389 1839 aures
3429 1789 3551 1839 tuas
3583 1781 3739 1853 spinis

402 1877 501 1930 bet
547 1876 788 1931 verbum
848 1876 945 1930 Dei
993 1877 1186 1947 epulas
1229 1893 1386 1946 suas;
1439 1878 1576 1933 alias
1623 1878 1917 1949 fortiores,
1968 1884 2035 1936 ut
2134 1882 2242 1952 (97)
2276 1882 2485 1950 (Eccli.,
2519 1897 2703 1949 xxviii,
2741 1882 2866 1950 28);
2908 1900 2937 1929 »
2973 1879 3191 1933 utinam
3233 1881 3293 1932 et
3319 1876 3572 1949 linguam
3600 1880 3741 1931 tuam

404 1972 490 2023 est
544 1970 649 2024 Lex
697 1975 754 2024 et
796 1970 1196 2041 Evangelium;
1248 1970 1384 2026 alias
1433 1972 1746 2040 suaviores,
1794 1975 1857 2027 ut
1901 1980 2033 2028 sunt
2134 1974 2415 2046 obsepias.
2462 1974 2565 2029 Sed
2614 1974 2763 2045 quod
2804 1974 2966 2045 pejus
3006 1976 3111 2041 est,
3157 1971 3502 2027 circumdata
3531 1974 3610 2026 est
3644 1969 3738 2024 lin-

402 2061 609 2116 Psalmi
648 2065 706 2117 et
735 2062 961 2118 Cantica
998 2063 1367 2118 canticorum.
1412 2066 1711 2120 Eructabat
1750 2066 2032 2136 hymnum
2134 2085 2249 2140 gua
2300 2073 2401 2123 tua
2451 2067 2646 2140 spinis,
2696 2084 2824 2139 quae
2879 2068 3308 2138 compungunt,
3362 2068 3421 2120 et
3465 2064 3742 2119 vulnerant

404 2155 677 2223 Ecclesia,
738 2156 820 2211 vel
876 2156 1065 2211 anima
1111 2157 1237 2229 pia,
1290 2158 1377 2211 cui
1430 2157 1657 2213 dicebat
1706 2160 1848 2214 Deus
1897 2162 2028 2215 Ver-
2132 2164 2460 2233 loquentem
2488 2178 2617 2233 quas
2646 2161 2846 2217 mundi
2871 2165 3022 2215 sunt.
3050 2160 3179 2215 ldeo
3205 2157 3560 2214 adversarius
3586 2156 3741 2212 etiam

400 2247 536 2301 bum
570 2266 581 2302 :
623 2267 649 2299 «
697 2249 928 2304 Insinua
967 2250 1109 2304 mihi
1154 2266 1350 2306 vocem
1386 2255 1576 2319 tuam;
1615 2253 1752 2323 quia
1786 2270 1893 2309 vox
1936 2256 2032 2309 tua
2133 2255 2427 2310 orantibus
2467 2255 2795 2327 frequenter
2832 2253 3131 2310 saeculares
3179 2251 3428 2308 offundit
3465 2249 3740 2322 cogitatio-

401 2342 587 2396 suavis
639 2346 725 2397 est
776 2343 980 2412 (Cant.,
1035 2361 1090 2411 ιι,
1142 2346 1245 2415 li).
1302 2368 1326 2394 n
1381 2346 1679 2401 Eructabat
1728 2347 2028 2417 hymnum,
2132 2365 2253 2403 nes.
2301 2348 2359 2404 Si
2408 2364 2521 2403 non
2564 2363 2701 2419 ergo
2739 2347 3013 2403 debemus
3051 2346 3252 2402 audire
3290 2346 3496 2412 aliena,
3533 2343 3616 2398 vel
3658 2357 3742 2395 suc

401 2435 490 2489 cui
517 2435 745 2490 dicebat
776 2453 787 2490 :
816 2460 841 2484 (ι
868 2439 1075 2491 Favum
1110 2437 1387 2493 distillant
1406 2439 1560 2494 labia
1585 2445 1699 2507 tua,
1730 2457 1761 2494 o
1788 2456 2026 2512 sponsa;

400 2528 515 2583 mel
547 2532 603 2584 et
627 2529 710 2583 lac
740 2530 844 2584 sub
875 2530 1076 2602 lingua
1106 2536 1206 2585 tua
1234 2533 1440 2603 (Cant.,
1470 2550 1542 2599 iv,
1580 2534 1683 2603 11).
1717 2552 1743 2585 ι)

473 2624 556 2677 l8.
588 2622 691 2677 Sed
732 2639 851 2678 non
890 2627 1074 2695 potest
1103 2625 1230 2696 quis
1258 2628 1388 2680 ante
1426 2631 1681 2682 eructare
1722 2628 2025 2699 hymnum,

400 2714 506 2769 nisi
538 2715 801 2772 didicerit
832 2717 1081 2788 justitias
1119 2719 1237 2787 Dei,
1279 2724 1337 2774 et
1364 2719 1624 2777 didicerit
1659 2721 1727 2775 ab
1764 2722 1885 2793 ipso
1916 2723 2025 2777 Do-

2133 2444 2365 2515 perllua,
2408 2445 2623 2514 quanto
2660 2442 2846 2514 magis
2872 2458 2990 2497 non
3025 2441 3310 2496 debemus
3340 2437 3601 2509 obloqui!
3629 2451 3745 2489 cum

2130 2537 2280 2592 dicat
2313 2537 2617 2608 unicuique
2667 2540 2995 2591 nostrorum
3038 2534 3335 2605 Scriptura
3378 2528 3740 2587 venerabilis:

2133 2650 2159 2682 ‹‹
2202 2633 2517 2701 Argentum
2549 2633 2608 2684 et
2636 2646 2839 2684 aurum
2876 2633 3040 2684 tuum
3081 2627 3293 2698 alliga;
3329 2631 3389 2681 et
3425 2625 3511 2680 ori
3543 2630 3637 2678 tuo
3669 2622 3748 2675 fac

2121 2726 2329 2796 jugum
2365 2727 2422 2778 et
2450 2722 2676 2794 pondus
2712 2722 2892 2790 (lbid.,
2921 2720 3032 2791 29).
3061 2741 3089 2769 η
3119 2720 3306 2791 Alliga
3334 2734 3562 2774 sensum
3599 2720 3748 2770 tuum

400 2809 554 2863 mino
584 2811 695 2865 Deo
736 2827 858 2866 suo.
892 2812 1023 2867 Ideo
1065 2813 1388 2884 specialiter
1416 2815 1521 2870 hoc
1564 2814 1735 2870 David
1765 2815 1929 2886 petit,
1968 2820 2031 2870 ut
2129 2819 2238 2872 ﬁda
2280 2817 2663 2872 taciturnitate
2706 2815 2854 2887 (98);
2896 2814 3069 2886 alliga
3107 2828 3406 2869 sermones
3446 2817 3601 2877 tuos,
3646 2809 3747 2863 im-

399 2918 532 2957 eum
571 2903 771 2959 doceat
800 2906 976 2973 Deus;
1019 2907 1281 2962 audierat
1317 2907 1472 2962 enim
1504 2914 1560 2963 et
1601 2912 1940 2980 cognoverat
1969 2909 2027 2963 in

400 2996 621 3068 spiritu,
652 3019 679 3049 (ι
708 2999 847 3062 Quia
877 3015 1025 3053 unus
1050 3001 1324 3071 magister
1349 3004 1431 3055 est
1459 3003 1699 3070 (Matt/1.,
1723 3018 1870 3067 xxm,
1900 3003 1972 3071 8),
1997 3024 2025 3051 ››

2128 2927 2276 2984 pone
2309 2912 2520 2982 jugum
2566 2910 2649 2964 ori
2694 2912 2813 2978 tuo,
2859 2924 2931 2963 ne
2970 2907 3249 2963 indomita
3298 2905 3514 2962 cervice
3564 2902 3746 2957 verbo-

2129 3019 2256 3059 rum
2285 3020 2343 3059 se
2367 3004 2561 3074 jactet.
2586 3004 2826 3075 lmpone
2852 3002 3098 3074 pondus,
3134 3004 3194 3054 ut
3220 3004 3392 3055 cauto
3420 2997 3611 3053 omnia
3636 3010 3748 3067 quas

395 3095 450 3144 et
476 3089 606 3144 ideo
635 3091 845 3162 ubique
866 3092 1053 3162 ipsum
1079 3092 1182 3146 sibi
1204 3093 1494 3149 doctorem
1524 3093 1645 3148 ﬁeri
1677 3094 2022 3165 postulabat;
2048 3126 2101 3198 Ο
2126 3098 2419 3169 loquimur
2453 3097 2800 3151 trutinemus
2838 3095 3115 3150 examine.
3158 3093 3377 3198 Quibus
3415 3096 3603 3198 tamen
3643 3087 3748 3192 Spit

394 3186 460 3236 ut
506 3183 575 3237 ab
623 3184 746 3254 ipso
797 3184 1037 3239 disceret
1071 3185 1505 3256 justiﬁcationes
1552 3187 1691 3257 ejus.
1730 3189 2027 3252 Quomodo

394 3274 546 3329 enim
573 3280 798 3330 cantare
832 3281 1019 3347 potest
1044 3280 1173 3350 quis
1201 3279 1259 3333 in
1287 3284 1444 3334 metu
1474 3281 1706 3351 positus,
1736 3287 1793 3335 et
1818 3282 2025 3337 timore

394 3370 732 3438 poenarum?
783 3369 1085 3434 Quomodo
1127 3377 1355 3429 cantare
1400 3379 1584 3444 potest
1630 3375 1888 3445 gravium
1920 3375 2025 3430 sibi

393 3461 647 3516 conscius
682 3461 1042 3532 delictorum,
1086 3466 1194 3519 nisi
1223 3466 1382 3537 prius
1425 3468 1524 3522 ﬁat
1554 3468 1727 3523 venias
1752 3471 2023 3524 securus?

391 3555 646 3627 Denique
676 3556 735 3611 in
763 3558 1168 3628 posterioribus
1194 3560 1373 3614 habes
1407 3579 1419 3614 :
1452 3581 1479 3613 (ι
1513 3561 1806 3626 Quomodo
1837 3568 2023 3618 canta-

391 3651 582 3705 bimus
604 3650 888 3705 canticum
910 3652 1136 3707 Domini
1159 3654 1215 3707 in
1238 3659 1393 3708 terra
1411 3654 1598 3710 aliena
1619 3655 1783 3726 (Psal.
1805 3672 2017 3724 CXXXVI,

388 3746 462 3815 ei),
496 3766 522 3792 n
551 3743 609 3798 in
648 3760 757 3815 qua
787 3746 1183 3817 impugnetur,
1215 3747 1273 3801 in
1304 3764 1418 3819 qua
1447 3750 1761 3819 captivetur
1789 3750 1848 3804 in
1894 3752 2021 3821 lege

391 3838 625 3908 peccati,
657 3838 713 3892 in
749 3855 861 3910 qua
892 3838 1099 3894 deﬂeat
1140 3846 1311 3912 atque
1355 3841 1610 3912 deploret
1637 3859 1754 3898 suae
1785 3844 2019 3915 captivi-

386 3931 517 3986 tatis
542 3949 861 3987 asrumnam
879 3933 906 3987 ?

461 4028 545 4080 19.
577 4027 642 4080 Et
670 4029 729 4079 tu
759 4042 899 4097 ergo
926 4028 1032 4082 ede
1059 4029 1481 4098 Scripturarum
1509 4029 1817 4084 caelestium
1843 4031 2017 4100 cibos,

390 4121 446 4171 et
477 4119 580 4173 ede
610 4122 669 4173 ut
697 4126 1081 4190 permaneant
1100 4122 1198 4175 tibi
1229 4122 1284 4176 in
1310 4123 1481 4177 vitam
1510 4128 1801 4192 aeternam,
1833 4131 1890 4180 et
1915 4126 2020 4180 ede

386 4212 662 4282 quotidie,
704 4218 769 4267 ut
812 4230 925 4268 non
969 4214 1200 4284 esurias,
1245 4216 1350 4271 ede
1398 4223 1458 4271 ut
1498 4217 1784 4287 replearis,
1822 4219 1927 4273 ede
1956 4224 2021 4273 ut

384 4306 688 4361 verborum
740 4307 1055 4363 ccelestium
1111 4315 1331 4364 eructes
1391 4309 1673 4381 saginam.
1729 4311 2021 4382 Spiritales

382 4400 566 4471 epulae
622 4417 739 4456 non
793 4401 991 4456 obesse
1043 4403 1247 4470 solent,
1300 4403 1399 4458 sed
1450 4403 1718 4474 prodesse
1766 4405 2016 4469 satiatis;

2126 3191 2214 3246 nis
2256 3196 2322 3245 ut
2364 3190 2547 3262 sepias
2596 3206 2763 3245 aures
2810 3193 2935 3243 tuas
2978 3189 3269 3258 Scriptura
3313 3186 3418 3242 tibi
3463 3178 3613 3251 dicit,
3653 3181 3749 3236 nisi

2126 3284 2371 3340 contrito
2418 3284 2607 3352 corde,
2656 3289 2712 3338 et
2752 3283 2957 3338 timore
3000 3281 3258 3352 judicii?
3303 3279 3615 3336 Salubriter
3655 3275 3749 3330 ista

2125 3382 2553 3450 compungunt;
2589 3378 2886 3432 stimulant
2928 3376 3053 3442 ista,
3099 3390 3213 3431 non
3255 3375 3595 3439 vulnerant;
3634 3371 3749 3424 licet

2124 3477 2181 3529 et
2209 3473 2441 3526 vulnera
2473 3472 2631 3526 utilia
2655 3471 2769 3525 sint
2795 3470 2986 3525 amici.

2196 3569 2283 3620 2t.
2317 3565 2530 3628 Omnia,
2566 3564 2772 3636 inquit,
2803 3565 3068 3619 mandata
3101 3565 3195 3619 Dei
3222 3565 3458 3632 justitia
3484 3566 3591 3627 est;
3628 3558 3750 3630 quia

2124 3663 2256 3713 sunt
2295 3657 2571 3712 mandata
2606 3656 2869 3727 justitiaa,
2918 3661 2975 3712 et
3022 3656 3152 3710 ideo
3200 3656 3328 3711 sine
3377 3653 3600 3726 justitia
3642 3664 3749 3705 esse

2125 3768 2237 3805 non
2281 3754 2535 3821 possunt.
2574 3748 2898 3805 Mandatum
2941 3748 3036 3803 Dei
3080 3752 3183 3817 est,
3230 3753 3299 3803 ut
3339 3747 3545 3819 diligas
3586 3748 3750 3801 Deum

2124 3848 2288 3899 tuum
2325 3846 2523 3914 (Deut.,
2560 3859 2635 3909 vi,
2676 3844 2747 3912 ὅ).
2778 3843 2933 3897 Unde
2974 3841 3052 3896 ait
3090 3842 3302 3896 Paulus
3330 3859 3344 3897 :
3377 3862 3405 3893 ι(
3438 3839 3547 3906 Qui
3577 3835 3754 3908 diligit

2120 3937 2450 4007 proximum
2497 3951 2693 4002 suum,
2742 3935 2933 4005 legem
2985 3934 3286 4006 implevit;
3346 3934 3624 4007 scriptum
3677 3933 3752 3984 est

2122 4030 2277 4085 enim
2309 4048 2322 4085 :
2352 4030 2472 4083 Non
2501 4027 2865 4097 adulterabis,
2896 4044 3013 4082 non
3040 4027 3283 4097 occides,
3316 4044 3434 4082 non
3465 4022 3749 4085 iuraberis,

2122 4141 2239 4179 non
2268 4121 2650 4194 concupisces,
2683 4127 2740 4176 et
2766 4121 2811 4175 si
2841 4120 2993 4192 quod
3017 4123 3101 4175 est
3126 4121 3285 4176 aliud
3317 4121 3678 4185 mandatum,
3701 4117 3752 4170 in

2121 4219 2231 4272 hoc
2260 4216 2431 4272 verbo
2466 4216 2818 4270 instauratur
2845 4218 3039 4285 (Rom,
3074 4231 3188 4283 ιιιιι,
3219 4218 3273 4282 8,
3306 4218 3387 4286 9).
3421 4236 3449 4264 ››
3478 4214 3533 4269 Si
3561 4214 3617 4267 in
3642 4211 3752 4282 ipso

2122 4311 2298 4365 verbo
2335 4311 2689 4365 instauratur
2729 4324 2902 4363 omne
2939 4307 3300 4377 mandatum,
3340 4307 3500 4380 quod
3531 4304 3751 4361 verbum

2112 4403 2336 4474 justitia
2364 4407 2449 4457 est
2478 4402 2637 4474 (quid
2665 4401 2819 4457 enim
2848 4408 2964 4456 tam
2987 4401 3230 4471 justum,
3258 4418 3441 4473 quam
3474 4406 3537 4455 ut
3562 4399 3752 4469 diligas

381 4492 626 4564 ideoque
667 4496 875 4566 repleri
916 4495 1135 4551 volebat
1171 4496 1452 4568 Propheta
1494 4497 1593 4569 qui
1629 4497 1767 4552 dicit
1797 4515 1811 4553 :
1850 4521 1875 4547 ‹‹
1904 4500 2014 4554 Re-
2037 4493 2096 4563 D
2119 4499 2299 4552 Deum
2333 4502 2519 4563 tuum,
2558 4501 2616 4550 et
2644 4494 2849 4567 diligas
2880 4495 3114 4550 fratrem
3149 4495 3368 4565 tuum),
3405 4495 3603 4565 utique
3635 4506 3748 4545 om-

380 4585 610 4657 pleatur
643 4603 706 4640 os
746 4604 942 4643 meum
988 4590 1175 4658 laude,
1218 4595 1281 4643 ut
1318 4593 1539 4644 cantem
1580 4590 1822 4661 gloriam
1858 4597 2017 4647 tuam

378 4678 548 4749 (Psal.
594 4696 716 4746 LXX,
750 4685 827 4749 8).
869 4703 896 4729 ››
936 4682 1039 4745 Qui
1077 4686 1262 4736 cantat
1305 4684 1401 4737 Dei
1444 4683 1706 4753 gloriam,
1735 4685 2017 4756 hymnum

382 4772 626 4828 Domino
659 4789 758 4827 cor
782 4774 903 4845 ejus
932 4778 1168 4830 eructat.

450 4870 537 4922 20.
594 4866 771 4937 (Vers.
835 4870 976 4937 172.)
1026 4869 1291 4939 Sequitur
1338 4886 1530 4926 versus
1583 4876 1816 4942 quartus
1857 4889 1871 4926 :
1919 4875 2016 4927 Lo-

375 4966 577 5031 quetur
626 4962 817 5029 lingua
864 4977 981 5016 mea
1023 4963 1245 5017 verbum
1294 4970 1480 5028 tuum;
1529 4968 1785 5034 quoniam
1833 4968 2016 5021 omnia

377 5054 641 5111 mandata
676 5061 769 5110 tua
796 5056 1021 5126 justitia
1051 5063 1145 5112 est.
1182 5056 1291 5121 Qui
1321 5057 1580 5113 didicerit
1608 5059 1857 5129 justitias
1895 5060 2011 5129 Dei,

451 5236 546 5300 (97)
592 5234 784 5285 Plures
837 5247 991 5295 mss.,
1037 5233 1185 5297 Sapis
1239 5247 1399 5285 aures
1447 5239 1566 5285 tuas
1610 5235 1797 5299 spinis.
1847 5235 2013 5285 Haud

377 5310 539 5360 male.
590 5308 700 5357 Alii
741 5311 929 5356 tamen
968 5310 1024 5356 et
1069 5318 1264 5356 omnes
1302 5305 1455 5367 edit.,
1504 5306 1642 5369 Sepi,
1693 5310 1797 5356 etc.
1847 5306 2013 5368 Quod

380 5384 584 5441 autem,
635 5382 761 5441 post
814 5376 1070 5439 verbum,
1113 5376 1368 5439 obsepias,
1419 5381 1640 5427 cunctas
1686 5377 1816 5427 edit.
1866 5377 2013 5439 adji-

375 5452 549 5510 ciunt,
575 5463 641 5499 πο
666 5449 907 5513 loquaris
937 5463 1053 5514 quas
1077 5448 1254 5499 seaculi
1278 5453 1419 5511 sunt,
1450 5449 1645 5499 audias
1673 5462 1791 5513 qua
1814 5448 2012 5509 saeculi,-

374 5521 499 5572 haec
527 5523 582 5571 in
612 5535 743 5571 mss.
775 5521 945 5571 nullis
972 5522 1230 5586 reperias,
1258 5524 1312 5571 et
1338 5524 1486 5571 certe
1515 5532 1667 5570 mera
1694 5523 1776 5569 est
1806 5521 2012 5583 repeti—

376 5595 453 5645 tio
482 5593 829 5657 superiorum
843 5629 858 5650 ,

436 5665 532 5724 I98)
570 5663 735 5721 Edit,
784 5664 960 5727 Alliga
1004 5678 1214 5716 sensum
1259 5671 1405 5717 tuum
1451 5664 1567 5727 ﬁde,
1614 5662 2016 5723 taciturnitate;

376 5752 528 5797 mss.,
560 5737 665 5798 [ida
694 5736 1076 5783 taciturnitate.

434 5808 530 5868 (99)
574 5805 707 5856 Cod.
759 5804 947 5865 (Sorb.,
993 5806 1086 5869 qui
1129 5808 1360 5855 occidere
1419 5806 1523 5858 ruit
1569 5808 1807 5871 fratrem.
1850 5806 2005 5858 Sorb.

2119 4591 2214 4646 nia
2243 4590 2343 4645 Dei
2368 4589 2643 4644 mandata
2654 4589 2875 4660 justitia
2899 4594 3003 4644 est.
3031 4588 3183 4644 Sicut
3204 4588 3365 4644 enim
3387 4589 3488 4661 qui
3508 4585 3750 4643 occidere

2118 4688 2307 4756 potest
2332 4685 2571 4738 fratrem
2608 4683 2738 4753 (99),
2775 4682 2969 4754 utique
3007 4700 3122 4737 non
3164 4682 3381 4754 diligit;
3411 4682 3512 4754 qui
3543 4680 3747 4735 adulte-

2117 4785 2208 4834 rat
2238 4778 2426 4833 fratris
2456 4793 2713 4844 uxorem,
2743 4776 2940 4847 utique
2972 4792 3084 4831 non
3122 4776 3311 4847 diligit
3349 4777 3632 4842 fratrem;
3660 4769 3749 4843 qni

2116 4874 2356 4939 furatur,
2395 4870 2492 4942 qui
2521 4870 2870 4941 concupiscit
2908 4868 3178 4938 alienum,
3224 4870 3433 4942 utique
3479 4885 3590 4923 non
3628 4863 3746 4920 dili-

2119 4966 2203 5037 git
2238 4980 2372 5020 eum
2404 4979 2575 5035 quem
2606 4962 2866 5018 fraudare
2905 4961 3211 5029 desiderat,
3253 4961 3338 5017 ita
3376 4963 3476 5034 qui
3515 4958 3746 5033 superbe

2115 5057 2356 5129 despicit
2394 5057 2650 5125 fratrem,
2688 5055 2787 5128 qui
2825 5071 2958 5110 eum
3001 5054 3325 5110 deformare
3358 5061 3621 5120 conatur,
3660 5048 3747 5123 qui

2113 5248 2279 5293 unus,
2328 5233 2423 5297 qui
2475 5232 2709 5283 occidere
2765 5233 2891 5296 petit
2939 5232 3182 5294 fratrem.
3231 5231 3346 5283 Sed
3403 5246 3473 5283 ea
3526 5228 3747 5282 mutatio

2113 5319 2225 5355 non
2265 5303 2488 5354 aliunde
2526 5317 2694 5368 quam
2735 5317 2768 5354 e
2803 5304 3133 5367 scriptorum
3178 5305 3497 5367 ignorantia
3537 5311 3745 5366 proma-

2114 5377 2281 5426 navit.
2333 5377 2453 5426 Non
2507 5376 2769 5427 viderunt
2818 5375 3092 5440 siquidem
3146 5380 3309 5439 potest
3353 5374 3620 5430 occidere,
3661 5370 3747 5420 hic

2112 5447 2258 5497 idem
2316 5459 2437 5497 esse
2496 5460 2562 5497 ac
2632 5459 2822 5497 revera
2896 5446 3184 5507 occidere,
3242 5449 3307 5495 ut
3383 5445 3743 5509 Virgilianum

2114 5516 2250 5568 illud
2275 5532 2286 5565 :

2765 5627 2997 5678 Potuisti
3025 5627 3279 5691 linquere
3306 5627 3531 5678 solam?

2113 5734 2342 5801 perinde
2370 5738 2449 5786 cst
2476 5748 2539 5787 ac
2566 5734 2827 5799 quomodo
2854 5734 3023 5786 solam
3053 5734 3388 5799 dorsliquisti
3409 5731 3439 5785 ?
