3930 6168
236 289 346 343 1597

1314 282 1664 338 EXPOSITIO
1702 283 1769 337 IN
1807 280 2120 339 PSALMUM
2145 282 2384 351 CXVIII.

3394 287 3530 341 1598

230 404 435 476 pascitur
464 402 579 472 ejus
606 400 848 472 injuriis,
878 418 911 458 a
946 401 1229 458 consortio
1266 397 1557 459 charitiitis
1581 401 1803 458 alienus
1825 403 1976 488 Atis
2015 402 2294 459 deduxisti
2332 417 2422 457 me
2451 403 2612 469 (Psal.
2658 418 2764 469 xxi,
2811 404 2935 473 16)?
2965 424 2991 451 ››
3020 406 3203 467 Quam
3248 405 3413 460 multi
3446 405 3531 459 vi-

226 504 309 554 est.

277 594 350 644 22.
391 591 554 657 (νει-ε.
604 588 751 657 173.)
787 589 1058 660 Sequitur
1106 607 1300 645 versus
1346 590 1579 661 quintus
1620 606 1633 644 :
1681 591 1806 643 Fiat

220 699 379 739 manus
404 688 493 738 tua
532 682 742 737 salvum
779 684 960 749 facere
986 700 1097 750 me;
1124 687 1380 754 quoniam
1413 684 1684 739 mandata
1711 688 1807 738 tua

218 780 343 846 elegi.
378 776 687 830 Adventum
730 775 950 831 Domini
1000 777 1227 832 videtur
1266 793 1451 846 orare,
1496 776 1632 847 quia
1682 792 1803 830 ma-

218 886 305 926 nus
328 869 418 925 Dei
446 868 695 923 Christus
726 871 827 923 est.
856 871 1049 941 Ipsum
1086 870 1334 941 legimus
1364 870 1659 925 dexteram
1684 868 1801 938 Dei,

216 964 271 1018 de
294 978 397 1033 quo
424 977 596 1033 supra
618 962 699 1015 ait
727 978 739 1015 :
776 983 805 1012 «
832 965 1070 1018 Dextera
1100 963 1321 1019 Domini
1344 963 1475 1017 fecit
1506 962 1801 1029 virtutem;

214 1057 413 1111 dextera
454 1054 677 1111 Domini
724 1056 989 1111 exaltavit
1037 1073 1130 1111 me
1178 1058 1346 1127 (Psal.
1403 1072 1567 1123 cxvn,
1618 1056 1725 1127 16).
1773 1077 1800 1106 ››

210 1153 304 1206 Cur
337 1164 467 1220 ergo
510 1149 601 1203 hic
646 1165 880 1203 manum
921 1150 1084 1219 dixit,
1130 1149 1240 1205 nisi
1277 1150 1422 1205 forte
1464 1166 1583 1205 non
1623 1149 1806 1204 solum

209 1248 410 1314 propter
455 1242 840 1297 diversitatem
874 1244 1092 1314 gratiae,
1131 1259 1301 1315 quam
1349 1244 1655 1314 scriptores
1691 1259 1805 1297 non

208 1336 616 1408 praetermittere
645 1336 847 1405 solent,
881 1336 982 1391 sed
1026 1337 1199 1392 etiam
1236 1342 1466 1409 propter
1492 1337 1805 1407 quamdam

207 1430 579 1500 proprietatem
617 1445 898 1485 manuum
942 1429 1161 1486 dictum
1191 1434 1311 1499 est;
1355 1434 1421 1484 ut
1458 1430 1539 1484 ibi
1577 1430 1807 1485 dextera

207 1524 419 1589 dicatur,
450 1522 547 1577 ubi
587 1523 852 1577 scribitur
897 1524 1048 1594 quod
1089 1525 1361 1579 exaltavit
1399 1540 1532 1578 eum
1572 1524 1802 1593 virtute,

206 1614 282 1671 hic
315 1631 536 1682 manus,
580 1616 676 1670 ubi
718 1616 954 1687 intelligi
1000 1622 1275 1687 Oporteat,
1320 1617 1473 1688 quod
1519 1633 1654 1678 eum
1696 1618 1803 1672 bu-

204 1708 410 1764 militate
440 1708 727 1764 servavit?
752 1711 941 1765 Potest
966 1716 1023 1764 et
1057 1710 1135 1764 sic
1174 1710 1417 1783 intelligi
1457 1727 1665 1766 manus
1698 1712 1801 1766 Do-

1902 500 2101 552 ventes
2148 497 2207 550 in
2256 496 2479 551 inferno
2532 496 2693 550 sunt!
2746 498 2867 566 Ipse
2913 496 3120 550 Paulus
3156 498 3417 568 cupiebat
3463 500 3532 553 de

1904 605 2143 660 corpore
2204 590 2403 643 mortis
2453 589 2622 660 hujus
2672 589 2932 655 liberari,
2978 590 3075 660 qui
3128 606 3258 645 vere
3321 607 3529 646 concu-

1903 682 2043 753 pivit
2075 683 2321 738 salutare
2363 683 2481 751 Dei,
2521 683 2714 737 dicens
2752 701 2765 737 :
2814 704 2840 731 ‹‹
2868 682 3102 737 Dissolvi
3143 683 3298 737 enim
3340 685 3530 754 cupio,

1904 780 2115 833 etcum
2143 777 2362 833 Christo
2404 793 2524 830 esse
2562 777 2743 831 multo
2782 777 3014 845 melius;
3046 792 3390 848 permanere
3430 794 3529 830 au-

1904 874 2018 925 tem
2046 870 2106 925 in
2136 886 2307 925 carne
2336 870 2519 940 magis
2546 869 2931 925 necessarium
2966 870 3251 941 (Philipp.,
3287 887 3323 936 1,
3358 871 3467 941 23),
3504 891 3530 919 ››

1907 980 2077 1033 quam
2140 963 2546 1019 voluntarium.
2614 964 2906 1028 Quomodo
2961 980 3099 1034 ergo
3148 964 3287 1019 vivit
3348 964 3537 1018 anima

1905 1061 2103 1128 operta
2160 1058 2360 1113 mortis
2402 1058 2723 1124 involucro;
2771 1063 2869 1111 aut
2918 1073 3046 1129 qum
3093 1062 3178 1113 est
3226 1056 3358 1125 vita,
3408 1073 3536 1128 qum

1905 1151 1964 1206 in
2008 1150 2210 1205 umbra
2249 1150 2371 1205 est?
2412 1154 2474 1206 In
2520 1151 2753 1222 regione
2796 1150 3018 1206 umbrae
3061 1151 3263 1207 mortis
3303 1166 3533 1219 sumus;

1905 1244 2236 1300 abscondita
2279 1249 2362 1299 est
2412 1244 2529 1299 vita
2573 1248 2791 1310 nostra,
2830 1259 2944 1298 non
2980 1244 3185 1312 libera;
3230 1244 3336 1299 erit
3379 1244 3534 1299 enim

1904 1337 1964 1391 in
2005 1337 2239 1409 regione
2278 1338 2553 1405 vivorum,
2587 1338 2647 1393 in
2688 1354 2801 1409 qua
2840 1336 3111 1392 ﬁduciam
3147 1337 3537 1408 complacendi

1897 1430 2087 1501 justus
2129 1431 2389 1497 assumit,
2439 1436 2501 1485 ut
2540 1432 2760 1501 placeat
2800 1430 3036 1485 Domino
3078 1431 3136 1485 in
3176 1430 3411 1501 regione
3450 1428 3535 1483 vi-

1904 1540 2103 1579 vorum
2132 1524 2302 1591 (Psal.
2329 1540 2470 1591 cxiv,
2515 1526 2589 1593 9).
2630 1523 2711 1578 lbi
2750 1541 2890 1595 ergo
2926 1524 3060 1579 vivit
3096 1524 3287 1578 anima
3324 1526 3533 1589 nostra,

1903 1617 2003 1671 ubi
2028 1617 2174 1671 nihil
2207 1618 2466 1685 mortale,
2502 1617 2645 1671 nihil
2684 1617 2978 1672 infirmum
3006 1616 3217 1672 amicta
3260 1616 3353 1681 sit,
3392 1616 3537 1670 nihil

1907 1710 2163 1766 debitum
2190 1727 2395 1782 paenae.

207 1801 344 1869 mini,
371 1803 518 1857 sicut
545 1802 755 1857 dicitur.
786 1802 846 1856 in
885 1819 992 1857 usu
1022 1820 1035 1858 :
1063 1804 1262 1875 Magna
1304 1809 1388 1859 est
1422 1820 1629 1859 manus
1654 1804 1807 1860 illius
1826 1783 1882 1854 B
1975 1808 2066 1858 25.
2096 1804 2177 1861 lbi
2217 1803 2469 1859 laudabit
2509 1802 2841 1870 Dominum,
2870 1803 2969 1857 ubi
2999 1802 3260 1874 deposito
3293 1802 3531 1857 inﬁrmi-

206 1894 350 1965 regis,
380 1894 485 1950 hoc
526 1901 633 1962 est,
666 1912 909 1967 magnus
952 1896 1252 1963 exercitus,
1285 1902 1342 1951 et
1374 1897 1524 1952 illius
1566 1898 1808 1952 inferior

205 1994 271 2042 est
292 2004 514 2057 manus,
562 1994 624 2043 ut
666 1989 842 2044 etiam
886 1989 979 2044 hic
1022 1989 1447 2060 intelligamus:
1491 1991 1609 2045 Fiat
1640 1992 1804 2061 adju-

202 2088 431 2135 mentum
460 2084 633 2137 tuum
677 2084 849 2153 atque
877 2082 1219 2152 subsidium,
1254 2088 1316 2138 ut
1352 2084 1547 2139 mittas
1572 2086 1807 2155 angelos

202 2180 323 2240 tuos,
351 2191 522 2246 opem
556 2179 733 2242 tuam,
761 2175 1014 2230 subsidia
1040 2176 1309 2247 potentia:
1331 2182 1442 2232 tua:
1468 2178 1541 2233 ad
1570 2178 1807 2233 liberan-

202 2268 316 2321 dum
360 2268 644 2339 populum
674 2275 854 2323 tuum.
899 2270 1028 2324 Haec
1069 2274 1153 2324 est
1192 2286 1399 2325 manus
1444 2272 1545 2326 Dei
1583 2272 1654 2326 de
1693 2288 1808 2343 qua

202 2362 447 2432 scriptum
499 2365 589 2416 est
627 2382 642 2417 :
703 2382 729 2413 α
772 2363 968 2418 Nonne
1015 2379 1213 2418 omnes
1256 2363 1503 2419 ministri
1553 2365 1803 2437 spiritus,

200 2457 276 2525 qui
317 2457 629 2510 mittuntur
654 2455 713 2510 in
750 2456 1131 2511 ministerium
1172 2462 1409 2529 propter
1448 2474 1541 2513 eos
1581 2459 1679 2530 qui
1713 2460 1803 2514 fu-

200 2548 289 2602 turi
313 2547 573 2623 1253
601 2553 771 2604 erunt
800 2549 1056 2605 hmredes
1083 2551 1281 2605 salutis
1316 2552 1522 2621 (Hebr.,
1550 2570 1587 2620 ι,
1621 2555 1702 2622 14)
1721 2554 1749 2607 ‘t
1777 2574 1804 2602 ιι

197 2642 284 2704 Qui
322 2659 457 2714 ergo
508 2643 684 2713 elegit
727 2643 1000 2697 mandata
1043 2644 1162 2713 Dei,
1213 2645 1391 2699 utitur
1433 2646 1805 2715 conﬁdentia;

196 2739 249 2789 ut
267 2752 388 2790 cum
414 2735 757 2791 auctoritate
785 2736 1051 2808 deposcat
1077 2737 1181 2791 sibi
1209 2738 1398 2792 divina
1429 2739 1697 2795 subsidia.

251 2832 329 2884 23.
379 2830 563 2900 (Vers.
616 2830 763 2900 174.)
810 2829 1081 2901 Sequitur
1127 2847 1319 2886 versus
1364 2837 1554 2887 sextus
1605 2852 1617 2886 :
1667 2835 1802 2891 Con-

197 2926 351 2992 cupivi
383 2924 638 2978 salutare
681 2927 851 2991 tuum,
895 2925 1133 2987 Domine,
1178 2929 1229 2978 et
1277 2926 1363 2979 lea:
1404 2932 1500 2979 tua
1528 2927 1806 2981 meditatio

198 3032 295 3070 mea
334 3021 427 3071 est.
473 3015 638 3071 Alius
676 3016 1040 3087 longaevitate
1081 3017 1211 3072 vitae
1254 3017 1417 3073 istius
1465 3018 1802 3086 delectatur,

1906 1898 2041 1952 tatis
2084 1913 2341 1969 corpore,
2384 1897 2698 1952 conformis
2740 1914 2863 1953 esse
2906 1896 3144 1967 coeperit
3183 1896 3382 1967 gloria:
3419 1912 3537 1950 cor-

1905 1991 2058 2063 poris
2099 1991 2331 2047 Christi.
2374 1992 2516 2045 Nam
2563 1991 2700 2045 dum
2742 1990 2801 2044 in
2848 1995 3079 2060 peccato
3122 2006 3335 2065 sumus,
3369 1990 3537 2060 plene

1906 2086 2136 2140 laudare
2197 2085 2296 2156 qui
2358 2084 2702 2155 possumus?
2753 2106 2779 2134 ‹‹
2838 2082 3122 2139 Peccatori
3186 2082 3341 2138 enim
3397 2082 3540 2137 dixit

1907 2180 2093 2233 Deus:
2130 2178 2315 2242 Quare
2358 2183 2420 2232 tu
2457 2194 2688 2233 enarras
2715 2177 2965 2248 justitias
3005 2193 3159 2231 meas
3190 2176 3356 2247 (Psal.
3396 2192 3537 2243 xux,

1910 2273 2039 2341 l6)?
2065 2293 2092 2320 ››
2131 2274 2192 2327 Ιη
2230 2272 2436 2326 umbra
2473 2288 2672 2326 sumus
2709 2270 2801 2325 hic
2832 2271 3032 2343 positi;
3066 2270 3126 2324 in
3166 2269 3374 2324 umbra
3397 2269 3536 2323 vivi-

1906 2381 2064 2434 mus;
2130 2364 2188 2418 in
2251 2365 2454 2420 umbra
2512 2364 2837 2433 laudamus;
2894 2364 3141 2435 perfecte
3209 2363 3266 2417 in
3330 2363 3540 2417 umbra

1906 2459 2137 2513 laudare
2172 2474 2286 2512 non
2326 2475 2642 2529 possumus.
2685 2460 2745 2511 lu
2778 2460 2932 2511 terra
2961 2457 3149 2511 aliena
3185 2471 3410 2524 sumus;
3438 2455 3536 2510 de-

1906 2552 2079 2622 nique
2102 2552 2303 2607 audisti
2332 2552 2386 2605 in
2415 2550 2821 2622 posterioribus
2848 2550 3099 2605 dicentes
3134 2570 3147 2603 :
3185 2572 3212 2599 «
3242 2549 3537 2613 Quomodo

1906 2645 2259 2700 cantabimus
2284 2645 2565 2700 canticum
2596 2644 2819 2700 Domini
2859 2644 2915 2699 in
2958 2648 3112 2698 terra
3152 2643 3337 2697 aliena
3361 2642 3529 2713 (Psal.

1906 2755 2114 2806 cxxxvr,
2139 2738 2193 2807 4)
2211 2738 2238 2792 ?
2272 2759 2299 2785 »

1977 2834 2065 2885 26.
2119 2831 2398 2901 Adjuvant
2451 2836 2642 2886 autem
2686 2830 2904 2901 judicia
2960 2831 3056 2884 Dei
3106 2832 3354 2895 sanctos,
3406 2845 3539 2883 cum

1906 2925 2069 2979 bonis
2093 2924 2357 2996 operibus
2384 2924 2769 2979 remuneratio
2794 2924 2927 2977 vitae
2954 2924 3256 2978 confertur
3285 2924 3538 2977 aeternas.

1911 3020 2107 3073 Beatus
2153 3018 2254 3090 qui
2306 3018 2443 3072 dicit
2483 3034 2495 3071 :
2546 3019 2616 3072 Et
2651 3016 2869 3086 judicia
2916 3022 3011 3071 tua
3060 3016 3395 3086 adjuvabunt
3437 3031 3541 3071 me.

198 3112 241 3161 et
277 3108 627 3181 concupiscit
662 3126 838 3181 usque
865 3110 938 3165 ad
975 3111 1250 3181 depositw
1290 3113 1600 3167 senectutis
1626 3114 1803 3169 finem
1827 3146 1880 3218 Ο
1909 3114 2025 3183 Ego
2048 3111 2328 3179 inﬁrmus,
2358 3127 2464 3182 ego
2494 3114 2763 3182 peccator
2793 3110 2968 3165 timeo
2990 3109 3207 3181 judicia
3240 3108 3339 3163 Dei
3366 3125 3538 3179 prop-

197 3204 423 3273 corporis
470 3203 652 3273 hujus
698 3203 868 3257 vitam
918 3204 1255 3274 producere.
1302 3205 1409 3259 Alii
1463 3206 1808 3277 franguntur
1832 3202 1880 3218 ν
1912 3212 1995 3259 ter
2023 3204 2433 3259 conscientiam
2470 3204 2844 3272 delictorum;
2875 3203 3016 3258 mihi
3056 3206 3336 3257 terrorem
3376 3202 3538 3256 adfe-

196 3296 536 3366 azgritudinis
565 3296 921 3366 inﬁrmitate,
959 3298 1029 3351 de
1061 3297 1267 3368 quibus
1295 3314 1467 3353 nemo
1506 3304 1693 3370 potest
1721 3300 1805 3355 di-

194 3404 300 3443 cere
328 3408 390 3444 ;‹‹
421 3392 575 3445 Cum
602 3389 886 3458 inﬁrmor,
915 3393 1049 3444 tunc
1074 3394 1277 3461 potens
1298 3408 1426 3445 sum
1448 3392 1516 3464 (ll
1539 3396 1683 3456 Cor.,
1708 3410 1806 3463 xu,

197 3484 282 3551 10).
315 3504 338 3531 ››
358 3486 571 3540 Beatos
599 3499 659 3537 se
685 3486 911 3554 putant,
936 3483 978 3537 si
1002 3484 1284 3540 inoffensa
1302 3486 1639 3541 valetudinis
1661 3503 1810 3541 com-

194 3577 444 3633 meditate
501 3577 815 3648 potiantur,
858 3577 1065 3648 quibus
1103 3593 1222 3632 non
1267 3584 1353 3633 est
1393 3578 1693 3635 inﬁrmitas
1735 3580 1808 3635 ad

194 3669 433 3726 salutem.
477 3672 702 3725 Horum
734 3686 958 3742 quoque
986 3687 1157 3725 nemo
1200 3675 1385 3742 potest
1415 3672 1603 3728 dicere
1633 3690 1645 3728 :
1678 3676 1810 3733 Con-

193 3767 353 3832 cupivi
392 3766 646 3820 salutare
695 3770 867 3831 tuum,
908 3767 1157 3830 Domine;
1212 3781 1372 3819 suam
1422 3766 1578 3821 enim
1626 3768 1808 3839 magis

195 3856 430 3927 salutem,
456 3873 637 3930 quam
659 3857 905 3911 salutare
929 3857 1025 3912 Dei
1045 3861 1331 3928 quaerunt,
1360 3860 1596 3915 medicis
1621 3861 1810 3931 potius

194 3965 340 4020 quam
380 3949 696 4022 Scripturis
738 3950 1083 4005 obedientes.
1126 3952 1426 4006 Contraria
1467 3957 1654 4008 autem
1686 3958 1806 4008 stu-

196 4042 348 4098 diosis
377 4044 591 4099 divinas
633 4043 971 4115 cognitionis
1013 4050 1295 4116 praecepta
1339 4051 1473 4100 sunt
1509 4047 1809 4102 medicinae

192 4136 269 4203 (De
300 4138 478 4202 Cons.,
529 4136 665 4191 dist.
712 4140 765 4204 5,
809 4138 1138 4206 Contraria).
1180 4140 1225 4192 A
1258 4138 1478 4209 jejunio
1521 4146 1805 4209 revocant,

194 4230 469 4286 lucubrare
503 4247 622 4285 non
662 4230 875 4297 sinunt,
907 4230 977 4285 ab
1016 4231 1174 4285 omni
1218 4231 1533 4287 intentione
1565 4234 1805 4289 medita-

191 4323 344 4378 tionis
384 4324 713 4393 abducunt;
747 4324 937 4395 itaque
964 4323 1061 4395 qui
1104 4341 1163 4379 se
1203 4325 1441 4381 medicis
1476 4327 1714 4393 dederit,
1749 4344 1808 4382 se

194 4416 361 4488 ipsum
410 4418 522 4473 sibi
579 4417 842 4488 abnegat.
896 4417 1002 4481 Qui
1056 4421 1249 4473 autem
1306 4419 1511 4490 quaerit
1567 4421 1811 4476 salutare

1912 3301 2062 3363 runt,
2091 3314 2184 3352 me
2213 3297 2531 3369 exagitant;
2563 3301 2780 3351 sanctos
2817 3296 3111 3367 adjuvant.
3141 3295 3248 3351 Sed
3281 3293 3538 3367 1254

1909 3397 2101 3447 tamen
2149 3390 2439 3461 juvabunt
2489 3390 2661 3445 etiam
2706 3394 3088 3462 peccatorem,
3134 3390 3268 3443 licet
3318 3388 3541 3443 diverso

1909 3484 2101 3539 modo.
2155 3486 2393 3539 Sanctus
2443 3483 2821 3555 adjuvabitur,
2869 3483 3008 3537 dum
3052 3482 3358 3553 probatur;
3405 3497 3539 3553 pec-

1910 3580 2062 3632 cator
2120 3577 2495 3647 adjuvabitur,
2556 3577 2693 3631 dum
2758 3575 3125 3641 humiliatur,
3177 3575 3314 3629 dum
3377 3574 3539 3628 casti-

1910 3674 2093 3741 gatur,
2139 3675 2199 3724 ut
2238 3676 2467 3740 peccata
2507 3670 2688 3725 solvat
2726 3668 3005 3740 duplicia;
3051 3668 3188 3722 dum
3235 3684 3377 3739 opus
3420 3668 3543 3737 ejus

1910 3764 2188 3831 exuritur,
2230 3768 2289 3817 ut
2331 3764 2452 3833 ipse
2492 3764 2672 3817 salvus
2714 3762 2830 3829 ﬁat,
2871 3762 2949 3816 sic
2990 3766 3187 3815 tamen
3232 3760 3393 3831 quasi
3436 3776 3540 3830 per

1908 3859 2126 3930 ignem.
2177 3856 2454 3911 Fortassis
2508 3855 2676 3910 etiam
2734 3855 2814 3909 sic
2859 3854 3121 3909 convenit
3171 3869 3365 3907 sensus
3409 3870 3422 3906 :
3479 3852 3539 3906 Si

1910 3951 2123 4022 dignus
2166 3950 2331 4004 fuero
2365 3949 2601 4019 judicio,
2635 3948 2842 4019 dignus
2884 3964 2981 4002 ero
3013 3951 3073 4001 ut
3119 3961 3293 4001 exuar
3331 3962 3365 3998 a
3402 3960 3537 3998 con-

1910 4044 2094 4099 sortiis
2124 4043 2457 4114 impiorum,
2502 4041 2797 4114 quoniam,
2832 4063 2859 4089 ‹‹
2888 4042 3007 4095 Non
3046 4042 3345 4111 resurgant
3372 4037 3540 4108 impii

1909 4139 1969 4193 in
1991 4136 2273 4208 judicium
2308 4137 2474 4202 (Psal.
2514 4154 2550 4202 1,
2591 4136 2664 4206 5).
2698 4157 2725 4185 »
2757 4136 2829 4189 Et
2857 4134 3138 4204 juvabunt
3177 4150 3268 4188 me
3306 4131 3538 4203 judicia,

1912 4231 2180 4303 quoniam
2215 4230 2313 4301 qui
2342 4229 2520 4284 credit
2542 4229 2601 4282 in
2632 4228 2897 4297 Domino,
2929 4245 3041 4283 non
3066 4227 3376 4299 judicatur.
3405 4228 3538 4279 Pro-
3592 4224 3595 4227 ’

1913 4326 2062 4381 derit
2086 4324 2167 4378 illi
2194 4324 2357 4390 ﬁdes,
2387 4326 2445 4378 et
2474 4322 2885 4394 suffragabitur
2912 4322 2981 4376 ad
3010 4322 3259 4387 veniam,
3290 4320 3463 4374 etiam
3495 4320 3541 4373 si

1910 4436 2021 4491 qua
2048 4419 2104 4473 in
2133 4417 2404 4488 operibus
2431 4417 2649 4472 offensa
2674 4416 2766 4470 sit.

197 4509 302 4578 Dei,
344 4512 637 4566 Christum
669 4510 954 4582 sequitur,
998 4511 1098 4581 qui
1138 4510 1346 4566 dicitur
1387 4513 1537 4568 salus
1577 4514 1674 4568 Dei
1705 4515 1780 4587 (1)
1794 4536 1811 4587 ς
1833 4512 1894 4583 D
1988 4517 2077 4567 2'7.
2110 4512 2284 4581 (Vers.
2320 4511 2463 4579 176.)
2502 4509 2776 4579 Sequitur
2812 4523 3004 4562 versus
3036 4505 3265 4561 ultimus
3295 4522 3308 4559 :
3344 4508 3545 4560 Erran

196 4619 293 4657 non
324 4621 450 4676 qua:
481 4604 757 4675 corporis,
788 4602 887 4659 sed
928 4620 1056 4675 quae
1103 4608 1320 4659 aeterna
1351 4610 1483 4660 sunt
1525 4624 1809 4678 quaerens,

196 4712 311 4750 cum
350 4698 459 4752 hoc
506 4698 568 4752 in
610 4713 845 4768 corpore
886 4700 1269 4752 conversetur.
1303 4698 1407 4762 Qui
1437 4702 1633 4755 autem
1660 4702 1810 4757 salu-

196 4792 296 4843 tem
323 4791 421 4845 Dei
470 4790 694 4862 quserit,
726 4790 819 4844 die
868 4790 1062 4861 utique
1095 4793 1152 4845 et
1195 4797 1359 4846 nocte
1402 4792 1709 4848 meditatur
1752 4795 1811 4849 in

197 4880 327 4953 lege.
356 4885 515 4957 Jugis
542 4883 622 4937 illi
652 4883 943 4938 meditatio
974 4888 1057 4937 est
1083 4883 1405 4939 divinorum
1435 4886 1808 4957 decretorum,

199 4990 368 5049 neque
392 4978 585 5050 aliqua
611 4992 748 5032 cura
776 4977 1027 5048 corporis
1064 4977 1233 5047 hujus
1269 4979 1585 5034 advertitur
1622 4998 1656 5035 a
1692 4986 1808 5036 stu-

200 5068 277 5123 dio
302 5071 633 5142 disciplinae.

259 5165 339 5219 24.
368 5167 548 5232 (Vers.
586 5166 729 5233 l75.)
758 5163 1028 5237 Sequitur
1064 5181 1260 5219 versus
1295 5166 1570 5237 septimus
1602 5184 1614 5222 :
1656 5170 1811 5223 Vivet

201 5260 367 5311 unum
391 5275 511 5313 mea
535 5264 586 5313 et
624 5258 879 5313 laudabit
906 5264 983 5324 te;
1011 5264 1060 5312 et
1086 5258 1301 5327 judicia
1332 5264 1428 5313 tua
1472 5260 1811 5329 adjuvabunt

203 5363 289 5402 me.
318 5350 543 5405 Futurze
570 5350 771 5422 utique
801 5351 951 5419 vitaz,
995 5366 1110 5405 non
1152 5352 1442 5422 praesentis
1481 5353 1587 5408 sibi
1615 5371 1806 5409 remu-

205 5443 485 5500 neratione
520 5443 837 5513 blanditur;
878 5443 999 5499 haec
1042 5444 1201 5499 enim
1226 5444 1339 5499 vita
1377 5447 1660 5517 quomodo
1703 5448 1813 5504 dici

206 5540 389 5606 potest,
415 5537 487 5592 de
513 5553 627 5610 qua
653 5538 930 5609 scriptum
956 5543 1041 5592 est
1068 5554 1080 5592 :
1114 5557 1141 5589 ‹‹
1171 5539 1237 5592 Et
1268 5538 1328 5593 in
1350 5541 1641 5610 pulverem
1669 5558 1814 5598 mor-

261 5686 321 5746 (1)
344 5688 502 5739 Rom.
533 5689 665 5741 edit.
709 5689 800 5740 hic
836 5692 892 5739 et
935 5688 1102 5752 paulo
1142 5688 1665 5750 inferiusysalutare
1699 5694 1811 5743 Dei.

212 5753 339 5825 intra
364 5773 494 5810 vero
528 5760 625 5811 ubi
665 5765 790 5825 post
833 5773 1047 5821 vocem,
1092 5773 1351 5824 quaerens,
1385 5764 1493 5811 ant.
1530 5762 1659 5811 edit.
1708 5763 1815 5812 ad-

214 5823 353 5891 dunt,
394 5844 509 5882 cum
556 5823 755 5885 hoc—in
805 5845 1028 5896 corpore
1067 5823 1421 5891 conversetur,
1469 5832 1611 5898 quod
1665 5832 1815 5884 satus

1912 4607 2050 4661 sicut
2089 4608 2200 4659 ovis
2243 4620 2361 4674 quae
2397 4605 2658 4673 perierat,
2697 4604 2911 4670 viviﬁca
2952 4617 3167 4655 servum
3211 4606 3383 4662 tuum,
3417 4615 3543 4669 quo-

1912 4702 2060 4754 niam
2087 4698 2353 4752 mandata
2396 4702 2492 4750 tua
2528 4711 2638 4750 non
2678 4712 2794 4750 sum
2830 4695 3046 4749 oblitus.
3074 4695 3301 4749 Grazcus
3343 4693 3538 4759 habet,

1915 4795 2103 4860 Quaere
2152 4807 2367 4846 servum
2424 4796 2598 4851 tuum,
2646 4789 2754 4843 hoc
2805 4794 2908 4855 est,
2960 4798 3191 4855 ζὴτησον;
3248 4791 3304 4841 et
3360 4785 3544 4857 potuit

1912 4885 2028 4940 falli
2074 4884 2333 4955 scriptor,
2380 4888 2439 4937 ut
2474 4882 2745 4937 scriberet
2780 4891 2939 4950 ζῆσον,
2980 4881 3133 4952 quod
3180 4884 3265 4935 est
3307 4880 3538 4948 viviﬁca.

1913 4980 2121 5034 Sensus
2168 4977 2401 5048 quidem
2450 4980 2691 5047 uterque
2740 4979 2981 5041 constat,
3026 4975 3121 5028 sed
3170 4971 3542 5045 opportunior

1914 5075 2001 5126 est
2034 5071 2165 5126 huic
2206 5072 2327 5125 loco
2350 5066 2373 5124 ’ς
2423 5070 2608 5136 Quaere
2646 5085 2859 5124 servum
2898 5074 3070 5131 tuum,
3110 5066 3384 5138 quoniam
3426 5065 3541 5119 ovis

1915 5181 2042 5236 quae
2088 5164 2299 5219 erravit
2348 5163 2660 5234 quaerenda
2702 5168 2786 5217 est
2833 5179 2865 5216 a
2912 5165 3154 5232 pastore,
3202 5176 3274 5213 ne
3321 5162 3538 5230 pereat.

1916 5257 2049 5313 Ideo
2094 5258 2249 5324 dicit,
2280 5278 2306 5307 «
2340 5257 2552 5311 Erravi.
2602 5256 2699 5310 Dic
2733 5259 2790 5310 et
2825 5260 2885 5310 tu
2914 5254 3244 5325 iniquitates
3290 5256 3438 5319 tuas,
3476 5256 3541 5305 ut

1906 5351 2230 5421 justiﬁceris
2255 5351 2412 5421 (Isa.,
2450 5366 2597 5417 xmu,
2640 5348 2753 5413 26).
2785 5370 2812 5398 »
2853 5348 3013 5412 Quod
3056 5347 3279 5418 lapsum
3317 5345 3538 5412 fateris,

1914 5445 1973 5500 in
2001 5462 2068 5501 eo
2094 5445 2198 5500 tibi
2225 5462 2354 5500 cum
2400 5444 2666 5499 omnibus
2707 5458 3016 5497 commune
3058 5441 3402 5496 consortium
3433 5444 3538 5507 est,

1916 5540 2053 5610 quia
2078 5555 2252 5594 nemo
2294 5539 2418 5594 sine
2464 5540 2723 5608 peccato;
2752 5551 2966 5606 negare
3002 5535 3132 5604 hoc,
3178 5534 3541 5605 sacrilegium

1913 5690 2204 5755 quaeritur;
2243 5690 2350 5739 hoc
2386 5690 2563 5740 totum
2605 5685 2801 5737 eadem
2834 5685 2993 5737 Rom.
3028 5689 3385 5737 resecaverat.
3423 5685 3541 5735 Ve—

1916 5775 2039 5811 rum
2063 5762 2195 5811 satis
2218 5760 2413 5809 fuisset
2440 5769 2738 5819 resecasse,
2767 5756 2907 5821 quod
2934 5756 3082 5807 satus
3103 5758 3389 5822 quaeritur;
3420 5757 3540 5808 hac

1914 5833 2063 5884 enim
2093 5832 2261 5884 verba
2281 5831 2338 5881 in
2365 5842 2497 5881 mss.
2526 5842 2636 5880 non
2672 5829 3048 5880 inveniuntur.
