3930 6168
393 244 526 297 1599

1853 242 1909 296 S.
1950 240 2266 297 AMBROSII

3580 242 3698 295 i600

387 370 490 431 est,
520 364 674 418 solus
701 361 858 418 enim
886 362 1032 418 Deus
1058 362 1180 418 sine
1217 366 1448 435 peccato
1478 367 1581 419 est.
1608 364 1879 419 Conﬁteri
1908 365 2017 419 hoc
2041 377 2097 449 Α
2190 366 2277 419 31.
2307 358 2546 418 Pulchre
2582 365 2775 418 autem
2805 360 2977 417 etiam
3004 362 3235 429 uiviﬁca,
3268 362 3443 430 potest
3476 361 3576 416 dici
3605 378 3617 415 :
3644 378 3701 416 eo

382 459 520 523 Deo,
549 456 905 528 impunitatis
928 457 1243 513 remedium
1271 460 1374 512 est.
1409 460 1626 519 Errant,
1666 457 1879 529 inquit;
1914 458 2016 512 sed

386 548 487 622 qui
510 550 739 620 erravit,
768 550 828 605 in
854 551 1005 605 viam
1035 554 1223 620 potest
1260 550 1463 615 redire,
1493 550 1552 604 in
1582 551 1728 605 viam
1772 550 2017 605 revocari

385 648 592 715 potest.
621 644 689 698 Et
716 643 951 714 pulchre
980 642 1217 711 addidit,
1246 644 1398 698 Sicut
1438 646 1548 699 ovis
1586 660 1707 714 quas
1737 647 2013 713 perierat;

389 752 503 791 non
532 736 686 791 enim
717 736 870 807 perit
900 736 999 808 qui
1023 738 1278 807 agnoscit
1314 752 1589 792 errorem.

457 854 541 906 28.
590 850 793 915 Quare,
840 850 1047 920 inquit,
1097 865 1307 905 servum
1359 856 1531 913 tuum,
1568 853 1823 920 quoniam
1866 867 2020 905 man-

390 948 524 998 data
551 949 646 998 tua
678 959 790 997 non
817 958 937 998 sum
973 944 1190 998 oblitus.
1230 944 1368 997 Veni
1407 960 1565 1014 ergo,
1594 943 1828 999 Domine
1852 946 2014 1010 Jesu,

389 1052 579 1108 quare
622 1052 846 1091 servum
890 1041 1076 1106 tuum,
1118 1052 1310 1107 quaere
1358 1037 1564 1091 lassam
1610 1054 1774 1092 ovem
1824 1040 2013 1105 tuam;

385 1130 539 1197 veni,
566 1134 779 1201 pastor,
812 1145 1005 1200 quaere
1042 1128 1189 1183 sicut
1227 1145 1354 1184 oves
1388 1131 1613 1201 Joseph.
1652 1130 1875 1185 Erravit
1901 1130 2018 1185 ovis

390 1226 509 1290 tua,
537 1224 674 1277 dum
705 1228 764 1276 tu
796 1223 1058 1291 moraris,
1093 1223 1231 1277 dum
1260 1227 1320 1277 tu
1345 1223 1589 1277 versaris
1615 1225 1674 1277 in
1704 1224 2012 1278 montibus.

389 1314 619 1371 Dimitte
648 1315 961 1387 nonaginta
988 1332 1188 1370 novem
1229 1332 1359 1370 oves
1387 1319 1536 1386 tuas,
1580 1321 1639 1370 et
1674 1317 1803 1371 veni
1841 1332 2015 1371 unam

390 1425 648 1480 querere
679 1424 805 1480 qua:
845 1409 1072 1463 erravit.
1102 1409 1237 1465 Veni
1274 1410 1398 1463 sine
1441 1409 1695 1477 canibus,
1723 1410 1852 1464 veni
1894 1411 2017 1464 sine

390 1502 554 1557 malis
590 1502 882 1573 Operariis,
929 1502 1058 1557 veni
1095 1503 1217 1557 sine
1255 1505 1636 1573 mercenario,
1667 1504 1764 1576 qui
1799 1520 1904 1575 per
1921 1504 2012 1574 ja-

390 1612 567 1650 nuam
594 1595 831 1650 introire
857 1612 971 1650 non
999 1596 1236 1651 noverit.
1266 1597 1405 1651 Veni
1438 1597 1561 1651 sine
1591 1598 1868 1668 adjutore,
1898 1598 2017 1653 sine

390 1688 624 1757 nuntio;
671 1687 1021 1759 jamdudum
1072 1692 1128 1743 te
1182 1693 1450 1761 exspecto
1501 1693 1825 1745 venturum.
1888 1690 2016 1746 Scio

2119 458 2270 529 quod
2300 457 2446 512 mori
2495 472 2611 511 non
2653 455 2846 527 possit,
2892 471 3063 527 quem
3110 453 3361 508 humeris
3397 455 3507 508 suis
3546 455 3704 509 virtus

2117 551 2445 624 portaverit.
2531 592 2558 610 .

2187 658 2273 710 32.
2322 654 2461 709 Dicit
2505 669 2644 725 ergo
2687 659 2743 709 et
2784 652 2991 719 anima,
3042 652 3177 706 dicit
3218 656 3275 706 et
3309 652 3582 706 Ecclesia:
3626 657 3710 709 Er-

2117 750 2239 802 ravi
2275 750 2412 803 sicut
2457 750 2569 803 ovis
2605 762 2727 817 quae
2765 748 3018 816 perierat.
3066 745 3180 800 Sed
3225 744 3399 799 dicit:
3434 765 3461 796 α
3492 745 3711 808 Quaesivi

2117 857 2293 912 quem
2338 841 2536 896 dilexit
2571 841 2764 895 anima
2805 856 2935 894 mea
2980 839 3181 905 (Cant.,
3225 854 3300 904 ιιι,
3346 838 3413 907 l),
3446 860 3471 887 n
3511 838 3609 893 hoc
3642 845 3715 893 est

2117 934 2272 990 enim
2334 935 2520 989 dicere
2585 952 2596 989 :
2672 935 2895 1003 Viviﬁca
2967 948 3176 989 servum
3242 936 3423 993 tuum,
3485 936 3713 1001 quoniam

2116 1030 2382 1084 mandata
2428 1036 2525 1082 tua
2563 1044 2668 1082 non
2703 1044 2819 1082 sum
2855 1028 3075 1082 oblitus.
3117 1028 3234 1097 Ego
3275 1030 3326 1079 te
3355 1025 3597 1096 quaesivi,
3629 1027 3713 1080 sed

2116 1122 2369 1176 invenire
2400 1138 2517 1175 non
2562 1136 2817 1195 possum,
2851 1120 2960 1174 nisi
3001 1126 3063 1173 tu
3100 1118 3343 1174 volueris
3382 1118 3633 1173 inveniri.
3661 1119 3718 1172 Et

2118 1218 2181 1269 tu
2232 1214 2464 1286 quidem
2515 1214 2597 1268 vis
2652 1213 2918 1281 inveniri,
2974 1214 3067 1268 sed
3112 1213 3194 1266 vis
3245 1211 3342 1266 diu
3394 1211 3603 1281 quaeri,
3649 1211 3720 1265 vis

2118 1308 2448 1379 diligentius
2490 1307 2770 1377 indagari.
2820 1307 2984 1361 Novit
3028 1306 3135 1361 hoc
3178 1304 3422 1359 Ecclesia
3468 1307 3576 1371 tua,
3603 1305 3721 1376 quia

2118 1418 2232 1457 non
2256 1402 2339 1455 vis
2380 1406 2439 1455 ut
2481 1408 2536 1456 te
2579 1400 2874 1456 dormiens
2912 1405 3150 1471 quaerat,
3179 1414 3296 1453 non
3343 1398 3425 1452 vis
3466 1401 3527 1451 ut
3565 1400 3620 1452 te
3639 1399 3719 1468 ja-

2117 1512 2249 1550 cens
2278 1495 2600 1566 investiget.
2631 1495 2881 1565 Denique
2910 1494 3098 1564 pulsas
3126 1493 3200 1547 ad
3220 1493 3484 1563 januam,
3511 1496 3574 1546 ut
3597 1492 3723 1546 exci-

2115 1594 2203 1644 tes
2247 1588 2652 1655 dormientem;
2707 1588 2968 1658 exploras
3013 1587 3059 1640 si
3107 1603 3204 1640 cor
3248 1585 3464 1655 vigilat,
3512 1588 3567 1639 et
3609 1600 3725 1639 caro

2117 1682 2345 1737 dormit.
2380 1682 2471 1735 Vis
2497 1682 2789 1752 jacentem
2828 1681 3034 1749 levare,
3078 1680 3315 1734 dicens:
3364 1699 3391 1729 «
3420 1678 3595 1749 Surge
3639 1678 3727 1748 qui

387 1781 540 1837 enim
567 1785 623 1836 te
648 1787 948 1837 venturum
980 1805 989 1834 :
1026 1784 1292 1849 Quoniam
1327 1784 1590 1838 mandata
1621 1789 1713 1839 tua
1751 1799 1860 1838 non
1898 1742 2094 1839 sumB
2119 1776 2355 1842 domuis,
2409 1779 2467 1829 εἰ
2509 1789 2748 1846 exsurge
2794 1789 2829 1828 ἃ
2878 1773 3119 1829 mortuis
3161 1774 3404 1844 (Ephes.,
3451 1787 3506 1841 v,
3558 1773 3658 1840 14).
3700 1792 3722 1819 ιι

386 1875 602 1929 oblitus.
632 1874 771 1929 Veni
803 1891 916 1928 non
945 1891 1076 1929 cum
1103 1875 1280 1946 virga,
1305 1875 1400 1931 sed
1427 1892 1557 1930 cum
1585 1876 1883 1943 charitate,
1908 1878 2020 1948 spi-

391 1967 648 2039 ritusque
681 1968 1122 2038 mansuetudine
1155 1972 1248 2037 (2).

460 2082 550 2135 29.
584 2080 708 2134 Noli
750 2079 1014 2135 dubitare
1057 2081 1381 2152 relinquere
1420 2082 1477 2136 in
1515 2082 1807 2137 montibus
1838 2098 2015 2136 nona-

392 2175 549 2246 ginta
592 2189 792 2228 novem
840 2190 971 2229 oves
1004 2177 1147 2241 tuas,
1191 2175 1325 2246 quia
1359 2176 1419 2230 in
1463 2176 1752 2231 montibus
1801 2175 2015 2231 consti-

391 2271 538 2321 tutas
566 2267 684 2338 lupi
719 2283 949 2337 rapaces
997 2268 1288 2322 incursare
1323 2285 1437 2323 non
1476 2272 1727 2340 possunt.
1758 2271 1817 2323 ln
1846 2286 2015 2339 para-

390 2359 510 2415 diso
540 2361 715 2414 semel
760 2362 951 2416 nocuit
995 2377 1246 2431 serpens,
1279 2362 1472 2416 amisit
1507 2362 1584 2417 ibi
1629 2378 1837 2427 escam,
1875 2365 2021 2432 post-

389 2469 562 2524 quam
587 2453 770 2508 Adam
798 2453 932 2508 inde
959 2455 1223 2525 depulsus
1249 2458 1360 2522 est;
1395 2455 1507 2510 illic
1522 2456 1645 2525 jam
1675 2470 1877 2510 nocere
1902 2472 2019 2511 non

390 2545 617 2617 poterit.
652 2546 737 2601 Ad
774 2562 867 2601 me
899 2547 1047 2615 veni,
1080 2563 1249 2618 quem
1282 2549 1549 2618 luporum
1578 2548 1832 2618 gravium
1860 2553 2022 2603 vexat

390 2639 666 2693 incursus.
714 2640 801 2693 Ad
838 2656 929 2695 me
964 2640 1114 2708 veni,
1160 2657 1328 2711 quem
1366 2641 1614 2711 ejectum
1645 2642 1713 2696 de
1756 2641 2021 2712 paradiso

388 2732 670 2803 serpentis
716 2732 825 2787 diri
869 2733 1073 2788 ulceris
1114 2735 1189 2806 (3)
1228 2750 1452 2789 venena
1495 2739 1842 2805 pertentant,
1888 2736 2021 2807 quia

392 2826 573 2880 erravi
623 2842 657 2880 a
702 2826 969 2896 gregibus
1016 2827 1128 2881 tuis
1176 2828 1284 2881 illis
1335 2828 1737 2898 superioribus,
1789 2844 1921 2882 nam
1968 2835 2024 2884 et

392 2935 484 2972 me
516 2918 726 2974 ibidem
758 2921 1153 2983 collocaveras,
1187 2921 1285 2974 sed
1328 2920 1399 2974 ab
1440 2920 1679 2974 ovilibus
1706 2921 1819 2975 tuis
1856 2922 2023 2991 lupus

396 3016 706 3067 nocturnus
734 3013 956 3067 avertit.
984 3014 1186 3076 Quaere
1216 3029 1343 3078 me;
1376 3013 1512 3082 quia
1550 3029 1656 3084 ego
1682 3018 1737 3069 te
1770 3014 2016 3085 requiro.

2118 1869 2286 1924 Mittis
2347 1884 2585 1923 manum
2640 1883 2741 1939 per
2790 1883 3111 1933 cavernam,
3167 1868 3231 1919 ut
3295 1870 3521 1936 surgat;
3577 1867 3630 1919 et
3688 1863 3727 1917 si

2119 1962 2336 2017 tardius
2405 1962 2743 2027 surrexerit,
2809 1959 3178 2032 derelinquis.
3244 1958 3338 2012 Vis
3404 1961 3467 2011 ut
3529 1959 3731 2028 quierat

2117 2057 2350 2123 iterum,
2402 2060 2455 2111 et
2513 2060 2731 2126 quierat
2786 2071 2819 2109 a
2861 2053 3076 2120 multis,
3124 2059 3183 2107 et
3228 2068 3344 2107 non
3391 2051 3733 2107 obliviscatur

2119 2165 2398 2221 querere,
2448 2165 2564 2203 non
2610 2146 2973 2203 obliviscatur
3027 2161 3325 2201 sermones
3374 2150 3533 2213 tuos;
3584 2149 3637 2198 et
3690 2142 3730 2196 si

2118 2246 2277 2299 tenet
2326 2258 2441 2310 eos,
2487 2242 2690 2296 offeras
2733 2244 2789 2295 te
2835 2239 3169 2309 videndum,
3223 2255 3341 2294 non
3402 2237 3640 2309 refugias
3685 2242 3735 2290 et

2118 2338 2297 2392 teneri
2308 2377 2321 2392 .

2190 2442 2276 2494 33.
2328 2439 2464 2503 Qum
2517 2453 2647 2492 cum
2704 2443 2758 2492 te
2812 2435 3089 2491 meruerit
3138 2434 3444 2506 amplecti,
3497 2432 3738 2488 ostendet

2120 2533 2333 2588 fructus
2364 2548 2513 2598 suos,
2543 2530 2767 2586 docebit
2807 2546 2923 2584 non
2966 2529 3203 2583 oblitam
3242 2544 3303 2583 se
3350 2526 3736 2582 mandatorum

2121 2632 2369 2692 tuorum,
2404 2625 2666 2695 dicetque
2695 2623 2797 2677 tibi
2830 2640 2843 2676 :
2882 2644 2910 2672 «
2936 2622 3096 2689 Veni,
3141 2622 3323 2677 frater
3362 2637 3548 2686 meus;
3583 2634 3736 2673 exea-

2123 2736 2249 2774 mus
2280 2720 2335 2773 in
2367 2734 2686 2789 agrum.....
2723 2720 2779 2772 et
2802 2717 2861 2770 in
2889 2715 3102 2770 foribus
3137 2715 3351 2769 nostris
3379 2730 3577 2769 omnes
3602 2713 3739 2767 fetus

2122 2813 2422 2879 arborum;
2477 2827 2621 2865 nova
2676 2815 2733 2864 et
2780 2813 3006 2875 vetera,
3057 2809 3234 2862 frater
3300 2823 3484 2876 meus,
3539 2804 3739 2860 servavi

2124 2906 2225 2959 tibi
2268 2906 2465 2973 (Cant,
2503 2920 2600 2970 vn,
2647 2907 2733 2968 ll,
2782 2903 2884 2971 l3).
2916 2920 2943 2952 ι)
2989 2903 3101 2956 Hoc
3142 2904 3229 2954 est
3275 2901 3468 2955 dicere
3509 2916 3521 2953 :
3566 2900 3739 2953 Teneo

2125 2998 2393 3053 mandata
2446 3000 2545 3050 tua
2596 2996 2785 3050 omnia
2836 2995 2972 3049 Novi
3022 2998 3079 3049 et
3131 2994 3347 3049 Veteris
3390 2990 3736 3048 Testamenti.

393 3105 597 3171 Quane
626 3121 738 3173 me,
765 3104 957 3159 inveni
989 3121 1104 3171 me,
1136 3105 1354 3176 suscipe
1382 3122 1497 3173 me,
1528 3112 1691 3176 poma
1717 3122 1829 3160 me,
1861 3109 2023 3161 potes
2044 3102 2098 3175 ρ
2124 3091 2250 3146 Sola
2279 3091 2386 3145 hoc
2413 3089 2598 3145 dicere
2627 3088 2866 3145 Ecclesia
2910 3092 3112 3159 potest.
3142 3089 3268 3142 Non
3307 3086 3449 3142 dicit
3482 3084 3588 3141 alia
3614 3099 3736 3138 con-

394 3197 645 3253 invenire
692 3214 866 3268 quem
904 3201 967 3251 tu
1006 3197 1269 3269 requiris,
1308 3198 1558 3267 dignaris
1596 3199 1668 3269 (4)
1712 3200 2019 3270 suscipere,

391 3307 564 3361 quem
607 3290 917 3359 inveneris;
958 3290 1252 3361 imponere
1291 3292 1564 3358 humoris,
1613 3308 1787 3363 quem
1829 3310 2018 3348 susce-

394 3384 561 3453 peris.
615 3385 737 3439 Non
784 3387 870 3438 est
917 3382 1020 3437 tibi
1063 3384 1224 3455 pium
1274 3400 1417 3438 onus
1461 3384 1719 3452 fastidio;
1763 3403 1875 3441 non
1917 3387 2019 3442 tibi

392 3476 547 3531 oneri
601 3483 684 3533 est
732 3480 961 3532 vectura
1004 3477 1263 3548 justitiaa.
1317 3478 1458 3532 Veni
1513 3494 1683 3549 ergo,
1744 3479 2017 3548 Domine,

394 3570 529 3641 quia
559 3571 660 3625 etsi
690 3571 893 3641 erravi,
940 3573 1129 3626 tamen
1165 3572 1427 3626 mandata
1468 3578 1564 3626 tua
1602 3588 1707 3626 non
1738 3589 1852 3627 sum
1883 3575 2018 3628 obli-

394 3668 509 3730 tus;
548 3680 709 3734 spem
754 3664 1051 3719 medicinae
1096 3680 1340 3719 reservo.
1389 3664 1546 3729 Veni,
1590 3665 1850 3735 Domine,
1888 3668 2022 3737 quia

392 3763 449 3811 et
477 3772 639 3813 ovem
664 3758 960 3813 erraticam
999 3759 1149 3812 solus
1180 3774 1240 3812 es
1282 3773 1548 3813 revocare
1585 3759 1684 3830 qui
1724 3760 1932 3831 possis;
1967 3766 2023 3815 et

394 3867 535 3921 quos
572 3851 887 3922 reliqueris,
929 3850 1184 3924 1255
1232 3866 1346 3905 non
1388 3851 1787 3921 moestiticabis,
1819 3857 1877 3907 et
1916 3853 2021 3925 ipsi

396 3945 549 3999 enim
598 3944 989 4015 peccatoribus
1034 3945 1221 3999 reditu
1259 3943 1716 4014 gratulabuntur.
1758 3947 1915 4011 Veni,
1963 3952 2024 4002 ut

393 4037 566 4091 facias
595 4038 835 4093 salutem
868 4037 927 4092 in
958 4039 1143 4103 terris,
1178 4038 1235 4091 in
1268 4037 1411 4092 coclo
1443 4038 1732 4108 gaudium.

465 4151 553 4203 30.
608 4150 747 4202 Veni
795 4165 957 4219 ergo,
1006 4152 1063 4203 et
1109 4166 1301 4221 quaere
1350 4165 1511 4204 ovem
1556 4158 1714 4207 tuam
1743 4153 1866 4223 jam
1906 4171 2021 4210 non

397 4258 498 4312 per
526 4241 797 4310 servulos,
828 4260 941 4298 non
978 4258 1084 4315 per
1120 4246 1523 4314 mercenarios,
1551 4247 1653 4300 sed
1682 4263 1782 4317 per
1810 4254 2019 4305 temet-

393 4335 601 4406 ipsum.
648 4335 876 4407 Suscipe
915 4352 1006 4390 me
1050 4336 1109 4390 in
1156 4353 1341 4407 carne,
1385 4354 1511 4409 quas
1554 4338 1611 4393 in
1649 4339 1826 4394 Adam
1872 4342 2022 4413 lapsa

397 4435 481 4483 est
531 4429 627 4499 (ὅ).
674 4429 904 4501 Suscipe
950 4446 1042 4485 me
1081 4446 1199 4485 non
1252 4447 1323 4485 ex
1369 4431 1525 4499 Sara,
1568 4432 1669 4486 sed
1717 4449 1785 4487 ex
1832 4434 2018 4502 Maria,

398 4527 457 4576 ut
480 4522 811 4593 incorrupta
850 4523 921 4578 sit
961 4523 1142 4595 virgo,
1183 4525 1281 4579 sed
1320 4525 1481 4595 virgo
1512 4518 1625 4597 per
1664 4526 1909 4598 gr‘atiam
1950 4529 2021 4582 ab

393 4613 549 4669 omni
579 4615 800 4685 integra
828 4616 951 4671 labe
994 4618 1231 4688 peccati.
1260 4619 1426 4673 Porta
1454 4636 1545 4674 mc
1580 4619 1640 4674 in
1670 4636 1855 4691 cruce,
1890 4637 2019 4693 quae

395 4708 657 4764 salutaris
707 4709 1025 4765 errantibus
1075 4716 1176 4778 est,
1227 4712 1285 4766 in
1332 4728 1446 4784 quo
1504 4713 1619 4768 sola
1665 4716 1751 4770 est
1794 4716 2025 4786 requies

393 4802 670 4874 fatigatis,
718 4803 777 4858 in
818 4819 933 4875 qua
980 4803 1099 4859 sola
1137 4803 1327 4859 vivent
1378 4806 1704 4879 quicunque
1758 4808 1988 4863 moriun

398 4900 510 4952 tur.

452 5065 520 5127 (2)
550 5066 706 5117 Rom.
740 5065 895 5126 edit.,
922 5065 1219 5131 spirituque
1246 5068 1683 5119 mansuetudinis.

455 5139 519 5201 (3)
564 5139 643 5189 Ita
695 5139 947 5202 plerique
998 5153 1128 5189 mss.
1174 5154 1205 5189 a
1247 5140 1453 5205 quibus
1498 5141 1607 5192 hoc
1650 5143 1867 5191 tantum
1917 5141 2029 5191 dis-

395 5213 623 5273 crepant
651 5209 780 5261 edit.
820 5210 971 5274 quod
1004 5214 1116 5261 vet.
1160 5211 1386 5274 habent,
1426 5212 1717 5276 serpentini
1756 5212 1851 5263 diu
1884 5211 2027 5262 ulce-

394 5279 486 5329 ris.
544 5280 725 5343 Rom.,
780 5282 1038 5345 serpentis
1090 5283 1186 5333 diu
1253 5281 1459 5334 ulceris.
1509 5283 1634 5333 Alia
1697 5294 1829 5333 vero
1898 5296 2028 5347 pars

396 5362 527 5399 mss.
558 5364 742 5413 voces,
772 5352 866 5403 diu
892 5354 1009 5403 sive
1036 5352 1165 5404 duri
1188 5353 1403 5413 ulceris,
1438 5367 1549 5405 non
1581 5353 1861 5405 exhibent.

457 5422 524 5481 (4)
580 5421 749 5483 Edit.,
807 5424 1067 5489 dignare;
1124 5424 1372 5488 Amerb.,
1429 5425 1711 5491 dignaris,
1763 5424 2031 5488 suscipere

394 5505 547 5556 quem
600 5495 862 5546 inveneris
906 5511 922 5545 :
966 5497 1193 5561 impone,
1237 5501 1346 5549 etc.
1392 5496 1503 5549 Sed
1551 5510 1685 5549 mss.
1740 5497 1912 5548 ferme
1958 5497 2029 5547 ad

392 5577 571 5615 unum
594 5563 821 5617 lectioni
846 5570 1051 5620 nostra
1078 5570 1469 5634 astipulantur.

457 5635 722 5706 (5)77Paris.
761 5637 915 5701 edit.,
946 5652 1051 5689 non
1092 5642 1151 5691 in
1187 5655 1367 5703 carne,
1400 5655 1516 5706 quas
1559 5644 1618 5693 in
1663 5641 1833 5693 Adam
1877 5639 2031 5704 lapsa

395 5709 484 5757 est.
517 5704 627 5758 Sed
656 5706 779 5758 alim
807 5721 1018 5773 omnes,
1058 5715 1111 5761 et
1153 5712 1341 5764 cuncti
1375 5704 1506 5763 mss.
1548 5716 1822 5776 respuunt
1859 5724 2034 5776 nega-

397 5777 626 5831 tionem.
651 5778 724 5830 Et
748 5780 957 5846 optime
981 5781 1037 5832 id
1067 5782 1328 5847 quidem;
1356 5797 1539 5849 neque
1567 5785 1724 5838 aliud
1746 5784 1839 5839 hic
1864 5784 2033 5851 signi-

2125 3184 2412 3256 gregatio;
2459 3200 2575 3237 non
2618 3183 2756 3236 dicit
2796 3184 3118 3254 Synagoga,
3163 3197 3268 3235 nec
3307 3180 3618 3236 secundum
3655 3177 3739 3231 lit-

2123 3285 2305 3333 teram
2334 3293 2478 3332 nova
2503 3283 2726 3343 tenens,
2768 3292 2870 3329 nec
2904 3275 3213 3330 secundum
3246 3274 3511 3347 spiritum
3540 3277 3737 3328 vetera.

2122 3373 2243 3426 Non
2285 3370 2419 3425 dicit
2462 3369 2691 3424 haeresis
2729 3368 3034 3424 Manichaee
3075 3385 3088 3422 :
3129 3369 3332 3423 Vetera
3371 3367 3579 3423 servavi
3621 3364 3737 3431 tibi,

2122 3482 2248 3537 quae
2298 3464 2608 3536 prOphetas
2654 3466 2725 3533 (6)
2772 3477 2888 3516 non
2940 3461 3190 3532 suscipit.
3243 3461 3445 3517 Merito
3496 3460 3741 3515 dealbata

2122 3558 2394 3625 cernitur,
2423 3572 2551 3628 quae
2580 3556 2871 3626 utriusque
2898 3555 3077 3627 fulget
3103 3554 3290 3626 gratia
3314 3552 3672 3610 Testamenti.

2193 3671 2280 3724 34.
2316 3668 2630 3739 Respondit
2667 3668 2717 3721 ei
2753 3667 3003 3738 Sponsus
3035 3683 3047 3721 :
3082 3667 3290 3721 «Pone
3334 3683 3428 3721 me
3464 3669 3526 3720 ut
3559 3666 3739 3736 signa-

2122 3765 2316 3817 culum
2348 3761 2406 3815 in
2432 3777 2530 3815 cor
2556 3767 2737 3829 tuum,
2776 3765 2837 3814 ut
2861 3758 3112 3830 sigillum
3155 3759 3212 3812 in
3245 3759 3552 3813 brachium
3584 3762 3738 3812 tuum

2122 3858 2319 3929 (Cant.,
2350 3871 2465 3921 vui,
2496 3856 2567 3925 6),
2603 3876 2631 3903 ››
2662 3869 2789 3924 quae
2817 3869 2961 3907 nova
2999 3856 3056 3907 et
3096 3855 3283 3908 vetera
3325 3851 3559 3907 servasti
3587 3850 3739 3905 mihi.

2123 3948 2489 4020 Signaculum
2535 3963 2726 4001 meum
2772 3962 2850 4014 es,
2893 3945 2965 4000 ad
3011 3946 3326 4017 imaginem
3373 3961 3559 4001 meam
3603 3959 3657 3997 cs
3695 3946 3747 3997 et

2122 4041 2583 4096 similitudinem.
2626 4040 2823 4111 Fulget
2865 4040 2923 4093 in
2958 4042 3011 4093 te
3053 4039 3242 4110 imago
3267 4040 3530 4110 justiﬁes,
3560 4039 3742 4108 imago

2123 4134 2435 4207 sapientiae,
2486 4134 2681 4204 imago
2728 4131 2970 4187 virtutis.
3017 4134 3084 4189 Et
3125 4132 3255 4204 quia
3306 4133 3506 4204 imago
3555 4130 3649 4186 Dei
3690 4129 3743 4184 iu

2123 4228 2291 4284 corde
2329 4234 2425 4283 tuo
2468 4232 2568 4295 est,
2608 4227 2679 4281 sit
2721 4231 2777 4281 et
2818 4226 2876 4280 in
2922 4226 3191 4297 operibus
3236 4226 3383 4295 tuis;
3428 4226 3501 4280 sit
3539 4222 3742 4295 efﬁgies

2124 4320 2411 4393 Evangelii
2466 4321 2526 4374 in
2568 4320 2679 4374 tuis
2731 4320 2910 4388 factis,
2952 4325 3016 4375 ut
3059 4319 3117 4373 in
3163 4319 3275 4373 tuis
3328 4319 3584 4375 moribus
3626 4332 3743 4371 mea

2124 4419 2407 4487 praecepta
2436 4413 2738 4469 custodias.
2774 4412 3001 4484 Efﬁgies
3043 4412 3332 4483 Evangelii
3374 4413 3484 4467 erit
3520 4412 3580 4466 in
3604 4416 3674 4479 te,
3700 4407 3742 4462 si

2125 4508 2459 4581 percutienti
2504 4506 2817 4573 maxillam,
2862 4507 3099 4561 alteram
3138 4505 3417 4577 praebeas,
3461 4506 3505 4558 si
3550 4503 3740 4573 diligas

2125 4602 2422 4658 inimicum
2464 4608 2650 4669 tuum,
2688 4600 2734 4654 si
2777 4616 3003 4654 crucem
3045 4603 3200 4653 tuam
3228 4599 3417 4664 tollas,
3456 4603 3515 4654 et
3547 4613 3636 4653 me
3660 4612 3741 4650 se-

2127 4697 2338 4768 quaris.
2371 4696 2502 4751 ldeo
2543 4711 2772 4749 crucem
2816 4711 2922 4765 ego
2969 4709 3070 4765 pro
3105 4692 3264 4747 vobis
3307 4693 3545 4764 portavi,
3576 4707 3645 4745 ue
3690 4693 3741 4741 tu

2126 4808 2228 4863 pro
2252 4794 2309 4844 te
2340 4794 2568 4861 portare
2596 4788 2883 4843 dubitares
2914 4787 3009 4857 (7).

2197 4905 2284 4958 35.
2341 4902 2663 4957 Audierunt
2713 4901 2818 4954 hoc
2862 4900 2994 4954 ﬁlias
3034 4900 3377 4967 Jerusalem,
3435 4897 3587 4970 quod
3629 4896 3743 4967 jam

2127 5070 2346 5132 ﬁcatur,
2373 5069 2480 5119 nisi
2506 5067 2657 5133 quod
2681 5066 2884 5118 Christi
2924 5080 3051 5117 caro
3094 5065 3342 5130 ejusdem
3377 5069 3592 5115 naturae
3625 5063 3743 5112 fue-

2128 5142 2197 5190 rit
2229 5144 2396 5204 atque
2439 5139 2575 5191 Adaa
2611 5152 2758 5198 caro,
2794 5138 2945 5188 unde
2982 5150 3079 5200 per
3114 5137 3490 5200 generationis
3524 5146 3740 5186 succes-

2127 5212 2340 5262 sionem
2368 5215 2667 5275 propagata
2691 5213 2805 5267 est;
2831 5211 2961 5260 licet
2990 5209 3240 5271 ejusdem
3270 5212 3499 5272 peccato
3537 5217 3741 5269 nequa-

2128 5296 2295 5348 quam
2320 5283 2619 5333 maculata.

2193 5354 2257 5417 (6)
2292 5354 2394 5403 Per
2437 5353 2740 5416 Prophetas,
2780 5355 2958 5402 totum
2998 5351 3171 5402 Vetus
3207 5351 3624 5400 Testamentum
3656 5345 3741 5395 hic

2128 5425 2395 5487 intellige,
2441 5423 2589 5487 quod
2645 5423 2921 5486 integrum
2981 5436 3012 5472 a
3073 5420 3398 5473 Manichmis
3459 5417 3741 5484 rejicleba—

2130 5499 2233 5546 tur.
2290 5494 2565 5559 Epiphan.
2628 5493 2830 5545 haeresi
2892 5493 2986 5556 68,
3043 5492 3362 5557 Augustin,
3420 5493 3494 5541 De
3552 5490 3739 5545 heres"

2130 5581 2250 5630 cap.
2276 5568 2359 5617 46.

2193 5639 2258 5702 (7)
2293 5636 2388 5689 Sic
2413 5649 2543 5688 mes.
2570 5650 2772 5702 magno
2800 5650 3055 5690 numero.
3091 5634 3359 5690 Nonnulli
3398 5637 3584 5685 tamen
3621 5641 3741 5682 cum

2131 5710 2261 5763 edit.
2293 5708 2572 5772 omnibus,
2608 5721 2701 5773 ego
2738 5721 2838 5774 pro
2873 5714 2919 5760 te
2959 5710 3190 5774 portasi,
3220 5721 3285 5761 ne
3324 5712 3383 5761 tu
3419 5709 3633 5774 propter
3668 5709 3742 5749 mo

2129 5787 2349 5848 portare
2376 5780 2667 5835 dubitares.
2694 5780 2815 5836 Non
2843 5781 3007 5835 male.
