3930 6168
248 216 351 269 1601

1335 208 1688 265 EXPOSITIO
1731 209 1795 264 IN
1836 208 2148 265 PSALMUM
2189 207 2413 264 CXVII].

3421 212 3555 266 1602

243 336 477 389 Dominus
520 334 674 389 Iesus
716 332 817 387 tibi
862 331 1169 387 Ecclesium
1215 332 1539 403 copulabat;
1588 336 1645 385 et
1691 333 1823 402 quia
1848 347 1903 417 Α
1925 335 2274 403 corrumpat.
2306 331 2441 386 Ideo
2471 329 2641 399 hujus
2674 330 2929 384 materiae
2957 345 3088 385 usus
3125 332 3357 403 eligitur
3386 336 3562 388 tecto-

237 428 624 484 considerantes
654 426 1112 497 magnitudinem
1144 424 1328 492 Verbi,
1352 427 1631 497 imparem
1650 427 1823 480 tantis

235 521 420 593 nuptiis
445 520 819 587 aestimabant,
847 536 919 574 ne
949 520 1090 574 forte
1118 523 1290 574 tantm
1316 519 1533 589 copula:
1564 517 1819 591 1256

230 614 425 687 pondus
449 614 723 669 sustinere
750 630 862 668 non
889 615 1081 685 posset
1110 612 1201 683 (8),
1225 618 1494 668 excusant
1520 612 1775 667 dicentes
1806 628 1819 665 :

232 730 253 759 ι
286 709 440 763 Soror
481 711 669 762 nostra
713 723 902 778 parva,
943 712 1000 761 et
1043 705 1220 762 ubera
1267 722 1381 761 non
1429 705 1602 760 habet
1639 705 1821 774 (Ibid,

228 806 289 865 8;.
319 824 342 851 ››
384 801 473 857 Sic
518 801 670 855 enim
717 801 817 871 qui
858 801 1051 855 volunt
1091 788 1321 856 diﬂ'err'e
1362 800 1608 871 nuptias,
1651 816 1820 854 excu-

226 911 332 949 sare
357 898 786 963 consueverunt,
817 897 879 948 ut
902 894 1262 965 praetendant
1289 894 1612 948 immaturae
1643 893 1824 949 (etatis

224 988 611 1055 inﬁrmitatem,
643 992 699 1043 et
726 993 981 1043 astruant
1004 989 1154 1059 quod
1194 988 1372 1042 ubera
1412 1004 1526 1042 non
1552 986 1822 1054 habeant,

223 1100 330 1153 quae
374 1082 582 1137 nubilis
628 1081 949 1152 signiﬁcant
990 1086 1213 1152 tempus
1269 1081 1473 1136 aetatis.
1523 1082 1633 1135 Hoc
1685 1082 1827 1136 solet

222 1175 520 1246 symbolum
547 1192 849 1232 commune
880 1174 1152 1230 omnibus
1182 1175 1496 1246 virginibus
1526 1191 1648 1230 esse
1683 1192 1825 1247 nup-

221 1269 362 1338 turis,
388 1275 452 1323 ut
493 1285 624 1324 cum
665 1269 841 1324 ubera
880 1269 1155 1339 coeperint
1195 1269 1473 1337 eminere,
1518 1275 1651 1324 tunc
1682 1286 1819 1324 con-

214 1361 471 1432 junctioni
502 1363 722 1417 habiles
756 1362 1111 1433 judicentur.

276 1459 354 1511 36.
381 1456 640 1511 Turbata:
664 1457 843 1527 igitur
881 1456 1031 1528 quod
1058 1456 1245 1511 studio
1275 1456 1593 1511 dilectionis
1620 1460 1826 1526 urgeat

214 1549 415 1620 nuptias
459 1549 733 1621 Sponsus,
782 1550 977 1604 dicunt
1021 1566 1034 1603 :
1077 1570 1105 1597 ‹‹
1144 1549 1285 1613 Quid
1328 1549 1603 1604 faciemus
1643 1548 1824 1604 sorori

215 1648 398 1697 nostrae
427 1642 487 1697 in
523 1643 614 1697 die
655 1659 766 1715 qua
802 1644 1070 1715 loquetur
1110 1644 1169 1697 in
1202 1660 1269 1697 ea
1302 1643 1526 1713 (Ibid)?
1560 1664 1587 1691 »
1628 1643 1734 1709 vel,
1767 1644 1827 1695 ut

1927 442 2054 479 rum
2110 424 2354 495 fastigiis
2398 423 2710 489 elevandis,
2761 423 3193 493 formandisque
3247 425 3559 481 litterarum

1924 518 2246 583 elementis,
2282 518 2489 589 quibus
2529 521 2666 571 aetas
2704 516 2937 587 puerilis
2974 516 3046 570 ad
3075 517 3325 572 studium
3353 520 3558 575 libera-

1925 612 1992 665 lis
2026 611 2359 666 eruditionis
2385 611 2681 666 imbuitur.
2710 612 2808 664 Est
2838 626 2974 681 ergo
3009 610 3253 665 materia
3280 610 3388 666 ista
3428 612 3557 666 sub-

1925 705 2075 758 limis
2110 704 2182 760 ad
2222 705 2484 775 gratiam,
2515 705 2653 759 levis
2684 705 2754 759 ad
2786 721 2946 773 onus,
2976 704 3162 759 suavis
3198 704 3267 759 ad
3303 705 3561 773 odorem,

1923 798 2080 853 utilis
2106 799 2175 852 ad
2206 799 2656 853 instrumentum
2684 799 2955 865 scientiae,
2984 798 3186 853 habilis
3211 784 3280 854 ad
3315 798 3562 854 ministe-

1924 893 2076 947 rium
2106 892 2448 963 cognitionis
2479 896 2751 948 aeternae;

1996 1006 2083 1058 39.
2127 1004 2233 1060 Sed
2276 1005 2765 1075 quemadmodum
2805 1008 3082 1077 Sponsam
3120 1021 3283 1061 suam
3325 1006 3564 1077 diligens

1925 1097 2179 1154 Christus
2228 1098 2474 1168 urgebat
2528 1098 2601 1152 ad
2650 1099 2866 1170 copulae
2917 1099 3187 1169 spiritalis
3234 1100 3561 1154 solemnita-

1925 1195 2065 1259 tem,
2118 1191 2192 1244 ita
2240 1197 2296 1244 et
2338 1191 2577 1245 Ecclesia
2613 1191 2778 1246 Verbi
2814 1192 3016 1247 decore
3048 1192 3171 1262 jam
3202 1196 3365 1263 capta
3403 1192 3559 1247 festi-

1925 1285 2099 1338 nabat
2133 1283 2203 1337 ad
2245 1285 2492 1354 nuptias.
2542 1284 2786 1356 Ideoque
2830 1301 3127 1340 morarum
3172 1288 3231 1339 et
3276 1285 3566 1341 dilationis

1926 1377 2251 1448 impatiens,
2286 1394 2426 1449 quas
2461 1378 2591 1432 ﬁlim
2627 1379 2937 1435 Jerusalem
2976 1379 3263 1434 innectere
3306 1378 3558 1452 1257

1928 1470 2264 1541 gestiebant,
2297 1470 2434 1525 dicit
2462 1488 2475 1525 :
2508 1492 2535 1520 ‹‹
2564 1472 2680 1543 Ego
2708 1488 2925 1540 murus,
2958 1475 3015 1526 et
3054 1472 3231 1527 ubera
3269 1489 3403 1526 mea
3444 1479 3563 1527 tur-

1930 1579 2017 1617 res
2065 1564 2247 1629 (Ibid.,
2294 1566 2398 1632 10),
2441 1588 2468 1613 ν
2508 1565 2614 1619 hoc
2657 1568 2741 1620 est
2782 1582 2795 1619 :
2838 1565 3021 1621 Nolite
3067 1564 3325 1620 dubitare
3369 1572 3565 1621 utrum

1927 1673 2128 1711 murus
2168 1657 2276 1712 sim
2307 1657 2437 1725 (illa:
2464 1657 2619 1712 enim
2652 1650 2907 1713 dixerant
2936 1676 2947 1713 :
2980 1662 3029 1713 si
3055 1675 3239 1717 murus
3266 1664 3399 1728 est);
3430 1676 3562 1731 ego,

218 1736 587 1807 Symmachus,
621 1760 647 1786 ‹‹
677 1753 791 1808 qua
827 1737 1090 1807 loquetur
1128 1736 1211 1805 ei;
1252 1759 1279 1786 ι)
1316 1737 1423 1790 hoc
1458 1740 1561 1803 est,
1599 1752 1822 1807 sponsa-

1974 1751 2133 1821 iquit,
2166 1767 2365 1806 murus
2393 1767 2542 1818 sum,
2574 1756 2630 1805 et
2660 1767 2773 1805 non
2811 1767 2983 1821 parva
3009 1752 3187 1808 ubera
3226 1753 3428 1824 habeo,
3467 1755 3565 1809 sed

217 1830 332 1884 lium
359 1830 692 1885 celebritate
729 1831 873 1885 solet
910 1830 1033 1884 ﬁeri
1073 1830 1396 1898 collocutio,
1432 1835 1491 1885 et
1519 1829 1821 1884 continua-

214 1925 276 1977 tio
317 1924 665 1995 nuptiarum.
724 1922 868 1988 Quid
920 1939 1061 1994 ergo
1116 1923 1404 1989 faciemus,
1458 1923 1655 1978 dicunt
1702 1927 1823 1978 tur-

215 2016 363 2083 batae,
400 2017 541 2088 quia
583 2024 819 2090 urgetur
860 2017 1185 2088 conjunctio
1225 2017 1528 2089 spiritalis?
1566 2022 1609 2072 A
1655 2017 1828 2072 tantis

214 2110 399 2181 nuptiis
426 2127 705 2166 excusare
736 2129 851 2167 non
893 2115 1159 2182 possunt;
1199 2127 1370 2165 nemo
1407 2112 1564 2165 enim
1606 2115 1692 2166 est
1730 2112 1825 2182 qui

214 2205 447 2273 copulam
490 2206 583 2259 vel
628 2204 835 2259 anima:
875 2211 931 2259 et
973 2204 1232 2275 Spiritus,
1279 2205 1363 2259 vel
1402 2204 1608 2259 Christi
1638 2208 1695 2259 et
1726 2206 1823 2258 Ec-

213 2298 369 2351 clesiae
400 2314 520 2352 non
554 2298 782 2353 beatam
813 2303 992 2369 putet.
1028 2298 1136 2353 Sed
1166 2297 1302 2369 quia
1332 2298 1627 2368 plenitudo
1660 2297 1824 2351 Verbi

212 2390 279 2443 vel
319 2391 564 2461 Spiritus
612 2392 793 2445 sancti
844 2390 1028 2446 vibrat
1083 2396 1139 2445 et
1191 2390 1393 2461 fulget,
1446 2396 1504 2445 et
1552 2390 1694 2445 nihil
1744 2393 1827 2444 est

211 2484 337 2552 quod
374 2484 483 2538 illis
525 2484 710 2555 possit
750 2485 987 2556 aequari,
1032 2484 1160 2539 ideo
1197 2483 1427 2538 diﬂ‘erre
1466 2483 1821 2550 desiderant;

213 2581 260 2629 ut
285 2577 372 2631 illa
403 2577 681 2633 dilatione
713 2579 799 2631 vel
830 2578 1051 2644 anima,
1082 2578 1170 2631 vel
1210 2577 1453 2632 Ecclesia
1490 2577 1662 2648 possit
1704 2592 1825 2631 esse

212 2670 504 2738 perfectior.

267 2785 344 2835 37.
397 2783 609 2837 Dicunt
654 2798 792 2853 ergo
840 2799 853 2837 :
907 2801 935 2833 α
982 2782 1035 2838 Si
1088 2799 1284 2837 murus
1333 2786 1436 2849 est,
1482 2781 1827 2837 mdiﬁcemus

210 2890 355 2947 super
389 2893 530 2931 eum
581 2876 964 2947 receptacula;
998 2881 1054 2931 et
1082 2877 1129 2930 si
1151 2877 1334 2947 janua
1364 2880 1467 2943 est,
1503 2877 1827 2948 sculpamus

209 2984 354 3039 super
386 2986 513 3024 eam
558 2969 775 3023 tabulas
810 2969 1069 3024 cedrinas
1111 2970 1292 3041 (Ibid.,
1333 2974 1405 3039 9).
1448 2992 1474 3019 ››
1516 2971 1705 3025 Murus
1744 2976 1827 3025 est

1927 1848 1993 1898 nt
2039 1848 2221 1899 turres
2266 1845 2443 1900 ubera
2483 1861 2613 1900 mea
2655 1849 2806 1900 sunt.
2848 1845 3144 1909 Quomodo
3187 1845 3391 1915 dicitis,
3432 1848 3565 1918 quia

1931 1954 2045 1993 non
2078 1938 2263 1993 habeo
2294 1939 2507 1995 ubera?
2536 1939 2763 2008 Sensus,
2798 1941 2861 1993 ut
2893 1943 3098 2006 turres,
3132 1940 3315 1994 habeo
3344 1942 3566 2011 sapien-

1926 2032 2043 2093 tiai,
2084 2032 2141 2085 in
2182 2032 2391 2103 quibus
2431 2037 2515 2087 est
2549 2032 2917 2100 abundantia,
2951 2031 3096 2088 sicut
3121 2034 3398 2105 scriptum
3432 2040 3516 2088 est
3547 2050 3560 2088 :

1930 2146 1957 2174 «
1988 2127 2053 2180 Et
2092 2124 2441 2180 abundantia
2476 2125 2533 2180 in
2574 2125 2827 2180 turribus
2870 2126 2981 2181 tuis
3021 2128 3188 2196 (Psal.
3234 2143 3377 2196 cxxr,
3418 2130 3491 2199 7).
3532 2150 3559 2177 »

1928 2218 2019 2272 His
2068 2217 2359 2285 uberibus,
2406 2219 2459 2274 id
2508 2223 2611 2285 est,
2660 2219 2935 2288 sensibus,
2986 2220 3240 2276 habilem
3287 2238 3346 2276 se
3393 2222 3589 2277 tantis

1926 2311 2138 2381 nuptiis
2177 2311 2521 2379 aestimabat;
2562 2312 2663 2366 sed
2703 2313 2833 2366 filim
2872 2314 3185 2368 Jerusalem
3222 2314 3408 2369 adhuc
3446 2332 3560 2370 non

1925 2408 2191 2475 poterant
2235 2406 2551 2472 aestimare,
2600 2405 2732 2477 quia
2774 2422 3046 2462 sensuum
3087 2407 3209 2477 ejus
3260 2408 3557 2464 abundan-

1926 2500 2064 2552 tiam
2094 2514 2207 2553 non
2236 2498 2526 2554 videbant.

1995 2611 2084 2665 40.
2118 2612 2184 2665 Et
2212 2610 2473 2665 addidit:
2510 2631 2537 2660 ‹‹
2582 2612 2701 2683 Ego
2742 2628 2896 2666 eram
2944 2612 3003 2667 in
3052 2612 3228 2668 oculis
3278 2613 3401 2684 ejus
3443 2620 3561 2670 tan-

1928 2719 2101 2773 quam
2130 2703 2428 2758 inveniens
2454 2720 2651 2775 pacem
2681 2705 2879 2774 (Cant,
2912 2722 3026 2773 vm,
3073 2705 3180 2777 10),
3219 2728 3246 2756 ››
3278 2707 3389 2761 hoc
3424 2712 3510 2763 est
3548 2726 3561 2763 :

1926 2795 2264 2850 Deliberatis
2294 2797 2363 2852 de
2402 2797 2544 2853 meis
2574 2798 2847 2866 sensibus,
2878 2814 3007 2853 cum
3034 2815 3233 2870 pacem
3266 2800 3367 2855 Dei
3396 2801 3557 2856 inve-

1926 2889 2129 2956 nerim,
2163 2906 2291 2961 qua:
2320 2896 2631 2963 exsuperat
2656 2908 2885 2947 omnem
2927 2896 3203 2959 mentem,
3233 2898 3290 2949 et
3319 2895 3561 2949 custodit

1927 2982 2102 3037 corda
2135 2988 2191 3038 et
2234 3000 2433 3038 sensus
2466 2985 2538 3056 (9)
2582 2985 2641 3040 in
2688 2986 2907 3041 Christo
2948 2987 3098 3041 Iesu.
3142 2987 3307 3054 Talis,
3350 2988 3558 3060 inquit,

210 3064 374 3119 anima
414 3063 624 3118 sancti.
667 3063 846 3118 Habet
884 3068 941 3118 et
978 3062 1228 3118 Ecclesia
1267 3080 1461 3119 muros
1502 3080 1649 3132 suos,
1702 3081 1906 3154 quaaB
1932 3093 2088 3131 eram
2140 3077 2195 3131 in
2241 3078 2413 3132 oculis
2455 3079 2681 3149 sponsi,
2725 3079 2908 3151 quam
2948 3096 3075 3151 qua;
3121 3080 3293 3137 habet
3330 3098 3556 3153 pacem.

205 3154 303 3224 jam
344 3158 652 3228 perfectior
689 3157 827 3212 dicit
868 3173 880 3211 :
916 3177 944 3205 «
995 3158 1113 3228 Ego
1157 3157 1352 3212 civitas
1398 3157 1623 3212 munita
1667 3159 1819 3227 (Isa.,

208 3262 367 3320 xxviii,
414 3254 525 3323 l0).
566 3272 597 3301 »
632 3250 731 3305 Hic
773 3257 857 3305 est
900 3266 1117 3319 murus,
1166 3250 1262 3321 qui
1303 3251 1472 3305 habet
1523 3251 1823 3307 duodecim

208 3349 370 3410 portas
398 3344 766 3416 apostolicas,
800 3361 904 3415 per
939 3360 1082 3415 quas
1113 3344 1318 3415 populo
1345 3345 1642 3399 nationum
1671 3350 1825 3416 patet

208 3435 465 3507 ingressus
492 3440 560 3492 in
596 3437 922 3493 Ecclesiam.
964 3438 1071 3493 Sed
1109 3454 1309 3491 murus
1348 3438 1609 3507 quamvis
1646 3438 1825 3493 ambi-

206 3531 308 3585 tum
333 3532 500 3587 totius
538 3531 693 3586 urbis
720 3531 996 3600 includat,
1025 3537 1160 3587 tunc
1190 3537 1382 3586 tamen
1410 3535 1493 3587 est
1526 3532 1820 3602 munitior,

204 3638 310 3679 cum
360 3625 723 3698 receptacula
778 3625 1043 3680 habuerit
1096 3629 1443 3697 praeparata,
1501 3625 1559 3680 in
1617 3626 1823 3698 quibus

208 3725 646 3790 propugnatores
694 3719 851 3773 urbis
900 3723 1084 3775 tutum
1137 3719 1464 3790 speculandi
1512 3737 1574 3774 ac
1625 3721 1821 3775 tuendi

207 3812 391 3878 possint
436 3813 655 3868 habere
712 3812 1050 3867 subsidium.
1105 3812 1219 3868 Sed
1273 3812 1410 3884 quia
1469 3813 1823 3869 rationabilis

208 3902 306 3959 haec
333 3906 527 3961 civitas
549 3912 656 3975 est,
684 3913 739 3961 et
759 3907 941 3960 omnis
968 3922 1094 3977 spes
1121 3906 1243 3977 ejus
1272 3907 1329 3960 in
1363 3907 1463 3961 Dei
1492 3907 1663 3962 verbo
1692 3911 1778 3962 est
1805 3925 1817 3961 :

208 4011 302 4052 non
324 3999 530 4067 ferrea,
561 3999 660 4055 sed
690 4006 963 4071 argentea
988 4000 1039 4055 ei
1070 4002 1500 4071 propugnacula
1526 4002 1823 4072 requirun-

208 4095 302 4161 tur,
345 4094 585 4166 eloquiis
626 4093 946 4148 cmlestibus
988 4094 1171 4166 magis
1217 4110 1388 4165 quam
1426 4095 1682 4166 corporis
1720 4112 1819 4150 vo-

1925 3170 2206 3242 Scriptum
2241 3176 2325 3226 est
2350 3170 2506 3226 enim
2545 3191 2558 3227 :
2596 3173 2700 3236 Qui
2730 3176 2883 3229 recte
2918 3179 3185 3245 quaerunt
3211 3191 3436 3246 pacem,
3467 3177 3562 3231 ha-

1923 3264 2143 3320 bebunt
2206 3264 2316 3336 (10)
2383 3281 2511 3319 eam
2576 3267 2971 3321 testimonium
3034 3270 3238 3337 (Prom,
3292 3284 3385 3337 x11,
3444 3270 3557 3341 20).

1927 3358 2347 3414 Festinantibus
2400 3358 2580 3431 igitur
2628 3359 2834 3414 dilecto
2886 3364 3057 3432 atque
3112 3362 3352 3432 dilecta,
3409 3364 3558 3418 cele-

1924 3452 2080 3508 brata
2112 3453 2435 3524 conjunctio
2463 3452 2734 3524 spiritalis
2775 3460 2881 3521 est,
2910 3460 3110 3510 mutuo
3153 3456 3396 3527 expetita
3424 3473 3559 3513 con-

1925 3561 2118 3599 sensu.

1995 3640 2080 3692 41.
2128 3638 2371 3709 Ideoque
2412 3644 2687 3712 tanquam
2742 3641 2997 3712 nuptiale
3042 3659 3252 3698 canens
3300 3661 3557 3715 carmen,

1924 3732 2225 3787 exsultavit
2266 3732 2503 3802 Spiritus
2548 3733 2605 3787 in
2661 3735 2963 3806 propheta,
3017 3737 3209 3791 dicens
3256 3756 3267 3792 :
3312 3760 3339 3787 ‹‹
3382 3740 3559 3794 Vinea

1924 3826 2072 3880 facta
2126 3831 2210 3879 est
2263 3826 2549 3881 Salomoni
2611 3828 2670 3882 in
2725 3828 3062 3896 Beelamon;
3120 3830 3278 3886 dedit
3330 3833 3558 3887 vineam

1924 3936 2081 3973 suam
2134 3919 2200 3973 iis
2250 3919 2347 3990 qui
2400 3926 2627 3976 servant
2676 3921 2874 3992 (Cant,
2933 3939 3051 3991 vui,
3096 3926 3201 3994 11).
3253 3947 3279 3973 ››
3335 3926 3559 3981 Clamat

1924 4029 2059 4083 ergo
2088 4012 2329 4084 Spiritus
2361 4031 2373 4068 :
2410 4014 2667 4070 Plantata
2692 4020 2776 4071 est
2801 4017 3165 4087 congregatio
3192 4019 3558 4089 populorum,

1924 4111 1982 4162 et
2027 4108 2150 4161 vitis
2195 4110 2424 4162 aeternae
2475 4108 2716 4163 fundata
2764 4109 2975 4177 radice,
3029 4115 3086 4165 et
3131 4112 3408 4182 spiritalia
3459 4113 3560 4167 sub

208 4182 488 4256 luptatibus
531 4187 768 4242 hostiles
802 4188 1054 4259 impetus
1086 4188 1375 4259 repulsare
1418 4194 1707 4244 consueta.
1741 4190 1819 4243 Eo
1915 4202 2123 4272 jugum
2168 4202 2332 4255 verbi
2375 4202 2542 4257 corde
2588 4208 2887 4258 mansueto
2917 4204 3062 4258 colla
3092 4204 3350 4275 subjecit,
3394 4207 3559 4261 plan-

206 4276 324 4333 fulta
368 4281 665 4351 praesidio,
720 4298 789 4336 eo
848 4281 1152 4353 splendore
1199 4282 1519 4353 refulgens,
1575 4282 1821 4338 habilior

207 4371 386 4428 Christi
414 4374 634 4446 copulae
658 4374 966 4445 judicatur.

1921 4298 2038 4349 tata
2067 4298 2261 4349 autem
2287 4302 2369 4350 est
2398 4296 2457 4351 in
2495 4296 2859 4351 multitudine
2896 4297 3225 4364 nationum;
3260 4300 3369 4353 hoc
3403 4301 3559 4356 enim

1924 4404 2044 4443 esse
2088 4388 2533 4460 intelligendum
2572 4391 2858 4445 Beelamon
2898 4390 3287 4461 Symmachus,
3334 4394 3558 4462 Aquila,

266 4486 343 4539 38.
387 4486 454 4539 Et
495 4485 633 4557 quia
664 4486 842 4556 janua
885 4486 1140 4542 Christus
1180 4492 1285 4554 est,
1322 4487 1419 4557 qui
1460 4488 1540 4543 ait
1588 4504 1600 4541 :
1645 4509 1672 4536 ‹‹
1715 4455 2161 4553 perDaliezque
2208 4455 2614 4537 translationes
2652 4484 2761 4551 (11)
2812 4455 3005 4536 Graeco
3046 4455 3311 4539 sermone
3352 4455 3559 4541 decue;

208 4590 287 4631 me
323 4579 365 4633 si
409 4582 539 4651 quis
580 4580 884 4641 introierit,
931 4580 1237 4635 salvabitur
1265 4581 1467 4651 (Joan.,
1510 4599 1561 4648 x,
1594 4582 1678 4653 9);
1709 4604 1736 4632 »
1767 4587 1822 4637 et

210 4668 429 4727 Ecclesia
460 4675 639 4744 janua
678 4676 1076 4744 nuncupatur,
1117 4675 1253 4745 quia
1295 4692 1398 4746 per
1437 4675 1620 4744 ipsam
1663 4680 1822 4745 patet

210 4767 406 4835 populis
451 4767 641 4822 aditus
690 4766 763 4821 ad
808 4767 1067 4823 salutem.
1115 4768 1194 4823 Ne
1247 4768 1646 4823 haereticorum
1692 4785 1816 4824 cor-

213 4863 483 4930 rumpatur
520 4860 696 4915 tineis
727 4865 829 4915 aut
864 4862 1166 4930 vermibus,
1199 4862 1396 4916 dicunt
1432 4861 1560 4916 tilia:
1596 4864 1818 4917 Jerusa-

214 4948 326 5018 lem,
348 4954 430 5009 vel
458 4955 673 5026 angeli,
706 4957 789 5012 vel
812 4956 1015 5011 animae
1037 4956 1323 5024 justorum
1358 4973 1371 5010 :
1406 4976 1433 5005 (ι
1460 4953 1822 5011 Ediﬁcemus

216 5058 361 5115 super
399 5065 530 5104 eam
576 5050 798 5104 tabulas
840 5049 1099 5104 cedrinas
1143 5049 1346 5118 (Cant.,
1387 5066 1503 5118 vm,
1542 5052 1613 5119 9),
1648 5070 1676 5102 ι)
1714 5051 1821 5105 hoc

219 5141 304 5205 est,
338 5140 465 5197 ﬁdei
502 5142 761 5197 sublimis
786 5142 1004 5197 bonum
1035 5143 1297 5207 odorem;
1328 5147 1411 5197 est
1441 5143 1597 5197 enim
1639 5143 1822 5199 suavis

218 5228 364 5301 hujus
401 5237 653 5292 materia:
688 5236 848 5305 odor,
881 5253 1050 5308 quam
1087 5253 1201 5292 non
1243 5238 1468 5303 vermis,
1512 5253 1629 5292 non
1671 5237 1824 5292 tinea

273 5409 328 5469 (8)
362 5410 484 5461 Era.
529 5417 584 5463 et
619 5426 735 5477 seq.
782 5413 936 5475 edit.,
982 5414 1213 5478 impares
1257 5427 1312 5463 se
1355 5416 1517 5464 tantis
1561 5415 1821 5479 nuptiis...

221 5483 446 5530 sustinere
472 5495 579 5532 non
602 5490 845 5546 possent;
880 5484 1194 5549 elegantius
1230 5484 1454 5535 Amerb.
1493 5498 1623 5535 cum
1667 5500 1822 5548 mss.,

227 5548 454 5609 imparem
482 5557 658 5613 tantis,
685 5558 812 5614 etc.;
844 5555 953 5605 hoc
982 5548 1143 5605 enim
1188 5555 1259 5606 ad
1296 5553 1607 5605 Ecclesiam
1648 5556 1824 5607 refer-

229 5617 316 5678 tur,
341 5634 446 5672 non
469 5624 538 5674 ad
557 5626 700 5675 ﬁlias
723 5626 1051 5676 Jerusalem.

235 5689 336 5809 ﬂ?)
380 5692 500 5745 Mss.
546 5711 657 5748 non
711 5699 905 5761 pauci,
956 5703 1004 5748 st
1053 5698 1275 5749 custodit
1321 5710 1551 5763 corpora
1602 5704 1650 5747 et
1698 5709 1827 5747 sen-

1924 4579 2076 4629 runt.
2136 4576 2448 4647 Repudiata
2496 4581 2580 4631 est
2625 4579 2787 4629 vetus
2838 4576 3067 4647 copula,
3124 4593 3254 4648 quae
3309 4580 3559 4635 fructum

1920 4668 2123 4723 afferre
2183 4685 2295 4723 non
2350 4672 2600 4739 poterat;
2646 4667 2776 4722 data
2820 4672 2908 4723 est
2949 4670 3118 4725 vinea
3168 4672 3328 4727 novis
3374 4672 3557 4728 ﬁdeli-

1921 4763 2142 4834 busque
2180 4761 2511 4828 cultoribus,
2555 4762 2653 4831 qui
2694 4779 2813 4818 non
2854 4764 3041 4818 solum
3084 4765 3265 4821 facere
3309 4766 3557 4821 fructum

1924 4862 2179 4926 possent,
2213 4855 2307 4910 sed
2338 4854 2513 4909 etiam
2544 4856 2852 4912 custodire.
2882 4858 3003 4912 Una
3035 4858 3212 4929 igitur
3249 4860 3368 4913 ovis
3404 4875 3555 4914 erra-

1922 4951 2030 5017 vit;
2062 4948 2163 5004 sed
2190 4952 2465 5016 revocata,
2488 4949 2662 5003 totius
2688 4952 2871 5022 spatia
2895 4951 3049 5006 orbis
3069 4951 3345 5022 implevit.
3375 4953 3558 5008 Unam

1924 5059 2091 5097 ovem
2129 5058 2288 5097 error
2324 5042 2673 5112 abduxerat;
2712 5045 2810 5099 sed
2852 5044 3275 5099 multitudinem
3311 5047 3556 5117 populo-

1923 5152 2055 5190 rum
2117 5135 2345 5190 Domini
2403 5137 2589 5207 gratia
2636 5138 3027 5209 congregavit.
3088 5138 3306 5193 Erravit
3350 5140 3556 5210 homo;

1922 5230 2025 5284 sed
2079 5228 2321 5285 Ecclesia
2372 5230 2493 5301 jam
2547 5247 2745 5286 murus
2798 5234 2910 5297 est,
2960 5236 3016 5284 et
3066 5247 3263 5286 murus
3315 5233 3555 5289 validus.

1987 5410 2083 5471 (10)
2116 5410 2275 5461 Rom.
2301 5410 2455 5471 edit.,
2485 5415 2731 5474 quierunt
2760 5422 2959 5472 pacem,
2986 5409 3308 5472 gaudebunt.
3348 5413 3453 5465 Ubi
3486 5414 3555 5464 ad

1925 5484 2229 5546 marginem
2252 5481 2535 5531 adnotavit
2556 5482 2737 5538 Prov..
2766 5493 2867 5541 xu,
2896 5479 2976 5543 20,
3002 5482 3099 5546 qui
3120 5482 3278 5533 locus
3299 5497 3365 5534 eo
3391 5486 3559 5537 modo

1926 5555 1982 5603 in
2014 5553 2183 5603 Hebr.
2212 5556 2266 5602 et
2296 5551 2557 5601 omnibus
2598 5550 2948 5601 versionibus
2987 5556 3305 5605 constanter
3341 5556 3555 5620 legitur.

1927 5627 2183 5675 Attamen
2227 5640 2258 5674 ιι
2304 5624 2522 5674 cunctis
2559 5635 2686 5671 mss.
2734 5636 2798 5671 ac
2838 5627 2945 5673 vet.
2988 5623 3121 5673 edit.
3161 5623 3254 5676 hic
3299 5627 3558 5679 recedere

1926 5694 2088 5746 nobis
2119 5694 2315 5757 religio
2343 5696 2446 5742 est.

1992 5765 2087 5829 (11)
2117 5764 2324 5815 Omnes
2361 5775 2504 5827 pene
2530 5762 2718 5829 scripti
2746 5764 2891 5830 cod.,
2922 5764 3147 5832 alisque
3166 5767 3493 5821 traditiones.
