3862 6166
404 247 537 300 1603

1859 244 1915 299 S.
1957 241 2271 300 AMBROSII

3583 248 3692 304 1604

394 367 612 422 Erravit
650 365 856 435 Adam;
899 381 1096 421 murus
1136 369 1223 420 est
1248 364 1448 433 David,
1481 365 1579 438 qui
1616 365 1884 422 mandata
1928 367 2028 422 Dei
2054 382 2111 452 Α
2134 368 2480 434 tentaretur;
2510 366 2640 422 ideo
2665 381 2798 421 cum
2833 364 3003 421 Verbi
3028 365 3211 437 gratia
3237 364 3595 437 delectaretur,
3619 388 3695 425 su-

391 460 598 516 oblitus
622 476 735 515 non
764 463 865 513 est.

466 555 556 608 42.
596 553 884 609 Custodita
923 553 1099 624 igitur
1135 559 1194 608 et
1236 554 1439 608 vallata
1479 554 1596 609 hinc
1641 554 1807 609 vinea
1852 553 2033 607 muni-

396 648 552 702 mine
589 647 849 719 spiritali,
894 647 1047 701 mille
1089 648 1303 702 fructus
1339 648 1432 701 dat
1471 648 1715 712 Christo,
1759 648 2032 701 ducentos

396 744 585 796 autem
637 741 851 795 fructus
892 740 1236 796 custodibus.
1286 742 1529 811 Ideoque
1580 741 1659 794 ait
1720 740 1955 793 Ecclesia
2014 756 2028 791 :

398 855 427 881 ‹‹
456 835 593 889 Vitis
627 849 758 888 mea
788 834 847 888 in
876 837 1183 904 conspectu
1222 850 1373 902 meo,
1417 835 1574 888 mille
1617 833 1928 899 Salomoni,
1976 838 2034 886 et

395 928 623 982 ducenti
656 928 1013 981 servantibus
1049 927 1299 981 fructum
1331 928 1513 995 (Ibid.,
1551 930 1656 997 l2).
1692 947 1719 975 η
1753 925 2031 980 Perfectio

400 1026 457 1075 et
500 1021 793 1091 plenitudo
832 1020 1036 1077 Christi
1083 1024 1170 1074 est
1206 1020 1388 1092 portio
1434 1020 1804 1074 servulorum.
1855 1018 2034 1073 Habes

396 1114 505 1168 hoc
534 1114 867 1183 mysterium
906 1115 964 1168 in
990 1115 1210 1183 Genesi,
1245 1114 1341 1167 ubi
1372 1114 1624 1184 quinque
1662 1118 1851 1184 partes
1892 1112 2032 1166 Ben-

392 1208 578 1279 jamin
606 1207 764 1261 fratri
784 1207 1002 1277 juniori
1030 1207 1229 1261 tribuit
1253 1207 1482 1276 Ioseph,
1517 1207 1769 1278 singulas
1795 1206 2034 1278 reliquis

397 1300 666 1355 fratribus
707 1300 884 1369 (Gen.,
929 1316 1080 1367 mu,
1128 1300 1234 1370 34).
1280 1300 1522 1354 Domino
1566 1300 1741 1371 igitur
1780 1300 2035 1370 quinque

399 1410 669 1449 sensuum
716 1394 901 1465 portio
950 1391 1207 1465 1258
1247 1399 1301 1447 et
1335 1394 1715 1465 praerogativa
1755 1393 2033 1459 defertur,

398 1504 569 1560 quam
616 1487 695 1541 illi
737 1486 930 1558 utique
982 1487 1185 1541 tribuit
1224 1487 1342 1557 ipse
1396 1502 1569 1557 quem
1618 1486 1839 1557 diligit;
1894 1485 2039 1541 sicut

403 1580 600 1635 dilexit
638 1586 694 1635 et
732 1579 989 1648 Paulum,
1032 1579 1123 1633 cui
1167 1579 1326 1634 dedit
1366 1580 1435 1633 ad
1482 1579 1799 1634 evocandas
1841 1582 2038 1650 gentes

401 1674 697 1746 sapientia:
722 1673 1130 1744 principatum.

2133 461 2250 515 bito
2309 460 2492 515 cernit
2542 460 2777 515 insidias
2828 462 3293 531 persecuturum;
3347 462 3403 514 et
3444 478 3557 532 qua:
3597 465 3700 534 plus

2134 553 2354 624 Sponso
2396 570 2570 625 quam
2609 554 2717 609 sibi
2750 553 2998 619 timeret,
3033 559 3131 607 aut
3165 551 3297 623 quia
3321 569 3354 606 a
3380 558 3703 623 persecutori-

2131 648 2237 708 bus
2278 648 2531 704 Christus
2572 647 2754 719 magis
2798 647 3085 719 appetitur
3126 647 3186 701 in
3228 646 3405 713 nobis,
3435 646 3554 703 ideo
3588 650 3654 703 ait
3688 667 3700 704 ε

2137 762 2163 792 (ι
2211 743 2381 812 Fuge,
2425 742 2599 796 frater
2635 758 2817 810 meus,
2860 745 2915 795 et
2955 739 3156 795 similis
3199 743 3318 794 esto
3352 744 3409 793 tu
3449 743 3708 811 capreolis,

2134 840 2232 889 aut
2282 836 2519 889 hinnulo
2572 851 2868 889 cervorum
2923 850 3096 904 super
3151 840 3375 888 montes
3431 841 3711 889 aromatum

2137 929 2318 997 (lbid.,
2353 931 2454 999 14).
2483 950 2512 979 ››
2543 930 2777 1000 PrOpter
2800 929 3056 982 inﬁrmos
3083 927 3251 999 fugit,
3284 928 3378 997 qui
3404 931 3717 983 tentameuta

2135 1022 2396 1092 graviora
2441 1022 2590 1076 ferre
2632 1038 2747 1077 non
2791 1025 3040 1092 possent.
3084 1022 3214 1075 Ideo
3259 1020 3519 1090 scriptum
3559 1024 3632 1074 est
3669 1026 3717 1074 ut

2136 1116 2206 1169 de
2252 1115 2569 1170 civitatibus
2608 1115 2679 1169 ad
2725 1115 2977 1169 civitates
3013 1113 3331 1183 fugiamus;
3375 1119 3428 1167 et
3463 1114 3505 1167 si
3547 1129 3636 1167 nos
3672 1115 3720 1168 in

2139 1208 2244 1262 hac
2294 1208 2516 1263 civitate
2555 1209 2771 1262 fuerint
2812 1208 3124 1277 persecuti,
3164 1207 3447 1277 fugiamus
3483 1207 3538 1260 in
3575 1206 3721 1261 aliam

2140 1304 2379 1369 (Malm,
2427 1320 2481 1369 x,
2535 1303 2643 1372 23).
2697 1304 2934 1372 Propter
2972 1301 3234 1355 inﬁrmos
3280 1299 3470 1370 igitur,
3514 1303 3574 1353 ut
3610 1300 3723 1354 dixi-

2137 1412 2301 1463 mus,
2350 1395 2531 1465 fugiat
2568 1400 3010 1466 persequentes;
3055 1398 3154 1448 aut
3191 1394 3374 1464 fugiat
3414 1393 3480 1447 ab
3516 1393 3725 1447 inﬁrmis

2139 1490 2271 1559 (12),
2330 1495 2388 1543 et
2432 1492 2681 1543 transeat
2730 1488 2802 1543 ad
2849 1494 3071 1543 montes
3114 1492 3463 1554 aromatum,
3508 1487 3601 1557 qui
3642 1503 3727 1556 pro

2138 1583 2415 1653 martyrio
2462 1581 2697 1637 odorem
2737 1581 2953 1652 possint
2992 1581 3173 1636 beata:
3216 1579 3626 1635 resurrectionis
3660 1580 3729 1634 af-

2136 1676 2308 1731 ferre.
2338 1677 2546 1730 Montes
2582 1678 2901 1730 aromatum
2937 1675 3119 1730 sancti
3153 1680 3305 1730 sunt.
3342 1696 3369 1721 »
3395 1673 3475 1727 Ad
3503 1690 3590 1727 eos
3622 1689 3734 1727 con-

472 1768 562 1822 43.
598 1768 691 1820 His
724 1766 899 1837 igitur
922 1765 1196 1819 fructibus
1227 1766 1502 1821 delectata
1534 1767 1773 1820 Ecclesia
1803 1765 1937 1821 dicit
1965 1765 2035 1821 ad
2057 1747 2113 1817 B
2139 1770 2285 1840 fugit
2327 1769 2603 1837 Christus,
2648 1769 2778 1840 quia
2812 1789 2841 1817 «
2870 1769 3264 1823 Fundamenta
3294 1768 3415 1838 ejus
3454 1767 3511 1820 in
3548 1767 3732 1821 monti-

402 1861 687 1918 Christum
722 1878 733 1914 :
769 1881 795 1911 (ι
835 1861 939 1924 Qui
967 1860 1123 1914 sedes
1152 1860 1212 1912 in
1248 1860 1447 1925 hortis,
1479 1860 1647 1914 amici
1680 1860 2036 1914 intendentes

404 1959 536 2010 sunt
576 1954 701 2009 voci
736 1959 847 2008 tua:
882 1975 893 2007 :
928 1969 1123 2007 vocem
1175 1956 1332 2007 tuam
1378 1953 1607 2007 insinua
1645 1954 1789 2008 mihi
1832 1953 2030 2025 (Cant.,

404 2066 518 2117 vni,
554 2052 660 2115 l3).
698 2070 722 2095 ››
756 2046 1154 2102 Delectabatur
1180 2046 1332 2101 enim
1361 2046 1512 2117 quod
1547 2046 1604 2101 in
1632 2047 1817 2102 hortis
1843 2046 2033 2102 Chris-

404 2148 494 2198 tus
535 2142 802 2210 sedebat;
850 2140 998 2195 etin
1040 2140 1217 2194 hortis
1255 2140 1423 2211 positi
1471 2141 1633 2195 amici
1663 2140 2037 2195 intendebant

404 2236 523 2290 voci
563 2235 706 2305 ejus.
752 2234 860 2289 Sed
906 2233 1040 2306 quia
1083 2232 1249 2287 amici
1288 2232 1366 2287 illi
1406 2233 1476 2288 de
1519 2233 1840 2288 coelestibus
1873 2240 2037 2287 erant

404 2327 765 2400 Archangeli,
809 2328 897 2381 vel
929 2326 1372 2387 Dominationes,
1418 2333 1473 2381 et
1512 2327 1719 2381 'l‘hroni
1753 2327 2036 2394 (homines

406 2424 557 2477 enim
586 2422 804 2493 expulsi
829 2421 897 2475 de
916 2421 1174 2491 paradiso
1200 2420 1428 2475 fuerant
1451 2425 1682 2492 propter
1703 2420 2034 2475 inobedien-

405 2518 545 2571 tiam
604 2515 912 2571 caelestium
962 2514 1405 2583 mandatorum,
1455 2520 1624 2586 atque
1673 2514 1799 2569 ideo
1853 2514 2037 2568 adhuc

408 2610 654 2666 Ecclesia
697 2625 894 2663 vocem
935 2608 1057 2678 ejus
1096 2624 1210 2661 non
1255 2613 1500 2677 poterat,
1535 2624 1711 2679 quam
1750 2608 2034 2679 cupiebat,

409 2704 649 2774 audire),
696 2703 826 2757 ideo
857 2702 935 2755 ait
974 2719 987 2755 :
1027 2703 1212 2756 Vocem
1254 2707 1406 2755 tuum
1435 2703 1656 2756 insinua
1695 2701 1845 2755 mihi.
1879 2701 2037 2755 Unde

408 2804 465 2852 et
494 2814 596 2851 nos
619 2796 663 2851 si
695 2798 957 2851 volumus
985 2812 1116 2849 eum
1144 2795 1202 2849 in
1236 2794 1399 2849 nobis
1433 2795 1651 2862 sedere,
1682 2795 1857 2849 simus
1889 2795 2037 2848 horti

407 2892 576 2947 clausi
602 2895 769 2961 atque
798 2889 1023 2957 muniti,
1046 2890 1293 2943 feramus
1319 2888 1594 2943 virtutum
1620 2889 1811 2957 ﬂores,
1839 2889 2038 2958 gratim

408 2987 775 3049 suavitatem;
810 2987 873 3037 ut
900 2983 1279 3052 disputantem
1319 2998 1445 3035 cum
1481 2982 1705 3051 angelis
1730 2981 2035 3035 Dominum

407 3080 595 3134 Iesum
625 3076 822 3131 audire
850 3076 1153 3146 possimus.

478 3174 567 3226 44.
598 3170 706 3225 Sed
737 3170 873 3240 quia
913 3169 1167 3222 futurum
1196 3171 1427 3235 eratut,
1460 3183 1590 3221 cum
1630 3168 1700 3221 ad
1730 3167 2037 3239 plenitudi-

2135 1864 2239 1918 bus
2282 1862 2489 1917 sanctis
2544 1864 2709 1931 (Psal.
2757 1878 2974 1931 Lxxxvi,
3022 1861 3092 1932 1).
3138 1862 3218 1917 Ad
3266 1877 3365 1916 eos
3415 1860 3582 1931 igitur
3620 1875 3732 1914 con-

2134 1957 2302 2027 fugit,
2334 1958 2433 2028 qui
2473 1960 2605 2011 sunt
2643 1956 2766 2026 ejus
2804 1956 3027 2010 stabilia
3065 1955 3457 2010 fundamenta.
3498 1955 3556 2007 ln
3593 1953 3735 2007 nobis

2138 2050 2306 2121 fugit,
2356 2050 2413 2104 in
2458 2050 2569 2104 illis
2619 2048 2731 2105 ﬁda
2780 2049 3019 2105 statione
3067 2049 3344 2103 consistit.
3395 2047 3544 2101 Mons
3586 2046 3736 2117 igitur

2136 2148 2454 2198 aromatum
2493 2144 2700 2198 Paulus
2740 2148 2843 2211 est,
2892 2143 2989 2214 qui
3033 2145 3220 2213 potest
3254 2141 3441 2196 dicere
3471 2158 3483 2194 :
3519 2163 3543 2189 ‹‹
3576 2140 3738 2194 Bonus

2138 2236 2292 2291 enim
2345 2236 2490 2291 odor
2530 2236 2735 2293 Christi
2779 2253 2973 2290 sumus
3015 2238 3129 2292 Deo
3172 2236 3236 2306 (ll
3284 2235 3431 2297 Con,
3475 2251 3529 2300 ιι,
3575 2234 3672 2304 15).
3713 2258 3734 2279 υ

2136 2330 2292 2384 Mons
2332 2335 2655 2384 aromatum
2685 2330 2877 2396 David,
2908 2330 3068 2399 cujus
3097 2328 3376 2384 orationis
3407 2328 3544 2383 odor
3571 2342 3736 2380 ascen-

2140 2422 2309 2476 debat
2351 2423 2420 2477 ad
2470 2422 2808 2489 Dominum;
2866 2426 2921 2477 et
2969 2422 3099 2476 ideo
3155 2421 3380 2476 dicebat
3426 2439 3440 2475 :
3490 2422 3741 2489 Dirigalur

2139 2519 2310 2570 oratio
2354 2532 2491 2578 mea,
2533 2519 2673 2571 sicut
2719 2519 2999 2571 incensum
3040 2518 3099 2570 in
3139 2522 3424 2586 conspectu
3468 2521 3557 2569 tuo
3600 2512 3737 2581 (Psal.

2138 2627 2257 2677 ch,
2289 2610 2366 2679 2).

2211 2706 2299 2758 45.
2359 2704 2733 2775 Symmachus
2793 2706 2985 2758 tamen
3041 2707 3099 2757 et
3158 2703 3363 2773 Aquila
3417 2699 3742 2771 interpretati

2140 2802 2291 2865 sunt,
2321 2796 2477 2868 quod
2516 2797 2772 2853 Christus
2812 2796 2962 2850 dicat
2986 2797 3056 2851 ad
3082 2796 3390 2851 Ecclesiam
3421 2812 3433 2849 :
3465 2795 3586 2861 Quz
3618 2793 3743 2849 sedes

2138 2893 2198 2945 in
2251 2890 2439 2952 hortis,
2495 2891 2600 2944 hoc
2644 2894 2749 2958 est,
2790 2890 2911 2960 jam
2957 2890 3017 2944 in
3069 2889 3243 2945 hortis
3289 2889 3477 2958 sedes,
3523 2902 3743 2958 superno

2139 2984 2318 3055 digna
2355 2983 2654 3054 paradiso;
2692 2987 2749 3037 et
2779 2983 2903 3037 ideo
2951 2984 3139 3038 Vocem
3181 2988 3335 3039 tuam
3375 2986 3590 3037 insinua
3614 2981 3744 3039 mihi,

2141 3078 2232 3132 cui
2256 3078 2425 3132 amici
2452 3076 2780 3133 intendunt.
2813 3079 2929 3148 Ego
2970 3093 3196 3149 quoque
3233 3094 3363 3131 eam
3400 3076 3589 3131 audire
3626 3072 3747 3128 desi-

2141 3172 2298 3226 dero.
2337 3172 2516 3243 Ccepit
2556 3172 2613 3224 in
2650 3170 2827 3226 hortis
2867 3187 2985 3225 esse
3024 3170 3287 3240 Ecclesia,
3322 3174 3621 3241 postquam
3654 3168 3745 3236 (l3)

412 3281 541 3319 nem
594 3263 835 3317 Ecclesia
886 3261 1264 3332 pervenisset,
1318 3261 1814 3330 persecutionibus
1870 3262 2042 3316 variis
2142 3266 2198 3319 in
2229 3265 2412 3320 hortis
2438 3282 2637 3337 passus
2666 3268 2752 3319 est
2775 3264 3048 3319 Christus.

472 3432 572 3495 (12)
612 3432 691 3481 Ita
730 3430 980 3494 plerique
1018 3441 1148 3478 mss.
1182 3428 1291 3479 Alii
1330 3431 1513 3477 tamen
1555 3427 1785 3491 aliquot,
1813 3432 1865 3477 et
1911 3428 2038 3478 edit.

410 3515 621 3565 omnes,
652 3506 747 3551 aut
770 3500 944 3564 fugiat
972 3500 1039 3550 ab
1068 3500 1280 3565 inﬁmis,
1307 3504 1368 3549 ut
1391 3511 1591 3561 nempe
1621 3499 1797 3548 infimi
1822 3511 1919 3561 per
1948 3511 2041 3547 an-

409 3577 635 3628 tithesin
666 3574 950 3625 montibus
984 3577 1367 3638 opponantur;
1393 3572 1492 3623 sed
1521 3571 1725 3623 melius
1750 3585 2042 3635 opponun-

409 3654 499 3699 tur
527 3647 729 3698 inﬁrmi
758 3644 1112 3709 martyribus.

2202 3434 2296 3494 (l3)
2333 3432 2491 3482 Rom.
2523 3431 2656 3483 edit.
2697 3432 2834 3493 sola,
2861 3431 2918 3481 in
2961 3431 3129 3481 hortis
3165 3438 3353 3497 captus
3392 3437 3464 3482 est
3515 3430 3743 3481 Christus.

2141 3502 2249 3553 Sed
2282 3508 2653 3566 praeterquam
2680 3502 2830 3565 quod
2854 3506 3033 3565 potest
3058 3502 3113 3551 id
3138 3502 3207 3553 de
3232 3501 3442 3553 Christi
3473 3501 3657 3565 agonia
3681 3501 3745 3548 in-

2141 3571 2335 3636 telligi,
2361 3573 2526 3623 etiam
2570 3577 2728 3622 extra
2766 3573 3012 3636 pomeria
3049 3572 3295 3636 urbium,
3325 3574 3426 3624 ubi
3462 3577 3574 3624 erat
3608 3583 3747 3621 mons

2144 3641 2413 3693 Calvariaa
2443 3644 2602 3705 situs,
2633 3645 2851 3694 conseri
2878 3643 3023 3694 horti
3053 3649 3419 3696 consuerunt.

1176 3900 1273 3908 _
1288 3898 2003 3907 Mm—
2014 3897 2869 3905 ww-

2878 3894 3729 3907 -WM-M

428 3929 745 3939 —————V_.-—._—~
770 3932 801 3935 Α.
866 3930 975 3935 ηιθς-
1008 3930 1207 3935 -ψμ.«
1622 3928 1655 3932 ..Α
1694 3928 1789 3931 ν.»-
1832 3928 1849 3932 -

2303 3927 2306 3929 λ
2456 3928 2459 3929 ν
2662 3927 2695 3931 -,.
2748 3927 2771 3931 -,
2806 3928 2855 3931 _-
2904 3927 3073 3932 ,φ-η-ημ
3120 3927 3147 3932 ς
3164 3927 3281 3933 -ργ-ς
3298 3930 3335 3931 κέ
3356 3923 3732 3934 ,νμθσ--υ--ο-*σ

714 4168 803 4254 ΙΝ
862 4166 1501 4253 EXPOSITIONEM
1560 4164 2033 4250 EVANGELII

2142 4163 2367 4250 ECUN
2374 4163 2561 4250 DUM
2618 4164 2912 4250 LUCAM
2968 4165 3477 4253 ΑΠΜΟΝΙΤΙΟ.

1938 4398 2234 4407 αι’-Μ.-.-

486 4640 595 4694 Hoc
636 4654 775 4711 opus
821 4636 1176 4693 sermonibus
1225 4633 1429 4707 quibus
1474 4634 1844 4705 Evangelium
1891 4635 2051 4688 Lucae
2089 4632 2420 4688 Ambrosius
2463 4633 2673 4704 populo
2710 4634 2995 4701 enodavit,
3031 4637 3291 4688 constare
3342 4638 3501 4689 extra
3544 4633 3741 4687 contro-

412 4731 650 4787 versiam
679 4732 782 4783 est.
816 4728 961 4781 lllud
990 4728 1143 4781 enim
1170 4743 1287 4781 non
1320 4726 1490 4781 modo
1520 4742 1587 4779 ex
1623 4723 1897 4779 orationis
1928 4724 2130 4793 forma,
2161 4724 2453 4796 citatisque
2484 4724 2601 4794 (lib.
2632 4739 2726 4791 vn,
2769 4724 2828 4778 in
2855 4741 2980 4794 cap.
3024 4740 3053 4779 x
3085 4727 3140 4779 et
3178 4740 3286 4792 xxv,
3318 4728 3378 4778 et
3404 4723 3552 4790 alibi)
3581 4718 3741 4787 Scrip-

414 4829 557 4879 turaa
595 4820 652 4874 in
703 4817 946 4872 Ecclesia
998 4816 1335 4886 priusquam
1384 4814 1471 4869 vir
1519 4820 1743 4868 sanctus
1791 4813 2208 4885 aggrederetur
2256 4814 2324 4868 ad
2380 4813 2710 4883 dicendum,
2765 4814 3013 4868 recitatae
3065 4813 3204 4868 locis
3256 4812 3623 4883 intelligitur;
3666 4804 3745 4860 sed

415 4912 597 4968 multo
637 4907 822 4978 magis
861 4923 925 4961 ex
959 4922 1026 4960 eo
1063 4905 1406 4971 declaratur,
1438 4904 1592 4974 quod
1634 4904 1794 4957 illum
1837 4902 2038 4957 diebus
2076 4902 2387 4957 Dominicis
2415 4903 2529 4973 (lib.
2566 4920 2681 4970 vni,
2715 4903 2775 4958 in
2800 4919 2925 4973 cap.
2960 4905 3068 4971 xxx)
3094 4904 3332 4974 aliisque
3373 4895 3745 4957 celebrioribus

410 5003 530 5072 (lib.
563 5017 634 5066 iv,
665 4999 725 5051 in
752 5013 873 5067 cap.
902 4997 980 5065 v),
1012 4994 1186 5050 verba
1215 4994 1412 5049 fecisse
1453 4994 1953 5065 deprehendimus.
1996 4995 2117 5047 lmo
2164 5009 2298 5047 vero
2336 5010 2451 5048 non
2498 4993 2800 5047 difﬁculter
2839 4991 3348 5047 animadvertimus
3387 4986 3742 5061 evangelicum

414 5095 630 5146 textum
679 5102 845 5158 quem
896 5101 1183 5156 exponere
1232 5084 1328 5138 ille
1380 5083 1686 5154 cogitabat,
1740 5083 1964 5153 publice
2018 5083 2310 5138 recitatum
2366 5084 2535 5138 fuisse
2576 5100 2588 5136 :
2644 5083 3101 5154 quandoquidem
3146 5082 3471 5153 complures
3517 5075 3738 5149 ejusdem

412 5179 703 5251 Evangelii
730 5178 896 5246 locos,
930 5180 1088 5232 textu
1116 5192 1236 5231 non
1262 5175 1429 5230 citato
1462 5174 1581 5243 (lib.
1613 5191 1670 5241 ιι,
1703 5174 1763 5228 in
1791 5190 1915 5245 cap.
1950 5178 2049 5241 ιιι),
2090 5174 2167 5228 ita
2207 5175 2472 5246 explicat,
2512 5178 2573 5227 ut
2601 5190 2730 5244 quae
2767 5174 3153 5229 tractabantur
3182 5172 3300 5242 (lib.
3332 5188 3385 5240 v,
3427 5171 3482 5224 in
3514 5182 3628 5238 cap.
3656 5174 3736 5222 vn;

412 5269 513 5325 lib.
542 5286 636 5336 vn,
666 5268 725 5322 in
750 5284 873 5338 cap.
904 5284 980 5333 ιχ,
1014 5269 1072 5320 et
1112 5266 1289 5335 alibi),
1325 5265 1430 5320 nisi
1474 5264 1711 5318 materia
1739 5264 2009 5318 orationis
2050 5264 2319 5333 praelecta
2358 5264 2573 5330 fuisset,
2616 5263 2687 5316 ab
2728 5262 3082 5317 auditoribus
3118 5262 3240 5332 capi
3281 5259 3517 5315 minime
3553 5252 3736 5338 potuis-

415 5364 561 5414 sent.
590 5359 749 5423 Quod
787 5356 1214 5413 incommodum
1256 5372 1325 5409 ne
1366 5355 1544 5408 lector
1581 5369 1805 5423 quoque
1836 5356 2146 5423 pateretur,
2180 5356 2453 5407 curarunt
2493 5352 2740 5406 editores
2782 5350 3041 5418 Romani,
3084 5356 3147 5406 ut
3182 5348 3538 5420 evangelicus
3578 5336 3736 5397 omnis

414 5451 731 5515 contextus,
764 5454 821 5503 et
847 5449 893 5503 is
925 5448 1097 5503 etiam
1128 5447 1186 5500 in
1218 5461 1389 5517 queui
1420 5443 1749 5501 Ambrosius
1778 5443 1921 5497 nihil
1952 5443 2193 5512 dixerat,
2231 5443 2611 5499 exhiberetur.
2655 5444 2861 5498 Verum
2896 5458 3028 5497 cum
3069 5442 3124 5496 id
3154 5443 3427 5513 praestare
3457 5436 3535 5491 illi
3564 5426 3734 5517 nequi-

414 5539 619 5605 verint,
654 5537 789 5608 quin
825 5555 940 5592 non
971 5540 1157 5593 solum
1200 5516 1349 5608 saepe
1396 5533 1832 5590 Ambrosianam
1876 5532 2194 5588 orationem
2236 5533 2727 5599 interscinderent,
2773 5532 2868 5587 sed
2908 5536 2964 5586 et
2992 5531 3109 5585 illic
3155 5529 3303 5585 haud
3349 5542 3524 5599 pauca
3555 5516 3733 5608 partit"

415 5630 782 5694 inverterent,
814 5628 1021 5697 partim
1058 5628 1397 5699 adjicerent;
1446 5624 1617 5679 satius
1656 5624 1833 5677 visum
1881 5629 1964 5677 est
2007 5623 2099 5678 ubi
2144 5639 2338 5678 versus
2366 5624 2465 5695 qui
2508 5623 2835 5694 exponitur,
2866 5622 3227 5677 desideratur
3256 5620 3313 5675 in
3352 5604 3731 5679 manuscriplis.

416 5718 577 5774 illum
609 5716 666 5770 in
693 5717 953 5787 margine
981 5716 1249 5772 editionis
1275 5716 1544 5771 indicare.

486 5807 753 5870 Quamvis
779 5806 964 5860 solum
1007 5805 1377 5875 Evangelium
1422 5806 1585 5860 Lucae
1618 5804 2007 5860 enarrandum
2046 5804 2153 5860 sibi
2195 5804 2579 5877 proposuisset
2620 5803 2971 5876 Ambrosius,
3009 5802 3246 5857 subinde
3290 5803 3479 5855 tamen
3516 5792 3727 5849 aliorum
