3930 6168
212 211 328 264 £505
1214 202 1554 261 EXPOSITIO
1594 204 1660 259 IN
1702 202 1946 261 LUCAM.
1990 233 2057 243 -—
2094 204 2481 277 ADMONlTlO.
3392 211 3527 264 l606

205 333 357 387 etiam
404 331 544 384 locos
580 328 817 399 eXponit
858 327 979 399 (lib.
1030 343 1083 395 v,
1131 328 1192 382 in
1235 344 1361 399 cap.
1406 345 1508 396 v11;
1560 328 1655 382 lib.
1704 343 1776 396 γι,
1826 328 1884 383 in
1933 343 2058 399 cap.
2107 329 2209 399 1x);
2260 330 2481 400 quoties
2523 327 2778 384 videlicet
2823 329 2864 382 ii
2912 330 3000 385 vel
3047 328 3259 403 aliquid
3309 332 3524 389 habere

201 420 438 475 videntur
483 417 775 489 peculiaris
826 416 1172 472 difﬁcultatis
1220 418 1341 487 (lib.
1390 434 1448 485 11,
1498 418 1557 471 in
1608 434 1732 489 cap.
1782 435 1819 473 11
1866 421 1923 472 et
1964 420 2063 487 111),
2110 419 2197 472 vel
2244 436 2277 472 a
2320 419 2489 474 beato
2540 419 2687 473 Luca
2742 418 2899 473 fuere
2950 421 3344 490 praetermissi;
3390 439 3524 477 cum

196 508 424 579 alioquin
455 524 648 562 eorum
674 506 1055 578 cognitionem
1078 508 1289 578 populo
1315 507 1544 562 utilitati
1574 507 1825 562 futuram
1852 513 2065 562 censet.
2097 508 2347 563 Desudat
2364 507 2724 578 potissimum
2754 508 2812 562 in
2836 507 3204 563 conciliandis
3224 526 3351 579 qum
3373 513 3521 581 apud

192 597 539 668 evangelistas
561 603 837 668 apparent
865 597 1159 651 contrariis
1186 598 1305 667 (lib.
1337 614 1418 665 111,
1448 597 1608 663 init;
1651 597 1747 651 lib.
1781 614 1829 664 ν,
1874 597 1931 651 in
1969 615 2018 653 c.
2060 614 2091 652 ν
2130 601 2186 652 et
2216 613 2298 666 v1;
2341 598 2439 652 lib.
2486 614 2578 665 VII,
2618 597 2675 652 in
2714 614 2836 669 cap.
2880 614 2971 667 v11,
3012 602 3069 653 et
3103 598 3233 653 alibi
3275 600 3519 672 saepius),

191 694 239 742 et
262 686 431 741 sicubi
456 687 650 742 durior
677 687 883 741 litterae
917 688 1098 742 nodus
1124 687 1402 755 inciderit,
1432 687 1505 742 ad
1532 686 1886 757 spiritualem
1914 687 2173 758 confugit
2208 687 2748 758 interpretationem
2788 688 2901 756 (lib.
2946 705 2999 755 v,
3032 688 3091 742 in
3129 704 3254 759 cap.
3290 705 3391 751 v11;
3421 690 3517 744 lib.

189 794 235 845 x,
271 777 326 829 in
360 792 484 847 cap.
525 777 696 847 1111111),
738 776 795 831 in
844 793 954 847 qua
1004 777 1238 832 mirifice
1281 777 1407 831 illos
1450 777 1754 832 convenire
1802 777 2174 833 demonstrat.
2221 778 2424 832 Multus
2474 781 2559 832 est
2601 778 2661 831 in
2709 778 3030 833 enarrando
3072 794 3240 834 sensu
3279 780 3524 832 naturali

184 872 337 937 atque
375 867 678 935 historico;
712 868 1042 938 frequenter
1084 872 1273 922 tamen
1315 867 1633 923 orationem
1668 868 1947 922 convertit
1985 868 2057 922 ad
2093 869 2433 939 mysticum;
2473 869 2566 923 sed
2607 867 2740 923 inde
2784 884 2934 939 szepe
2976 868 3177 939 saepius
3226 869 3520 939 praeclara,

185 957 370 1028 quibus
408 957 619 1027 passim
657 957 1201 1012 commentationem
1242 973 1405 1011 suam
1447 957 1707 1026 illustrat,
1743 973 1973 1012 morum
2002 963 2285 1029 preacepta
2311 958 2485 1012 ducit.
2520 959 2839 1029 Praecipuas
2866 975 3098 1029 quoque
3131 959 3407 1029 temporis
3433 959 3520 1012 sui

186 1047 435 1115 haereses,
468 1046 674 1117 quibus
715 1047 918 1101 Christi
960 1046 1222 1100 divinitas
1262 1046 1665 1117 impetebatur,
1709 1051 2024 1117 oppugnat,
2057 1047 2163 1102 hoc
2207 1054 2311 1111 est,
2352 1047 2708 1116 Manichmos,
2751 1048 3137 1116 Photinianos,
3175 1050 3434 1116 Ariauos,
3463 1054 3521 1104 et

186 1137 273 1188 hos
298 1151 413 1205 prae
441 1136 683 1202 caeteris,
713 1139 909 1207 utpote
936 1135 1351 1192 Catholicorum
1384 1152 1453 1190 ea
1478 1140 1816 1206 tempestate
1854 1136 2044 1190 hostes
2072 1136 2507 1204 infensissimos;
2549 1137 2699 1191 unde
2740 1137 2897 1192 haud
2932 1137 3141 1208 injuria
3164 1139 3334 1193 liceat
3361 1139 3515 1193 affir-

182 1242 346 1293 mare,
378 1226 529 1280 hanc
557 1226 610 1280 ei
639 1226 997 1296 potissimam
1023 1226 1198 1281 fuisse
1225 1242 1475 1294 causam,
1505 1241 1608 1280 cur
1633 1225 2005 1296 Evangelium
2032 1227 2191 1282 Lucas
2224 1227 2585 1298 interpretari
2613 1227 2766 1298 apud
2793 1244 2852 1283 se
2879 1231 3172 1285 statueret.

242 1326 342 1377 Hos
384 1341 586 1379 omnes
625 1340 925 1380 sermones
963 1324 1189 1396 redegit
1224 1325 1281 1378 in
1325 1340 1504 1378 unum
1546 1341 1707 1395 opus,
1746 1324 2000 1396 illudque
2039 1324 2375 1396 inscriptum
2414 1326 2593 1381 voluit
2628 1326 2790 1381 titulo
2825 1329 3192 1397 expositionis
3228 1331 3520 1402 Evangelii

179 1413 478 1468 secundum
508 1414 713 1469 Lucam
745 1430 757 1467 :
788 1414 1078 1485 quomodo
1111 1414 1298 1484 ipsum
1322 1414 1497 1468 semel
1523 1419 1695 1485 atque
1718 1413 1925 1468 iterum
1957 1414 2028 1468 ab
2056 1415 2371 1485 Augustino
2398 1414 2514 1485 (lib.
2546 1416 2645 1470 ide
2671 1416 2825 1472 Grut.
2852 1418 3075 1481 σὴν-ἰείη
3100 1435 3220 1490 cap.
3242 1437 3393 1489 Xle;
3417 1423 3518 1477 lib.

178 1521 207 1557 11
230 1506 294 1558 De
314 1509 520 1573 peccat.
555 1508 690 1572 θήρ.
733 1520 860 1574 cap.
895 1520 1002 1571 xu,
1035 1503 1133 1557 lib.
1167 1520 1184 1557 1
1214 1506 1368 1561 Cont.
1397 1504 1605 1559 Julian.
1640 1521 1687 1557 c.
1723 1520 1799 1573 111,
1836 1507 1893 1558 et
1921 1503 2019 1557 lib.
2061 1520 2117 1571 11,
2156 1520 2205 1558 c.
2245 1504 2297 1574 ν)
2330 1504 2561 1559 citatum
2601 1506 2868 1577 reperias,
2909 1508 3141 1564 cuinon
3179 1512 3347 1580 pauci
3372 1529 3515 1583 quo-

178 1611 272 1665 que
301 1611 433 1648 mss.
464 1594 575 1648 hac
606 1596 665 1647 in
697 1609 760 1648 re
788 1594 994 1648 favent.
1024 1595 1094 1646 At
1121 1609 1254 1647 vero
1283 1594 1453 1647 falsus
1483 1597 1568 1648 est
1591 1593 1779 1648 Sixtus
1809 1593 1941 1648 Sen.
1975 1609 2105 1647 cum
2141 1593 2401 1648 eamdem
2438 1594 2583 1648 hanc
2623 1597 3161 1652 commentationem
3189 1599 3259 1653 ab
3287 1607 3513 1655 auctore

176 1702 262 1740 suo
291 1686 345 1739 in
368 1684 549 1739 libros
573 1701 686 1739 non
706 1684 880 1739 fuisse
910 1683 1232 1739 distinctam
1263 1684 1467 1738 asserit
1503 1686 1609 1738 hoc
1647 1692 2007 1755 argumento,
2038 1685 2188 1755 quod
2221 1686 2558 1753 Augustinus
2593 1702 2860 1756 nusquam
2904 1690 3030 1743 libri
3065 1690 3300 1759 alicujus
3326 1707 3512 1745 nume-

174 1791 276 1829 rum
309 1778 443 1829 citat
472 1775 756 1844 (Biblioth.
798 1775 890 1827 lib.
932 1774 1027 1843 1v).
1070 1774 1194 1828 Non
1237 1774 1452 1845 legerat
1486 1775 1743 1845 profecto
1784 1775 2033 1845 primum
2076 1775 2331 1846 ejusdem
2374 1775 2549 1830 Patris
2588 1775 2800 1831 librum
2842 1779 2911 1831 De
2951 1782 3137 1846 gratia
3172 1779 3407 1847 Christi;
3456 1781 3513 1835 in

177 1865 278 1933 ejus
310 1866 461 1919 enim
507 1881 636 1936 cap.
678 1880 802 1918 xmv
839 1867 897 1917 et
921 1880 1020 1918 XLV
1065 1863 1319 1935 plerique
1350 1865 1556 1935 operis,
1590 1864 1658 1919 de
1696 1880 1809 1935 quo
1851 1864 2092 1934 agimus,
2134 1864 2262 1918 libri
2311 1881 2555 1919 numero
2599 1864 2844 1921 indicato
2884 1866 2953 1921 ad
2994 1867 3282 1923 decimum
3328 1886 3506 1940 usque

175 1958 570 2009 memorantur.
631 1953 863 2009 Gravius
914 1954 1101 2007 adhuc
1152 1958 1350 2025 peccat
1398 1954 1728 2009 Possevinus
1779 1954 1856 2025 (in
1911 1953 2233 2025 Apparat.),
2285 1954 2380 2025 qui
2437 1954 2573 2010 Sixti
2619 1954 2904 2025 judicium
2962 1961 3162 2012 contra
3209 1959 3511 2029 Augustini

177 2045 559 2099 auctoritatem
595 2049 839 2109 secutus,
880 2049 1261 2098 memoratam
1302 2042 1670 2114 partitionem
1714 2050 1908 2115 negat.
1949 2044 2171 2115 Quippe
2209 2043 2445 2098 dubium
2488 2061 2601 2099 non
2629 2048 2733 2115 est,
2768 2045 2906 2116 quin
2944 2047 3360 2118 exemplaribus
3385 2064 3513 2120 quae

174 2132 301 2187 idem
329 2134 685 2205 Augustinus
711 2133 1003 2199 lectitavit,
1034 2134 1275 2187 multum
1302 2133 1435 2187 ﬁdei
1467 2133 1538 2186 sit
1577 2132 1930 2199 habendum,
1963 2150 2081 2187 non
2125 2134 2311 2188 solum
2354 2138 2590 2205 propter
2630 2138 2961 2206 temporum
3002 2136 3373 2204 vicinitatem,
3414 2138 3514 2193 sed

173 2224 330 2276 inulto
355 2222 550 2294 magis
576 2228 807 2294 propter
833 2221 984 2276 illius
1012 2222 1258 2277 doctoris
1296 2222 1668 2277 arctissimam
1705 2238 1838 2277 cum
1874 2223 2174 2277 Ambrosio
2212 2223 2692 2295 conjunctionem.
2732 2225 2997 2280 Fatemur
3036 2227 3269 2297 quidem
3306 2228 3378 2282 ab
3415 2228 3513 2283 illo

174 2311 355 2367 librum
397 2316 632 2367 sextum
670 2313 794 2368 loco
834 2311 1063 2383 septimi
1102 2312 1278 2366 semel
1316 2313 1643 2367 nominari:
1686 2313 1783 2367 sed
1827 2313 1936 2367 nisi
1970 2314 2275 2384 postremis
2321 2330 2558 2384 operum
2606 2315 2908 2385 Augustini
2954 2317 3318 2387 scriptoribus
3358 2318 3512 2372 hunc

174 2402 369 2471 lapsum
398 2401 778 2456 tribuendum
809 2406 991 2472 putes,
1026 2402 1172 2456 forte
1199 2401 1507 2456 dicendum
1532 2402 1706 2457 fuerit
1738 2402 1798 2457 in
1837 2403 1946 2457 hoc
1972 2408 2222 2457 erratum
2253 2419 2372 2458 esse
2409 2403 2479 2457 ab
2516 2404 2586 2457 iis
2622 2404 2720 2475 qui
2762 2404 3042 2460 Ambrosii
3080 2406 3507 2477 Expositionem

172 2490 526 2563 descripsere,
557 2496 621 2545 ut
648 2491 727 2545 ibi
755 2491 983 2562 septimi
1012 2491 1139 2546 libri
1166 2491 1396 2546 initium
1424 2495 1727 2563 ponerent,
1754 2508 1868 2564 quo
1893 2492 2037 2547 sexti
2066 2492 2276 2547 limites
2303 2494 2535 2549 extendi
2562 2493 2879 2565 oportebat.

230 2591 467 2662 Scriptos
495 2606 652 2644 anno
688 2592 789 2643 376
832 2590 936 2644 hos
984 2590 1155 2645 libros
1194 2593 1390 2645 auctor
1431 2597 1516 2645 est
1552 2592 1825 2646 Baronius
1864 2592 1957 2661 (ad
1994 2609 2129 2647 ann.
2173 2592 2320 2663 376),
2372 2592 2537 2647 unico
2574 2592 2846 2647 nimirum
2888 2609 3189 2663 persuasus
3223 2596 3369 2662 loco,
3410 2597 3506 2651 ubi

172 2680 239 2734 vir
264 2684 488 2735 sanctus
516 2679 827 2735 Alanorum
860 2679 976 2747 (lib.
1008 2697 1062 2747 x,
1093 2681 1153 2734 in
1192 2698 1318 2752 cap.
1350 2682 1481 2750 XXI),
1522 2681 1883 2752 aliorumque
1924 2681 2303 2736 barbarorum
2339 2682 2509 2749 bella,
2554 2698 2743 2752 neque
2784 2699 2900 2737 non
2940 2684 3155 2738 famem
3196 2686 3507 2757 quamdam

173 2786 224 2823 ac
246 2775 457 2841 pestem
488 2769 555 2823 in
585 2769 851 2824 animalia
877 2771 1070 2824 omnia
1099 2772 1428 2826 saevientem
1461 2775 1757 2826 memorat.
1791 2771 1901 2827 Sed
1945 2788 2189 2843 magnus
2228 2772 2533 2827 cardinalis
2567 2788 2759 2826 secum
2792 2772 2913 2842 ipse
2946 2790 3063 2828 non
3102 2775 3238 2828 satis
3276 2792 3511 2831 consen-

172 2860 242 2928 tit,
288 2875 413 2913 cum
461 2858 645 2913 tradit
693 2860 1015 2929 Apologiam
1061 2861 1239 2917 Dauid
1281 2877 1398 2916 non
1445 2862 1549 2915 nisi
1601 2866 1729 2931 post
1766 2878 1983 2915 annum
2038 2865 2139 2917 383
2188 2862 2544 2917 lucubratum
2587 2879 2739 2930 esse;
2779 2867 2996 2918 constat
3042 2863 3325 2934 siquidem
3379 2882 3504 2920 eam

173 2950 306 3004 citari
329 2951 385 3003 in
417 2950 534 3003 hac
564 2948 690 3018 ipsa
716 2950 1069 3020 expositione
1098 2950 1218 3019 (lib.
1252 2967 1329 3017 111,
1373 2951 1431 3003 in
1463 2967 1509 3005 c.
1550 2952 1653 3019 ιιι),
1687 2967 1751 3005 ac
1791 2951 2034 3022 proinde
2076 2952 2223 3006 hanc
2259 2951 2367 3006 dici
2408 2952 2615 3006 debere
2654 2951 2749 3005 illa
2784 2953 3178 3023 posteriorem.
3212 2955 3502 3026 Quaprop-

172 3044 241 3092 ter
264 3043 321 3093 ut
352 3038 581 3111 aliquid
620 3039 840 3093 ﬁrmius
877 3043 1174 3106 statuatur,
1216 3040 1631 3096 observandum
1672 3044 1756 3095 est
1792 3047 2051 3096 sanctum
2088 3041 2451 3096 Ambrosium
2489 3047 2800 3111 antequam
2841 3042 2899 3096 in
2939 3043 3309 3115 Evangelium
3347 3045 3507 3099 Lucae

172 3129 427 3197 scriberet,
462 3130 686 3184 multos
711 3129 904 3197 libros,
932 3146 1177 3200 quorum
1204 3130 1417 3185 ibidem
1448 3130 1809 3185 mentionem
1838 3132 1988 3199 facit,
2020 3132 2077 3186 in
2118 3133 2307 3187 lucem
2337 3132 2608 3199 emisisse,
2647 3148 2698 3186 v.
2740 3149 2796 3203 g.
2828 3136 2899 3188 De
2942 3133 3138 3190 Viduis
3176 3133 3293 3204 (lib.
3336 3151 3414 3201 111,
3446 3136 3503 3188 in

170 3233 208 3270 c.
234 3234 290 3287 11;
318 3218 413 3273 lib.
444 3236 530 3286 ιν,
562 3219 621 3273 in
662 3235 785 3290 cap.
816 3222 889 3289 ιν)
934 3223 1061 3291 post
1098 3237 1191 3274 an.
1222 3223 1347 3287 377,
1377 3222 1449 3275 De
1491 3221 1623 3275 Fide
1650 3220 1767 3291 (lib.
1810 3237 1889 3291 111,
1938 3222 1995 3275 in
2040 3238 2088 3276 c.
2131 3226 2204 3290 111)
2250 3227 2377 3293 post
2416 3224 2539 3289 379,
2586 3225 2656 3277 [)e
2693 3224 2906 3292 Spiritu
2946 3228 3131 3278 sancto
3168 3223 3286 3294 (lib.
3330 3240 3402 3293 Vl,
3450 3225 3509 3279 in

172 3324 270 3378 cap.
296 3312 364 3379 v1)
394 3327 495 3365 an.
533 3311 657 3376 38t,
691 3309 934 3381 denique
961 3311 1287 3381 Apologiam
1323 3311 1499 3366 David
1529 3311 1647 3381 (lib.
1679 3328 1738 3375 11,
1780 3312 1839 3366 in
1877 3328 2002 3382 cap.
2044 3329 2098 3381 11,
2134 3318 2191 3367 et
2224 3313 2375 3384 alibi)
2408 3319 2536 3383 post
2580 3314 2682 3367 383
2726 3314 3118 3385 compositam.
3147 3314 3292 3378 Quin
3333 3314 3506 3369 etiam

171 3414 253 3452 nec
276 3416 433 3454 suum
460 3400 533 3453 in
566 3400 718 3454 Isaia:
761 3401 1127 3472 prophetiam
1158 3402 1269 3470 (lib.
1315 3420 1393 3469 111,
1423 3403 1479 3458 in
1519 3420 1641 3475 cap.
1686 3406 1763 3473 111)
1795 3405 2277 3460 commentarium
2317 3405 2462 3460 silet.
2509 3407 2645 3470 Quae
2686 3422 2814 3460 cum
2856 3406 2935 3460 ita
2971 3406 3103 3475 sint,
3147 3405 3193 3460 si
3233 3407 3506 3461 Baronius

168 3491 235 3540 tot
258 3488 418 3544 libros
445 3490 589 3545 huic
619 3490 969 3561 Expositioni
1000 3493 1325 3562 praemissos
1366 3492 1751 3564 expendisset,
1793 3493 1943 3548 haud
1981 3510 2132 3565 aegre
2174 3494 2691 3559 animadvertisset,
2736 3499 2815 3549 tot
2858 3511 3028 3566 opera
3068 3495 3139 3550 ab
3182 3512 3267 3563 eo,
3307 3497 3401 3566 qui
3436 3497 3507 3551 ad

168 3577 541 3650 episcopatum
575 3596 608 3633 a
637 3580 979 3651 praefectura
1006 3598 1156 3636 anno
1186 3586 1409 3637 tantum
1439 3583 1541 3637 374
1573 3581 1867 3637 traductus
1904 3583 2109 3647 fuerat,
2148 3584 2295 3639 intra
2328 3584 2469 3639 duos
2502 3601 2683 3639 annos
2725 3584 3047 3639 elucubrari
3078 3601 3191 3639 non
3234 3585 3502 3655 potuisse.

169 3665 253 3720 Sed
277 3684 396 3739 quia
424 3672 664 3724 sanctus
694 3674 888 3724 noster
926 3670 996 3725 de
1037 3672 1271 3727 Justinte
1303 3674 1361 3727 in
1395 3689 1453 3727 se
1496 3673 1900 3743 persecutione
1932 3673 2128 3728 scribit
2170 3674 2286 3743 (lib.
2322 3691 2413 3742 v11,
2445 3674 2502 3728 in
2546 3690 2671 3744 cap.
2717 3676 2812 3744 1x),
2844 3690 2906 3728 ea
2952 3679 3174 3729 tantam
3218 3690 3349 3728 cum
3398 3674 3508 3728 illis

170 3769 274 3823 qua
300 3756 353 3812 in
379 3758 696 3828 scriptione
727 3762 798 3815 De
824 3760 979 3815 basil.
1012 3777 1117 3816 non
1148 3762 1293 3817 trad.
1337 3762 1628 3834 leguntur,
1669 3763 1985 3834 praeferunt
2017 3762 2387 3832 afﬁnitatem;
2426 3768 2492 3819 ut
2530 3764 2663 3819 inde
2702 3766 2922 3819 constet
2966 3764 3505 3819 commentationem

171 3840 228 3897 de
249 3861 352 3915 qua
377 3847 702 3918 loquimur,
735 3864 852 3903 non
899 3850 1007 3903 nisi
1036 3849 1241 3921 elapsis
1278 3850 1626 3906 difﬁcillimis
1664 3851 1773 3905 illis
1812 3852 2181 3922 temporibus,
2214 3851 2266 3906 id
2311 3858 2414 3923 est,
2447 3870 2560 3908 non
2599 3857 2729 3908 ante
2772 3869 2987 3908 annum
3025 3856 3148 3921 386,
3182 3853 3503 3908 absolutam

170 3945 292 4002 Esse;
318 3937 786 4007 quandoquidem
813 3939 951 3994 alibi
982 3940 1097 4011 (lib.
1137 3958 1209 4010 1x,
1247 3941 1305 3997 in
1343 3959 1465 4013 cap.
1510 3943 1602 4012 xx)
1636 3959 1857 4013 pacem,
1897 3959 2067 4015 quam
2108 3943 2376 4016 deinceps
2417 3946 2719 3999 consecuta
2759 3948 2845 3998 est
2884 3944 3150 4015 Ecclesia,
3191 3946 3501 4000 memorari

172 4020 445 4080 obscurum
476 4043 595 4081 non
627 4033 730 4081 est.
783 4030 956 4085 Porro
999 4031 1155 4102 quod
1191 4031 1263 4086 ad
1301 4032 1522 4086 Baronii
1552 4038 1987 4104 argumentum,
2019 4034 2069 4087 ei
2098 4049 2214 4088 non
2239 4035 2481 4090 absurde
2522 4034 2702 4106 quivis
2730 4034 3090 4107 respondeat,
3121 4036 3191 4091 de
3229 4036 3499 4091 incursio-

171 4110 311 4168 nibus
335 4116 719 4172 barbarorum
746 4118 1004 4187 istorum,
1038 4121 1273 4193 aliisque
1302 4122 1711 4177 calamitatibus
1737 4127 2006 4194 tanquam
2036 4123 2104 4177 de
2132 4123 2298 4178 rebus
2324 4124 2630 4195 praeteritis
2649 4126 2905 4179 locutum
2944 4126 3330 4181 Ambrosium.

227 4210 444 4269 Multum
471 4215 752 4287 temporis
780 4218 917 4273 dum
949 4220 996 4273 is
1025 4221 1373 4292 Expositioni
1400 4220 1531 4276 huic
1571 4238 1803 4293 operam
1847 4221 2028 4289 daret,
2059 4226 2321 4277 exactum
2362 4227 2464 4278 est.
2507 4224 2829 4293 Enimvero,
2862 4241 2995 4279 cum
3030 4225 3135 4281 sub
3170 4226 3342 4280 tinem
3376 4226 3508 4281 libri

174 4305 337 4370 quarti
360 4305 651 4377 signiﬁcet
691 4308 1007 4378 Epiphania
1036 4310 1176 4366 festa
1212 4312 1409 4383 paucis
1446 4317 1577 4367 ante
1621 4312 1823 4366 diebus
1866 4312 2149 4367 celebrata
2186 4330 2305 4368 esse
2343 4313 2459 4383 (lib.
2489 4331 2563 4382 1v,
2593 4314 2652 4369 in
2691 4331 2814 4385 cap.
2856 4314 2934 4384 v),
2968 4314 3291 4385 superiores
3325 4315 3503 4370 libros

170 4404 255 4459 per
274 4393 482 4465 aliquot
506 4395 643 4450 anni
676 4398 934 4468 proxime
967 4401 1145 4472 elapsi
1172 4418 1400 4457 menses
1427 4403 1499 4456 ad
1540 4404 1812 4474 populum
1853 4404 2251 4473 pronuntiatos
2278 4405 2449 4460 fuisse
2492 4404 2824 4475 oportebat;
2853 4420 2986 4458 cum
3024 4407 3215 4458 autem
3248 4421 3317 4459 ex
3354 4404 3499 4459 libro

171 4482 341 4537 octavo
386 4485 463 4554 (in
521 4500 648 4557 cap.
702 4488 855 4558 xvm)
897 4505 1221 4546 sermonem
1270 4492 1536 4547 habuerit
1581 4493 1981 4548 anniversariis
2028 4494 2467 4549 consecrationis
2505 4510 2621 4548 sua:
2667 4493 2951 4560 encmniis,
2983 4509 3111 4564 qua;
3153 4493 3210 4547 in
3257 4494 3504 4549 Ecclesia

173 4569 275 4625 tum
312 4572 502 4628 Graeca
551 4580 675 4630 tum
719 4577 918 4633 Latina
964 4597 1261 4653 nunquam
1308 4582 1415 4636 nisi
1466 4599 1541 4638 v11
1590 4583 1717 4637 idus
1764 4583 1893 4638 Dec.
1949 4584 2348 4638 renuntiantur
2396 4584 2726 4652 (Baron..in
2779 4584 3091 4652 Martyrol,
3136 4587 3305 4655 etc.);
3353 4584 3501 4639 hanc

171 4662 440 4746 materiam
463 4664 649 4719 ferme
676 4682 777 4736 per
801 4667 1097 4723 biennium
1119 4673 1422 4725 tractatam
1452 4688 1575 4727 esse
1606 4671 1971 4726 manifestum
1995 4676 2102 4727 est.
2136 4673 2283 4727 Nihil
2315 4678 2504 4727 tamen
2532 4672 2626 4727 hic
2648 4672 3019 4743 admiramur,
3046 4690 3176 4729 eum
3199 4692 3265 4730 ex
3286 4677 3503 4746 Augus-

172 4744 268 4803 tino
299 4750 554 4822 (Confess.
594 4754 694 4809 lib.
739 4772 815 4823 Vl,
855 4773 981 4828 cap.
1022 4761 1098 4829 111)
1133 4761 1590 4832 cognoverimus,
1627 4761 1990 4816 Ambrosium
2018 4762 2323 4817 Dominicis
2358 4768 2582 4817 tantum
2621 4763 2824 4819 diebus
2854 4764 3029 4819 verba
3053 4765 3239 4820 facere
3263 4781 3496 4820 consueo

171 4834 317 4907 Visse;
346 4859 448 4897 nec
487 4844 632 4899 illud
659 4846 831 4901 etiam
860 4847 1197 4919 ignoremus
1234 4849 1424 4921 ipsum
1462 4852 1533 4905 ab
1564 4857 1909 4923 argumento
1955 4870 2058 4907 suo
2098 4854 2443 4924 quandoque
2484 4862 2779 4909 avocatum
2819 4871 2939 4909 esse
2981 4860 3214 4926 propter
3259 4855 3502 4925 majores

173 4926 552 5016 solemnitates,
583 4935 1072 5005 quemadmodum
1105 4956 1211 4993 usu
1249 4940 1510 4995 veniebat
1547 4942 1605 4995 in
1643 4958 1801 4997 sacro
1840 4943 2068 5009 Pascha,
2107 4959 2220 5013 quo
2255 4948 2517 5014 tempore
2555 4946 2674 5014 ipse
2713 4961 2817 5016 per
2853 4961 2910 4999 se
2946 4945 3382 4999 catechumenos
3412 4945 3497 4999 in~

175 5014 426 5106 stituebat.
472 5023 587 5078 Sed
628 5024 883 5081 fortassis
922 5028 1100 5082 etiam
1147 5030 1471 5101 contigerit,
1509 5036 1570 5086 ut
1610 5032 1997 5087 intermissum
2038 5049 2181 5104 opus
2225 5039 2463 5104 propter
2504 5014 2738 5089 Justinae
2780 5036 3245 5106 persecutionem,
3279 5032 3499 5088 reddita

177 5101 378 5165 demum
407 5114 819 5186 tranquillitate
846 5117 1166 5187 perfecerit.

231 5205 286 5258 In
308 5209 587 5278 prioribus
624 5212 780 5269 libris
815 5217 1090 5272 nonnulla
1127 5222 1419 5274 mutuatus
1461 5227 1545 5276 est
1577 5222 1646 5275 ab
1683 5220 1929 5293 Origene
1972 5222 2191 5293 (Homil.
2235 5226 2292 5277 in
2330 5224 2505 5293 Luc.).
2537 5225 2737 5279 Utrum
2773 5230 2965 5281 autem
2995 5225 3153 5279 illum
3182 5240 3409 5295 quoque
3443 5223 3495 5278 in

177 5299 505 5390 sequentibus
540 5302 777 5359 subinde
814 5305 1026 5361 imitari
1062 5310 1403 5379 perrexerit,
1444 5327 1575 5366 cum
1621 5328 1734 5367 non
1774 5313 1967 5367 omnia
2003 5313 2313 5368 doctissimi
2352 5314 2504 5368 illius
2544 5315 2724 5369 Patris
2761 5330 2934 5385 Opera
2970 5313 3044 5367 ad
3082 5330 3184 5368 nos
3225 5329 3494 5384 pervene-

178 5387 287 5477 tint,
311 5387 526 5477 deﬁniri
554 5398 709 5448 certo
738 5410 854 5449 non
882 5401 1086 5465 potest.
1123 5399 1327 5454 Verum
1367 5417 1434 5455 ex
1472 5401 1755 5456 Ambrosii
1792 5404 2051 5457 oratione
2088 5403 2219 5457 satis
2261 5404 2539 5474 intelligas
2584 5404 2769 5475 ipsum
2814 5402 3027 5457 nemini
3066 5402 3282 5457 homini
3315 5403 3493 5473 priva-

180 5472 259 5524 ti111
286 5476 659 5536 adhaerentem
697 5484 986 5540 variorum
1029 5491 1331 5543 auctorum
1374 5491 1670 5561 opiniones
1703 5492 1819 5561 (lib.
1855 5509 1949 5561 v11,
1983 5494 2041 5560 in
2081 5510 2207 5565 cap.
2244 5510 2350 5561 xiv,
2390 5510 2479 5547 xv1
2521 5496 2578 5549 et
2618 5494 2747 5547 alibi
2796 5492 3041 5564 szepius),
3083 5496 3253 5564 prout
3287 5493 3342 5546 in
3373 5510 3493 5547 rem

183 5573 314 5617 sImm
343 5582 455 5623 esse
494 5570 856 5643 videbantur,
897 5592 1237 5648 proponere,
1268 5595 1488 5635 necnon
1531 5582 1707 5635 multa
1745 5582 2008 5636 Ecclesiae
2048 5599 2185 5647 suae,
2217 5583 2439 5653 illisque
2483 5581 2838 5651 temporibus
2875 5582 3253 5654 congruentia
3288 5583 3498 5647 dicere,

183 5660 284 5740 {Iulle
308 5670 427 5711 cum
452 5658 708 5733 Origenis
735 5663 996 5720 doctrina
1024 5668 1261 5724 minime
1304 5670 1687 5727 cohmrebant.
1725 5674 2009 5728 Caeterum
2045 5673 2089 5727 si
2128 5672 2267 5743 quid
2306 5689 2371 5726 ex
2410 5672 2557 5725 illius
2603 5670 2825 5742 scriptis
2862 5672 3110 5728 aliorum
3158 5675 3383 5728 Patrum
3427 5675 3497 5727 ad

187 5743 330 5795 mstar
355 5744 548 5823 hausit,
582 5767 699 5808 non
735 5753 1066 5813 dubitarunt
1102 5758 1278 5815 etiam
1309 5761 1652 5832 posteriores
1684 5779 1747 5816 ex
1781 5763 1888 5817 hac
1930 5762 2316 5834 pulcherrima
2356 5763 2843 5818 commentatione
2884 5763 3132 5836 plurima
3165 5763 3496 5835 decerpere.
