3930 6168
380 224 383 225 ί
470 242 603 295 l60'1

1931 237 1988 291 S.
2031 235 2342 293 AMBROSII

3643 247 3752 303 {608

463 368 526 419 In
560 364 764 437 primis
790 361 997 419 falcem
1042 362 1273 418 immisit
1312 362 1369 417 in
1408 362 1555 417 hanc
1597 367 1851 435 segetem
1891 363 1948 419 S.
1991 364 2300 432 Maximus;
2332 340 2472 418 adeo
2511 366 2574 416 ut
2611 362 2731 433 ejus
2769 360 3002 417 nomine
3038 360 3292 433 quedam
3325 379 3386 418 ex
3422 364 3523 421 hoc
3554 369 3757 427 Ambro-

464 454 622 508 siano
648 457 898 509 tractatu
923 459 1149 524 sumpta
1176 454 1526 508 Lanfrancus
1551 471 1608 508 ιι
1634 455 1835 509 saeculo
1861 454 2114 509 citaverit
2142 454 2265 524 (lib.
2302 457 2371 508 De
2406 453 2633 533 celanda
2661 452 2935 524 confess).

531 546 725 612 Porro,
758 543 803 596 si
837 544 1044 597 Rufino
1073 542 1362 597 credimus
1390 543 1506 613 (lib.
1537 560 1573 599 II
1619 544 1868 614 Invect.),
1905 547 2029 598 erat
2067 544 2173 599 hoc
2214 544 2402 614 ipsum
2447 560 2591 614 opus
2631 559 2815 597 unum
2845 559 2876 597 e
2915 542 3141 598 duobus
3179 542 3290 596 illis
3322 548 3763 614 commentariis,e

462 634 659 703 quibus
696 635 858 697 alter,
898 637 964 687 ut
1001 650 1066 687 ex
1105 633 1294 687 Paulae
1339 639 1510 703 atque
1557 631 1845 687 Eustochii
1885 632 2102 702 judicio
2146 632 2316 686 refert
2360 631 2755 703 Hieronymus,
2788 637 2837 686 et
2876 633 3113 687 sensibus
3158 632 3307 687 hebes
3338 639 3476 695 esset,
3517 640 3561 688 et
3591 638 3761 701 verbis;

464 724 604 777 alter
629 725 690 776 in
717 722 890 777 verbis
918 722 1146 784 luderet,
1178 724 1239 776 in
1281 725 1563 777 sententiis
1604 722 1921 776 dormitaret
1950 723 2143 791 (Epist.
2182 722 2257 776 ad
2299 723 2460 777 Paul.
2494 728 2545 776 et
2580 722 2876 791 Eustoch.).
2918 722 3027 776 Sed
3056 723 3157 776 etsi
3198 726 3470 777 constaret
3507 740 3570 778 ea
3607 724 3668 780 de
3699 742 3761 792 re,

461 812 614 866 varie
674 810 992 866 admodum
1035 811 1105 866 de
1154 811 1639 866 lucubrationibus
1686 811 1864 864 sancti
1910 810 2193 865 Ambrosii
2248 812 2502 866 locutum
2556 812 2994 883 Hieronymum,
3056 816 3110 866 et
3158 829 3191 865 a
3240 812 3467 866 summis
3514 812 3765 869 interdum

461 900 723 955 laudibus
751 901 822 954 ad
857 904 1250 972 contemptum
1276 901 1429 955 haud
1468 901 1600 955 satis
1630 917 1859 972 aequum
1886 900 2266 969 descendisse,
2300 902 2357 956 in
2394 903 2652 957 confesso
2685 909 2789 956 est.
2835 902 3015 973 Hujus
3051 902 3337 957 varietatis
3376 901 3500 955 alibi
3526 904 3766 958 rationem

463 990 789 1060 aperuimus
840 991 1134 1062 (Praefat).
1184 991 1421 1045 Interim
1465 991 1839 1061 Expositionis
1872 990 2263 1046 Ambrosianae
2305 991 2522 1046 utilitas
2569 997 2624 1045 et
2664 991 2993 1046 excellentia
3037 991 3264 1046 abunde
3311 990 3626 1057 vindicatur,
3663 997 3768 1047 tum

462 1080 613 1151 quod
640 1080 806 1134 toties
848 1080 918 1134 ab
959 1081 1275 1151 Augustino
1305 1082 1425 1150 (loc.
1465 1083 1603 1147 cit.),
1636 1080 1963 1135 Cassiodoro
2004 1080 2118 1145 (lib.
2155 1085 2229 1137 De
2266 1084 2447 1137 Instit.
2489 1083 2665 1136 divin.
2705 1084 2835 1137 Litt.
2868 1098 2989 1152 cap.
3018 1082 3137 1149 vn),
3169 1085 3337 1151 atque
3375 1081 3493 1134 aliis
3525 1096 3631 1135 non
3669 1080 3769 1136 sine

464 1169 633 1224 laude
676 1172 991 1223 memorata
1042 1175 1143 1236 est,
1183 1174 1306 1224 tum
1353 1170 1505 1240 quod
1558 1170 1815 1240 ejusdem
1855 1170 2192 1225 auctoritate
2242 1171 2527 1242 synodum
2565 1171 2772 1242 Hispal.
2810 1171 3119 1226 secundam
3164 1187 3312 1225 anno
3358 1172 3454 1225 619
3498 1173 3552 1224 et
3590 1174 3767 1224 sextam

466 1259 793 1329 generalem
815 1259 949 1329 (act.
983 1260 1067 1328 l0)
1101 1262 1201 1315 680
1225 1260 1497 1327 habitam,
1525 1276 1659 1315 usas
1687 1260 2090 1332 comperimus.
2115 1260 2227 1317 Sed
2258 1278 2365 1316 nec
2396 1262 2769 1332 Hieronymus
2796 1262 2915 1340 ipse
2945 1277 3123 1332 usque
3165 1261 3305 1315 adeo
3340 1275 3442 1330 pro
3470 1264 3768 1313 contemnen-

464 1348 549 1402 dis
570 1351 729 1417 nugis
748 1348 947 1403 habuit
967 1349 1113 1403 hanc
1139 1350 1592 1421 Expositionem,
1614 1354 1679 1405 ut
1700 1367 1817 1406 non
1839 1350 1912 1405 ad
1935 1351 2091 1407 illam
2112 1351 2354 1407 lectores
2375 1367 2505 1406 suos
2526 1350 2835 1422 aliquando
2858 1350 3142 1406 remiserit
3157 1349 3340 1421 (epist.
3368 1352 3484 1418 151,
3506 1351 3688 1419 quaest.
3708 1351 3769 1409 6).

1220 1830 1946 1995 SANCTI
2063 1829 3056 1997 AMBROSII

1504 2092 2273 2159 MEDIOLANENSIS
2343 2094 2767 2162 EPISCOPI

1855 2306 2405 2408 EXPOSITIO

639 2495 1692 2663 EVANGELII
1811 2535 2867 2665 SECUNDUM
2983 2534 3620 2666 LUGAM

1492 2765 1800 2837 LIBRIS
1877 2767 1946 2836 X
2025 2766 2614 2838 COMPREHEN
2622 2768 2761 2837 SA.

1810 3113 2435 3209 PROLOGUS.

521 3467 920 3542 1259-61
974 3474 1021 3523 i.
1070 3470 1345 3541 Scripturi
1389 3470 1446 3525 in
1496 3473 1788 3544 Evangelii
1834 3474 2067 3542 librum,
2094 3475 2497 3560 Ationabilius
2548 3481 2711 3546 putes
2762 3474 3039 3541 Visionis,
3091 3490 3191 3549 eo,
3209 3475 3373 3546 quod
3429 3474 3575 3529 ratio
3628 3470 3787 3526 visum

446 3579 617 3633 quem
650 3563 824 3617 Lucas
855 3567 1083 3618 sanctus
1111 3564 1362 3634 pleniore
1391 3565 1644 3636 quodam
1678 3568 1847 3621 modo
1880 3584 2073 3622 rerum

445 3656 870 3711 Dominicarum
920 3656 1283 3712 distinctione
1333 3657 1585 3730 digessit,
1635 3660 1842 3731 stylum
1886 3661 2072 3732 ipsum

442 3750 600 3821 prius
640 3751 1045 3821 exponendum
1094 3757 1391 3822 putamus;
1425 3759 1509 3807 est
1551 3753 1705 3808 enim
1753 3754 2069 3810 historicus.

2176 3570 2384 3623 mentis
2430 3573 2617 3635 acuat,
2663 3573 2721 3623 et
2763 3569 2941 3622 animi
2990 3574 3197 3639 purget
3241 3568 3534 3624 obtutum.
3582 3564 3789 3620 Ethicus

2176 3670 2376 3733 puteus
2418 3662 2811 3731 Abundantiae,
2860 3679 2927 3715 eo
2965 3662 3113 3734 quod
3163 3662 3505 3717 cedentibus
3550 3658 3787 3730 a110phy-

2175 3758 2261 3824 lis,
2299 3773 2542 3828 quorum
2582 3757 2767 3827 specie
2811 3756 2947 3810 vitia
2985 3755 3233 3827 corporis
3277 3756 3628 3828 figurantur,
3666 3753 3788 3805 vim

440 3844 581 3898 Nam
643 3844 778 3899 licet
837 3844 1123 3915 Scriptura
1196 3845 1385 3900 divina
1455 3847 1765 3901 mundanas
1841 3853 2075 3903 evacuet
2174 3852 2330 3905 Isaac
2365 3851 2643 3922 liquorem
2688 3850 2900 3905 mentis
2932 3849 3171 3904 invenit.
3210 3850 3433 3905 Parum
3478 3850 3632 3904 enim
3668 3861 3789 3918 pro-

440 3937 736 4007 sapientize
774 3937 1150 4009 disciplinam,
1192 3940 1347 4009 quod
1384 3941 1597 4010 majore
1636 3941 1825 3996 fucata
1868 3942 2069 3996 verbo-

440 4047 569 4084 rum
592 4031 809 4085 ambitu
830 4048 1001 4102 quam
1025 4048 1220 4085 rerum
1246 4032 1465 4087 ratione
1492 4034 1732 4088 subnixa
1752 4033 1843 4102 sit,
1878 4040 2071 4090 tamen

443 4124 488 4177 si
515 4123 643 4194 quis
679 4123 738 4176 in
766 4123 1070 4193 Scripturis
1096 4124 1303 4180 divinis
1328 4125 1500 4181 etiam
1529 4126 1622 4180 illa
1648 4143 1775 4198 qum
1808 4129 2072 4184 miranda

440 4216 521 4271 illi
546 4219 768 4287 putant,
802 4218 1026 4287 quaerit,
1061 4218 1330 4273 inveniet.

510 4313 565 4365 2.
602 4309 727 4365 Tria
766 4316 896 4365 sunt
938 4311 1094 4366 enim
1130 4328 1259 4383 qum
1300 4313 1623 4384 philosophi
1666 4313 1869 4369 mundi
1911 4315 2070 4370 istius

439 4404 967 4476 prsecellentissima
1036 4408 1415 4476 putaverunt,
1493 4406 1774 4478 triplicem
1856 4408 2071 4463 scilicet

442 4515 564 4552 esse
614 4499 947 4569 sapientiam
999 4498 1097 4571 (1),
1144 4501 1298 4570 quod
1357 4503 1457 4555 aut
1506 4502 1780 4556 naturalis
1830 4503 1919 4569 sit,
1969 4507 2070 4557 aut

440 4593 690 4659 moralis,
720 4598 817 4646 aut
845 4594 1221 4648 rationabilis.
1259 4595 1387 4649 Haec
1416 4595 1522 4649 tria
1542 4596 1663 4665 jam
1703 4598 1759 4651 et
1795 4595 1851 4649 in
1880 4597 2067 4651 Veteri

438 4687 799 4741 Testamento
837 4686 1129 4757 potuimus
1170 4687 1488 4743 advertere.
1532 4688 1677 4753 Quid
1719 4690 1870 4744 enim
1914 4690 2067 4744 aliud

438 4779 761 4851 signiﬁcant
781 4785 895 4833 tres
923 4780 1003 4834 illi
1033 4781 1205 4851 putei,
1237 4798 1485 4852 quorum
1513 4799 1658 4836 unus
1689 4787 1774 4838 est
1802 4783 2063 4851 Visionis,

2172 3946 2360 3999 ﬂuunt
2424 3944 2563 3998 boni
2631 3960 2851 4011 mores,
2916 3947 2973 3998 et
3036 3942 3261 3998 bonitas
3335 3945 3459 4016 ipsa
3522 3939 3790 4015 popularis

2170 4037 2424 4092 abundat
2452 4037 2597 4105 aliis,
2625 4037 2730 4092 sibi
2768 4036 3099 4092 restrictior.
3138 4039 3369 4094 Tertius
3405 4042 3611 4109 puteus
3640 4036 3788 4090 Jura-

2172 4131 2371 4199 menti,
2420 4132 2528 4185 hoc
2572 4137 2675 4197 est,
2721 4131 3017 4201 sapientiae
3055 4133 3353 4199 naturalis,
3398 4148 3528 4203 qua:
3572 4146 3636 4183 ea
3679 4142 3789 4198 quae

2170 4240 2341 4295 supra
2370 4230 2654 4291 naturam,
2682 4226 2767 4279 vel
2798 4226 3019 4279 natura:
3060 4202 3320 4298 1262
3348 4202 3505 4291 sunt,
3538 4236 3788 4293 compre-

2171 4318 2400 4373 hendat.
2444 4317 2605 4383 Quod
2638 4317 2791 4373 enim
2824 4318 3162 4385 afﬁrmatur,
3200 4326 3256 4374 et
3290 4319 3461 4392 quasi
3500 4319 3615 4373 Deo
3658 4318 3787 4368 teste

2161 4412 2407 4483 juratur,
2447 4413 2625 4467 etiam
2661 4411 2850 4467 divina
2896 4412 3312 4483 complectitur,
3355 4429 3491 4468 cum
3537 4409 3790 4465 Dominus

2168 4508 2389 4560 naturas
2414 4504 2545 4560 ﬁdei
2572 4506 2730 4560 testis
2755 4506 3078 4561 adhibetur.
3117 4506 3267 4571 Quid
3303 4508 3480 4563 etiam
3518 4510 3633 4561 tres
3673 4500 3787 4557 libri

2169 4599 2507 4667 Salomonis,
2553 4615 2697 4654 unus
2742 4599 2814 4655 de
2855 4600 3193 4668 Proverbiis,
3234 4601 3378 4657 alius
3421 4599 3785 4659 Ecclesiastes,

2166 4693 2365 4747 tertius
2413 4694 2482 4748 de
2527 4693 2768 4749 Canticis
2813 4695 3186 4764 canticorum,
3238 4695 3349 4749 nisi
3404 4696 3576 4750 trinas
3632 4691 3788 4760 hujus

2170 4787 2477 4841 ostendunt
2538 4787 2705 4841 nobis
2755 4787 3050 4858 sapientia:
3103 4793 3368 4843 sanctum
3432 4788 3788 4844 Salomonem

388 4920 392 4924 Α
436 4875 577 4930 alius
626 4873 997 4928 Abundantius
1043 4874 1141 4946 (2),
1185 4875 1383 4929 tertius
1424 4877 1765 4946 Juramenti,
1811 4877 1914 4931 nisi
1964 4858 2339 4935 tri-Bfuisse
2387 4881 2687 4935 solertem?
2735 4881 2841 4945 Qui
2891 4881 2963 4936 de
3017 4882 3456 4937 rationabilibus
3506 4886 3565 4936 et
3606 4876 3788 4935 ethicis

435 4968 639 5039 plicem
690 4967 854 5021 istam
900 4967 958 5021 in
1001 4967 1342 5038 patriarchis
1378 4968 1554 5023 fuisse
1591 4969 1911 5026 virtutem?
1956 4972 2063 5026 Ra-

493 5138 560 5199 (1)
613 5134 772 5185 Hanc
821 5133 1190 5199 philosophias
1241 5135 1571 5187 divisionem
1626 5137 1794 5203 vulgo
1846 5139 2060 5190 Platoni

430 5206 775 5259 attribuunt:
818 5221 929 5272 qua
967 5207 1037 5256 de
1070 5220 1129 5257 re
1164 5208 1235 5257 ita
1281 5212 1511 5258 sanctus
1552 5210 1922 5275 Augustinus,
1962 5212 2057 5263 lib.

430 5291 529 5330 vxn
578 5280 653 5328 De
699 5278 849 5328 Civit.
896 5278 1015 5335 Dei,
1066 5291 1185 5342 cap.
1232 5280 1263 5329 4
1311 5294 1321 5327 :
1375 5279 1623 5331 Plato.....
1671 5282 2059 5346 philosoiihiam

427 5349 706 5414 perfecisse
751 5349 1027 5406 laudatur,
1062 5362 1228 5414 quam
1268 5352 1326 5398 in
1363 5355 1467 5400 tres
1505 5358 1682 5413 partes
1728 5353 2000 5404 distribuit
2042 5371 2060 5404 .·

430 5434 594 5471 unam
634 5420 914 5482 moralem,
959 5434 1077 5485 quae
1116 5421 1354 5470 maxime
1397 5423 1454 5471 in
1500 5425 1701 5473 actione
1745 5430 1996 5474 versatur
2041 5443 2058 5476 .-

429 5493 656 5542 altsram
680 5491 1006 5551 naturalem,
1037 5505 1155 5557 qua:
1188 5492 1619 5557 contemplationi
1656 5493 1908 5557 deputata
1948 5501 2057 5558 est;

428 5563 639 5611 tertiam
668 5562 1001 5623 rationalem,
1034 5575 1142 5627 qua
1168 5577 1351 5614 verum
1388 5564 1793 5614 disterminatur
1828 5580 1863 5615 a
1899 5565 2053 5627 falso.

432 5632 585 5683 Idem
614 5631 836 5682 tradunt
879 5632 1095 5695 Cicero,
1136 5633 1230 5683 lib.
1273 5648 1289 5684 ι
1334 5635 1494 5685 Acad.
1540 5640 1745 5699 quaest;
1781 5636 1955 5687 Laert.
2001 5639 2053 5688 in

437 5704 557 5755 Vita
605 5702 881 5766 Platonis;
916 5704 1145 5766 Euseb.,
1188 5707 1263 5754 De
1296 5705 1531 5770 Prsepar.
1576 5707 1800 5771 Evang.,
1841 5708 1935 5758 lib.
1975 5722 2053 5773 x1,

426 5790 530 5842 cap
575 5776 636 5838 2;
672 5773 1000 5826 Plutarchus
1045 5780 1100 5825 et
1136 5775 1245 5825 alii.
1278 5774 1421 5828 Sunt
1454 5782 1640 5829 tamen
1682 5779 1778 5844 qui
1818 5778 2057 5845 philoso-

2168 4971 2241 5044 (3)
2268 4974 2328 5028 in
2366 4974 2680 5029 Proverbiis
2723 4975 2966 5045 scripsit,
3001 4974 3071 5030 de
3110 4976 3474 5031 naturalibus
3511 4974 3570 5029 in
3613 4970 3787 5027 Eccle-

2163 5141 2353 5204 phiam
2383 5142 2440 5191 in
2481 5142 2591 5192 duo
2636 5146 2850 5193 tantum
2889 5143 3138 5194 membra
3171 5144 3531 5206 distribuant,
3572 5146 3787 5193 natura-

2160 5211 2270 5263 lem
2301 5226 2367 5263 ac
2404 5213 2691 5273 moralem,
2737 5213 2885 5278 quod
2922 5228 3035 5265 non
3074 5213 3336 5267 abhorret
3384 5216 3458 5266 ab
3502 5210 3787 5278 Augustini

2158 5284 2452 5344 sententia,
2482 5284 2579 5334 ubi
2611 5284 2736 5335 loco
2762 5286 2928 5335 citato
2973 5285 3257 5350 subjungit
3300 5287 3631 5337 rationalem
3675 5280 3785 5345 phi-

2158 5353 2427 5417 losophia:
2449 5360 2664 5418 partem
2692 5358 2933 5421 utrique,
2956 5357 3014 5407 id
3053 5362 3154 5419 est,
3191 5358 3399 5409 actioni
3439 5362 3492 5407 et
3533 5360 3775 5408 contem-

2158 5424 2405 5488 plationi,
2433 5429 2824 5478 necessariam.

2221 5498 2287 5559 (Ξ)
2314 5499 2464 5548 Alius
2488 5498 2849 5560 abundantiae,
2887 5499 3039 5551 addit
3079 5500 3208 5552 edit.
3250 5501 3435 5562 Rom.,
3465 5514 3557 5551 seu
3600 5496 3778 5549 latitu-

2156 5567 2318 5619 dinis.

2221 5638 2283 5702 (3)
2343 5639 2473 5691 Mss.
2525 5641 2692 5693 Carn.
2746 5647 2802 5695 et
2848 5643 3035 5706 Taur.,
3092 5644 3156 5695 de
3197 5642 3524 5701 moralibus,
3574 5639 3628 5691 id
3689 5640 3774 5691 est,

2155 5709 2347 5761 ethicis.
2388 5711 2496 5763 Sed
2545 5716 2914 5778 praeterquam
2963 5714 3112 5780 quod
3159 5714 3251 5766 hic
3303 5727 3417 5765 non
3471 5710 3780 5780 obscur-un),

2156 5780 2254 5833 sed
2301 5781 2512 5835 clarum
2545 5774 2935 5848 explicaretur
2975 5774 3073 5851 per
3121 5785 3433 5849 obscurius,
3478 5787 3532 5834 et
3571 5780 3678 5831 duo
3726 5774 3777 5825 hi
