3930 6168
163 304 176 354 l
184 301 260 352 609

1118 295 1575 353 EXPOSITIONIS
1614 299 1680 353 IN
1723 299 1946 354 LUCAM
1986 299 2357 356 PROLOGUS.

3310 309 3442 361 1610

157 422 300 486 siaste,
342 418 464 490 quia
508 439 533 467 ‹‹
569 419 795 474 Vanitas
829 419 1170 489 vanitatum,
1213 427 1268 475 et
1313 423 1506 476 omnia
1549 421 1700 475 vani-
1730 422 2031 504 Afacilius
2070 423 2328 494 sequitur
2371 440 2487 478 non
2530 426 2976 494 exspectantem.
3023 426 3218 480 Docuit
3263 428 3436 482 etiam

152 522 213 569 tas
241 515 426 584 (Eccle.,
460 529 496 581 ι,
533 513 609 585 2),
648 535 677 562 n
717 529 842 584 qua)
879 513 937 567 in
976 513 1083 568 hoc
1135 514 1352 569 mundo
1398 519 1531 569 sunt
1573 531 1704 569 con-

152 608 324 675 stituta,
385 629 410 656 ‹‹
465 607 699 662 vanitati
761 606 916 662 enim
983 613 1242 663 creatura
1300 607 1559 678 subjecta
1625 613 1711 680 est

151 703 295 764 (Rom,
335 716 435 767 vm,
479 702 598 768 20);
633 721 660 749 »
703 701 774 755 de
816 701 1130 756 moralibus
1175 705 1385 771 autem,
1436 705 1493 756 et
1535 701 1705 756 ratio-

148 794 370 848 nabilibus
415 794 471 848 in
514 793 752 849 Canticis
809 794 1197 864 canticorum,
1255 811 1322 850 eo
1367 795 1518 866 quod
1578 811 1709 850 cum

147 887 301 940 anima:
339 893 536 942 nostrae
575 904 738 942 amor
773 887 940 942 Verbi
990 887 1226 943 caelestis
1278 888 1616 956 infunditur,
1655 892 1711 943 et

145 979 408 1034 rationabili
451 996 611 1035 mens
650 985 846 1036 sancta
885 981 1136 1051 quadam
1173 982 1437 1038 societate
1465 999 1706 1038 connec-

145 1074 257 1139 titur,
280 1073 599 1128 admiranda
628 1075 898 1146 mysteria
922 1075 1272 1130 revelantur.

191 1169 230 1218 3.
269 1166 624 1238 Evangelistis
667 1183 889 1238 quoque
932 1185 1102 1239 quam
1143 1171 1306 1239 putas
1351 1169 1596 1224 defuisse
1627 1187 1711 1226 sa-

141 1259 388 1330 pientiam;
438 1276 684 1330 quorum
732 1261 827 1338 alii
869 1278 998 1315 cum
1039 1262 1208 1316 variis
1249 1264 1552 1334 generibus
1599 1264 1712 1319 sint

142 1354 312 1419 referti,
363 1353 568 1424 singuli
621 1359 812 1408 tamen
857 1355 1081 1410 diverso
1133 1372 1340 1427 genere
1389 1360 1662 1428 praestant
1683 1358 1710 1412 ?

139 1447 202 1500 Est
239 1445 378 1501 enim
422 1463 554 1502 vere
600 1448 878 1519 sapientia
925 1449 1198 1504 naturalis
1240 1449 1299 1504 in
1344 1450 1490 1506 libro
1539 1467 1708 1506 evan-

139 1539 307 1608 gelistae
351 1541 581 1594 Joannis
635 1542 724 1611 (4).
773 1543 952 1597 Nemo
1001 1543 1191 1611 enim,
1246 1543 1432 1598 audeo
1482 1545 1708 1612 dicere,

138 1635 252 1685 tanta
291 1633 627 1688 sublimitate
672 1634 969 1705 sapientiae.
1009 1636 1371 1706 maiestatem
1410 1637 1507 1692 Dei
1547 1637 1707 1702 vidit,

136 1729 176 1778 et
210 1725 351 1779 nobis
409 1727 642 1797 proprio
694 1743 956 1783 sermone
1006 1729 1291 1784 reseravit.
1341 1731 1713 1785 Transcendit

135 1816 289 1884 nubes,
331 1795 684 1875 transcendit
725 1821 979 1892 angelos,
1020 1826 1076 1876 et
1110 1823 1359 1884 Verbum
1399 1823 1459 1877 in
1499 1824 1707 1894 princi-
1731 1795 1786 1867 B

137 1911 203 1979 pio
247 1913 456 1982 reperit,
513 1916 574 1967 et
630 1913 876 1968 Verbum
929 1915 1082 1986 apud
1134 1916 1317 1971 Deum
1364 1916 1520 1972 vidit.
1575 1917 1713 1982 Quis

136 2009 276 2059 autem
311 2006 586 2060 moralius
624 2008 935 2062 secundum
978 2009 1276 2064 hominem
1318 2010 1542 2080 singula
1581 2027 1708 2081 per-

137 2102 323 2164 secutus,
355 2115 532 2170 quam
565 2103 794 2154 sanctus
832 2102 1151 2169 Matthreus,
1189 2102 1288 2173 qui
1333 2103 1512 2157 edidit
1548 2105 1710 2159 nobis

137 2186 340 2263 1263
366 2195 655 2263 praecepta
693 2193 961 2248 vivendi?
997 2194 1141 2258 Quid
1180 2196 1573 2250 rationabilius
1611 2198 1708 2252 illo

132 2281 385 2338 admirabili
431 2286 705 2356 copulato
748 2287 842 2357 (5),
886 2303 1057 2357 quam
1097 2288 1252 2358 quod
1299 2293 1524 2344 sanctus
1571 2291 1710 2344 Mar—

133 2389 199 2427 cus
225 2376 274 2430 in
305 2378 590 2450 principio
625 2379 819 2434 statim
859 2379 1170 2435 locandum
1201 2383 1461 2451 putavit?
1489 2404 1518 2432 «
1549 2385 1705 2451 Ecce,

135 2465 297 2536 inquit,
336 2469 502 2524 mitto
558 2472 829 2542 angelum
870 2488 1067 2527 meum
1114 2473 1332 2543 (Mam,
1374 2491 1412 2543 1,
1448 2477 1532 2545 2);
1570 2498 1598 2526 »
1629 2481 1704 2545 et,

134 2579 152 2604 α
173 2561 258 2614 Vox
285 2563 582 2618 clamantis
612 2564 669 2618 in
701 2565 928 2620 deserto
955 2565 1144 2635 (Ibid.,
1178 2567 1252 2636 3);
1283 2589 1311 2617 »
1347 2571 1409 2621 ut
1436 2572 1494 2622 et
1522 2569 1707 2624 admi-

131 2652 353 2709 rationem
399 2661 700 2723 moveret,
749 2663 807 2712 et
851 2657 1082 2713 doceret
1128 2659 1422 2714 hominem
1474 2662 1705 2716 humili-

132 2747 210 2800 tate
235 2753 386 2820 atque
420 2750 772 2805 abstinentia
807 2755 865 2804 et
903 2751 1015 2806 ﬁde
1050 2751 1275 2822 placere
1305 2753 1532 2822 debere,
1568 2756 1710 2809 sicut

132 2836 194 2892 ille
215 2846 418 2898 sanctus
443 2845 702 2900 Joannes
728 2843 975 2914 Baptista
1005 2845 1094 2899 his
1123 2846 1193 2900 ad
1221 2846 1706 2902 immortalitatem

132 2932 338 3000 gradibus
366 2937 656 3003 ascendit,
683 2937 1048 3004 vestimento,
1081 2939 1228 3005 cibo,
1256 2940 1502 2995 nuntio?

175 3028 214 3079 li.
244 3033 300 3082 At
337 3047 468 3086 vero
508 3035 742 3085 sanctus
780 3033 953 3086 Lucas
981 3031 1131 3086 velut
1176 3033 1488 3103 quemdam
1529 3034 1706 3089 histo-

127 3116 260 3174 ricum
303 3123 574 3179 ordinem
619 3124 835 3191 tenuit,
889 3129 944 3178 et
993 3125 1152 3196 plura
1204 3125 1370 3181 nobis
1420 3132 1784 3234 gestorumc

129 3211 294 3234 n.___-,_,-
406 3218 414 3228 -
571 3218 585 3234 Ἰ
815 3218 850 3234 1,
910 3218 940 3234 οι
1046 3219 1075 3234 ιι
1171 3224 1180 3234 ι
1457 3225 1465 3234 .
1671 3223 1680 3232 ο

128 3211 298 3269 Domini
341 3218 629 3272 miracula
681 3218 983 3284 revelavit,
1043 3219 1120 3274 ita
1166 3224 1355 3274 tamen
1412 3225 1474 3274 ut
1528 3223 1712 3277 omnis

126 3307 355 3375 sapientiae
395 3312 644 3367 virtutes
684 3311 978 3381 Evangelii
1025 3311 1184 3366 istius
1232 3315 1709 3386 complecteretur

127 3395 324 3458 historia.
372 3404 524 3468 Quid
578 3404 733 3459 enim
785 3404 1200 3476 praecellentius
1248 3407 1318 3461 ad
1370 3408 1708 3479 sapientiam

128 3496 403 3568 naturalem,
422 3513 612 3570 quam
631 3497 786 3569 quod
807 3497 1081 3569 Spiritum
1099 3505 1362 3555 sanctum
1385 3505 1707 3558 creatorem

126 3583 250 3642 etiam
294 3591 601 3647 Dominicae
655 3591 1064 3649 incarnationis
1115 3594 1389 3649 exstitisse
1443 3597 1706 3652 reseravit

128 3675 252 3744 (Lua,
298 3700 333 3752 l,
375 3686 502 3755 35)?
564 3685 733 3740 Docet
776 3701 912 3758 ergo
961 3687 1256 3755 naturalia,
1306 3688 1349 3742 si
1399 3696 1548 3744 creat
1592 3691 1703 3761 spi-

129 3771 230 3826 ritus
263 3775 346 3845 (6).
392 3778 558 3833 Unde
605 3782 664 3832 et
707 3779 876 3832 David
921 3779 1126 3835 docens
1167 3781 1505 3852 sapientiam
1548 3786 1706 3837 natu-

130 3863 257 3921 ralem
292 3887 304 3922 :
335 3890 363 3917 (ι
399 3872 638 3939 Emitte,
678 3871 883 3943 inquit,
923 3874 1196 3944 Spiritum
1237 3879 1418 3942 tuum,
1462 3881 1517 3930 et
1557 3893 1705 3930 crea-

128 3953 289 4014 buutur
323 3962 482 4030 (Psal.
532 3980 647 4031 cm,
692 3965 800 4035 32).
843 3986 871 4016 »
912 3967 1081 4020 Docet
1120 3967 1361 4022 moralia
1402 3968 1459 4022 in
1497 3969 1702 4024 eodem

128 4044 247 4119 libro,
273 4070 396 4109 cum
436 4074 530 4112 me
567 4057 631 4112 in
660 4057 769 4112 illis
800 4057 1251 4114 beatitudinibus
1278 4061 1445 4116 docet
1473 4078 1696 4117 mores:

127 4142 549 4204 quemadmodum
619 4161 809 4200 amare
871 4146 1166 4201 inimicum
1227 4148 1466 4204 debeam
1517 4151 1699 4220 (Luc.,

1808 515 2180 582 rationabilia,
2227 534 2353 570 cum
2398 518 2551 587 lego,
2597 518 2866 588 quoniam
2916 539 2941 565 ‹‹
2989 518 3094 582 Qui
3134 520 3314 574 tidelis
3355 529 3438 575 est

1807 607 1866 662 in
1914 609 2175 676 minimo,
2218 610 2388 664 etiam
2424 611 2482 664 in
2523 612 2738 680 majore
2783 610 2968 665 ﬁdelis
3004 617 3088 667 est
3116 612 3286 681 (Lua,
3328 630 3436 679 xvr,

1811 703 1919 771 10).
1976 723 2004 752 ››
2059 702 2205 766 Quid
2260 704 2444 757 adhuc
2495 704 2565 757 de
2614 705 2964 759 naturalibus
3017 705 3234 772 dicam,
3287 707 3441 777 quod

1809 794 2004 850 docuit
2029 796 2263 851 virtutes
2293 798 2563 852 caelorum
2595 798 2810 852 moveri
2839 799 3007 868 (Lua,
3043 816 3153 864 XXI,
3185 800 3295 870 26),
3328 801 3440 854 Do-

1809 887 2034 942 minum
2085 889 2266 943 solum
2331 906 2453 945 esse
2513 890 2876 960 unigenitum
2935 891 3034 945 Dei
3087 892 3328 956 Filium,
3381 893 3440 946 in

1809 981 1970 1052 cujus
2032 983 2296 1053 passione
2362 983 2614 1038 tenebrae
2675 1000 2780 1054 per
2841 983 2991 1038 diem
3060 985 3222 1038 facta:
3285 990 3438 1052 sunt,

1809 1076 1964 1129 terra
2007 1074 2302 1131 obscurata
2351 1081 2468 1146 est,
2523 1077 2606 1131 sol
2644 1077 2857 1146 refugit
2909 1077 3081 1147 (Luc.,
3138 1094 3300 1144 xxm,
3351 1079 3438 1144 44,

1809 1167 1895 1236 45)
1919 1169 1946 1221 εῖ

1882 1264 1934 1314 5.
1979 1261 2126 1332 Ergo
2165 1278 2398 1316 omnem
2445 1278 2620 1333 quem
2663 1262 2952 1317 mundana
2998 1263 3106 1317 sibi
3142 1264 3443 1333 prudentia

1810 1353 1952 1408 falso
1982 1354 2232 1409 vindicat
2270 1356 2674 1427 principatum,
2716 1355 2998 1427 sapientia
3031 1373 3163 1410 vere
3197 1358 3446 1427 possidet

1811 1446 2084 1517 spiritalis
2132 1465 2144 1502 :
2200 1449 2519 1519 praesertim
2571 1465 2739 1516 cum,
2793 1449 3060 1504 audacius
3114 1455 3179 1504 ut
3228 1451 3443 1522 aliquid

1811 1557 2189 1610 usurpemus,
2243 1543 2365 1612 ipsa
2411 1542 2549 1597 ﬁdes
2597 1548 2820 1608 nostra,
2874 1543 3060 1614 ipsum
3109 1544 3444 1614 mysterium

1809 1633 2096 1689 Trinitatis
2135 1634 2256 1689 sine
2304 1636 2411 1690 hac
2453 1635 2660 1705 triplici
2697 1636 2974 1706 sapientia
3011 1652 3130 1690 esse
3163 1653 3279 1690 non
3321 1653 3444 1706 pos-

1811 1727 1907 1794 sit;
1948 1727 2058 1781 nisi
2090 1728 2392 1782 credamus
2422 1734 2480 1783 et
2509 1729 2673 1783 illum
2711 1729 3041 1784 naturaliter
3077 1731 3306 1783 Patrem
3346 1730 3441 1799 ('7),

1812 1821 1910 1889 qui
1949 1821 2111 1874 nobis
2149 1822 2349 1892 genuit
2390 1821 2868 1893 Redemptorem;
2905 1827 2961 1876 et
2996 1821 3157 1876 illum
3191 1822 3444 1876 ethicum

1811 1913 2038 1981 Filium,
2062 1914 2164 1984 qui
2190 1915 2344 1968 Patri
2366 1930 2542 1985 usque
2563 1915 2632 1969 ad
2654 1918 2902 1968 mortem
2929 1915 3243 1971 secundum
3265 1915 3444 1969 homi-

1810 2023 1944 2061 nem
1983 2006 2272 2075 obediens,
2311 2023 2418 2062 nos
2456 2008 2732 2077 redemit;
2768 2013 2824 2062 et
2856 2007 3020 2062 illum
3047 2007 3445 2064 rationabilem

1811 2099 2108 2169 Spiritum,
2137 2100 2235 2170 qui
2271 2099 2551 2155 rationem
2579 2101 2833 2156 colenda:
2864 2100 3196 2170 divinitatis,
3225 2104 3280 2155 et
3313 2102 3442 2156 vitae

1807 2191 2116 2263 regendae,
2169 2192 2432 2247 humanis
2481 2193 2808 2264 pectoribus
2861 2192 3086 2249 infudit.
3139 2195 3250 2249 Nec
3298 2196 3446 2266 quis-

1807 2299 1979 2355 quam
2006 2288 2171 2354 putet
2194 2301 2298 2338 nos
2326 2267 2622 2354 potestatis
2647 2292 2745 2341 aut
2769 2285 2991 2341 virtutis
3014 2286 3209 2341 fecisse
3236 2287 3444 2342 distan-

1806 2377 1970 2444 tiam,
2012 2394 2142 2432 cum
2183 2377 2303 2432 haec
2341 2379 2629 2433 calumnia
2659 2379 2830 2434 etiam
2860 2380 3097 2434 Paulum
3138 2381 3315 2451 possit
3351 2382 3442 2435 in-

1807 2486 2048 2524 cessere.
2076 2471 2274 2540 Neque
2298 2471 2453 2526 enim
2473 2472 2804 2526 distantiam
2821 2472 2960 2526 fecit
2979 2472 3096 2541 ille,
3118 2489 3249 2528 cum
3271 2473 3452 2542 dixit;

1809 2583 1838 2613 ‹‹
1877 2563 2190 2618 Divisiones
2223 2564 2536 2635 gratiarum
2572 2572 2723 2634 sunt,
2743 2557 2916 2620 'idem
2947 2568 3138 2620 autem
3169 2566 3444 2637 Spiritus;

1807 2657 1865 2710 et
1887 2655 2191 2711 divisiones
2219 2657 2668 2713 ministeriorum
2693 2661 2842 2728 sunt,
2863 2657 3020 2712 idem
3043 2662 3238 2714 autem
3258 2660 3452 2715 Domi-

1807 2764 1936 2818 nus,
1979 2755 2036 2803 et
2073 2749 2380 2805 divisiones
2423 2751 2818 2822 operationum
2861 2757 3016 2818 sunt,
3055 2751 3213 2806 idem
3254 2759 3450 2809 autem

1808 2842 1972 2908 Deus,
2005 2843 2101 2912 qui
2144 2847 2416 2913 operatur
2453 2843 2646 2898 omnia
2684 2844 2743 2898 in
2781 2843 3050 2899 omnibus
3092 2846 3130 2914 (l
3169 2847 3317 2910 Corn,
3346 2863 3444 2915 xu,

1809 2936 1940 3004 4-6).
1984 2957 2012 2984 »
2039 2937 2318 3006 Operatur
2347 2937 2503 2992 enim
2538 2937 2734 2992 omnia
2764 2942 2823 2992 et
2858 2938 2920 2992 in
2943 2937 3226 2992 omnibus
3254 2939 3446 3008 Filius,

1810 3027 1956 3082 sicut
1981 3028 2155 3085 habes
2180 3029 2334 3098 alibi,
2363 3031 2496 3101 quia
2518 3051 2546 3080 «
2569 3030 2774 3085 Omnia
2797 3034 2856 3084 et
2881 3030 2941 3085 in
2970 3031 3238 3086 omnibus
3264 3033 3452 3088 Chris-

1809 3125 1900 3177 tus
1940 3123 2181 3191 (Coloss.,
2219 3139 2300 3190 III,
2335 3125 2440 3190 it).
2475 3145 2504 3173 ››
2539 3123 2822 3195 Operatur
2847 3128 2904 3178 et
2927 3124 3166 3194 Spiritus
3203 3131 3450 3193 sanctus,

1812 3215 1945 3285 quia
1982 3237 2009 3265 «
2043 3216 2248 3270 Omnia
2286 3220 2555 3287 operatur
2593 3233 2738 3272 unus
2778 3220 2952 3288 atque
2992 3217 3147 3272 idem
3175 3217 3446 3289 Spiritus,

1810 3307 2063 3364 dividens
2102 3309 2343 3380 singulis
2374 3313 2547 3381 prout
2572 3311 2689 3364 vult
2718 3311 2761 3381 (Ι
2789 3313 2935 3374 Cor.,
2964 3327 3056 3378 xu,
3090 3313 3194 3382 Η).
3232 3333 3258 3362 ››
3287 3313 3455 3367 Nulla

1810 3417 1947 3472 ergo
2000 3402 2399 3473 operationum
2451 3403 2754 3472 distantia,
2807 3403 2964 3458 nulla
3018 3403 3285 3459 discretio
3331 3411 3446 3472 est,

1808 3493 1909 3548 ubi
1949 3495 2037 3548 vel
2067 3495 2126 3549 in
2157 3497 2342 3563 Patre,
2372 3495 2458 3550 vel
2485 3496 2546 3550 in
2579 3496 2740 3564 Filio,
2768 3496 2857 3552 vel
2892 3497 2954 3551 in
2985 3496 3197 3567 Spiritu
3227 3501 3447 3566 sancto,

1809 3587 1953 3642 nulli
1984 3588 2234 3643 secunda
2259 3588 2558 3659 plenitudo
2588 3589 2811 3644 virtutis
2842 3594 2948 3644 est.

1880 3685 1934 3736 6.
1961 3681 2093 3735 Haec
2126 3681 2304 3753 igitur
2335 3698 2464 3736 cum
2497 3682 2766 3754 legimus,
2794 3683 3098 3754 diligenter
3125 3684 3448 3740 considere-

1805 3789 1956 3842 mus,
1988 3774 2138 3828 utin
2169 3775 2306 3846 ipsis
2335 3775 2470 3830 locis
2499 3775 2664 3831 nobis
2696 3775 2918 3847 possint
2953 3777 3158 3831 melius
3191 3775 3448 3850 1264

1805 3867 2055 3922 elucere.
2099 3889 2126 3918 «
2167 3867 2277 3932 Qui
2307 3868 2464 3923 enim
2505 3870 2730 3940 quaerit,
2768 3869 3041 3938 inveniet,
3087 3873 3146 3923 et
3186 3872 3284 3941 qui
3321 3873 3445 3941 pul-

1804 3965 1912 4030 sat,
1961 3963 2251 4032 aperietur
2287 3962 2338 4016 ei
2363 3964 2602 4032 (Matth.,
2639 3979 2735 4033 vix,
2777 3965 2851 4032 8).
2895 3986 2922 4013 »
2959 3964 3156 4033 Aperit
3194 3963 3300 4018 sibi
3330 3962 3451 4018 dili-

1805 4056 2005 4126 gentia
2040 4056 2280 4126 januam
2309 4056 2584 4126 veritatis,
2625 4062 2684 4111 et
2725 4056 2852 4110 ideo
2883 4056 3180 4127 praeceptis
3214 4057 3448 4112 coelesti-

1799 4160 1906 4216 bus
1953 4160 2272 4215 pareamus.
2315 4145 2507 4216 Neque
2547 4146 2703 4199 enim
2747 4145 2922 4199 otiose
2969 4145 3184 4200 dictum
3227 4153 3310 4201 est
3351 4148 3448 4202 ho-

127 4238 174 4291 η,
213 4231 403 4299 27-38);
457 4233 946 4304 quemadmodum
996 4251 1108 4289 non
1159 4237 1431 4307 referire,
1480 4243 1537 4293 et
1585 4256 1700 4295 non
1801 4235 1967 4302 mini,
1997 4234 2154 4304 quod
2185 4233 2325 4288 nulli
2357 4235 2600 4288 aliorum
2632 4233 3010 4288 animantium
3043 4250 3055 4288 ε
3093 4256 3120 4284 ‹‹
3148 4236 3207 4289 ln
3241 4236 3447 4290 sudore

126 4328 426 4385 repercutere
466 4322 901 4391 verberantem;
942 4324 1428 4395 quemadmodum
1464 4327 1696 4384 benefa-

129 4416 233 4470 cere,
257 4416 510 4465 mutuum
548 4411 686 4465 dare
728 4427 861 4466 cum
897 4411 1287 4482 desperatione
1318 4418 1697 4488 recuperatio-

1801 4326 1990 4380 vultus
2020 4323 2106 4377 tui
2135 4323 2510 4378 manducabis
2542 4339 2751 4393 panem
2785 4328 2945 4376 tuum
2977 4321 3152 4391 (Gen.,
3188 4339 3271 4389 ιιι,
3304 4326 3388 4379 19.
3420 4346 3449 4375 ››

1804 4414 1902 4467 His
1931 4412 2085 4466 enim
2115 4411 2456 4466 animalibus
2482 4428 2608 4481 quae
2629 4415 2836 4465 natura
2861 4411 3267 4465 irrationabilia
3293 4415 3444 4479 sunt,

132 4491 204 4560 nis,
236 4501 322 4550 aut
355 4499 840 4554 remunerationis
883 4504 940 4554 et
970 4500 1266 4556 mercedis.
1309 4503 1516 4558 Merces
1553 4501 1968 4593 eniijussu
2004 4501 2104 4556 Dei
2145 4504 2296 4556 terra
2331 4500 2601 4570 pabulum
2631 4499 2956 4554 ministrare
2995 4502 3282 4569 praecepta
3310 4505 3394 4554 est
3429 4516 3442 4552 :

130 4613 215 4662 θοὰ.
258 4621 588 4670 recentiores
643 4624 807 4681 sunt,
852 4635 1021 4685 quam
1068 4625 1132 4671 ut
1178 4623 1414 4674 aliorum
1468 4629 1523 4675 et
1575 4626 1706 4677 edit.

134 4692 374 4738 consensui
439 4690 810 4753 praeferantur
861 4705 874 4740 :
934 4693 1246 4742 communis
1312 4692 1477 4743 lectio
1541 4696 1707 4745 etiam

135 4755 390 4808 conﬁrmari
422 4763 607 4824 potest
643 4760 734 4810 his
768 4761 952 4812 verbis
987 4775 1017 4811 e
1053 4762 1194 4812 Prol.
1237 4775 1427 4826 expos.
1469 4765 1524 4814 in
1565 4765 1706 4815 Psal.

138 4830 282 4887 cxvru,
319 4843 369 4878 ιι.
401 4832 432 4880 3
477 4847 489 4879 :
531 4847 561 4878 α
599 4829 672 4880 Et
714 4832 770 4880 in
814 4831 1124 4882 Proverbiis
1170 4835 1408 4896 mystica
1444 4834 1711 4900 pleraque

136 4900 335 4955 reperias.
375 4919 404 4946 »
447 4901 523 4951 Et
569 4902 711 4951 infra
754 4902 853 4952 ubi
906 4915 1101 4953 omnes
1149 4903 1282 4954 edit.
1331 4918 1461 4954 cum
1519 4909 1711 4970 majori

137 4971 244 5038 Parte
275 4985 394 5021 mss.
438 4974 504 5022 de
540 4973 833 5023 moralibus
874 4981 1048 5025 autem
1095 4981 1141 5024 et
1177 4976 1553 5038 rationalibus,
1595 4979 1712 5028 sive

31 5065 36 5074 -
138 5040 178 5108 Et
215 5037 401 5092 habent
450 5045 706 5108 plerique
756 5058 888 5094 mss.
943 5048 991 5095 et
1045 5045 1460 5096 rationabilibus
1572 5047 1706 5098 Cod.

141 5101 257 5180 fieri).
283 5117 331 5161 et
357 5101 693 5178 alii-septem
723 5129 840 5178 pro,
882 5115 1196 5174 moral-ibus,
1234 5117 1450 5180 legunt,
1479 5118 1713 5168 mirabi-

144 5170 251 5253 δίωξις.
272 5182 472 5234 Verum
519 5170 623 5235 etsi
661 5170 915 5236 videatur
954 5187 1108 5236 hisce
1148 5170 1524 5250 mssffave're,
1565 5189 1713 5253 quod

143 5241 322 5326 iegitnus
365 5258 418 5304 in
462 5256 575 5306 ﬁne
619 5257 854 5320 periodi,
897 5257 1228 5307 admiranda
1265 5241 1522 5319 mysteria
1562 5241 1714 5309 Fave-

151 5324 302 5390 tmtur;
327 5328 510 5376 tamen
547 5332 824 5390 receptam
856 5328 1151 5377 lectionem
1186 5328 1434 5378 defendit
1468 5329 1605 5378 illud
1645 5343 1713 5381 ex

153 5387 288 5441 «idem
315 5395 435 5446 loco
463 5387 783 5449 memoratae
814 5412 1024 5463 expos.,
1056 5401 1266 5462 Hocque
1288 5399 1345 5447 in
1372 5399 1606 5449 Canticis
1636 5399 1715 5449 lu-

156 5463 196 5504 εει
209 5465 305 5533 tam
328 5470 603 5530 mysticum
630 5483 792 5533 quam
821 5469 1041 5519 morale.

269 5533 405 5585 Edit.
451 5542 508 5588 et
556 5530 684 5588 mss.
743 5539 971 5604 aliquot,
1021 5539 1082 5589 in
1119 5539 1254 5590 libro
1300 5539 1576 5604 Evangelii
1617 5544 1716 5604 qui

156 5601 341 5672 stabitur
365 5607 645 5659 secundum
672 5601 952 5660 Joannem.
991 5610 1153 5662 Corb.
1187 5614 1352 5674 atque
1382 5601 1478 5660 alii
1518 5601 1714 5662 melio-

157 5677 358 5745 “Sjlotae,
387 5681 442 5728 in
472 5679 606 5732 libro
633 5682 965 5745 evangelista?
985 5683 1231 5733 Joannis.

198 5741 242 5818 ᾧ)
267 5746 457 5801 Omnes
491 5751 621 5804 edit.
663 5767 729 5805 ac
767 5741 899 5804 mss.
942 5755 1174 5818 aliquot,
1203 5752 1522 5804 admirabili
1561 5767 1715 5818 copu-

159 5803 246 5860 ιωυ.
287 5818 464 5872 Plures
512 5826 568 5872 et
617 5803 880 5889 potiores,
938 5803 1200 5890 raptata.
1257 5825 1328 5874 Et
1376 5803 1523 5875 certe
1567 5803 1713 5874 nihil

415 5901 686 5970 PATROL.
731 5904 859 5971 XV.
906 5905 1087 5986 (XIV,
1136 5923 1288 5971 mas
1333 5903 1442 5984 ΙΙ.)

1808 4628 1961 4674 vetat
2017 4623 2174 4687 quin,
2223 4625 2286 4670 ut
2338 4619 2544 4670 dicitur
2592 4624 2760 4680 actus,
2804 4622 2860 4670 et
2908 4624 3103 4680 actum,
3150 4622 3227 4670 ita
3279 4622 3447 4672 etiam

1809 4695 2025 4744 dicatur
2063 4691 2338 4755 copulatus
2382 4697 2428 4739 et
2475 4689 2801 4753 copulat-um.
2851 4690 3064 4740 Rursus
3106 4691 3235 4741 edit.
3285 4692 3444 4743 Rom.

1810 4779 1962 4829 quem
2002 4768 2214 4812 sanctus
2247 4764 2496 4824 Marcus;
2539 4764 2594 4809 at
2639 4760 2771 4811 edit.
2820 4766 2933 4812 vet.
2985 4767 3038 4811 et
3085 4775 3238 4822 mss,
3283 4775 3446 4825 quam

1812 4835 1959 4899 quod
1986 4839 2200 4884 sanctus
2233 4835 2465 4883 Marcus.
2501 4832 2641 4894 Quas
2682 4833 2849 4882 verba
2883 4845 2996 4882 non
3025 4833 3443 4884 incommodum

1810 4919 2037 4955 sensum
2084 4903 2351 4964 efﬁcient,
2402 4904 2566 4952 modo
2622 4904 2996 4966 interpreteris
3055 4903 3444 4955 rationabilem

1812 4974 2036 5038 quidem
2069 4987 2189 5024 esse
2220 4973 2377 5023 illum
2415 4973 2760 5037 copulatum,
2793 4974 2891 5024 sed
2924 4974 3107 5024 adhuc
3143 4973 3444 5022 rationabi-

1810 5046 1919 5096 lius
1948 5046 2003 5094 id
2032 5059 2172 5107 esse,
2200 5045 2350 5109 quod
2389 5046 2547 5094 illum
2592 5047 2778 5095 statim
2822 5047 2978 5095 initio
3021 5045 3238 5094 duxerit
3270 5045 3442 5096 collo-

1812 5116 2075 5166 candum.
3427 5117 3432 5120 ’

1878 5188 1941 5250 (6)
2003 5187 2152 5237 Edit.
2207 5185 2365 5236 Rom.
2431 5187 2553 5237 hac
2610 5189 2877 5250 rejecerat
2936 5190 3061 5249 post
3126 5184 3323 5244 verba,
3377 5186 3443 5234 Et

1813 5257 2156 5315 creabantur,
2183 5261 2376 5308 contra
2404 5262 2513 5307 vet.
2547 5257 2676 5307 edit.
2709 5263 2765 5307 et
2806 5270 2934 5307 mss.
2965 5256 3214 5306 omnium
3252 5255 3438 5306 fidem.

1815 5328 1926 5380 Sed
1964 5341 2071 5378 nec
2114 5327 2181 5377 ad
2232 5327 2338 5376 hoc
2382 5328 2494 5376 ulla
2549 5327 2782 5391 cogebat
2830 5327 3156 5387 necessitas,
3199 5339 3329 5376 cum
3371 5328 3444 5376 sit

1813 5400 2114 5462 superioris
2159 5399 2468 5457 sententiae,
2512 5411 2675 5461 quam
2717 5398 2858 5460 quod
2900 5397 3158 5459 Spiritum
3203 5401 3442 5446 sanctum

1811 5475 2120 5528 creatorem,
2157 5473 2282 5530 etc.,
2313 5468 2623 5528 conclusio,
2660 5469 2817 5530 cujus
2852 5480 3095 5530 sequens
3123 5466 3218 5516 illa
3250 5481 3261 5513 :
3303 5467 3446 5517 Unde

1813 5546 1860 5591 et
1901 5541 2089 5602 David,
2127 5543 2257 5601 etc.,
2297 5539 2641 5589 conﬁrmatio
2680 5542 2782 5587 est.
2831 5537 3110 5588 Caeterum
3150 5543 3260 5586 tres
3307 5551 3439 5588 mss.

1813 5612 1912 5662 sed
1954 5612 2059 5662 aevi
2100 5611 2424 5662 recentioris
2469 5623 2589 5673 pro,
2630 5610 2677 5658 si
2722 5613 2870 5659 creat
2919 5609 3171 5671 Spiritus,
3212 5607 3438 5674 habent,

1813 5687 2014 5734 secreta
2044 5682 2292 5746 Spiritus.

1875 5755 1945 5816 (7)
1969 5753 2127 5805 Rom.
2155 5751 2309 5814 edit.,
2335 5757 2382 5801 et
2406 5749 2558 5802 illum
2583 5748 2891 5800 naturalem
2915 5750 3188 5802 Patrem...
3215 5755 3264 5801 at
3291 5749 3443 5801 illum

1813 5824 2069 5876 moralem
2096 5825 2324 5874 Patrem.

3043 5909 3114 5970 51
