3862 6166
509 286 634 336 16H

507 404 606 458 soli
662 407 854 458 autem
906 401 1162 471 homini,
1217 408 1280 456 ut
1331 402 1663 458 rationabile
1724 403 1881 473 quod
1925 403 2137 474 accepit

511 501 785 562 exerceat,
834 496 961 550 vitae
1007 512 1204 551 cursus
1252 496 1310 549 in
1353 497 1550 550 labore
1597 496 2001 567 praescribitur.
2035 495 2138 559 Qui

510 589 664 644 cnim
693 605 809 644 non
844 594 927 644 est
961 593 1256 644 contentus
1293 590 1628 645 animalium
1671 590 1879 661 pabulo
1909 594 2136 644 caetero-

508 699 672 750 rum,
727 683 817 737 cui
882 699 996 738 non
1056 683 1186 738 satis
1247 689 1331 738 est
1389 683 1612 754 lignum
1666 683 2026 738 fructiferum
2081 682 2140 736 in

507 792 810 832 commune
860 776 1126 832 omnibus
1167 777 1238 831 ad
1279 793 1464 832 escam
1504 778 1731 844 datum;
1775 777 1874 832 sed
1912 775 2140 831 delicias

506 870 614 924 sibi
671 870 964 925 variarum
1026 870 1275 941 exquirit
1339 871 1635 942 epularum
1662 911 1676 938 ,
1745 869 1972 924 delicias
2036 868 2140 923 sibi

509 963 907 1018 transmarinis
959 964 1194 1019 arcessit
1242 981 1271 1018 e
1337 965 1540 1034 terris,
1604 963 1834 1019 delicias
1887 962 2059 1018 verrit
2110 979 2140 1016 e

510 1056 798 1124 ﬂuctibus,
841 1072 1101 1111 recusare
1152 1073 1267 1111 non
1315 1056 1502 1125 debet,
1547 1057 1644 1127 qui
1693 1056 1882 1112 labore
1928 1056 2140 1110 victum

511 1150 774 1221 requirit,
796 1150 1033 1204 brevem
1060 1149 1105 1204 si
1129 1149 1389 1204 laborem
1415 1166 1518 1220 pro
1542 1150 1656 1204 vita
1681 1150 1883 1204 subeat
1901 1154 2137 1204 aeterna.

512 1244 707 1314 Itaque
759 1243 804 1296 si
857 1242 982 1314 quis
1032 1243 1091 1297 in
1132 1243 1253 1297 haec
1293 1246 1643 1299 sacratarum
1687 1243 2139 1314 disputationum

508 1337 824 1393 certamina
868 1337 1120 1402 veniens,
1169 1339 1336 1390 exuat
1388 1353 1447 1391 se
1495 1337 1623 1393 vitae
1667 1337 1839 1408 hujus
1891 1336 2140 1408 exposita

509 1431 578 1484 ad
609 1446 857 1484 errorem
889 1429 1289 1499 sollicitudine,
1325 1433 1382 1484 et
1418 1431 1606 1486 nudus
1639 1431 1891 1497 malitias,
1930 1431 2142 1486 athleta

1965 282 2022 335 S.
2065 279 2374 336 AMBROSII

3667 293 3768 345 1612

2239 406 2468 472 peccata
2492 400 2820 472 suscipiens,
2852 418 2956 473 pro
2989 402 3158 457 totius
3188 403 3376 458 mundi
3401 405 3501 460 vita
3524 413 3597 463 est
3617 411 3774 469 immo-

2239 495 2416 564 latus;
2440 495 2802 550 sacerdotalis
2823 496 2976 551 enim
3004 499 3088 551 est
3113 496 3209 550 ille
3227 497 3438 552 vitulus.
3459 500 3594 555 ldem
3611 505 3777 576 quippe

2239 592 2297 642 et
2338 588 2546 643 vitulus
2586 593 2643 642 et
2682 589 2946 644 sacerdos
2986 608 2998 645 :
3038 590 3318 658 sacerdos,
3353 593 3471 662 quia
3501 596 3776 666 propitiator

2241 684 2328 736 est
2368 688 2589 749 noster;
2618 683 2950 739 advocatum
2985 685 3139 740 enim
3179 684 3361 755 ipsum
3388 686 3634 742 habemus
3667 693 3780 760 apud

2239 776 2493 844 Patrem;
2531 777 2758 844 vitulus,
2806 777 2940 849 quia
2988 794 3088 832 suo
3133 778 3402 849 sanguine
3451 795 3540 834 nos
3577 781 3711 836 diluit
3746 790 3787 837 et

2239 868 2503 924 redemit.
2551 871 2618 924 Et
2667 871 2813 926 bene
2870 871 3093 938 accidit,
3141 877 3204 926 ut
3253 872 3506 942 quoniam
3552 874 3785 945 Evangelii

2238 959 2450 1017 librum
2476 964 2786 1018 secundum
2806 965 3134 1019 Matthaeum
3155 964 3396 1019 diximus
3420 980 3526 1020 esse
3545 967 3789 1034 moralem,

2240 1056 2432 1127 opinio
2483 1057 2875 1127 hujuscemodi
2924 1074 3036 1112 non
3085 1058 3608 1128 praetermitteretur;
3644 1075 3792 1114 mores

2239 1150 2393 1205 enim
2421 1150 2652 1221 proprie
2682 1149 2952 1206 dicuntur
2976 1151 3236 1206 humani.

2311 1244 2362 1296 8.
2433 1242 2691 1314 Plerique
2763 1247 2959 1299 tamen
3025 1247 3232 1315 putant
3302 1245 3481 1314 ipsum
3544 1243 3796 1298 Dominum

2239 1341 2497 1391 nostrum
2550 1337 2610 1390 in
2681 1340 2928 1408 quatuor
3003 1336 3292 1408 Evangelii
3357 1336 3548 1404 libris,
3605 1342 3798 1407 quatuor

2239 1430 2440 1484 formis
2471 1430 2815 1485 animalium
2846 1431 3104 1502 figurari,
3132 1432 3283 1502 quod
3314 1431 3461 1486 idem
3492 1431 3663 1498 homo,
3685 1430 3801 1484 idem

507 1523 734 1592 pietatis
773 1524 892 1578 oleo
939 1523 1178 1593 spiritali
1222 1524 1380 1578 velut
1407 1524 1669 1594 quaedam
1712 1523 1916 1578 animas
1954 1539 2136 1577 mem-

509 1615 614 1669 bra
659 1616 942 1686 perfusus,
991 1616 1256 1686 suscipiat
1301 1617 1610 1672 certamina
1665 1617 1940 1685 veritatis,
1990 1616 2141 1672 haud

2238 1522 2347 1589 leo,
2375 1523 2527 1578 idem
2563 1523 2794 1594 vitulus,
2830 1524 2985 1579 idem
3023 1525 3217 1594 aquila
3246 1541 3366 1580 esse
3403 1523 3802 1595 comprobantur.

2243 1617 2422 1671 Homo
2466 1617 2600 1686 quia
2651 1621 2816 1672 natus
2865 1633 2940 1673 ex
2984 1617 3159 1672 Maria
3206 1620 3320 1686 est;
3366 1619 3478 1686 leo,
3521 1615 3644 1687 quia
3683 1616 3807 1670 fortis

513 1707 680 1761 dubie
727 1709 1004 1777 perpetua
1049 1705 1472 1776 promerebitur
1521 1712 1868 1761 sacratarum
1907 1706 2143 1776 praemia
2241 1715 2357 1779 est;
2409 1710 2635 1778 vitulus,
2684 1710 2818 1782 quia
2862 1710 3048 1766 hostia
3086 1715 3199 1781 est;
3249 1710 3455 1782 aquila,
3498 1709 3623 1781 quia
3663 1725 3808 1763 resur-

513 1816 876 1856 coronarum.
920 1800 1210 1854 Bonorum
1252 1799 1404 1854 enim
1450 1799 1711 1854 laborum
1751 1799 1957 1854 nobilis
1997 1801 2414 1874 fruc-Brectio
2453 1806 2555 1858 est.
2597 1806 2776 1874 Atque
2820 1803 2899 1858 ita
2939 1803 2998 1859 in
3035 1803 3197 1858 libris
3235 1803 3473 1875 singulis
3511 1802 3684 1856 forma
3716 1802 3805 1853 ani-

511 1901 602 1950 tus
650 1899 762 1959 est;
815 1899 873 1946 et
918 1896 1132 1962 quanto
1183 1893 1351 1962 plura
1403 1893 1734 1962 certamina,
1784 1896 1942 1949 tanto
1993 1909 2136 1964 prae-
2240 1896 2476 1950 malium
2529 1896 2840 1966 ﬁguratur,
2899 1903 2961 1951 ut
3013 1897 3458 1968 uniuscujusque
3513 1894 3632 1950 libri
3679 1893 3811 1947 series

511 1987 803 2044 cellentior
831 2002 1040 2040 corona
1067 1985 1340 2040 virtutum
1370 1987 1461 2055 (8).
2241 1989 2663 2060 propositorum
2727 1989 2996 2044 videatur
3042 1990 3378 2045 animalium
3445 1992 3542 2043 aut
3603 1992 3812 2050 natura,

584 2087 638 2136 7.
689 2080 801 2135 Sed
849 2079 919 2134 ad
971 2079 1327 2150 propositum
1385 2085 1747 2135 revertamur
1803 2102 1814 2134 :
1872 2079 2140 2135 historico
2243 2085 2342 2136 aut
2393 2082 2609 2152 virtuti,
2662 2088 2762 2138 aut
2810 2084 3029 2154 gratias,
3084 2089 3182 2138 aut
3227 2083 3504 2139 miraculo
3548 2078 3812 2135 convenire.

513 2176 672 2231 enim
720 2174 866 2244 stylo
922 2172 1170 2227 diximus
1215 2174 1369 2228 hunc
1414 2173 1702 2244 Evangelii
1756 2173 1965 2228 librum
2021 2190 2141 2229 esse
2240 2176 2374 2238 Quae
2407 2174 2662 2248 1265
2705 2176 2833 2231 licet
2877 2176 3074 2231 omnia
3103 2177 3164 2230 in
3205 2177 3470 2231 omnibus
3504 2177 3628 2242 sint,
3666 2179 3815 2226 tamen

512 2270 819 2340 digestum.
885 2267 1140 2338 Denique
1201 2266 1592 2321 describendis
1671 2268 1853 2338 magis
1931 2267 2138 2334 rebus,
2242 2269 2536 2340 plenitudo
2582 2269 2849 2340 quaedam
2888 2270 2946 2324 in
2984 2269 3220 2341 singulis
3257 2270 3532 2324 virtutum
3567 2271 3644 2321 est
3671 2265 3818 2334 singu-

515 2379 690 2436 quam
749 2360 1138 2432 exprimendis
1191 2359 1531 2431 praeceptis,
1591 2361 1843 2415 studium
1912 2360 2140 2416 uberius
2240 2363 2452 2418 larum.
2506 2364 2708 2418 Ortum
2767 2363 3017 2418 hominis
3083 2364 3230 2417 alius
3287 2363 3528 2434 (Matth)
3582 2357 3820 2426 descripsit

511 2456 937 2528 comparatione
974 2454 1214 2509 aliorum
1254 2454 1508 2508 videmus
1548 2453 1893 2524 impensum.
1927 2455 1994 2509 Et
2021 2454 2140 2525 ipse
2239 2455 2492 2525 uberius,
2539 2472 2731 2510 mores
2767 2472 2995 2527 quoque
3034 2456 3284 2511 hominis
3325 2453 3614 2527 praeceptis
3638 2449 3818 2506 uberio-

511 2548 856 2620 evangelista
908 2548 1175 2602 historico
1224 2562 1380 2601 more
1431 2564 1464 2601 a
1514 2547 1844 2602 narratione
1899 2548 2143 2618 sumpsit
2241 2549 2397 2603 ribus
2452 2549 2717 2604 erudivit.
2779 2550 2935 2604 Alius
2987 2551 3246 2620 (Marcus)
3304 2567 3336 2603 a
3391 2547 3654 2619 potentias
3695 2543 3824 2612 coepit

510 2643 807 2701 exordium
842 2659 854 2697 :
890 2663 917 2691 «
960 2641 1106 2708 Fuit,
1146 2639 1351 2711 inquit,
1394 2640 1452 2694 in
1497 2641 1697 2695 diebus
1731 2640 1962 2696 Herodis
1990 2642 2140 2712 regis
2243 2642 2605 2712 expressione
2645 2642 2872 2709 divinas,
2920 2644 3069 2714 quod
3113 2661 3178 2698 ex
3222 2645 3380 2714 Rege
3422 2645 3558 2706 Rex,
3601 2637 3739 2693 fortis
3773 2649 3822 2686 ex

509 2738 715 2792 Judaeaa
768 2735 1028 2790 sacerdos
1074 2733 1308 2804 quidam
1353 2733 1584 2788 nomine
1629 2734 1929 2788 Zacharias
1968 2735 2138 2804 (Luc.,

512 2847 550 2898 ι,
589 2835 664 2900 5),
704 2851 732 2880 ››
775 2844 1018 2900 eamque
1054 2827 1350 2881 historiam
1381 2827 1550 2899 plena
1587 2827 1905 2898 digestione
1944 2844 2138 2898 perse-

507 2925 718 2996 quitur.
749 2922 908 2977 Unde
946 2921 1119 2976 etiam
1163 2920 1200 2974 ii
1231 2920 1330 2992 qui
1371 2923 1616 2991 quatuor
1649 2921 1986 2974 animalium
2026 2922 2138 2975 for-

509 3035 634 3073 mas
676 3032 804 3088 quae
849 3017 906 3070 in
952 3014 1285 3085 Apocalypsi
1321 3014 1648 3068 revelantur
1694 3015 1903 3082 (Apoc.,
1944 3030 2018 3081 iv,
2064 3017 2138 3084 7),

2243 2735 2393 2803 forti,
2442 2752 2610 2791 verus
2655 2753 2726 2790 ex
2766 2752 2920 2804 vero,
2963 2736 3148 2791 vivida
3196 2740 3448 2792 mortem
3493 2735 3689 2788 virtute
3727 2745 3826 2783 con-

2242 2829 2551 2900 tempserit.
2616 2829 2836 2884 Tertius
2900 2830 3134 2899 (Lucas)
3211 2829 3553 2884 sacriﬁcium
3615 2821 3823 2879 sacerdo-

2241 2922 2350 2976 tale
2396 2922 2678 2992 praemisit
2711 2928 2766 2977 et
2809 2922 2994 2992 ipsam
3033 2921 3194 2978 vituli
3232 2921 3690 2977 immolationem
3722 2915 3830 2985 stylo

2243 3014 2492 3085 quodam
2530 3015 2778 3086 pleniore
2816 3015 3059 3070 diffudit.
3099 3017 3346 3080 Quartus
3387 3013 3664 3086 copiosius
3698 3013 3827 3064 cate-

510 3113 758 3182 quatuor
823 3106 1115 3178 Evangelii
1177 3106 1350 3160 libros
1416 3105 1820 3176 intelligendos
1883 3106 2140 3161 arbitrati
2169 3169 2212 3182 η
2242 3109 2320 3162 ris
2353 3108 2560 3162 divinae
2591 3109 2862 3163 miracula
2905 3109 3344 3164 resurrectionis
3387 3105 3676 3180 expressit.
3712 3103 3832 3156 Unus

511 3209 663 3270 sunt,
717 3202 868 3255 hunc
920 3200 1127 3254 librum
1176 3199 1372 3254 volunt
1416 3198 1577 3252 vituli
1625 3198 1812 3270 specie
1860 3169 2417 3273 ﬁgurari;Cigitur
2463 3203 2675 3269 omnia,
2733 3208 2790 3257 et
2837 3219 2986 3256 unus
3033 3201 3092 3256 in
3143 3203 3437 3271 omnibus,
3484 3202 3624 3255 sicut
3665 3199 3830 3252 lectum

513 3297 724 3351 vitulus
751 3293 904 3350 enim
945 3292 1306 3348 sacerdotalis
1343 3298 1428 3346 est
1455 3291 1701 3347 victima.
1730 3294 1798 3348 Et
1824 3292 1969 3348 bene
2004 3310 2138 3348 con-

515 3390 672 3462 gruit
694 3388 870 3443 vitulo
901 3387 992 3441 hic
1022 3384 1308 3456 Evangelii
1335 3384 1501 3453 liber,
1533 3385 1664 3456 quia
1692 3402 1726 3440 a
1758 3386 2143 3442 sacerdotibus

513 3482 823 3552 inchoavit,
862 3485 920 3535 et
957 3478 1375 3536 consummavit
1413 3479 1471 3533 in
1511 3478 1704 3547 vitulo,
1745 3479 1843 3550 qui
1883 3480 2140 3535 omnium

2243 3301 2327 3349 est
2379 3295 2620 3363 (001035.,
2675 3311 2759 3362 III,
2822 3297 2937 3364 tl);
2990 3311 3105 3349 non
3163 3295 3459 3350 dissimilis
3513 3294 3571 3348 in
3622 3287 3830 3360 singulis,

2241 3388 2341 3442 sed
2385 3404 2549 3443 verus
2598 3388 2659 3442 in
2708 3388 2946 3443 cunctis.
2999 3388 3108 3445 Sed
3145 3389 3268 3460 jam
3316 3389 3508 3460 ipsum
3558 3394 3830 3441 sermonem

2242 3482 2565 3536 adoriamur
2591 3481 2900 3552 Evangelii.

574 3605 644 3668 (8)
678 3605 840 3655 Tanto
867 3600 1251 3667 praecellentior
1284 3613 1482 3651 corona
1509 3600 1760 3650 virtutum
1780 3616 1798 3662 ;
1827 3614 2023 3653 vocem
2052 3602 2308 3654 virtutum
2336 3603 2495 3654 Rom.
2521 3603 2649 3654 edit.
2679 3603 2996 3655 sustulerat.

518 3776 3821 3803 _____________________________________________________________..

1760 3959 2100 4052 LIBER
2167 3959 2615 4053 PRIMUS.

587 4333 739 4402 (Cap.
795 4331 833 4383 Ι.
889 4356 960 4371 -—
1015 4331 1163 4385 Vera.
1225 4332 1296 4398 1.)
1351 4331 1646 4398 Quoniam,
1705 4331 1916 4402 inquit,
1979 4335 2143 4388 multi

516 4427 699 4480 conati
725 4428 849 4478 sunt
876 4424 1133 4478 ordinare
1163 4425 1535 4478 narrationem
1561 4439 1759 4479 rerum.

2240 4349 2428 4399 XXVIII,
2466 4335 2536 4404 l),
2569 4335 2694 4387 erat
2731 4337 2921 4387 autem
2954 4331 3153 4402 populi
3196 4331 3384 4402 gratia
3415 4329 3724 4384 discernere
3748 4319 3833 4418 spi-

2240 4427 2381 4481 ritus
2423 4427 2551 4497 (lO),
2590 4429 2655 4480 ut
2694 4430 3061 4497 cognosceret
3091 4440 3230 4495 quos
3279 4424 3505 4478 referre
3550 4416 3764 4476 deberet
3794 4416 3834 4463 in

587 4522 638 4572 1.
675 4519 949 4588 Pleraque
979 4522 1322 4587 nostrorum,
1357 4516 1846 4587 quemadmodum
1882 4493 2216 4574 veterumD
2241 4536 2548 4575 numerum
2586 4520 3031 4591 prophetarum;
3072 4534 3212 4588 quos
3253 4523 3455 4572 autem
3497 4513 3657 4586 quasi
3695 4511 3837 4562 bonus

511 4611 858 4677 Judasorum,
892 4610 1121 4680 paribus
1147 4613 1203 4664 et
1231 4610 1532 4680 generibus
1559 4610 1882 4666 formantur
1909 4615 1966 4666 et
2001 4628 2133 4667 cau-

513 4705 608 4774 sis,
641 4709 810 4773 atque
847 4705 1241 4773 exemplorum
1271 4703 1543 4758 similium
1585 4705 1708 4776 pari
1748 4722 1849 4760 usu
1889 4705 1984 4776 (9),
2018 4707 2133 4761 exi-

510 4803 688 4868 tuque
724 4795 1088 4863 conveniunt,
1119 4795 1514 4868 principioque
1549 4814 1743 4854 rerum
1773 4804 1828 4854 et
1858 4800 1971 4854 ﬁne
1999 4816 2133 4854 con-

512 4891 768 4946 cordant.
822 4889 963 4943 Nam
1010 4889 1152 4942 sicut
1211 4890 1373 4944 multi
1424 4891 1481 4944 in
1536 4892 1631 4945 illo
1680 4893 1894 4963 populo
1944 4893 2135 4947 divino

509 4984 683 5040 infusi
719 4982 932 5054 Spiritu
966 4981 1417 5054 prophetarunt;
1454 4983 1546 5038 alii
1575 4989 1769 5040 autem
1799 4986 2136 5056 prophetare

505 5092 572 5135 se
639 5075 1081 5148 pollicebantur,
1154 5081 1209 5129 et
1283 5075 1688 5146 professionem
1755 5077 2139 5133 destituebant

510 5170 844 5238 mendacio,
909 5172 1070 5224 erant
1127 5167 1280 5223 enim
1335 5169 1879 5240 pseudoprophetae,
1946 5171 2137 5242 potius

509 5281 684 5337 quam
721 5262 1038 5335 prophetae,
1077 5261 1223 5315 sicut
1262 5260 1503 5316 Ananias
1539 5261 1689 5317 ﬁlius
1725 5267 1867 5318 Azor
1900 5266 2133 5333 (Jerem.,

578 5385 641 5447 (9)
673 5385 827 5434 Rom.
855 5382 1008 5445 edit.,
1041 5385 1204 5446 atque
1225 5379 1585 5445 exemplorum
1612 5381 1780 5433 simili
1804 5397 1919 5432 usu.

575 5454 673 5514 (10)
709 5454 856 5504 Cave
899 5452 1096 5505 credas
1145 5453 1293 5504 hanc
1333 5451 1613 5502 Ambrosii
1655 5457 1899 5504 mentem
1943 5455 2134 5517 fuisse,

511 5526 574 5573 ut
599 5525 832 5586 singulis
871 5538 902 5574 e
946 5524 1150 5588 populo
1187 5523 1512 5574 Judaaorum
1555 5537 1677 5574 eam
1714 5526 1942 5588 gratiam
1983 5527 2136 5575 attri-

512 5594 717 5654 buerit,
758 5608 888 5644 cum
923 5597 1045 5658 ejus
1087 5599 1300 5659 partem
1345 5594 1520 5644 multo
1564 5595 1863 5644 maximam
1901 5597 2061 5645 toties
2104 5611 2136 5647 a

511 5664 1009 5730 pseudoprophetis
1031 5665 1318 5730 deceptam
1356 5666 1573 5716 tradant
1609 5668 1749 5720 sacri
1784 5666 2006 5717 codices
2035 5681 2046 5715 :
2083 5672 2139 5718 at

509 5733 834 5788 credibilius
869 5739 953 5784 est
985 5736 1168 5798 ipsum
1205 5737 1354 5787 hanc
1401 5738 1821 5802 pmrogativam
1859 5739 1909 5788 ei
1946 5750 2137 5789 sacer-

509 5807 706 5860 dotum
725 5805 978 5867 collegio,
1004 5806 1153 5867 quod
1179 5807 1448 5868 synedrim
1472 5807 1766 5871 vocabant,
1795 5808 2131 5872 ascripsisse,

2236 4612 2656 4668 nummularius
2684 4611 3048 4682 improbaret,
3084 4612 3141 4664 in
3176 4611 3389 4681 quibus
3427 4606 3666 4663 materia
3690 4596 3838 4668 magis

2236 4713 2497 4777 corrupta
2550 4706 2841 4774 sorderet,
2904 4720 3075 4776 quam
3136 4705 3256 4758 veri
3311 4702 3594 4774 splendor
3643 4691 3836 4751 luminis

2237 4802 2557 4869 resultaret;
2603 4800 2680 4854 sic
2723 4803 2781 4855 et
2822 4815 2972 4854 nunc
3011 4798 3068 4852 in
3107 4799 3258 4852 Novo
3299 4797 3676 4852 Testamento
3709 4779 3837 4843 mulli

2237 4893 2537 4964 Evangelia
2575 4893 2819 4947 scribere
2851 4891 3037 4946 conati
3079 4893 3230 4956 sunt,
3265 4906 3400 4961 quae
3434 4889 3574 4943 boni
3609 4893 3836 4940 nummu-

2236 4986 2363 5040 larii
2382 5003 2496 5040 non
2524 4986 2925 5057 probaverunt.
2947 4986 3133 5039 Unum
3156 4988 3358 5037 autem
3387 4974 3770 5036 tantummodo
3795 4969 3834 5021 in

2238 5084 2483 5150 quatuor
2511 5079 2682 5133 libros
2715 5079 3002 5150 digestum
3032 5094 3102 5133 ex
3142 5077 3423 5132 omnibus
3456 5071 3709 5129 arbitrati
3738 5065 3839 5119 sunt

2236 5171 2693 5242 intelligendum.

2307 5269 2360 5320 2.
2416 5267 2483 5318 Et
2529 5265 2684 5319 aliud
2738 5264 2970 5336 quidem
3020 5262 3206 5318 fertur
3253 5261 3665 5332 Evangelium,
3715 5247 3838 5322 quod

2237 5401 2365 5439 cum
2414 5387 2484 5436 ad
2526 5401 2719 5437 eorum
2751 5387 3026 5450 judicium
3067 5387 3125 5436 in
3173 5385 3444 5450 gravibus
3491 5369 3841 5434 controversiis

2236 5471 2516 5509 recurrere
2566 5457 2808 5522 populus
2856 5458 3115 5520 jnbeatnr
3155 5457 3320 5507 Deut.
3385 5469 3529 5515 xvn,
3580 5453 3611 5502 9
3653 5455 3704 5522 et
3747 5455 3844 5522 εφα-

2235 5528 2443 5578 Forsan
2470 5518 2774 5578 etiam—hoc
2808 5518 3024 5578 tantum
3048 5527 3428 5593 signiﬁcatum
3462 5518 3840 5593 voluit,_benig—

2235 5599 2410 5648 nitate
2432 5598 2622 5648 divina
2645 5600 2816 5649 fuisse
2843 5591 3146 5662 provisum,
3172 5612 3242 5648 ne
3275 5609 3540 5662 unquam
3581 5591 3847 5662 universus

2235 5669 2476 5733 populus
2501 5684 2532 5720 a
2566 5670 2720 5720 falsis
2742 5659 3026 5734 prophetis
3055 5659 3487 5734 perverteretur,
3513 5669 3573 5716 ut
3611 5662 3680 5714 IlI
3709 5659 3843 5715 Rei-fu

2235 5754 2360 5806 xxx,
2387 5744 2633 5805 tempore
2657 5742 2853 5794 Achab
2872 5743 3080 5795 factum
3109 5743 3365 5805 legimus.
