3930 6168
179 303 268 356 1613

1210 303 1677 370 EXPOSITIONIS
1721 307 1787 363 IN
1830 306 2058 363 LUCAM
2099 305 2222 360 LIB.
2266 305 2303 358 1.

3303 312 3439 364 1614

172 422 398 478 duodecim
431 420 526 492 (11)
559 421 844 494 scripsisse
880 423 1162 480 dicuntur.
1196 428 1376 482 Ausus
1411 432 1496 482 est
1530 429 1701 484 etiam
1725 431 1956 516 Apleto
2009 445 2177 484 nemo
2227 426 2468 497 dubitat,
2523 443 2654 482 cum
2702 427 2872 483 ﬁdem
2921 427 3153 484 effectus
3199 437 3435 494 astruat,

171 516 370 572 Basilides
396 516 744 587 Evangelium
776 517 1043 588 scribere,
1075 519 1231 590 quod
1271 520 1477 575 dicitur
1500 539 1700 578 secun-

169 611 266 663 dum
303 608 590 664 Basilidem.
642 611 842 666 Fertur
891 611 1064 667 etiam
1114 613 1267 668 aliud
1307 615 1701 686 Evangelium,

165 703 271 774 quod
323 702 563 757 scribitur
624 705 934 760 secundum
996 707 1289 761 Thomam.
1352 709 1491 763 Novi
1547 710 1705 765 aliud

164 797 368 866 scriptum
420 796 724 852 secundum
792 800 1108 856 Matthiam.
1189 802 1461 873 Legimus
1515 803 1705 875 aliqua

164 889 265 955 (dist.
303 892 376 957 37,
409 906 524 961 cap.
565 892 816 962 Legimus
853 894 1083 965 aliqua),
1120 911 1191 950 ne
1236 895 1516 966 legantur;
1558 896 1702 967 legi-

162 999 262 1048 mus,
288 999 347 1036 ne
370 983 716 1054 ignoremus;
746 985 1011 1056 legimus,
1033 1004 1147 1042 non
1175 992 1240 1042 ut
1259 994 1578 1056 teneamus,
1607 990 1705 1044 sed

162 1079 199 1128 ut
217 1075 562 1146 repudiemus,
595 1083 652 1133 et
678 1085 738 1132 ut
773 1080 1017 1135 sciamus
1045 1082 1240 1152 qualia
1268 1081 1382 1136 sint
1418 1082 1474 1137 in
1503 1083 1706 1153 quibus

161 1169 376 1239 magniﬁci
409 1169 494 1225 isti
525 1188 622 1226 cor
648 1173 898 1228 exaltant
926 1190 1111 1229 suum.
1143 1176 1249 1230 Sed
1281 1177 1547 1243 Ecclesia,
1575 1193 1705 1231 cum

159 1265 340 1331 quatuor
381 1263 665 1334 Evangelii
719 1266 895 1321 libros
950 1267 1172 1335 habeat,
1226 1286 1328 1340 per
1377 1269 1706 1326 universum

156 1355 369 1410 mundum
403 1358 756 1430 evangelistis
800 1361 1078 1416 redundat
1121 1364 1250 1432 (12);
1283 1363 1542 1434 haereses,
1574 1380 1705 1419 cum

158 1449 281 1502 multa
314 1449 562 1519 habeant,
603 1470 777 1507 unum
824 1471 942 1510 non
985 1455 1216 1510 habent.
1253 1458 1420 1512 Multi
1447 1459 1587 1512 enim
1617 1474 1702 1513 co-

154 1546 247 1606 nati,
281 1543 365 1597 sed
405 1544 494 1598 Dei
542 1547 722 1616 gratia
760 1547 1013 1603 destituti
1043 1553 1192 1603 sunt.
1233 1550 1492 1621 Plerique
1535 1551 1705 1606 etiam

154 1651 197 1686 ex
217 1639 428 1704 quatuor
449 1639 742 1710 Evangelii
778 1640 939 1695 libris
977 1642 1035 1696 in
1077 1659 1256 1697 unum
1285 1660 1353 1698 ea
1381 1660 1509 1714 quae
1535 1660 1703 1700 vene-

153 1727 255 1780 natis
299 1733 629 1798 putaverunt
680 1734 1080 1790 assertionibus
1125 1737 1562 1805 convenientia,
1612 1755 1703 1791 re-

152 1819 370 1877 ferserunt
415 1824 544 1894 (13).
599 1824 856 1898 1266
909 1829 991 1882 Ita
1044 1829 1289 1884 Ecclesia
1342 1847 1470 1901 quae
1528 1818 1781 1889 unumB

153 1912 445 1983 Evangelium
485 1917 680 1986 habet,
721 1935 900 1974 unum
942 1920 1124 1975 Deum
1168 1921 1364 1990 docet;
1403 1922 1485 1978 illi
1512 1930 1705 1978 autem

151 2005 217 2074 qui
251 2007 400 2062 alium
445 2010 632 2065 Deum
680 2013 885 2068 veteris
928 2015 1301 2084 Testamenti,
1352 2017 1529 2072 alium
1578 2017 1706 2072 novi

151 2107 371 2168 asserunt,
415 2118 477 2157 ex
522 2104 718 2160 multis
758 2107 1078 2178 Evangeliis
1115 2125 1229 2164 non
1275 2126 1451 2164 unum
1493 2111 1704 2175 Deum,

149 2190 214 2243 sed
230 2194 394 2262 plures
414 2197 698 2253 fecerunt.

194 2287 230 2338 3.
267 2288 505 2353 Quoniam
558 2293 743 2356 multi,
796 2293 1016 2365 inquit,
1078 2299 1261 2351 conati
1310 2303 1458 2352 sunt.
1508 2297 1706 2352 Conati

151 2377 286 2448 utique
329 2381 400 2436 illi
448 2389 617 2452 sunt,
668 2387 765 2457 qui
815 2387 1056 2458 implere
1108 2390 1502 2460 nequiverunt.
1559 2393 1706 2462 Ergo

149 2472 298 2527 multos
328 2477 582 2547 cmpisse,
614 2494 718 2534 nec
751 2480 1096 2551 implevisse,
1128 2482 1298 2537 etiam
1337 2489 1563 2539 sanctus
1597 2486 1705 2539 Lu-

146 2578 208 2617 cas
241 2568 546 2625 testimonio
587 2571 954 2642 locupletiore
1000 2579 1253 2645 testatur,
1297 2576 1490 2631 dicens
1530 2578 1704 2647 pluri-

149 2672 232 2712 mos
255 2676 359 2716 esse
386 2669 645 2719 conatos.
684 2665 790 2728 Qui
829 2667 985 2722 enim
1028 2674 1258 2724 conatus
1298 2675 1384 2726 est
1420 2671 1706 2739 ordinare,

150 2766 215 2803 suo
241 2754 403 2811 labore
441 2761 684 2814 conatus
724 2766 828 2827 est,
870 2777 974 2816 nec
1012 2762 1286 2832 implevit.
1331 2763 1462 2820 Sine
1503 2768 1710 2819 conatu

149 2849 235 2898 sunt
257 2848 390 2903 enim
417 2850 766 2907 donationes
792 2860 848 2908 et
881 2855 1063 2924 gratia
1092 2856 1208 2923 Dei,
1239 2873 1365 2928 quae
1403 2857 1498 2911 ubi
1531 2874 1590 2911 se
1621 2858 1706 2912 in-

149 2936 315 3010 fuderit,
345 2943 524 3015 rigare
562 2948 889 3016 consuevit,
924 2955 983 3001 ut
1009 2964 1123 3003 non
1154 2953 1338 3019 egeat,
1375 2951 1471 3005 sed
1496 2951 1706 3005 redun-

147 3029 214 3084 det
233 3035 490 3107 scriptoris
516 3040 844 3109 ingenium.
874 3041 995 3096 Non
1025 3046 1257 3097 conatus
1284 3047 1367 3099 est
1394 3044 1707 3112 Matthaeus,

146 3138 226 3178 non
256 3137 461 3186 conatus
499 3137 589 3188 est
633 3134 866 3204 Marcus,
910 3153 1026 3191 non
1056 3140 1288 3191 conatus
1331 3144 1413 3191 est
1449 3139 1707 3206 Joannes,

146 3231 221 3272 non
243 3231 447 3280 conatus
475 3231 562 3281 est
586 3227 780 3295 Lucas,
812 3229 908 3284 sed
935 3229 1123 3284 divino
1156 3229 1366 3302 Spiritu
1397 3231 1710 3288 ubertatem

147 3308 360 3372 dictorum
393 3336 710 3391 rerumque
748 3323 1006 3377 omnium
1041 3323 1421 3392 ministrante,
1451 3324 1569 3380 sine
1599 3326 1712 3380 ullo

145 3407 374 3465 molimine
403 3420 591 3485 coepta
620 3416 1005 3486 complerunt.
1040 3417 1108 3471 Et
1131 3417 1259 3472 ideo
1288 3417 1424 3472 dicit
1452 3435 1464 3472 :

192 3497 410 3562 Quoniam
451 3508 623 3562 multi
662 3510 843 3564 conati
876 3515 1004 3564 sunt
1048 3511 1306 3566 ordinare
1341 3515 1713 3568 narrationem

146 3604 291 3658 rerum,
323 3615 435 3666 quae
472 3604 534 3655 in
577 3602 732 3657 nobis
768 3604 1038 3674 completa.o
1059 3612 1184 3659 sunt
1222 3604 1355 3676 (14),
1385 3605 1474 3660 vel
1505 3621 1625 3675 qua
1651 3609 1712 3660 in

147 3685 252 3741 nobis
275 3692 594 3751 redundant.

190 3778 229 3834 4.
251 3783 386 3845 Quod
415 3788 570 3843 enim
600 3788 904 3856 redundat,
934 3790 1076 3845 nulli
1107 3790 1316 3860 deﬁcit,
1350 3794 1409 3846 et
1444 3792 1513 3847 de
1559 3808 1710 3847 com-

1732 3179 1785 3253 C

187 3920 258 3994 (11)
280 3923 425 3976 Rom.
452 3928 587 3979 edit.
628 3929 770 3992 quod
798 3927 1070 3979 duodecim
1107 3929 1367 3994 apostoli;
1396 3945 1508 3994 quo
1546 3933 1712 3982 etiam

147 3991 354 4046 vocabulo
398 3991 780 4050 adulterinum
832 3999 939 4050 hoc
987 3991 1352 4064 Evangelium
1397 3991 1467 4052 ab
1515 4003 1714 4053 Hiero-

147 4069 268 4119 nF1110
320 4071 638 4119 nominatur
703 4071 974 4121 Prommio
1042 4074 1097 4121 in
1162 4072 1376 4132 Matth.;
1443 4073 1542 4124 sed
1605 4086 1714 4124 vox

145 4135 314 4210 ςλροειριί
342 4151 639 4210 suppressa
663 4141 721 4190 in
758 4145 864 4191 vet.
898 4142 1030 4192 edit.
1073 4156 1138 4192 ac
1180 4155 1311 4192 mss.
1351 4145 1486 4193 satis
1528 4158 1559 4193 a
1598 4143 1714 4194 lec-

145 4199 224 4248 tore
245 4199 565 4271 intelligitur.
599 4211 745 4260 Infra
786 4224 916 4261 vero
959 4212 1057 4262 ubi
1095 4226 1289 4263 omnes
1323 4215 1455 4264 edit.
1499 4218 1553 4265 et
1589 4214 1713 4278 plu-

145 4280 353 4351 ἴβεως.
404 4282 696 4331 secundum
744 4283 1057 4343 Basilidem,
1108 4297 1241 4334 mss.
1295 4286 1544 4350 quinque
1597 4299 1714 4335 me—

143 4337 270 4418 lioris
287 4353 422 4400 note
470 4353 690 4415 legunt,
728 4354 1013 4404 secundum
1039 4337 1340 4418 ’ρ’-ορνίαώ
1385 4337 1592 4407 nautea.
1632 4357 1715 4406 De

145 4406 219 4490 hoc
245 4414 479 4470 Basilidis
511 4406 822 4488 Evangelia
855 4406 1100 4488 loquitur
1138 4406 1513 4490 Hieronymus
1549 4428 1715 4477 citato

145 4483 248 4560 loco,
268 4493 314 4536 et
341 4492 393 4539 in
423 4494 529 4542 Isa.
575 4483 704 4557 cap:
737 4506 896 4554 LXIV,
930 4483 1030 4545 ubi
1074 4496 1180 4545 alia
1216 4483 1485 4546 nonnulla
1520 4497 1714 4560 hujus-

1805 524 1989 578 exitus
2025 522 2248 594 prodat.
2296 523 2484 592 Itaque
2523 521 2895 592 Evangelium
2941 523 3288 592 completum
3328 530 3430 593 est,

1805 623 1860 672 et
1899 616 2182 672 redundat
2211 614 2477 670 omnibus
2514 631 2618 684 per
2650 616 2981 670 universum
3009 616 3223 676 orbem
3268 617 3442 672 ﬁdeli-

1804 710 1939 779 bus,
1996 715 2052 763 et
2112 714 2330 764 mentes
2384 708 2646 764 omnium
2694 710 2800 779 (15)
2846 709 3012 779 rigat,
3068 708 3439 782 animumque

1805 803 2122 858 conﬁrmat.
2161 803 2310 872 Ergo
2349 791 2616 856 fundatus
2651 801 2706 855 in
2751 805 2934 872 petra,
2969 805 3027 856 et
3065 802 3161 873 qui
3203 819 3442 859 omnem

1804 895 1940 950 ﬁdei
2002 896 2312 966 sumpserit
2375 895 2824 966 plenitudinem,
2894 896 3440 968 ﬁrmamentumque

1807 989 2160 1056 constantiae,
2211 992 2364 1043 recte
2419 988 2556 1043 dicit
2605 1011 2614 1041 :
2674 989 2803 1055 Qua:
2852 992 2910 1042 in
2965 991 3118 1043 nobis
3168 992 3443 1059 completa

1808 1089 1966 1150 sunt;
2011 1083 2284 1154 quoniam
2324 1099 2438 1136 non
2467 1081 2643 1153 signis
2681 1086 2740 1138 et
2778 1082 3079 1153 prodigiis,
3125 1083 3224 1137 sed
3266 1084 3442 1138 verbo

1803 1192 1940 1232 vera
1979 1177 2084 1247 (16)
2126 1182 2182 1231 et
2225 1176 2362 1232 falsa
2407 1175 2832 1244 discriminant,
2876 1176 2974 1247 qui
3019 1177 3293 1232 salutaria
3337 1179 3443 1233 Do-

1807 1271 1946 1326 mini
1979 1274 2136 1341 gesta
2165 1269 2513 1336 describunt,
2545 1270 2631 1324 vel
2669 1270 2770 1340 qui
2797 1268 3053 1324 animum
3084 1270 3442 1326 mirabilibus

1809 1364 1930 1434 ejus
1967 1363 2292 1418 intendunt.
2329 1362 2473 1426 Quid
2515 1361 2668 1416 enim
2705 1367 2825 1416 tam
2865 1361 3226 1431 rationabile,
3269 1380 3441 1434 quam

1805 1460 1871 1510 ut
1899 1455 2116 1522 credas,
2148 1457 2298 1526 quod
2331 1455 2474 1526 legis
2500 1472 2568 1509 ea
2599 1460 2758 1526 gesta
2787 1471 2914 1525 quae
2943 1471 3113 1525 supra
3140 1455 3437 1511 hominem

1807 1552 1960 1619 sunt,
2004 1549 2239 1620 potioris
2281 1565 2401 1604 esse
2442 1552 2694 1616 naturae;
2731 1553 2789 1602 at
2831 1565 2963 1602 vero
3007 1565 3138 1604 cum
3187 1549 3328 1619 legis
3371 1566 3438 1604 ea

1806 1660 1934 1714 quae
1977 1648 2109 1698 sunt
2153 1643 2418 1711 moralia,
2462 1642 2710 1712 suscepti
2758 1642 2956 1697 credas
3007 1641 3259 1714 1267
3316 1660 3437 1698 esse

1805 1738 2057 1807 corporis
2097 1737 2428 1808 passiones?
2473 1737 2550 1789 Ita
2594 1735 2768 1790 verbo
2811 1741 2982 1806 atque
3028 1736 3280 1802 ratione,
3325 1753 3438 1792 non

1806 1829 1983 1900 signis
2011 1830 2150 1885 ﬁdes
2177 1832 2376 1884 nostra
2402 1828 2698 1882 fundatur.

1877 1924 2054 1993 (Vers.
2092 1923 2168 1992 2.)
2211 1923 2361 1977 Sicut
2405 1921 2775 1983 tradiderunt,
2809 1920 3014 1991 inquit,
3049 1921 3200 1976 nobis
3239 1924 3334 1991 qui
3371 1923 3439 1975 ab

1804 2019 1962 2071 initio
1981 2019 2091 2086 ipsi
2112 2016 2385 2078 viderunt,
2416 2021 2467 2070 et
2494 2016 2736 2070 ministri
2758 2017 2987 2082 fuerunt
3017 2015 3199 2070 Verbi.

1878 2113 1930 2164 5.
1973 2111 2095 2164 Non
2131 2109 2401 2180 congruit
2435 2109 2542 2162 ista
2580 2108 2820 2174 locutio,
2864 2111 2926 2161 ut
2959 2107 3144 2179 magis
3179 2109 3292 2177 (17)
3331 2110 3440 2163 mi-

1807 2202 2108 2257 nisterium
2150 2202 2312 2256 verbi
2350 2201 2531 2256 visum
2571 2217 2743 2272 quam
2783 2200 3046 2256 auditum
3083 2217 3205 2256 esse
3243 2202 3438 2257 creda-

1808 2313 1956 2351 mus.
2000 2296 2106 2350 Sed
2151 2295 2286 2366 quia
2324 2311 2438 2349 non
2487 2294 2826 2365 prolativum
2868 2294 3126 2362 verbum,
3173 2294 3275 2348 sed
3319 2296 3446 2350 sub-

1808 2389 2067 2444 stantiale
2109 2389 2367 2459 signatur
2392 2387 2640 2442 Verbum
2689 2387 2830 2441 illud
2868 2387 3021 2458 quod
3057 2404 3183 2442 caro
3229 2387 3439 2443 factum

1809 2487 1920 2551 est,
1968 2486 2023 2536 et
2060 2482 2341 2537 habitavit
2385 2482 2443 2536 in
2485 2481 2682 2547 nobis,
2734 2497 2852 2535 non
2896 2481 3130 2551 vulgare
3172 2482 3438 2550 verbum,

1809 2577 1907 2632 sed
1946 2576 2083 2630 illud
2126 2576 2351 2630 caeleste
2391 2574 2806 2645 intelligamus,
2838 2575 2929 2629 cui
2963 2574 3200 2645 apostoli
3240 2576 3438 2630 minis-

1808 2674 2050 2724 trarunt.
2098 2671 2164 2724 Et
2204 2674 2396 2724 tamen
2436 2669 2493 2722 in
2536 2667 2725 2722 Exodo
2766 2667 2976 2722 lectum
3015 2671 3121 2736 est,
3160 2669 3296 2740 quia
3336 2685 3438 2740 po-

1809 2764 1974 2833 polus
2019 2761 2242 2816 videbat
2285 2776 2482 2815 vocem
2527 2759 2755 2816 Domini
2801 2762 3023 2828 (Είιτοοίυ
3068 2777 3158 2828 xx,
3212 2762 3331 2830 l8);
3385 2767 3444 2818 et

1808 2856 2005 2927 utique
2050 2871 2158 2910 vox
2209 2871 2322 2909 non
2373 2853 2628 2923 videtur,
2679 2853 2774 2909 sed
2819 2853 3069 2909 auditur.
3121 2856 3240 2909 Vox
3285 2855 3443 2911 enim

1811 2949 1952 3019 quid
1997 2954 2098 3016 est,
2144 2948 2251 3002 nisi
2292 2964 2462 3002 sonus
2502 2947 2603 3017 qui
2644 2963 2762 3002 non
2807 2947 2984 3002 oculis
3025 2949 3300 3018 cernitur,
3342 2949 3443 3004 sed

1811 3058 1949 3097 aure
2003 3041 2354 3112 percipitur?
2405 3041 2613 3095 Verum
2665 3041 2944 3096 altissimo
2987 3041 3222 3112 ingenio
3264 3042 3446 3098 voluit

1813 3136 2096 3191 declarare
2137 3135 2366 3205 Moyses,
2408 3135 2543 3205 quia
2572 3150 2681 3188 vox
2717 3133 2946 3188 videtur
2984 3135 3116 3202 Dei;
3155 3135 3445 3191 interioris

1811 3229 1966 3284 enim
2014 3228 2224 3283 mentis
2266 3228 2491 3283 videtur
2532 3228 2766 3297 obtutu;
2805 3228 2865 3282 in
2903 3228 3207 3298 Evangelio
3250 3235 3444 3284 autem

1813 3340 1925 3378 non
1955 3338 2077 3390 vox,
2105 3322 2205 3376 sed
2237 3321 2378 3376 illud
2413 3321 2564 3393 quod
2604 3337 2742 3376 voce
2771 3323 3132 3392 praestantius
3167 3327 3269 3389 est,
3307 3323 3441 3378 Ver-

1810 3416 1949 3472 bum
1981 3417 2226 3471 videtur.
2262 3414 2424 3470 Unde
2458 3420 2516 3469 et
2547 3416 2790 3470 Joannes
2820 3418 3045 3468 sanctus
3072 3415 3444 3486 evangelista,

1817 3532 1841 3561 «
1883 3509 2046 3574 Quod
2086 3513 2231 3574 erat,
2262 3507 2468 3578 inquit,
2511 3507 2582 3562 ab
2610 3507 2792 3574 initio,
2823 3507 2974 3578 quod
3007 3508 3346 3575 audivimus,
3390 3513 3450 3564 et

1811 3602 1967 3675 quod
2020 3601 2290 3670 vidimus,
2341 3605 2399 3655 et
2445 3599 2621 3654 oculis
2671 3600 2878 3654 nostris
2921 3601 3335 3671 perspeximus,
3388 3607 3446 3656 et

1812 3712 2021 3752 manus
2049 3700 2256 3750 nostrae
2292 3696 2555 3749 scrutata;
2595 3697 2730 3749 sunt
2756 3694 2827 3748 de
2851 3693 3032 3750 Verbo
3055 3693 3218 3762 vitae;
3250 3696 3308 3750 et
3334 3693 3447 3749 vita

1814 3789 2098 3862 apparuit,
2129 3793 2188 3843 et
2221 3787 2485 3856 vidimus,
2519 3792 2578 3842 et
2611 3791 2909 3854 testamur,
2947 3793 3006 3842 et
3040 3787 3446 3842 annuntiamus

1878 3931 1972 3994 (13)
2022 3931 2103 3981 Ea
2161 3929 2468 3980 temeritate
2517 3924 2909 3991 corrumpendi
2973 3940 3157 3978 sacras
3217 3928 3447 3992 paginas

1813 4001 2149 4052 Marcionem
2192 4001 2250 4049 in
2295 3999 2599 4062 Evangelio
2643 3999 2706 4048 B.
2755 3999 2920 4048 Lucas
2967 4012 3131 4048 usum
3176 4003 3450 4050 testantur

1815 4073 2022 4122 Tertul.
2076 4073 2132 4121 in
2181 4071 2341 4121 libris
2381 4070 2648 4120 adversus
2693 4069 2953 4120 eumdem
3000 4069 3348 4133 haereticum,
3391 4075 3451 4122 et

1813 4143 2085 4206 Epiphan.
2133 4142 2331 4192 hmres.
2393 4142 2439 4190 4.
2500 4141 2584 4190 De
2645 4139 3080 4190 Manichaeorum
3145 4147 3333 4193 autem
3391 4144 3448 4191 in

1813 4212 2250 4277 conSpurcandis
2277 4211 2433 4261 libris
2456 4210 2660 4260 divinis
2687 4210 2920 4261 audacia
2957 4211 3052 4261 hic
3089 4217 3275 4275 aperte
3310 4216 3446 4263 Am-

1813 4285 2032 4335 brosius
2078 4287 2267 4334 noster
2309 4296 2422 4332 non
2465 4295 2630 4332 secus
2667 4295 2732 4333 ac
2779 4282 2889 4332 Leo
2926 4295 3087 4344 papa,
3123 4295 3284 4331 serm.
3320 4285 3352 4333 4
3387 4283 3452 4333 de

1813 4357 2021 4420 Epiph..
2049 4357 2483 4418 conquerantur.
2515 4352 2601 4402 Ad
2638 4356 2952 4403 extremum
2990 4352 3244 4403 Gelasius
3282 4355 3450 4403 citato

1814 4427 2034 4477 decreto
2063 4426 2364 4488 Evangelia
2395 4425 2627 4474 Luciani
2664 4427 2837 4487 atque
2877 4423 3085 4473 Hericii
3131 4424 3450 4486 apocrypha

1816 4499 2073 4550 declarat.
2104 4499 2383 4548 Caeterum
2422 4497 2532 4546 hoc
2570 4496 2695 4546 loco
2735 4496 2903 4545 liceat
2941 4494 3115 4543 obiter
3152 4494 3449 4546 admonere

147 4552 251 4602 modi
281 4563 589 4626 apocrypha
630 4545 933 4629 Evangelia
977 4545 1250 4617 recenset.
1287 4545 2357 4630 EvangeliorumDhoc-decretu—mﬂde
2384 4545 2543 4616 libris
2583 4545 2938 4629 apocryphis,
2978 4565 3128 4628 quod
3175 4569 3452 4616 recentio—

148 4631 315 4702 quoque
339 4631 567 4684 Thomas
611 4647 677 4685 ac
718 4635 962 4686 Matthim
1003 4635 1148 4687 idem
1185 4638 1561 4702 Hieronymus
1598 4651 1716 4688 me-

149 4701 302 4770 Πξοτξῐο
350 4702 584 4755 Ρτοωω.
641 4706 697 4754 in
745 4707 937 4756 Matth.
981 4710 1323 4759 mentionem
1371 4701 1524 4770 facit,
1572 4710 1721 4760 sicut

151 4765 480 4848 fﬂinjangelii
540 4775 856 4826 secundum
912 4779 1402 4830 Bartholomseum.
1462 4765 1718 4842 Denique

151 4826 336 4914 llal'etici
356 4826 433 4894 ’ὲο
466 4860 653 4910 usque
690 4826 1108 4911 ampliﬂea—runt
1121 4826 1437 4899 nume—rum
1462 4826 1718 4914 pseudo:

152 4912 523 4983 mugeliornm,
552 4922 618 4967 ut
651 4931 815 4968 suum
853 4921 1018 4968 etiam
1052 4919 1214 4970 Judse
1247 4912 1510 4983 proditori
1549 4923 1719 4972 ascri-

155 4969 334 5056 l’mﬁlr,
372 4969 848 5050 Quemadmodum
895 4991 962 5040 ab
1009 4969 1603 5056 Epipniaiayiiaési
1619 4969 1718 5056 '35,

47 5061 54 5126 ξ
157 5051 592 5128 f§_Theodoreto,
643 5061 736 5112 lib.
795 5077 810 5111 I
861 5051 1077 5112 Hem.—
1100 5051 1296 5125 fabul.,
1330 5051 1566 5116 discere
1617 5051 1717 5114 est;

51 5117 54 5178 ί
159 5112 378 5198 Qﬁeeues,
424 5112 592 5181 Hom:
628 5134 650 5182 1
691 5134 746 5182 in
785 5134 938 5196 Luc.,
987 5112 1326 5186 Athanasius
1365 5112 1720 5198 ing—ynopsi,

159 5190 192 5234 θῐ
226 5194 299 5244 alii
339 5204 607 5252 nonnulla
646 5217 716 5254 ex
757 5204 845 5255 his
890 5190 1214 5257 insanorum
1257 5190 1722 5270 evangelistarum

161 5270 421 5343 ‘fﬂmuientis
466 5280 793 5337 memorant,
839 5291 965 5342 quae
1009 5281 1197 5330 omnia
1241 5279 1468 5343 conﬁgit
1503 5279 1723 5329 decreto

166 5339 227 5415 ξφ
249 5337 498 5415 Gelasius,
527 5351 584 5397 et
620 5337 977 5399 Innocentius
1013 5351 1055 5411 Ι,
1090 5351 1249 5415 epist.
1286 5350 1335 5408 3,
1379 5337 1452 5400 ἇίι
1494 5351 1722 5413 Εωαρσν.

169 5397 412 5484 blandum
448 5397 612 5480 porro
649 5397 1204 5482 quod'hicwdi—cit'tir,‘
1217 5397 1469 5483 nam
1494 5397 1725 5484 ista,

171 5478 489 5550 FlegaMuf;
548 5478 728 5539 innuit
791 5493 941 5542 enim
1011 5492 1100 5541 his
1166 5478 1352 5542 verbis
1413 5490 1466 5540 S.
1523 5478 1727 5541 Doctor

172 5539 372 5625 l’momm
429 5539 812 5624 episcoporum
862 5576 1068 5613 munus
1115 5576 1256 5624 esse,
1299 5566 1360 5612 ut
1400 5575 1600 5625 pravos
1652 5561 1727 5610 1i-

172 5617 252 5692 δῖῗδ
283 5625 376 5686 ίΡὸἱ
416 5617 796 5692 pervolventes
842 5634 1060 5685 detecto
1109 5617 1302 5685 eorum
1345 5617 1558 5684 veneno
1604 5634 1728 5683 illos

171 5687 375 5810 Eligant,
403 5687 456 5750 et
483 5702 634 5765 plebi
661 5717 776 5755 suae
806 5704 911 5757 hac
936 5707 1195 5769 pestifera
1221 5707 1456 5758 lectione
1498 5705 1727 5756 interdi-

214 5831 284 5894 ἢῆ)
309 5836 452 5893 Rom.
479 5843 633 5906 edit.,
661 5847 966 5910 Evangeliis
994 5847 1281 5900 redundat.

1816 4655 1901 4692 res
1935 4641 2164 4705 quidam
2201 4637 2512 4688 Hormisdas
2555 4637 2804 4699 pontifici
2847 4636 3178 4697 attribuunt,
3224 4651 3254 4687 a
3288 4638 3451 4688 nobis

1817 4713 1924 4764 sub
1971 4714 2238 4762 consueto
2281 4709 2490 4760 Gelasii
2535 4708 2696 4758 titulo
2745 4708 2989 4773 allegari,
3035 4711 3168 4773 quia
3210 4710 3348 4760 illud
3392 4712 3451 4760 in

1818 4798 1946 4833 mss.
1989 4787 2114 4832 ante
2157 4781 2310 4830 mille
2349 4792 2526 4828 annos
2571 4781 2809 4829 exaratis
2851 4777 3044 4829 eadem
3093 4781 3451 4843 inscriptione

1817 4855 2180 4917 praenotatum
2238 4850 2560 4912 reperiatur.
2614 4849 2758 4899 Vide
2817 4849 3024 4900 Mabill.
3085 4854 3335 4899 nostrum
3392 4851 3452 4898 in

1822 4925 2044 4974 Dissert.
2075 4923 2137 4972 de
2168 4921 2342 4970 Cursu
2373 4918 2582 4977 Gallia,
2615 4919 2646 4981 §
2672 4921 2718 4980 1,
2749 4933 2902 4969 num.
2929 4922 2978 4970 9.

1881 4994 1978 5056 (14)
2029 4993 2223 5044 Grece
2268 4991 2757 5054 πεπληροφορημένων
2798 4991 2846 5039 ἐν
2901 4994 3034 5053 ἡμῖν,
3084 4991 3235 5053 quod
3282 4991 3450 5040 etiam

1822 5065 2075 5116 nonnulli
2124 5067 2368 5124 vertunt,
2412 5077 2529 5126 quae
2572 5063 2723 5113 nobis
2769 5063 2980 5112 abunde
3023 5063 3261 5126 probatae
3308 5069 3448 5111 sunt.

1823 5137 1964 5187 Vide
1989 5139 2174 5185 annot.
2216 5133 2464 5183 Corderii
2506 5135 2560 5182 in
2604 5132 2872 5184 Catenam
2910 5147 3073 5198 graec.
3115 5133 3335 5182 Patrum
3381 5133 3452 5182 ad

1823 5209 1976 5260 hunc
2005 5221 2247 5258 versum.

1886 5281 1985 5342 (15)
2021 5278 2186 5330 Corb.
2221 5277 2342 5328 cod.
2382 5281 2438 5327 et
2466 5277 2559 5327 alii
2602 5290 2715 5327 non
2763 5277 2947 5340 pauci,
2987 5281 3180 5326 mentes
3218 5276 3454 5327 omnium

1825 5352 1978 5401 reait.

2018 5421 2176 5471 Rom.
2203 5418 2354 5480 edit.,
2382 5417 2472 5468 sed
2499 5417 2651 5468 verba
2677 5423 2837 5482 atque
2864 5419 3074 5468 ratione
3095 5431 3244 5476 uera,
3284 5422 3388 5470 etc.

1887 5494 1984 5556 (17)
2047 5491 2140 5542 Sic
2192 5490 2322 5541 edit.
2384 5502 2606 5550 omnes,
2656 5502 2720 5538 ac
2782 5502 2910 5539 mss.
2965 5489 3192 5553 aliquot.
3246 5490 3454 5542 Novem

1829 5567 2012 5613 tamen
2048 5575 2163 5612 non
2195 5560 2404 5610 inﬁma
2441 5563 2586 5609 notas
2619 5559 2810 5620 legunt
2846 5565 2904 5608 ut
2947 5561 3132 5623 magis,
3179 5575 3208 5610 e
3253 5561 3457 5624 quibus

1829 5635 2066 5696 quatuor
2103 5632 2281 5694 majus
2319 5627 2670 5678 ministerium
2713 5627 2859 5677 verbi
2900 5643 3062 5692 quam
3099 5631 3350 5694 auditus;
3389 5647 3457 5684 ex

1829 5716 1942 5766 quo
1969 5703 2135 5752 etiam
2163 5713 2396 5750 numero
2423 5696 2649 5761 quidam
2677 5697 2816 5747 forte
2848 5700 3050 5749 calami
3089 5701 3267 5765 lapsu,
3295 5715 3457 5766 quam

1829 5772 2096 5824 auditum.
2124 5770 2234 5823 Sed
2261 5771 2318 5821 in
2347 5768 2456 5819 illis
2488 5768 2749 5820 omnibus
2773 5768 2946 5833 deest,
2973 5773 3157 5822 visum.
