3926 6168
537 306 667 357 1615

1995 302 2049 355 S.
2093 299 2411 357 AMBROSII

3695 311 3796 363 lGlti

529 429 684 485 vobis
721 430 790 484 de
829 429 960 496 vita,
1000 445 1128 500 quae
1169 436 1291 484 erat
1329 430 1479 500 apud
1517 431 1765 498 Patrem,
1799 433 1857 484 et
1897 430 2159 500 apparuit
2181 432 2632 513 Aeonverteret.
2674 428 2843 484 Video
2876 429 3092 492 Jesum,
3124 425 3349 497 quando
3391 427 3506 496 lego
3538 429 3652 497 quia
3683 448 3803 489 caeco

531 524 694 578 nobis
735 526 775 591 (l
816 525 998 585 Joan.,
1028 539 1064 592 ι,
1101 528 1149 592 1,
1181 526 1260 590 2).
1299 546 1326 573 ››
1359 525 1522 579 Vides
1557 541 1693 596 ergo
1725 524 1875 595 quod
1910 523 2155 578 Verbum

531 617 626 672 Dei
657 620 714 670 et
749 616 929 670 visum
971 621 1056 670 est
1095 617 1380 686 apostolis,
1419 623 1476 670 et
1513 617 1788 672 auditum.
1817 617 1938 670 Non
1974 615 2155 671 solum

527 709 680 764 enim
731 708 1042 763 secundum
1096 725 1298 780 corpus
1346 709 1610 764 viderunt
1663 709 2000 775 Dominum,
2055 708 2154 763 sed

527 802 702 857 etiam
737 801 1048 857 secundum
1093 803 1365 870 Verbum;
1401 802 1666 856 viderunt
1701 801 1856 855 enim
1885 801 2152 867 Verbum,

527 895 626 968 qui
665 912 795 950 cum
831 896 1014 966 Moyse
1042 897 1100 950 et
1131 895 1252 950 Elia
1289 896 1549 950 viderunt
1578 895 1820 966 gloriam
1847 894 2013 949 Verbi
2045 896 2151 965 (Cf.

526 991 764 1060 August.
809 989 974 1060 epist.
1018 1005 1170 1044 nunc
1214 990 1333 1057 148,
1376 989 1445 1042 al.
1485 990 1625 1058 111).
1672 989 1765 1042 Isti
1807 988 1961 1043 enim
1995 987 2152 1042 vide-

526 1088 663 1138 runt
709 1085 919 1150 Jesum,
950 1082 1048 1154 qui
1092 1083 1150 1136 in
1195 1099 1296 1137 sua
1342 1082 1606 1136 viderunt
1649 1082 1858 1152 gloria;
1903 1082 1998 1135 alii
2041 1098 2154 1135 non

527 1175 820 1244 viderunt,
873 1175 970 1246 qui
1021 1191 1221 1246 corpus
1269 1174 1667 1230 tantummodo
1711 1175 1904 1228 videre
1949 1177 2153 1245 potue-

527 1275 691 1338 runt;
721 1286 834 1323 non
862 1269 1018 1323 enim
1046 1268 1452 1338 corporalibus,
1482 1269 1577 1323 sed
1607 1267 1951 1339 spiritalibus
1981 1267 2156 1322 oculis

524 1364 686 1418 Jesus
714 1363 958 1417 videtur.

597 1460 647 1511 6.
689 1455 940 1526 Denique
983 1455 1167 1510 Judaei
1215 1472 1328 1510 non
1372 1455 1642 1511 viderunt
1680 1471 1832 1524 eum,
1867 1453 2001 1525 quia
2039 1471 2153 1508 non

525 1548 791 1603 videbant
821 1550 924 1618 (18)
961 1549 1018 1603 in
1045 1548 1268 1620 spiritu.
1309 1549 1458 1604 Vidit
1495 1548 1651 1603 enim
1687 1549 1992 1613 Abraham,
2025 1547 2158 1618 quia

523 1641 797 1712 scriptum
845 1647 929 1697 est
975 1659 988 1696 :
1039 1664 1066 1691 «
1114 1643 1400 1698 Abraham
1452 1642 1600 1697 diem
1651 1659 1846 1698 meum
1892 1642 2051 1708 vidit,
2101 1646 2158 1695 et

524 1735 749 1806 gavisus
777 1741 859 1790 est
886 1736 1085 1806 (Joan.,
1115 1752 1228 1804 vui,
1262 1739 1368 1801 56).
1402 1757 1428 1784 n
1457 1736 1609 1790 Vidit
1640 1752 1776 1806 ergo
1802 1752 1933 1790 eum
1971 1734 2152 1788 Abra-

2257 524 2438 578 linivit
2479 523 2670 577 oculos
2711 523 2849 589 luto,
2889 529 2946 576 et
2983 520 3226 575 reddidit
3263 535 3459 574 Visum.
3499 522 3661 591 Ipsum
3686 529 3805 582 enim

2257 633 2602 687 recognosco
2659 616 2752 686 qui
2816 615 2886 669 de
2943 615 3060 668 luto
3116 613 3280 668 ﬁnxit
3339 612 3635 682 hominem,
3681 623 3726 671 et
3767 621 3807 672 ei

2255 710 2478 766 vivendi
2516 709 2814 781 spiritum,
2857 711 2913 762 et
2950 706 3175 762 vivendi
3219 707 3408 762 lumen
3448 707 3633 762 infudit
3669 710 3807 779 (Gem.

2258 821 2316 870 ιι,
2371 805 2445 873 7).
2501 803 2670 858 Video
2721 803 2940 870 Jesum,
2999 801 3225 872 quando
3275 803 3497 871 peccata
3551 803 3811 874 eondonat;

2255 913 2424 952 nemo
2472 897 2626 950 enim
2678 897 2868 966 potest
2917 897 3150 965 peccata
3199 893 3506 964 dimittere,
3552 895 3646 949 nisi
3693 898 3813 950 solus

2259 993 2400 1046 Deus
2431 992 2645 1060 (Mam,
2681 1006 2740 1058 ιι,
2774 993 2826 1057 5,
2867 991 2942 1055 7).
2983 988 3153 1042 Video
3191 989 3405 1054 Jesum,
3441 988 3649 1058 quando
3681 989 3815 1044 Laza-

2256 1101 2384 1139 rum
2428 1085 2657 1138 suscitat
2700 1084 2898 1152 (Joan.,
2949 1097 3021 1147 ιιι,
3065 1081 3172 1147 44),
3217 1085 3273 1135 et
3316 1097 3431 1135 non
3472 1081 3709 1136 viderunt
3743 1085 3816 1152 qui

2256 1178 2537 1233 viderunt.
2564 1177 2739 1231 Video
2765 1177 2974 1242 Jesum,
2999 1174 3160 1229 video
3188 1174 3358 1229 etiam
3384 1175 3613 1243 Patrem,
3634 1176 3820 1246 quando

2257 1273 2446 1326 oculos
2471 1271 2541 1325 ad
2575 1271 2776 1324 caelum
2803 1268 2982 1339 erige,
3011 1267 3082 1322 ad
3115 1267 3295 1322 maria
3323 1271 3592 1336 converto,
3631 1267 3695 1322 ad
3727 1275 3821 1323 ter-1

2257 1382 2377 1420 ram
2408 1369 2708 1435 retorqueo
2739 1382 2750 1417 :
2783 1384 2809 1410 ‹‹
2841 1360 3144 1417 lnvisibilia
3170 1361 3327 1414 enim
3355 1361 3492 1431 ejus,
3521 1378 3616 1432 per
3644 1378 3699 1415 ea
3726 1379 3823 1432 qua:

2255 1459 2506 1530 perfecta
2559 1462 2690 1512 sunt
2738 1455 3039 1522 intellecta,
3101 1453 3528 1525 conspiciuntur
3581 1456 3747 1523 (Rom,
3793 1473 3820 1522 ι,

2257 1552 2370 1621 20).
2400 1573 2428 1601 )›

2326 1647 2378 1699 8.
2412 1644 2560 1699 Sicut
2599 1643 2947 1698 tradiderunt
2974 1643 3149 1705 nobis,
3183 1643 3280 1712 qui
3313 1641 3382 1695 ab
3420 1643 3570 1695 initio
3603 1641 3826 1700 viderunt,

2254 1745 2305 1793 et
2358 1738 2599 1793 ministri
2649 1737 2875 1802 fuerunt
2932 1736 3112 1791 Verbi.
3165 1735 3403 1790 Gemina
3452 1733 3621 1787 virtus
3669 1735 3744 1786 est
3784 1732 3830 1784 in

523 1829 678 1894 ham,
708 1829 805 1898 qui
835 1828 1141 1882 Dominum
1172 1828 1368 1899 utique
1397 1829 1455 1883 in
1483 1846 1717 1900 corpore
1745 1846 1858 1883 non
1884 1828 2108 1883 videbat
2138 1845 2150 1882 :
2176 1810 2230 1880 B
2255 1832 2486 1886 homine
2525 1829 2794 1901 perfecto,
2823 1833 2886 1883 ut
2914 1832 2970 1883 et
2997 1828 3233 1882 intentio
3265 1827 3338 1881 sit
3369 1829 3424 1881 et
3453 1825 3608 1881 actio.
3641 1827 3828 1878 Utram-

523 1922 624 1974 sed
666 1922 762 1992 qui
801 1921 945 1974 vidit
990 1921 1045 1974 in
1093 1921 1314 1991 spiritu,
1347 1923 1485 1976 vidit
1518 1922 1574 1976 in
1611 1939 1872 1993 corpore;
1917 1922 2014 1993 qui
2052 1938 2151 1976 au-

523 2016 636 2068 tem
671 2013 812 2068 vidit
839 2015 897 2067 in
927 2031 1186 2084 corpore,
1220 2021 1276 2068 et
1308 2032 1418 2069 non
1448 2016 1588 2070 vidit
1613 2016 1671 2069 in
1700 2016 1922 2086 spiritu,
1954 2031 2055 2070 nec
2094 2015 2154 2069 in

521 2106 644 2177 ipso
682 2106 822 2160 vidit
851 2124 1107 2178 corpore,
1142 2108 1298 2178 quod
1333 2109 1578 2162 videbat.
1619 2109 1768 2162 Vidit
1807 2125 1936 2163 eum
1966 2111 2150 2176 Isaias,

522 2203 582 2254 et
607 2200 738 2270 quia
764 2200 901 2253 vidit
929 2200 988 2254 in
1019 2200 1242 2271 spiritu,
1272 2201 1411 2255 vidit
1437 2206 1493 2255 et
1522 2201 1580 2255 in
1617 2218 1870 2272 corpore.
1903 2204 2151 2275 Denique

525 2312 553 2342 ‹‹
584 2293 703 2347 Non
740 2292 1003 2361 habebat,
1037 2293 1242 2364 inquit,
1282 2295 1530 2364 speciem
1566 2311 1731 2349 suam
1770 2312 1956 2367 neque
1995 2297 2152 2351 deco-

518 2401 642 2440 rem
690 2389 838 2454 (Isa.,
893 2402 1006 2453 Lm,
1056 2389 1132 2456 2).
1189 2408 1216 2435 ››
1267 2387 1387 2441 Non
1441 2387 1708 2442 viderunt
1760 2405 1891 2442 eum
1945 2389 2146 2458 Judaei,

517 2479 866 2534 obcaecatum
917 2479 1073 2533 enim
1123 2483 1246 2534 erat
1295 2481 1566 2551 insipiens
1611 2499 1707 2535 cor
1757 2499 1976 2536 eorum.
2026 2485 2148 2554 Ipse

517 2588 742 2644 quoque
787 2589 898 2627 non
945 2589 1003 2627 se
1050 2589 1214 2644 posse
1262 2591 1296 2627 a
1339 2574 1547 2629 Judwis
1594 2574 1770 2629 videri
1819 2576 2150 2631 testiﬁcatur

517 2665 709 2720 dicens
742 2683 755 2720 :
793 2687 820 2715 «
853 2667 1035 2720 Duces
1066 2665 1218 2732 caeci,
1253 2667 1537 2737 liquantes
1578 2669 1835 2736 culicem,
1867 2670 2147 2724 camelum

513 2761 704 2812 autem
757 2759 1059 2829 glutientes
1111 2759 1356 2831 (Matth.,
1404 2776 1552 2827 xxm,
1601 2763 1709 2831 24).
1759 2781 1785 2811 »
1835 2763 1953 2816 Non
2006 2763 2146 2818 vidit

515 2867 650 2908 eum
699 2851 941 2919 Pilatus;
990 2869 1108 2907 non
1155 2853 1417 2908 viderunt
1467 2853 1582 2922 illi,
1631 2855 1728 2925 qui
1768 2855 2088 2910 clamabant
2127 2873 2140 2910 :

2255 1941 2366 1996 que
2417 1923 2593 1994 igitur
2634 1922 2901 1976 virtutem
2954 1924 3179 1975 sanctus
3229 1919 3571 1991 evangelista
3615 1918 3831 1988 apostolis

2253 2018 2464 2083 defert;
2516 2033 2630 2070 non
2677 2016 2858 2069 solum
2901 2014 3050 2068 enim
3097 2015 3380 2081 viderunt,
3430 2013 3526 2066 sed
3571 2012 3725 2065 etiam
3763 2013 3832 2063 mi-

2253 2113 2446 2173 nistri,
2509 2109 2728 2180 inquit,
2792 2109 2952 2162 Verbi
3007 2109 3255 2173 fuerunt.
3319 2107 3560 2161 Intentio
3615 2103 3831 2165 visionis,

2252 2203 2487 2259 actionis
2535 2206 2618 2256 est
2661 2200 3074 2266 ministerium;
3131 2199 3259 2253 linis
3309 2205 3504 2253 autem
3554 2196 3833 2251 intentionis

2252 2302 2336 2352 est
2379 2296 2548 2362 actio;
2593 2294 2936 2366 principium
2981 2292 3221 2347 actionis
3264 2291 3532 2346 intentio.
3585 2294 3747 2360 Atque
3785 2292 3830 2339 ut

2250 2390 2478 2462 proprio
2508 2388 2890 2459 apostolorum
2923 2391 3154 2440 utamur
3181 2385 3468 2456 exemplo,
3498 2382 3728 2437 intentio
3755 2385 3832 2444 est,

2251 2483 2402 2554 quod
2445 2485 2636 2537 Petrus
2661 2488 2715 2535 et
2743 2481 2990 2535 Andreas
3019 2479 3210 2533 audita
3244 2478 3480 2533 Domini
3523 2492 3653 2531 voce
3682 2474 3832 2528 dicen-

2249 2579 2332 2631 tes
2371 2594 2384 2630 :
2427 2597 2454 2628 ‹‹
2500 2575 2720 2630 Faciam
2768 2591 2864 2628 vos
2907 2572 3028 2627 fieri
3074 2571 3382 2643 piscatores
3432 2571 3718 2625 hominum
3753 2566 3836 2633 (21)

2245 2670 2489 2740 (Matth.,
2522 2685 2594 2738 IV,
2629 2671 2732 2737 19),
2763 2692 2790 2717 ››
2819 2668 2941 2721 sine
2968 2667 3087 2720 ulla
3117 2664 3720 2736 comperendinatione
3743 2661 3839 2714 reli-

2249 2769 2497 2835 querunt
2544 2763 2839 2830 scalmum,
2886 2760 3132 2815 Verbum
3182 2758 3365 2813 secuti
3412 2761 3564 2812 sunt.
3610 2755 3714 2810 Sed
3752 2769 3837 2808 non

2247 2857 2438 2912 statim
2482 2857 2540 2910 in
2586 2854 2902 2910 intentione
2942 2853 3110 2920 actio,
3155 2868 3258 2906 nec
3305 2852 3382 2905 ibi
3427 2849 3658 2922 quidem
3693 2847 3838 2902 adhuc

515 2965 544 2994 ‹‹
573 2944 870 3016 Crucifige,
907 2945 1172 3016 crueiﬁge
1212 2963 1342 3001 eum
1385 2947 1587 3016 (10am,
1627 2964 1736 3014 xxx,
1766 2948 1817 3019 6)
1853 2969 1876 2998 »
1912 2949 1958 3002 si
1993 2949 2148 3004 enim
2249 2949 2424 3018 actio,
2484 2949 2581 3003 sed
2630 2948 2898 3013 intentio,
2954 2946 3050 3000 ubi
3104 2945 3239 3000 dicit
3289 2947 3494 3000 Petrus
3551 2963 3565 2999 :
3619 2942 3840 3003 Domine,

512 3038 796 3106 vidissent,
836 3055 1133 3110 nunquam
1164 3040 1468 3094 Dominum
1501 3041 1811 3111 majestatis
1839 3042 2143 3097 crucilixis-
2249 3065 2275 3091 ‹‹
2328 3045 2509 3107 Quare
2559 3058 2676 3096 non
2735 3057 2967 3113 possum
3021 3043 3076 3093 te
3131 3039 3289 3110 sequi
3353 3037 3572 3093 modo?
3625 3036 3840 3092 Animam

513 3136 658 3187 sent.
701 3132 809 3194 Qui
844 3148 983 3202 ergo
1022 3133 1197 3187 Deum
1241 3133 1398 3203 vidit,
1448 3133 1586 3188 vidit
1632 3137 1988 3204 Emmanuel,
2039 3137 2217 3206 hoen
2247 3152 2440 3191 meam
2479 3153 2579 3206 pro
2618 3141 2672 3188 te
2714 3151 2924 3206 ponam
2961 3134 3158 3202 (Joan.,
3201 3149 3317 3200 xui,
3364 3131 3478 3203 37).
3514 3152 3542 3181 »
3577 3132 3701 3185 Erat
3723 3127 3841 3182 enim

513 3228 621 3294 est,
675 3225 813 3278 vidit
861 3225 1154 3280 nobiscum
1206 3227 1415 3292 Deum;
1461 3228 1560 3300 qui
1614 3234 1801 3284 autem
1850 3219 2220 3304 nobiscumu
2246 3230 2486 3284 intentio
2525 3227 2820 3300 passionis,
2863 3228 2957 3282 sed
2999 3227 3250 3281 nondum
3292 3230 3422 3280 erat
3461 3226 3631 3289 actio,
3664 3223 3774 3276 licet
3800 3219 3839 3270 in

509 3318 690 3372 Deum
740 3333 856 3372 non
904 3317 1063 3385 vidit,
1119 3335 1232 3373 non
1287 3319 1470 3390 potuit
1519 3321 1709 3376 videre
1759 3338 1932 3392 quem
1982 3323 2142 3394 virgo
2237 3323 2472 3396 jejuniis
2500 3324 2622 3394 jam
2662 3327 2807 3377 esset
2849 3320 3025 3386 actio,
3073 3323 3220 3375 esset
3252 3320 3312 3374 in
3354 3319 3599 3391 vigiliis,
3640 3321 3770 3371 esset
3801 3313 3840 3364 in

516 3411 758 3482 peperit.
798 3409 1070 3482 Denique,
1105 3411 1201 3482 qui
1241 3428 1356 3466 non
1395 3413 1758 3470 crediderunt
1785 3415 1887 3469 Dei
1915 3416 2141 3484 Filium,
2243 3419 2576 3487 contemptu
2611 3415 2990 3486 corporalium
3030 3415 3425 3485 voluptatum;
3467 3413 3590 3467 haec
3625 3409 3761 3465 enim
3783 3406 3840 3459 est

511 3518 613 3558 nec
643 3503 846 3557 Filium
873 3503 1111 3574 virginis
1141 3501 1524 3560 crediderunt.
2246 3511 2394 3566 actio
2443 3508 2769 3564 Christiani.
2824 3509 3014 3578 Neque
3065 3509 3216 3562 enim
3275 3507 3332 3562 in
3400 3505 3666 3561 omnibus
3711 3499 3844 3555 rebus

580 3600 634 3650 7.
678 3596 821 3660 Quid
852 3602 937 3651 est
965 3612 1103 3667 ergo
1134 3600 1311 3652 Deum
1337 3597 1575 3653 videre?
1615 3599 1748 3654 Nolo
1779 3617 1871 3656 me
1898 3602 2140 3657 interro-

510 3704 627 3761 ges,
661 3689 1029 3762 Evangelium
1059 3691 1372 3762 interroga,
1403 3692 1589 3762 ipsum
1629 3693 1933 3748 Dominum
1964 3695 2140 3750 inter-

507 3798 671 3854 roga,
721 3783 836 3838 imo
881 3784 1178 3839 docentem
1227 3785 1357 3839 audi
1397 3784 1508 3855 (19)
1563 3803 1573 3839 :
1631 3807 1658 3834 «
1708 3787 1988 3858 Philippe,
2043 3789 2141 3860 qui

506 3875 661 3930 videt
694 3892 810 3944 me,
853 3875 1010 3929 videt
1041 3879 1098 3930 et
1127 3877 1352 3932 Patrem
1385 3877 1485 3948 qui
1514 3893 1605 3932 me
1638 3878 1807 3932 misit.
1842 3879 2140 3943 Quomodo

505 3972 569 4022 tu
612 3969 794 4022 dicis:
832 3969 1080 4023 Ostende
1127 3970 1288 4024 nobis
1328 3972 1592 4025 Patrem?
1620 3973 1739 4026 Non
1781 3972 1961 4027 credis
2010 3975 2142 4044 quia

507 4077 614 4131 ego
633 4061 693 4114 in
717 4059 975 4134 1268
997 4064 1178 4129 Patre,
1209 4069 1265 4118 et
1292 4065 1453 4118 Pater
1482 4063 1538 4116 in
1572 4081 1664 4118 me
1695 4069 1778 4119 est
1803 4066 2004 4134 (Joan.,
2031 4083 2138 4135 xw,

505 4156 559 4222 9,
595 4154 718 4223 10)?
743 4176 769 4203 ››
792 4155 995 4225 Utique
1023 4171 1139 4209 non
1167 4171 1369 4226 corpus
1396 4157 1619 4211 videtur
1649 4158 1708 4212 in
1735 4175 1999 4230 corpore,
2036 4177 2140 4214 nec

505 4245 738 4316 spiritus
794 4247 1015 4302 videtur
1069 4248 1127 4302 in
1180 4249 1415 4320 spiritu;
1472 4249 1572 4304 sed
1626 4251 1775 4304 solus
1839 4251 1932 4306 ille
1980 4254 2142 4308 Pater
2237 4256 2452 4310 Joanne
2482 4259 2539 4310 et
2563 4254 2782 4309 caeteris
2807 4253 3071 4324 apostolis
3103 4256 3158 4307 et
3187 4251 3532 4307 intentionis
3565 4254 3621 4305 et
3647 4241 3843 4302 actionis

503 4339 729 4396 videtur
770 4340 828 4394 in
871 4341 1028 4406 Filio,
1075 4345 1174 4396 aut
1212 4343 1317 4397 iste
1365 4342 1537 4397 Filius
1582 4344 1805 4398 videtur
1850 4345 1908 4399 in
1956 4348 2136 4402 Patre.
2238 4349 2554 4420 aequalitas.

502 4434 627 4488 Non
665 4435 818 4489 enim
859 4433 1156 4488 dissimiles
1197 4435 1256 4488 in
1306 4435 1675 4490 dissimilibus
1717 4437 1996 4506 videntur,
2040 4441 2139 4494 sed
2309 4445 2362 4495 9.
2414 4442 2509 4494 Est
2558 4444 2749 4494 autem
2804 4453 3218 4510 nonnunquam
3274 4437 3408 4508 plus
3454 4437 3514 4492 in
3565 4429 3840 4492 intentione

502 4525 600 4580 ubi
628 4527 812 4581 unitas
841 4527 1186 4598 operationis
1216 4532 1301 4583 est
1328 4533 1498 4600 atque
1530 4530 1774 4597 virtutis,
1797 4535 1854 4586 et
1885 4533 2054 4586 Filius
2079 4535 2136 4588 in
2156 4541 2216 4613 D
2239 4550 2412 4606 quam
2441 4535 2497 4588 in
2526 4534 2770 4600 actione,
2816 4539 2914 4588 aut
2958 4533 3081 4604 plus
3116 4533 3173 4586 in
3214 4531 3447 4586 actione
3484 4547 3656 4602 quam
3693 4527 3743 4579 in
3775 4523 3838 4575 in-

500 4620 688 4684 Patre,
716 4623 772 4674 et
801 4622 964 4674 Pater
1000 4621 1223 4675 videtur
1262 4623 1321 4676 in
1354 4623 1509 4677 Filio.
1547 4645 1574 4673 ‹‹
1605 4627 1739 4691 Quae
1770 4641 1900 4696 ego,
1930 4626 2134 4697 inquit,
2237 4628 2517 4696 tentione;
2558 4630 2621 4682 ut
2663 4628 2720 4680 in
2759 4626 3056 4696 Evangelio
3095 4624 3392 4678 cernimus
3438 4625 3592 4679 inter
3631 4621 3841 4676 sanctam

501 4727 680 4783 opera
713 4712 880 4778 facio,
920 4717 977 4765 et
1014 4714 1106 4768 ille
1141 4715 1274 4768 facit
1314 4717 1512 4784 (Joan.,
1551 4733 1605 4786 v,
1641 4717 1749 4786 19).
1785 4738 1811 4766 ››
1853 4720 1912 4772 In
1946 4720 2132 4789 operi-
2234 4720 2467 4775 Mariam
2517 4724 2572 4774 et
2615 4721 2890 4775 Martham
2941 4719 3112 4774 fuisse
3153 4718 3510 4772 distantiam.
3554 4716 3673 4769 Alia
3718 4710 3838 4764 enim

497 4804 602 4859 bus
630 4807 810 4860 Patris
845 4807 1004 4860 Jesus
1042 4807 1282 4874 videtur,
1317 4809 1374 4863 in
1413 4811 1682 4880 operibus
1726 4811 1847 4865 Filii
1883 4817 1939 4867 et
1969 4814 2136 4867 Pater
2239 4813 2484 4868 Verbum
2533 4813 2802 4867 audiebat
2852 4830 2864 4866 :
2918 4812 3026 4866 alia
3066 4811 3376 4866 festinabat
3427 4811 3576 4865 circa
3625 4803 3838 4861 ministe-

497 4900 767 4954 cernitur.
793 4899 1147 4954 ViditJesum
1177 4901 1273 4971 qui
1296 4903 1590 4957 Galilaeum
1615 4904 1752 4958 illud
1775 4907 2130 4976 mysterium,
2233 4907 2406 4976 rium,
2449 4923 2576 4976 quin
2616 4907 2788 4972 stetit,
2834 4910 2891 4960 et
2927 4905 3006 4960 ait
3048 4923 3060 4959 :
3110 4927 3137 4956 α
3175 4906 3449 4970 Domine,
3497 4920 3611 4957 non
3653 4904 3726 4954 est
3764 4890 3838 4946 tibi

495 4993 553 5046 id
581 4997 685 5063 est,
719 5011 788 5046 ex
815 5009 962 5063 aqua
982 4993 1180 5048 vinum
1203 4996 1413 5049 factum
1439 4998 1544 5064 (20)
1572 4998 1709 5051 vidit
1734 4999 1933 5067 (Joan.,
1964 5017 2022 5069 ιι,
2047 5002 2128 5074 9);
2234 5015 2404 5068 cura),
2433 4999 2589 5071 quod
2634 4999 2938 5071 dereliquit
2980 5014 3069 5054 me
3100 5014 3259 5053 soror
3294 5014 3426 5053 mea
3461 4997 3640 5051 solam
3679 4987 3837 5045 minis-

493 5088 644 5158 quod
689 5104 859 5142 nemo
898 5093 1102 5158 posset,
1144 5088 1255 5142 nisi
1294 5089 1495 5144 mundi
1535 5091 1809 5147 Dominus
1847 5094 2132 5149 elementa
2233 5100 2400 5149 trare.
2450 5094 2545 5149 Dic
2591 5110 2728 5165 ergo
2774 5093 2891 5162 illi,
2942 5097 3004 5146 ut
3049 5109 3140 5147 me
3189 5091 3447 5162 adjuvet.
3499 5093 3564 5144 Et
3610 5087 3732 5143 dixit
3779 5077 3838 5131 illi

2246 3604 2409 3658 simul
2461 3609 2518 3657 et
2562 3601 2835 3668 intentio,
2882 3605 2938 3655 et
2983 3601 3131 3655 actio
3182 3604 3295 3670 est;
3352 3600 3456 3654 sed
3508 3614 3636 3653 cum
3684 3597 3746 3648 sit
3786 3589 3841 3642 rei

2243 3696 2471 3751 alterius
2512 3695 2681 3764 actio,
2729 3693 2959 3748 alterius
3005 3694 3190 3748 adhuc
3235 3693 3484 3748 intentio
3529 3695 3629 3746 est.
3666 3689 3784 3742 Nam
3806 3687 3844 3735 et

2245 3789 2363 3859 ipse
2407 3791 2604 3843 Petrus
2652 3804 2780 3842 cum
2825 3788 3002 3841 multa
3051 3786 3362 3858 apostolica
3409 3787 3620 3839 virtute
3666 3775 3840 3852 perpeti

2242 3882 2554 3954 peregisset
2595 3882 2725 3952 (22),
2763 3887 2955 3950 postea
2996 3885 3187 3934 tamen
3229 3879 3474 3950 quando
3512 3876 3647 3932 dixit
3680 3874 3725 3928 ei
3764 3873 3841 3925 D0-

2243 3976 2431 4029 minus
2465 3992 2477 4029 :
2515 3996 2541 4026 «
2573 3976 2651 4028 Tu
2693 3991 2784 4027 me
2829 3990 3069 4044 sequere
3106 3973 3306 4044 (Joa.n.,
3359 3989 3476 4040 xm,
3527 3972 3637 4038 22),
3687 3990 3710 4016 ››
3746 3961 3844 4017 tum

2240 4085 2465 4123 erucem
2503 4084 2690 4136 suam,
2731 4073 2786 4120 et
2825 4073 3048 4121 secutus
3079 4069 3164 4120 est
3192 4066 3476 4134 Verbum,
3509 4068 3675 4134 atque
3704 4057 3841 4112 actio-

2242 4179 2376 4216 nem
2407 4161 2580 4215 subiit
2616 4160 2906 4231 passionis.
2949 4160 3056 4214 Sed
3091 4159 3274 4213 fuerat
3305 4160 3367 4212 in
3414 4160 3604 4224 Petro,
3633 4152 3839 4208 Andrea.

2294 5215 2395 5278 (22)
2421 5215 2580 5266 Rom.
2623 5216 2753 5266 edit.
2796 5216 2847 5264 ei
2882 5215 3044 5278 pauci
3083 5227 3255 5262 mss.:
3295 5228 3420 5263 cum
3463 5210 3628 5262 multa
3663 5208 3836 5279 aposto-

2234 5285 2335 5336 lica
2361 5277 2556 5336 uirtute
2586 5287 2788 5351 perpeti
2823 5277 3165 5349 pr’aeetegisset
3185 5299 3203 5344 ;
3232 5284 3348 5333 duo
3397 5296 3556 5342 mss,
3596 5277 3834 5351 par-elegia?

2229 5362 2319 5406 set.
2351 5358 2491 5407 Alias
2537 5343 2755 5408 editfet
2791 5343 2913 5406 cod.
2953 5343 3325 5419 scripti,7cum
3365 5353 3538 5402 multa
3579 5343 3832 5412 apostolz'rﬂ

2229 5429 2425 5479 virtute
2497 5429 2703 5491 perpeti
2774 5427 3052 5491 (quidam,
3126 5430 3367 5489 perpete,
3438 5423 3659 5487 quidam
3722 5423 3834 5491 ﬁeri}

2230 5481 2528 5563 utrumque
2562 5481 2888 5559 omiserunt)
2923 5481 3235 5562 peregisset:
3253 5481 3432 5559 Atqui
3455 5481 3664 5543 .sensus
3701 5481 3834 5563 docet

2230 5554 2480 5620 ultimam
2537 5571 2683 5620 hanc
2731 5554 3026 5621 lectionem
3048 5554 3459 5632 veptimam_ac
3516 5554 3834 5634 retinenda?!

2229 5655 2366 5692 esse.
2397 5644 2515 5692 Non
2543 5645 2692 5693 enim
2719 5657 2846 5704 vox,
2871 5628 3180 5706 apostolica,
3212 5641 3264 5688 in
3293 5643 3461 5709 sexto
3487 5628 3832 5709 casu,__se(i_j{1

2229 5716 2442 5775 quarto,
2471 5714 2615 5764 sicut
2639 5727 2744 5765 nec
2771 5701 2972 5778 per-pini
2995 5726 3094 5776 pro
3120 5710 3305 5770 verbo,
3334 5707 3434 5758 sed
3463 5718 3560 5768 pro
3588 5701 3831 5762 adjective

2229 5783 2502 5835 sumenda
2529 5788 2628 5834 est.

558 5208 658 5272 (18)
685 5209 816 5258 Mss.
845 5208 1007 5259 Corb.
1037 5211 1089 5259 et
1116 5209 1207 5258 alii
1239 5223 1350 5259 non
1377 5212 1563 5274 pauci,
1591 5225 1698 5262 non
1721 5213 1968 5265 viderunt
1995 5229 2128 5275 eum,

493 5279 590 5340 qui
617 5279 888 5329 videbant.
938 5280 1094 5336 Vidit,
1137 5285 1240 5331 etc.
1280 5283 1400 5331 Non
1445 5283 1608 5344 male,
1652 5285 1698 5333 si
1739 5289 1862 5347 post
1900 5287 2128 5336 verbum

488 5348 758 5411 videbant,
788 5350 1237 5414 subintelllgatur
1266 5353 1321 5400 in
1349 5365 1588 5416 corpore.

557 5418 657 5476 (19)
684 5419 807 5468 Vet.
837 5419 967 5469 edit.
1002 5423 1056 5469 et
1079 5421 1328 5484 plerique
1359 5435 1512 5482 mss.,
1551 5422 1655 5471 imo
1698 5423 1949 5474 dicentem
1985 5427 2126 5476 rudi.

559 5489 745 5561 (20)](1
772 5496 866 5547 est,
896 5505 964 5540 ea:
986 5505 1134 5555 aqua
1164 5493 1344 5542 vinum
1373 5493 1595 5552 factum.
1627 5493 1763 5544 Haec
1800 5496 1966 5545 verba
2004 5512 2128 5561 quas

488 5570 601 5607 non
630 5560 737 5608 nisi
779 5561 834 5608 in
875 5562 1056 5611 tribus
1086 5576 1219 5611 mss.
1261 5568 1315 5614 et
1355 5565 1409 5612 in
1459 5565 1587 5612 edit.
1635 5566 1789 5614 Rom.
1844 5560 2131 5628 reperiun-

489 5632 598 5686 tur,
625 5641 658 5676 θ
693 5629 872 5689 glossa
907 5632 962 5679 in
999 5637 1212 5682 textum
1253 5635 1536 5698 irrepsisse
1571 5635 1720 5686 haud
1766 5637 2127 5701 improbabile

497 5702 600 5746 est.

489 5839 512 5886 Ι
537 5766 873 5887 ἐέἓὲζιυῗηοιι).
928 5772 982 5817 et
1031 5770 1124 5820 alii
1173 5773 1404 5836 aliquot,
1451 5776 1649 5838 faciam
1699 5792 1791 5829 vos
1843 5779 2128 5843 piscatores

509 5855 522 5886 ι
781 5874 790 5884 .

509 5855 790 5886 tommum.
