3930 6168
218 244 320 296 1617

1205 221 1232 272 ί
1268 235 1722 291 EXPOSITIONIS
1763 236 1829 291 IN
1870 238 2094 293 LUCAM
2135 241 2260 295 LIB.
2301 242 2340 294 Ι.

204 361 409 419 Dominus
441 375 452 412 ε
492 359 732 425 Martha,
775 359 1056 413 Martha...
1097 357 1270 413 Maria
1313 359 1583 430 optimam
1625 377 1746 430 par-
1767 361 2059 444 Ameruit
2095 362 2427 433 diligentiae.
2468 364 2554 418 Sic
2593 364 2747 416 enim
2788 365 2980 418 laudat
3017 367 3224 419 Lucam
3256 382 3268 419 :
3301 386 3327 412 ι(
3360 368 3471 421 Cu-

202 464 282 512 tem
305 454 466 525 elegit,
485 469 605 523 quia
633 451 888 526 1269
916 469 1028 507 non
1055 453 1346 520 auferetur
1372 453 1442 508 ab
1475 470 1538 507 ea
1567 457 1741 524 (Luc.,

199 568 234 617 ι,
262 549 434 615 40-42).
462 567 485 594 ››
517 547 660 617 Ergo
697 546 754 600 in
793 548 975 601 altera
1009 546 1341 602 intentionis
1365 547 1638 613 studium,
1683 549 1742 602 in

197 643 323 697 altera
360 639 570 694 actionis
616 639 1003 695 ministerium
1050 641 1401 696 redundabat
1451 658 1464 694 :
1518 643 1742 712 utrique

195 745 331 790 tamen
354 732 619 803 utriusque
649 732 869 788 virtutis
894 734 1149 788 studium
1180 735 1529 806 suppetebat.
1561 735 1744 806 Siqui-

192 830 282 883 dem
307 830 354 880 et
373 826 591 890 Martha,
631 826 738 880 nisi
769 826 1019 882 audisset
1048 828 1318 894 Verbum,
1360 828 1742 883 ministerium

186 938 264 977 non
291 919 536 986 subiisset,
569 919 728 990 cujus
756 921 902 975 actio
939 921 1274 976 intentionis
1300 921 1576 976 indicium
1609 927 1696 976 est
1726 942 1738 976 :

188 1022 223 1070 et
238 1015 376 1069 Maria
400 1017 610 1068 tantum
639 1014 835 1084 gratiae
867 1013 938 1067 de
969 1015 1261 1086 utriusque
1294 1015 1489 1070 retulit
1517 1016 1738 1085 perfec-

183 1110 291 1164 tione
322 1108 548 1174 virtutis,
590 1111 654 1161 ut
698 1114 941 1178 ungeret
981 1109 1152 1178 pedes
1195 1110 1346 1176 Jesu,
1393 1115 1448 1164 et
1492 1112 1742 1179 tergeret

183 1201 361 1272 capillis,
394 1204 447 1254 et
477 1205 650 1255 totam
691 1200 927 1255 domum
966 1217 1084 1255 suae
1118 1200 1254 1255 ﬁdei
1290 1202 1463 1257 odore
1499 1202 1741 1272 comple-

179 1301 237 1350 ret
261 1298 426 1362 (Joun.,
459 1311 549 1360 xu,
591 1295 663 1364 3).
694 1295 789 1348 Est
823 1294 996 1348 etiam
1034 1311 1447 1365 nonnunquam
1486 1295 1742 1349 maxima

177 1388 375 1453 intentio,
404 1403 555 1441 cassa
589 1387 771 1454 actio;
815 1394 878 1440 ut
916 1387 963 1440 si
1005 1387 1301 1442 medicinae
1337 1389 1598 1442 animum
1634 1389 1736 1442 ali-

173 1483 264 1552 quis
303 1481 562 1547 intendat,
609 1488 663 1535 et
710 1497 840 1534 cum
888 1481 1080 1534 omnia
1133 1481 1404 1536 medendi
1455 1485 1740 1553 praecepta

174 1574 454 1644 cognoverit,
493 1590 612 1628 non
648 1577 988 1644 exsequatur
1025 1575 1242 1642 ofﬁcia;
1281 1580 1452 1644 atque
1481 1575 1558 1629 ita
1585 1575 1648 1628 ﬁt
1676 1582 1740 1630 ut

171 1668 266 1738 quia
287 1684 425 1722 cassa
452 1668 623 1736 actio,
653 1684 812 1722 cassa
841 1668 1012 1722 etiam
1046 1667 1288 1722 intentio
1317 1667 1407 1723 sit.
1438 1670 1531 1722 Est
1565 1669 1736 1723 etiam

1837 455 1932 525 jus
1958 457 2096 520 laus,
2125 455 2330 526 inquit,
2363 462 2448 510 est
2485 458 2546 512 in
2573 457 2879 527 Evangelio
2917 473 3018 527 per
3056 474 3253 511 omnes
3283 460 3470 514 Eccle-

1845 548 1953 602 sias
2004 551 2066 617 (Il
2124 551 2267 611 Cor.,
2322 566 2435 616 vui,
2487 551 2592 620 18).
2642 572 2669 599 ››
2727 552 2794 604 Et
2837 565 2966 605 vere
3014 550 3316 604 laudabilis
3365 555 3469 619 est,

1846 641 1947 711 qui
1978 642 2192 696 meruit
2217 659 2249 696 a
2281 645 2438 697 tanto
2477 642 2734 713 gentium
2777 643 3005 698 doctore
3033 642 3276 697 laudari.
3308 645 3469 697 Asse-

1843 739 2041 789 cutum
2089 734 2277 806 itaque
2325 752 2383 789 se
2427 752 2544 790 non
2583 753 2763 806 pauca
2809 736 2964 804 dicit,
3013 736 3111 790 sed
3155 736 3378 803 omnia;
3417 742 3474 791 et

1845 832 2103 882 assecuto
2135 829 2332 883 omnia
2367 829 2549 883 visum
2583 836 2666 884 est
2697 830 2943 884 scribere
2983 846 3098 884 non
3129 829 3343 898 omnia,
3375 829 3473 884 sed

1845 937 1912 974 ex
1944 921 2232 976 omnibus.
2259 923 2380 976 Non
2411 923 2566 976 enim
2610 923 2834 994 scripsit
2867 923 3080 990 omnia,
3115 923 3214 978 sed
3245 939 3470 978 assecu-

1840 1019 1932 1069 tus
1974 1019 2060 1070 est
2096 1015 2315 1082 omnia;
2370 1015 2508 1086 quia
2563 1033 2692 1087 quae
2745 1016 2900 1084 fecit,
2945 1016 3152 1087 inquit,
3197 1017 3380 1084 Jesus,
3425 1016 3472 1069 si

1840 1108 2162 1163 scribantur
2224 1109 2452 1177 omnia,
2509 1125 2612 1164 nec
2673 1109 2858 1180 ipsum
2925 1126 3127 1180 capere
3189 1109 3472 1164 mundum

1839 1201 2082 1256 arbitror
2111 1203 2309 1271 (Joan.,
2352 1219 2461 1268 xxx,
2502 1203 2613 1272 25).
2656 1203 2914 1257 Advertis
2947 1203 3104 1258 enim
3142 1203 3292 1274 quod
3334 1218 3469 1256 con-

1839 1294 1988 1349 sulto
2022 1295 2195 1349 etiam
2235 1311 2302 1349 ea
2343 1311 2469 1366 quae
2507 1296 2576 1349 ab
2617 1295 2739 1349 aliis
2767 1301 2900 1349 sunt
2935 1297 3145 1366 scripta
3175 1295 3468 1367 praeteriit,

1839 1393 1903 1442 ut
1947 1387 2169 1442 diversa
2211 1388 2268 1442 in
2312 1389 2611 1459 Evangelio
2653 1390 2838 1459 gratia
2877 1391 3208 1459 ret’ulgeret,
3251 1394 3307 1443 et
3346 1406 3470 1459 pro-

1839 1481 1974 1552 priis
2024 1480 2366 1552 quibusdam
2419 1482 2629 1552 singuli
2676 1481 2933 1554 1270
2983 1483 3114 1536 libri
3163 1482 3462 1552 mysterio-

1839 1590 1966 1628 rum
1999 1579 2407 1646 gestorumque
2452 1576 2736 1630 miraculis
2765 1576 3107 1630 eminerent.
3153 1576 3470 1629 Diviserunt

1839 1667 1992 1722 enim
2035 1667 2137 1722 sibi
2171 1669 2511 1723 vestimenta
2549 1669 2773 1723 Domini
2809 1669 3015 1723 milites
3057 1669 3281 1735 Christi,
3314 1668 3466 1739 quod

172 1761 211 1814 in
228 1760 477 1814 nonnullis
508 1760 746 1815 uberior
773 1761 1076 1831 aliquando
1106 1761 1272 1830 actio,
1313 1760 1513 1816 exilior
1537 1761 1733 1817 .inten-
1760 1738 1813 1808 Β
1838 1777 1938 1814 suo
1978 1761 2102 1814 loco
2145 1761 2364 1832 plenius
2407 1762 2804 1833 explanabitur
2834 1762 3001 1831 (Infra
3041 1762 3135 1816 lib.
3167 1779 3220 1829 x,
3249 1762 3306 1816 in
3335 1778 3461 1832 cap.

171 1853 247 1919 tio;
272 1857 324 1908 ut
356 1854 396 1907 si
426 1853 555 1924 quis
583 1853 849 1926 baptismi
888 1854 1148 1908 salutaris
1175 1859 1524 1910 sacramenta
1556 1855 1735 1925 perci-

167 1947 264 2016 piat,
286 1949 333 2001 et
359 1946 767 2017 cognoscendis
805 1946 1094 2001 variarum
1135 1947 1412 2002 virtutum
1440 1949 1739 2020 praeceptis

164 2039 363 2094 animum
416 2040 561 2094 nolit
616 2040 942 2108 intendere,
1000 2040 1062 2094 tit
1121 2041 1456 2112 plerumque
1512 2048 1578 2096 ut
1637 2059 1739 2113 per

167 2132 438 2187 intentionis
464 2133 746 2187 incuriam
782 2133 1033 2187 fructum
1064 2133 1304 2188 actionis
1331 2135 1577 2189 amittat.
1610 2135 1738 2189 Ideo

163 2241 260 2295 ergo
306 2227 590 2298 utriusque
644 2226 866 2281 virtutis
913 2227 1208 2298 plenitudo
1259 2228 1569 2298 quaerenda
1621 2233 1734 2296 est,

164 2334 286 2387 quam
309 2319 570 2391 consequi
598 2323 906 2389 potuerunt
935 2321 1194 2390 apostoli,
1219 2321 1288 2375 de
1319 2320 1528 2391 quibus
1557 2320 1693 2374 dicit
1721 2338 1733 2375 :

160 2410 231 2475 Qui
256 2413 311 2466 ab
339 2415 488 2467 initio
515 2414 798 2476 viderunt,
831 2420 880 2467 et
917 2416 1157 2468 ministri
1181 2416 1408 2480 fuerunt
1452 2414 1644 2479 Verbi;
1674 2417 1739 2468 ut

161 2520 229 2572 per
251 2505 300 2557 id
322 2505 466 2576 quod
496 2505 790 2572 viderunt,
832 2506 1037 2560 divinae
1067 2507 1413 2578 cognitionis
1443 2507 1734 2576 intelliga-

157 2603 221 2650 tur
251 2598 466 2654 intentio
503 2617 516 2654 :
555 2616 660 2670 per
695 2599 754 2652 id
790 2599 946 2670 quod
974 2599 1218 2655 ministri
1250 2601 1502 2669 fuerunt,
1534 2617 1735 2655 eorum

160 2691 266 2745 actio
288 2692 618 2748 declaretur.

206 2785 344 2850 (νει-ε.
373 2789 443 2857 3.)
483 2789 678 2842 Visum
703 2793 796 2849 est,
823 2786 1027 2857 inquit,
1061 2794 1109 2841 et
1139 2788 1291 2841 mihi.

209 2881 273 2932 10.
304 2881 484 2934 Potest
527 2880 710 2934 etiam
750 2897 868 2934 non
910 2880 1012 2934 soli
1053 2880 1233 2934 visum
1275 2897 1416 2949 esse,
1456 2880 1609 2950 quod
1651 2881 1732 2934 vi-

154 2988 244 3024 sum
266 2972 356 3026 sibi
381 2989 500 3028 esse
533 2973 806 3026 declarat.
838 2974 958 3027 Non
992 2973 1144 3026 enim
1186 2973 1477 3028 voluntate
1509 2978 1734 3028 tantum

157 3063 351 3120 humana
380 3066 565 3121 visum
605 3069 722 3132 est;
753 3066 851 3121 sed
890 3067 1032 3121 sicut
1059 3067 1269 3136 placuit
1299 3067 1352 3120 ei
1395 3067 1493 3137 qui
1529 3066 1589 3120 in
1618 3084 1729 3133 me,
1754 3099 1808 3172 Ο

154 3157 310 3228 inquit,
348 3160 603 3232 loquitur
652 3159 907 3214 Christus
949 3159 1017 3230 (ΙΙ
1060 3163 1204 3221 Co-r.,
1244 3176 1356 3227 xui,
1401 3162 1482 3228 3);
1529 3160 1628 3230 qui
1671 3165 1734 3214 ut

153 3249 194 3303 id
225 3254 353 3322 quod
396 3254 620 3309 bonum
667 3259 772 3321 est,
819 3253 985 3308 nobis
1027 3270 1258 3325 quoque
1299 3253 1513 3308 bonum
1555 3253 1733 3308 videri

157 3347 304 3416 possit,
347 3353 655 3418 aperatur;
687 3363 858 3418 quem
902 3347 1059 3401 enim
1102 3347 1426 3416 miseratur,
1463 3353 1518 3401 et
1553 3351 1729 3402 vocat.

152 3436 198 3488 Et
219 3438 324 3494 ideo
351 3442 446 3512 qui
483 3441 780 3497 Christum
819 3441 1094 3512 sequitur,
1127 3445 1310 3511 potest
1348 3440 1734 3511 interrogatus

149 3545 222 3584 cur
250 3549 356 3588 esse
394 3534 649 3590 voluerit
686 3533 1060 3603 Christianus,
1105 3534 1454 3605 respondere
1486 3551 1498 3588 :
1547 3537 1735 3590 Visum

149 3632 201 3676 est
222 3627 352 3680 mihi.
396 3628 565 3692 Quod
615 3643 745 3681 cum
791 3627 948 3696 dicit,
989 3644 1106 3682 non
1151 3631 1327 3698 negat
1362 3629 1474 3682 Deo
1516 3628 1728 3698 visum;

146 3731 166 3767 a
183 3717 270 3772 Deo
298 3722 445 3776 enim
466 3727 833 3793 praeparatur
853 3721 1118 3775 voluntas
1143 3720 1460 3776 hominum.
1487 3723 1556 3776 Ut
1578 3722 1732 3776 enim

147 3808 252 3864 Deus
277 3813 690 3869 honoriﬁcetur
726 3831 761 3867 a
800 3819 1010 3881 sancto,
1053 3813 1154 3869 Dei
1194 3814 1382 3885 gratia
1420 3819 1521 3869 est.
1564 3815 1730 3870 Deni-

144 3918 224 3970 que
261 3906 478 3974 plurimi
531 3908 847 3962 voluerunt
895 3906 1138 3962 scribere
1181 3907 1587 3976 Evangelium;
1634 3908 1732 3962 sed

143 4000 337 4063 quatuor
361 4001 794 4068 tantummodo,
825 4000 921 4071 qui
951 3999 1202 4055 divinam
1240 4005 1575 4055 meruerunt
1600 4018 1729 4072 gra-

141 4086 263 4157 tiam,
292 4099 416 4149 sunt
442 4094 688 4164 recepti.

196 4184 355 4239 Visum
396 4194 494 4250 est,
546 4187 756 4258 inquit,
808 4193 860 4240 et
911 4188 1044 4241 mihi
1094 4192 1332 4243 assecuta
1383 4204 1417 4241 a
1465 4189 1732 4257 principio

137 4279 280 4331 munia
305 4279 602 4349 diligenter
627 4297 692 4336 ea:
719 4281 908 4335 ordine
934 4280 1065 4349 ('23).

193 4372 262 4422 11.
310 4373 690 4428 Prolixiorem
742 4375 896 4428 hunc
963 4373 1250 4444 Evangelii
1299 4373 1508 4428 librum
1557 4389 1731 4444 quam

1838 1871 1990 1922 xxui,
2025 1855 2192 1922 XXIV).

1913 1951 1996 2002 12.
2049 1949 2332 2020 Scriptum
2381 1954 2466 2004 est
2513 1953 2707 2004 autem
2758 1949 3125 2020 Evangelium
3165 1950 3234 2004 ad
3281 1949 3464 2003 Theo-

1839 2042 2078 2112 philum,
2119 2043 2229 2097 hoc
2269 2046 2374 2109 est,
2413 2043 2484 2096 ad
2526 2059 2680 2111 eum,
2723 2059 2893 2113 quem
2933 2045 3080 2098 Deus
3117 2042 3304 2114 diligit
3332 2042 3462 2111 (24).

1838 2135 1892 2189 Si
1944 2137 2125 2189 Deum
2179 2135 2396 2207 diligis,
2452 2136 2527 2190 ad
2576 2142 2629 2191 te
2681 2136 2956 2207 scriptum
3012 2142 3126 2205 est;
3178 2135 3223 2190 si
3279 2136 3350 2190 ad
3411 2138 3464 2188 te

1837 2228 2112 2298 scriptum
2156 2233 2261 2297 est,
2301 2228 2520 2299 suscipe
2563 2245 2771 2283 munus
2811 2230 3205 2300 evangelistsn;
3255 2229 3466 2299 pignus

1839 2320 2008 2374 amici
2057 2322 2116 2374 in
2170 2321 2560 2391 penetralibus
2613 2322 2790 2376 animi
2846 2322 3155 2393 diligenter
3210 2323 3461 2376 adserva.

1840 2434 1866 2463 ‹‹
1909 2417 2125 2469 Bonum
2155 2414 2482 2484 depositum
2508 2415 2732 2470 custodi
2763 2432 2863 2485 per
2884 2416 3153 2486 Spiritum
3178 2419 3462 2483 sanctum,

1839 2507 1933 2578 qui
1977 2507 2137 2561 datus
2181 2514 2265 2562 est
2305 2508 2468 2562 nobis
2513 2511 2580 2576 (ll
2628 2512 2784 2570 Tim.,
2827 2527 2861 2575 ι,
2911 2509 3026 2576 li);
3063 2530 3086 2556 ››
3137 2509 3465 2579 frequenter

1836 2601 2069 2671 inspice,
2099 2603 2302 2672 saepius
2345 2601 2578 2656 discute.
2620 2602 2780 2656 Fides
2816 2602 3043 2674 pignori
3081 2602 3265 2672 prima
3293 2602 3461 2656 debe-

1836 2697 1948 2761 tur,
1999 2695 2166 2749 ﬁdem
2215 2695 2475 2766 sequitur
2518 2692 2850 2765 diligentia;
2895 2713 2968 2749 ne
3013 2695 3320 2749 commissa
3362 2694 3464 2748 tibi

1839 2788 2074 2859 pignora
2100 2792 2196 2841 aut
2223 2789 2377 2841 tinea
2415 2793 2514 2841 aut
2544 2804 2740 2858 mrugo
2767 2795 3088 2842 consumat.
3117 2788 3275 2852 Quod
3304 2787 3462 2841 enim

1836 2881 1941 2936 tibi
1985 2881 2354 2936 commissum
2400 2887 2504 2947 est,
2560 2881 2817 2936 consumi
2863 2886 3046 2951 potest
3086 2881 3232 2953 (25);
3281 2882 3460 2934 Evan-

1837 2975 2050 3045 gelium
2106 2974 2361 3028 consumi
2408 2991 2520 3028 non
2567 2980 2772 3045 potest.
2822 2975 3198 3045 Evangelium
3246 2974 3464 3028 bonum

1835 3069 2043 3138 pignus
2071 3073 2182 3135 est;
2213 3068 2308 3122 sed
2338 3067 2462 3122 vide
2496 3065 2577 3122 ine
2616 3069 2704 3121 vel
2745 3068 2805 3122 in
2835 3067 3026 3122 animo
3066 3074 3162 3122 tuo
3201 3068 3337 3121 illud
3367 3070 3466 3120 aut

1834 3161 1991 3216 tinea
2015 3164 2114 3214 aut
2140 3177 2335 3231 aerugo
2363 3143 2676 3216 consumat.
2712 3161 3006 3216 Consumit
3029 3161 3203 3230 tinea,
3237 3160 3280 3215 si
3311 3160 3464 3232 quod

1833 3254 1977 3310 bene
2003 3254 2234 3325 legeris,
2266 3255 2412 3309 male
2439 3255 2658 3310 credas.

1911 3351 1995 3403 l3.
2033 3349 2212 3403 Tinea
2259 3348 2560 3404 haereticus
2597 3353 2700 3417 est,
2742 3348 2896 3403 tinea
2940 3348 3213 3403 Photinus
3253 3351 3359 3416 est,
3402 3347 3466 3400 ti-

1833 3458 1937 3496 nea
1969 3446 2064 3496 tua
2092 3442 2286 3498 Arrius
2317 3445 2422 3496 est.
2466 3442 2688 3497 Scindit
2718 3443 3132 3508 vestimentum,
3163 3441 3260 3512 qui
3300 3457 3461 3512 sepa-

1835 3541 1981 3590 rata
2016 3537 2129 3590 Deo
2171 3535 2434 3589 Verbum.
2474 3535 2692 3590 Scindit
2732 3535 3130 3589 vestimentum
3169 3533 3462 3600 Photinus,

1834 3645 1964 3682 cum
1990 3628 2130 3700 legit
2157 3645 2169 3682 :
2202 3649 2228 3677 «
2261 3631 2321 3681 In
2364 3628 2647 3698 principio
2685 3634 2806 3681 erat
2836 3628 3088 3682 Verbum
3118 3631 3175 3682 et
3217 3627 3463 3682 Verbum

1835 3726 1958 3777 erat
2001 3722 2153 3792 apud
2195 3723 2393 3788 Deum,
2438 3724 2495 3776 et
2533 3722 2678 3775 Deus
2708 3727 2826 3776 erat
2865 3721 3064 3792 (Joan.,
3109 3737 3144 3788 ι,
3191 3722 3262 3790 1).
3306 3743 3333 3769 ››
3379 3723 3464 3773 ln-

1831 3822 2061 3886 tegrum
2090 3815 2246 3870 enim
2285 3815 2688 3870 vestimentum
2715 3819 2816 3881 est,
2845 3815 2890 3868 si
2917 3815 3076 3884 legas
3111 3830 3123 3866 :
3160 3835 3186 3864 ‹‹
3223 3815 3288 3867 Et
3318 3815 3463 3868 Deus

1835 3914 1960 3964 erat
2008 3909 2256 3964 Verbum
2310 3907 2513 3978 (Ibid)
2559 3929 2586 3958 ››
2629 3909 2844 3964 Scindit
2892 3907 3301 3962 vestimentum
3362 3907 3460 3977 qui

1833 4005 2060 4073 separat
2093 4018 2125 4055 a
2169 4004 2282 4056 Deo
2321 4001 2629 4056 Christum.
2675 4001 2890 4056 Scindit
2925 3999 3324 4055 vestimentum
3364 3999 3463 4070 qui

1833 4095 1973 4166 legit
2014 4112 2027 4149 :
2079 4117 2105 4144 «
2147 4096 2275 4149 Haec
2314 4098 2398 4149 est
2448 4100 2640 4150 autem
2686 4094 2800 4148 vita
2839 4097 3082 4161 aeterna,
3136 4096 3198 4147 ut
3242 4110 3458 4165 cogno-

1833 4193 1989 4243 scant
2042 4195 2095 4243 te
2145 4188 2328 4242 solum
2382 4205 2577 4243 verum
2635 4189 2812 4242 Deum
2857 4188 3062 4258 (Joan.,
3110 4204 3238 4255 xvu,
3291 4189 3378 4258 3);
3432 4210 3460 4238 ››

1835 4282 1941 4336 nisi
1979 4287 2281 4353 cognoscat
2329 4286 2386 4335 et
2421 4281 2730 4336 Christum.
2774 4282 2896 4335 Non
2939 4281 3092 4336 enim
3137 4283 3322 4336 solum
3357 4283 3460 4335 Pa-

1835 4382 1979 4430 trem
2022 4391 2152 4431 vere
2198 4377 2377 4429 Deum
2425 4391 2772 4445 cognoscere
2814 4374 2926 4428 vita
2963 4380 3176 4428 aeterna
3213 4379 3324 4439 est;
3363 4374 3461 4428 sed

138 4466 326 4518 czeteros
367 4483 491 4522 esse
533 4483 712 4521 nemo
752 4466 1112 4521 dubitaverit.
1152 4468 1276 4520 Non
1332 4466 1455 4521 ideo
1506 4483 1620 4520 non
1667 4484 1730 4520 ea
1750 4466 1808 4537 Ι)
1833 4469 2009 4524 etiam
2039 4469 2327 4524 Christum
2358 4484 2697 4538 cognoscere
2727 4483 2922 4521 verum
2954 4467 3150 4531 Deum,
3169 4481 3365 4520 verum
3388 4465 3461 4518 de

141 4568 234 4620 Quae
269 4558 401 4614 falsa
444 4569 604 4628 sunt,
654 4561 750 4616 sed
788 4577 918 4632 quae
957 4576 1112 4626 vera,
1159 4559 1263 4614 sibi
1311 4560 1576 4615 vindicat.
1618 4561 1727 4614 De-

141 4647 274 4718 nique
310 4653 484 4708 etiam
527 4671 561 4708 a
609 4660 797 4709 sancto
839 4653 1090 4725 apostolo
1131 4653 1304 4707 Paulo
1329 4653 1730 4708 testimonium

186 4782 259 4845 {23)
285 4785 370 4836 Sic
408 4801 548 4837 mss.
597 4801 806 4837 omnes.
860 4787 1092 4837 Addunt
1130 4792 1234 4836 vet.
1281 4787 1434 4847 edit.,
1479 4787 1573 4836 tibi
1603 4788 1732 4837 scri-

141 4846 238 4900 bere.
279 4856 428 4908 Rom.
473 4861 668 4908 autem
711 4858 897 4909 locum
944 4859 1018 4907 ita
1065 4846 1450 4909 decurtaverat
1492 4873 1502 4906 :
1549 4859 1731 4908 omnia

140 4919 386 4985 diligenter.
413 4931 482 4978 Et
516 4930 652 4990 ideo,
684 4935 786 4981 etc.

186 4993 262 5054 ('24)
293 4999 433 5050 Edit.
481 5002 667 5061 Rom,
711 5001 805 5064 qui
843 5001 1005 5050 Deum
1048 5001 1221 5064 diligit
1265 5015 1281 5048 :
1320 5000 1468 5064 quod
1504 5000 1730 5064 quidem

143 5072 236 5113 Cum
272 5067 371 5120 hoc
410 5073 695 5135 sequenti,
733 5073 780 5121 si
823 5074 983 5120 Deum
1025 5071 1221 5134 diligis,
1271 5071 1489 5121 videtur
1532 5073 1730 5122 melius

145 5142 392 5192 convenire
443 5158 454 5189 :
495 5143 600 5193 sed
645 5144 777 5193 huic
820 5143 1046 5194 lectioni
1089 5147 1199 5193 vet.
1247 5155 1443 5192 omnes
1491 5141 1619 5192 edit.
1664 5156 1730 5193 ac

147 5215 240 5278 ass.
284 5214 647 5278 refragantur.
696 5215 975 5265 Caeterum
1019 5213 1239 5263 videtur
1274 5213 1383 5262 hoc
1429 5214 1554 5263 loco
1595 5215 1730 5262 Am-

146 5272 317 5352 brosius
358 5272 456 5347 per
503 5286 877 5349 Theophilum
920 5299 1031 5335 non
1075 5286 1211 5335 certi
1261 5286 1572 5348 cujuspiam
1620 5286 1731 5334 ho—

151 5352 271 5426 zimis
319 5368 526 5407 nomen
593 5357 930 5421 intelligere,
980 5356 1078 5407 sed
1127 5356 1427 5419 quamdam
1480 5357 1730 5406 omnium

153 5414 549 5478 Christianorum
602 5414 1045 5492 appellationem.
1106 5414 1470 5478 Ccommunior
1545 5433 1730 5478 tamen

156 5495 289 5548 'JPinio
311 5504 528 5548 certum
561 5514 627 5550 ac
670 5499 961 5549 deﬁnitum
1001 5499 1282 5550 hominem
1328 5513 1394 5550 eo
1429 5500 1729 5564 signiﬁcari

155 5567 414 5635 iantendit;
447 5575 504 5620 et
537 5570 646 5621 hoc
672 5571 942 5634 imprimis
972 5570 1166 5620 nititur
1205 5574 1547 5635 argumento,
1578 5571 1729 5634 quod

157 5625 326 5708 tenoris
375 5625 553 5702 gratia
613 5625 835 5704 opimius
882 5642 1174 5702 salutetur,
1219 5625 1316 5706 qui
1370 5625 1564 5691 titulus
1595 5625 1727 5692 -non

158 5707 226 5748 nisi
250 5707 370 5757 viris
397 5711 710 5763 illustribus
739 5711 905 5762 tribui
943 5718 1323 5764 consueverat.
1351 5712 1494 5762 Vide
1529 5712 1724 5762 Baron.

158 5770 202 5819 all
220 5788 294 5828 an.
318 5780 395 5844 58,
410 5795 572 5834 num.
597 5782 672 5846 35,
697 5787 753 5836 et
777 5784 1102 5850 interpretes
1131 5785 1188 5835 in
1208 5784 1362 5837 hunc
1389 5784 1597 5847 locum,
1623 5797 1729 5836 nec

1832 4579 1984 4628 vero,
2025 4563 2202 4616 Deum
2241 4562 2310 4615 de
2352 4562 2483 4626 Deo,
2530 4561 2643 4614 vita
2692 4565 2777 4614 est
2813 4558 3164 4629 sempiterna
3197 4558 3334 4628 (26).
3370 4559 3457 4612 Ti-

1834 4673 1942 4712 nea
1979 4661 2065 4710 est
2099 4655 2383 4710 Christum
2424 4669 2771 4724 cognoscere
2817 4653 2938 4708 sine
2980 4651 3288 4707 divinitatis
3327 4653 3456 4718 tide,

1831 4789 2026 4839 nonin
2056 4790 2192 4838 Acta
2221 4791 2418 4850 apost.,
2446 4800 2566 4849 cap.
2602 4799 2637 4845 ι,
2677 4799 2818 4835 vers.
2865 4786 2912 4845 1,
2953 4799 3071 4848 cap.
3115 4798 3278 4845 xxni,
3317 4799 3455 4835 vers.

1828 4862 1909 4921 '26,
1941 4863 1997 4910 et
2024 4859 2173 4909 alibi.

1891 4931 1990 4993 (9.5)
2038 4930 2183 4992 Quod
2224 4930 2363 4978 enim
2409 4928 2507 4978 tibi
2553 4929 2881 4978 commissum
2933 4933 3025 4985 est,
3069 4928 3303 4978 consumi
3357 4939 3460 4988 po—

1834 5006 1928 5051 test
1959 5017 1972 5049 :
2004 4999 2349 5064 Evangelium
2379 5001 2613 5049 consumi
2641 5012 2746 5048 non
2772 5004 2955 5061 potest.
2981 4999 3181 5048 Isthmo
3213 4999 3266 5046 in
3301 4997 3460 5046 Rom.

1831 5073 1962 5124 edit.
1999 5075 2372 5130 evanuerant;
2405 5083 2470 5119 eo
2514 5069 2779 5121 videlicet
2822 5084 2892 5119 ne
2933 5084 3127 5133 parum
3167 5069 3460 5118 cohaeren—

1832 5147 1905 5195 tia
1932 5145 2083 5208 loqui
2111 5143 2391 5193 videretur
2417 5142 2763 5201 Ambrosius,
2795 5155 2923 5191 cum
2954 5140 3116 5189 nobis
3145 5139 3459 5189 cavendum

1832 5229 1954 5267 esse
1981 5216 2248 5278 praecipit,
2279 5220 2340 5264 ut
2365 5228 2434 5264 ne
2461 5215 2646 5262 animo
2674 5213 2951 5274 corrumpi
2978 5213 3225 5260 sinamus
3267 5210 3460 5260 Evan-

1832 5288 2056 5350 gelium.
2111 5286 2219 5336 Sed
2273 5285 2412 5334 nihil
2460 5286 2516 5333 in
2572 5284 2679 5333 hoc
2732 5288 2814 5332 est
2868 5281 3272 5344 repugnantia,
3328 5294 3455 5330 cum

1831 5358 2032 5408 veritas
2079 5358 2260 5407 omnis
2296 5357 2351 5405 in
2387 5369 2445 5406 se
2485 5353 2922 5417 incorruptibilis
2960 5355 3200 5411 maneat,
3237 5352 3367 5401 licet
3404 5354 3458 5401 in

1831 5428 2110 5478 mentibus
2143 5429 2507 5490 plurimorum
2547 5426 2838 5475 hominum
2879 5423 3157 5472 mendacii
3197 5424 3459 5472 commis-

1833 5501 1981 5548 tione
2008 5497 2368 5549 adulteretur.

1895 5571 1992 5632 (26)
2018 5571 2098 5619 Ita
2133 5575 2242 5619 vet.
2274 5569 2402 5620 edit.
2449 5567 2655 5632 quibus
2694 5566 2885 5629 scripti
2923 5564 3044 5615 cod.
3083 5566 3458 5616 consentiunt.

1829 5641 1977 5692 Edit.
2022 5654 2152 5692 vero
2195 5641 2350 5691 Rom.
2395 5641 2581 5689 locum
2620 5637 3048 5699 interpolaverat
3085 5635 3194 5687 hoc
3234 5637 3400 5687 modo
3445 5652 3457 5685 :

1833 5711 2098 5762 Christum
2122 5723 2428 5774 cognoscere
2452 5711 2616 5760 Deum
2645 5707 2708 5759 de
2731 5709 2856 5768 Deo,
2885 5721 3064 5762 verum
3089 5708 3153 5760 de
3178 5721 3320 5769 vero,
3347 5709 3458 5760 vita

1829 5787 1905 5836 est
1931 5783 2267 5848 sempiterna.

3341 243 3473 296 1618
3570 227 3572 230 ’
