3926 6168
536 202 666 252 1619

1989 203 2044 254 S.
2086 200 2401 255 AMBROSII

3689 223 3795 278 1620

529 328 625 377 aut
668 323 924 393 corporis
969 332 1342 381 sacramento.
1393 327 1568 382 Tinea
1619 332 1704 381 est
1750 327 1963 393 Arrius,
2011 326 2160 381 tinea
2183 327 2624 410 Avenerabilis.
2688 330 2842 384 Tales
2892 332 3046 385 enim
3104 331 3353 401 majores
3412 333 3597 391 habere
3651 341 3804 401 debuit

530 418 613 470 est
645 416 937 472 Sabellius.
985 419 1204 473 Patitur
1242 421 1344 472 has
1385 419 1569 473 tineas
1604 420 1836 490 spiritus
1877 421 2159 474 ﬂuctuan-

528 509 705 576 tium;
753 510 968 580 patitur
1014 512 1113 564 has
1159 511 1342 566 tineas
1386 511 1616 581 spiritus
1662 512 1758 583 qui
1808 529 1922 567 non
1963 513 2167 586 credit,

531 604 667 674 quia
695 605 858 658 Pater
894 608 952 658 et
987 604 1156 658 Filius
1195 603 1491 659 divinitate
1526 621 1707 659 unum
1749 612 1901 660 sunt.
1949 606 2164 662 Scindit

531 697 689 768 quod
729 697 1003 768 scriptum
1048 702 1132 752 est
1175 715 1188 752 :
1237 719 1264 748 ‹‹
1299 699 1414 768 Ego
1455 703 1510 753 et
1549 701 1717 754 Pater
1754 715 1933 754 unum
1969 716 2165 754 sumus

532 792 733 862 (Joan.,
765 808 817 859 x,
863 794 975 861 30),
1012 814 1038 841 »
1083 791 1180 862 qui
1230 808 1412 847 unum
1451 808 1553 863 per
1589 792 1859 848 discretas
1900 794 2163 849 substan-

534 885 642 939 tias
673 884 892 939 dividit.
937 885 1156 939 Patitur
1199 886 1350 940 hanc
1393 886 1609 940 tineam
1648 886 1898 957 spiritus,
1939 886 2036 958 qui
2073 889 2161 941 Je-

534 994 662 1031 sum
717 979 1007 1033 Christum
1057 979 1116 1033 in
1168 995 1336 1034 carne
1379 979 1596 1034 venisse
1646 996 1762 1034 non
1817 981 2048 1036 credit:
2111 985 2168 1035 et

529 1071 652 1141 ipse
713 1074 799 1126 est
859 1073 1046 1141 tinea;
1097 1073 1216 1143 ipse
1268 1079 1353 1128 est
1407 1073 1562 1127 enim
1617 1073 2002 1128 antichristus.
2061 1075 2167 1138 Qui

535 1168 727 1220 autem
760 1165 830 1219 de
868 1167 981 1220 Deo
1024 1169 1177 1233 sunt,
1220 1165 1391 1220 ﬁdem
1425 1169 1643 1234 tenent,
1685 1171 1742 1221 et
1791 1167 1919 1222 ideo
1958 1169 2168 1224 tineam

537 1258 652 1329 pati
681 1275 797 1313 non
840 1262 1079 1329 queunt,
1120 1275 1249 1330 quae
1289 1259 1492 1314 dividit
1534 1260 1960 1316 vestimentum.
1989 1263 2169 1317 Omne

538 1353 696 1406 enim
723 1353 877 1423 quod
909 1353 1060 1408 inter
1088 1369 1146 1407 se
1173 1352 1460 1420 dividitur,
1485 1353 1628 1407 sicut
1652 1354 1876 1410 Satanae
1897 1371 2167 1425 regnum,

539 1464 651 1502 non
681 1450 870 1518 potest
898 1462 1020 1502 esse
1060 1450 1421 1518 perpetuum.

612 1543 698 1597 14.
755 1542 854 1596 Est
904 1541 1075 1595 etiam
1132 1557 1327 1611 aerugo
1382 1541 1585 1610 animi,
1641 1557 1770 1596 cum
1819 1542 2171 1596 saecularium

2265 421 2613 490 praenuntius
2643 422 2869 492 Christi,
2902 426 2966 478 ut
2990 441 3104 478 non
3134 431 3364 495 repente
3397 436 3702 501 conceptam,
3729 441 3801 493 sed

2261 530 2295 567 a
2320 515 2629 585 majoribus
2651 522 2959 587 acceptam,
2989 521 3046 573 et
3087 520 3211 589 ipso
3239 518 3477 574 infusam
3498 523 3612 591 jure
3636 531 3807 586 natura

2263 608 2574 678 praedicare
2599 611 2770 664 ﬁdem
2798 611 3081 666 Dominici
3112 611 3399 667 videretur
3422 614 3680 673 adventus.

2339 706 2423 755 l7.
2465 706 2658 766 Erant,
2702 703 2920 775 inquit,
2966 705 3118 760 ambo
3147 707 3294 774 justi
3329 709 3606 764 incedentes
3644 715 3693 767 in
3725 731 3809 771 om-

2265 797 2422 851 nibus
2484 797 2762 852 mandatis
2832 803 2880 852 et
2943 799 3412 868 iustiﬁcationibus
3479 805 3669 859 Domini
3725 812 3813 865 sine

2264 891 2498 959 querela.
2545 890 2691 954 Quid
2741 891 2815 945 ad
2860 892 2963 946 hoc
3015 893 3274 947 referunt
3325 894 3420 964 qui
3470 898 3685 965 peccatis
3729 903 3816 956 suis

2266 983 2462 1038 solatia
2495 985 2884 1055 praeferentes,
2924 985 3044 1039 sine
3085 986 3326 1057 peccatis
3363 989 3714 1059 frequentibus
3738 995 3814 1048 ho-

2267 1076 2481 1133 minem
2531 1081 2738 1148 putant
2783 1094 2903 1133 esse
2951 1095 3063 1133 non
3113 1097 3290 1149 posse,
3341 1084 3397 1135 et
3442 1086 3657 1138 utuntur
3690 1090 3820 1141 versi-

2268 1171 2422 1238 culo;
2471 1170 2605 1240 quia
2648 1170 2923 1241 scriptum
2966 1175 3052 1227 est
3090 1172 3149 1226 in
3187 1173 3286 1229 Job
3318 1191 3331 1227 :
3378 1195 3404 1222 «
3432 1176 3595 1230 Nemo
3627 1180 3823 1234 mundus

2267 1279 2299 1315 a
2325 1264 2514 1331 sorde,
2547 1279 2653 1318 nec
2690 1265 2735 1318 si
2781 1281 2892 1319 una
2932 1265 3022 1320 die
3065 1266 3180 1320 vita
3223 1267 3346 1337 ejus
3385 1267 3453 1322 sit
3493 1269 3548 1322 in
3581 1276 3713 1324 terra
3741 1289 3821 1326 nu-

2270 1357 2478 1411 merosi
2536 1373 2764 1411 menses
2807 1358 2928 1427 ejus
2983 1359 3053 1412 ab
3105 1359 3228 1430 ipso
3273 1359 3408 1429 (Job,
3457 1377 3560 1428 xrv,
3605 1364 3653 1428 4,
3696 1363 3770 1434 5)?
3806 1390 3825 1414 υ

2271 1449 2484 1512 Quibus
2512 1451 2972 1520 respondendum
3003 1455 3106 1518 est,
3151 1453 3306 1523 prius
3332 1457 3395 1507 ut
3436 1454 3570 1524 quid
3594 1456 3658 1509 sit
3681 1457 3825 1511 homi-

2267 1558 2404 1597 nem
2440 1543 2558 1597 sine
2588 1546 2821 1614 peccato
2863 1560 2983 1599 esse
3028 1544 3330 1614 deﬁniant;
3371 1551 3555 1602 utrum
3591 1565 3832 1619 nunquam

535 1635 801 1690 sordibus
853 1634 1233 1704 cupiditatum
1297 1634 1577 1705 religiosas
1633 1634 1782 1689 acies
1838 1635 2225 1711 intentionis_
2269 1636 2501 1691 omnino
2554 1653 2840 1708 peccasse,
2893 1655 2967 1692 an
3019 1639 3249 1693 desiisse
3302 1641 3571 1711 peccare?
3621 1643 3672 1696 Si
3716 1645 3834 1697 enim

537 1727 859 1794 obducitur,
900 1733 998 1782 aut
1036 1727 1168 1782 ﬁdei
1208 1727 1422 1798 paritas
1459 1727 1819 1784 decoloratur
1848 1728 1998 1783 nube
2035 1745 2164 1799 per-
2188 1708 2245 1782 B
2269 1730 2377 1785 hoc
2403 1735 2602 1802 putant
2626 1731 2746 1785 sine
2783 1735 3014 1802 peccato
3053 1749 3195 1800 esse,
3236 1708 3464 1788 desiisse
3497 1751 3712 1804 peccare
3737 1737 3835 1806 (2‘7),

535 1821 709 1876 ﬁdiae.
754 1823 966 1891 Erugo
1017 1820 1221 1875 mentis
1274 1827 1359 1874 est
1407 1821 1486 1874 rei
1524 1821 1802 1893 cupiditas
1838 1821 2164 1894 familiaris;

540 1931 734 1985 aerugo
770 1914 977 1968 mentis
1020 1913 1239 1968 incuria
1284 1919 1396 1981 est;
1433 1931 1629 1985 aerugo
1674 1915 1880 1970 mentis
1925 1921 2010 1970 est
2054 1933 2171 1971 am-

540 2007 682 2062 bitio
712 2007 1076 2078 dignitatum,
1111 2008 1156 2061 si
1201 2008 1259 2062 in
1300 2009 1390 2062 his
1430 2025 1654 2063 summa
1693 2026 1821 2080 spes
1861 2010 1991 2064 vita:
2021 2027 2167 2081 prae-

529 2083 714 2155 sentis
744 2101 979 2156 locetur.
1011 2103 1078 2155 Et
1103 2101 1232 2156 ideo
1259 2102 1326 2156 ad
1365 2101 1553 2156 divina
1593 2103 1867 2170 conversi,
1903 2119 2172 2158 acuamus

541 2194 860 2264 ingenium,
893 2210 1260 2249 exerceamus
1286 2195 1576 2265 aﬁ‘ectum,
1605 2201 1668 2250 ut
1707 2196 1960 2267 gladium
1989 2196 2169 2265 illum,

542 2303 716 2358 quem
747 2286 972 2341 vendita
1009 2293 1158 2342 veste
1199 2287 1371 2356 (Lua,
1414 2305 1541 2356 xxn,
1580 2289 1691 2359 36),
1735 2290 1853 2344 emi
1901 2290 2173 2344 Dominus

533 2381 718 2450 jubet,
749 2383 1017 2451 paratum
1045 2396 1272 2452 semper
1308 2386 1365 2435 et
1404 2381 1658 2436 lucidum
1697 2386 1965 2454 tanquam
1993 2383 2051 2437 in
2077 2401 2168 2437 va-

541 2473 675 2545 gina
731 2474 938 2528 mentis
984 2474 1347 2529 reconditum
1391 2475 1602 2531 habere
1647 2477 1945 2547 possimus.
1999 2482 2174 2533 Arma

541 2568 696 2623 enim
723 2568 1002 2639 spiritalia
1028 2575 1084 2623 et
1107 2568 1280 2623 fortia
1321 2569 1438 2623 Deo
1477 2569 1550 2623 ad
1578 2570 1951 2625 destruendas
1979 2572 2171 2625 muni-

539 2663 726 2716 tiones
769 2661 1046 2716 militibus
1088 2662 1296 2717 Christi
1346 2661 1556 2717 debent
1597 2679 1824 2734 semper
1865 2682 1986 2718 esse
2025 2681 2172 2734 prae-

543 2754 746 2823 sentia,
767 2772 840 2809 ne
861 2771 990 2810 cum
1013 2757 1232 2810 venerit
1253 2756 1366 2810 dux
1389 2756 1628 2810 caelestis
1649 2757 1887 2824 militiae,
1912 2757 1961 2829 1
1982 2757 2162 2829 271

543 2849 655 2903 situ
680 2851 1008 2904 nostrorum
1037 2849 1285 2904 offensus
1316 2866 1626 2917 armorum,
1661 2867 1694 2904 a
1719 2850 2012 2921 legionum
2047 2868 2173 2905 sua-

546 2958 677 2996 rum
707 2959 812 2997 nos
837 2942 1103 2998 societate
1133 2947 1408 2997 secernat.

615 3036 793 3105 (Vers.
845 3040 899 3102 5,
952 3035 1031 3105 6.)
1084 3039 1240 3098 Fuit,
1294 3036 1516 3107 inquit,
1575 3039 1633 3090 in
1678 3037 1864 3090 diebus
1911 3038 2252 3148 Herodis,c

540 3132 679 3197 regis
705 3130 929 3192 Iudaeae,
973 3129 1220 3183 sacerdos
1259 3130 1483 3198 quidam
1528 3132 1741 3184 nomine
1775 3131 2067 3184 Zacharias
2111 3132 2178 3184 de

541 3225 654 3276 vice
681 3223 861 3289 Abia;
891 3227 941 3276 et
977 3238 1113 3277 umor
1154 3223 1265 3292 ejus
1299 3223 1363 3276 de
1401 3224 1620 3292 ﬁliabus
1661 3223 1870 3286 Aaron,
1905 3229 1955 3278 et
1988 3239 2178 3279 nomen

543 3317 656 3386 ejus
705 3317 1008 3371 Elizabeth.
1063 3319 1129 3372 Et
1175 3322 1331 3371 erant
1387 3319 1542 3370 ambo
1574 3318 1736 3386 justi,
1787 3318 2080 3373 incedentes
2121 3321 2179 3372 in

546 3411 791 3464 omnibus
842 3410 1118 3464 mandatis
1168 3416 1218 3464 ei
1271 3411 1753 3480 justiﬁcationibus
1805 3414 2018 3466 Domini
2063 3415 2179 3467 sine

547 3505 791 3574 querela.

620 3601 703 3652 l5.
738 3599 909 3652 Docet
933 3613 1034 3652 nos
1065 3598 1357 3669 Scriptura
1389 3597 1582 3652 divina
1617 3614 1731 3652 non
1771 3599 1951 3653 solum
1984 3614 2178 3652 mores

545 3693 606 3746 in
654 3691 721 3745 iis
764 3690 862 3762 qui
906 3691 1294 3762 praedicabiles
1334 3697 1484 3759 sunt,
1539 3692 1636 3746 sed
1689 3691 1859 3746 etiam
1916 3698 2179 3763 parentes

549 3789 814 3856 oportere
845 3785 1095 3853 laudari;
1130 3790 1193 3838 ut
1225 3784 1396 3838 veluti
1427 3784 1761 3838 transmissa
1797 3785 2179 3839 immaculata:

548 3877 811 3950 puritatis
862 3877 1164 3932 haereditas
1217 3877 1276 3930 in
1319 3878 1382 3931 iis
1425 3894 1567 3948 quos
1617 3877 1878 3933 volumus
1925 3878 2176 3947 laudare,

548 3972 852 4043 praecellat.
899 3972 1035 4035 Qua:
1064 3971 1218 4024 enim
1262 3971 1369 4024 alia
1401 3971 1642 4026 intentio
1687 3972 1794 4025 hoc
1837 3973 1958 4025 loco
1997 3971 2179 4025 sancti

552 4064 935 4136 evangelistee,
978 4063 1085 4118 nisi
1127 4068 1188 4118 ut
1229 4068 1452 4119 sanctus
1489 4066 1734 4119 Joannes
1785 4065 2028 4136 Baptista
2077 4082 2178 4118 no-

551 4159 810 4212 bilitetur
855 4157 1210 4228 parentibus,
1255 4158 1562 4226 miraculis,
1606 4158 1879 4228 moribus,
1916 4174 2177 4223 munere.

551 4251 861 4323 passione?
911 4251 998 4305 Sic
1044 4251 1214 4305 etiam
1265 4251 1446 4305 sancti
1507 4252 1730 4306 Samuel
1783 4259 1971 4307 mater
2018 4257 2184 4308 Anna

551 4345 841 4411 laudatur;
880 4345 958 4399 sic
1003 4346 1156 4399 lsaac
1201 4362 1232 4397 a
1283 4344 1610 4415 parentibus
1655 4344 2008 4400 nobilitatem
2061 4347 2180 4418 pie-

2272 1827 2329 1877 et
2362 1823 2481 1894 ipse
2519 1823 2812 1879 consentio
2842 1841 2854 1878 :
2903 1843 2932 1876 «
2959 1824 3167 1881 Omnes
3211 1826 3369 1881 enim
3402 1832 3766 1898 peccaverunt,
3797 1839 3834 1884 et

2271 1921 2443 1988 egent
2474 1917 2655 1987 gloria
2699 1917 2797 1972 Dei
2841 1917 3032 1986 (Rom,
3063 1935 3138 1986 ιιι,
3178 1919 3289 1992 23).
3320 1939 3347 1971 »
3389 1921 3484 1976 Sin
3527 1926 3704 1976 autem
3739 1940 3839 1976 eum

2270 2011 2370 2082 qui
2403 2014 2655 2065 veterem
2681 2027 2932 2066 errorem
2963 2013 3290 2082 correxerit,
3327 2018 3383 2068 et
3425 2015 3480 2068 in
3506 2030 3625 2069 eam
3656 2031 3708 2068 se
3742 2016 3838 2068 vite

2271 2103 2758 2158 transformaverit
2793 2104 3144 2175 qualitatem,
3175 2109 3237 2159 ut
3277 2108 3558 2177 temperet
3586 2123 3617 2162 a
3642 2112 3843 2178 peccato,

2272 2203 2485 2268 negant
2509 2197 2791 2252 abstinere
2822 2214 2854 2252 a
2896 2198 3139 2266 delictis,
3175 2215 3291 2254 non
3335 2217 3564 2272 possum
3606 2201 3660 2255 in
3691 2217 3844 2256 eorum

2273 2290 2575 2345 convenire
2625 2291 3002 2358 sententiam;
3049 2308 3176 2346 cum
3228 2294 3508 2364 legamus,
3565 2295 3686 2365 quia
3727 2317 3750 2344 α
3785 2293 3846 2349 Sic

2274 2383 2544 2438 Dominus
2572 2384 2767 2438 dilexit
2796 2384 3214 2440 Ecclesiam.....
3247 2390 3312 2440 ut
3338 2387 3598 2441 exhibeat
3639 2387 3733 2441 sibi
3758 2387 3847 2456 ipse

2277 2477 2601 2548 gloriosam,
2639 2482 2697 2531 et
2723 2494 2835 2532 non
2868 2477 3170 2533 habentem
3209 2482 3516 2546 maculam,
3555 2484 3648 2534 aut
3670 2496 3850 2552 rugam,

2273 2576 2370 2624 aut
2398 2571 2610 2641 aliquid
2653 2571 2957 2641 ejusmodi;
2999 2572 3099 2626 sed
3142 2579 3206 2626 ut
3247 2573 3320 2626 sit
3367 2577 3564 2628 sancta
3604 2581 3656 2628 et
3692 2575 3848 2628 imma-

2275 2665 2464 2718 culata
2491 2660 2742 2734 '(Ephes.,
2784 2682 2836 2731 v,
2881 2665 3085 2735 25-27).
3131 2688 3158 2715 »
3197 2667 3344 2720 Nam
3381 2683 3514 2721 cum
3559 2667 3777 2726 Ecclesia
3804 2684 3852 2719 ex

2278 2758 2558 2829 gentibus,
2604 2758 2712 2812 hoc
2757 2762 2858 2827 cst,
2890 2775 2958 2813 ex
3004 2759 3394 2829 peccatoribus
3431 2766 3756 2832 congregata
3789 2762 3853 2824 sit,

2276 2851 2564 2922 quomodo
2617 2867 2686 2905 ex
2741 2851 3035 2906 maculatis
3089 2852 3465 2909 immaculata
3521 2859 3695 2924 potest
3739 2870 3854 2917 esse,

2276 2945 2384 2999 nisi
2414 2945 2600 3015 primo
2631 2961 2729 3015 per
2757 2946 2852 3000 Dei
2898 2947 3164 3016 gratiam,
3210 2947 3366 3017 quod
3413 2948 3604 3002 abluta
3638 2965 3668 3001 a
3698 2947 3858 3000 delicto

2277 3037 2374 3105 sit;
2404 3037 2610 3093 deinde
2636 3039 2787 3109 quod
2816 3055 2918 3109 per
2956 3039 3291 3110 qualitatem
3333 3058 3454 3096 non
3495 3039 3748 3112 peccandi
3772 3038 3860 3092 abs-

2279 3130 2452 3185 tineat
2499 3148 2533 3184 a
2587 3131 2838 3186 delictis?
2885 3134 2962 3187 lta
3013 3149 3116 3188 nec
3173 3134 3242 3188 ab
3289 3134 3458 3189 initio
3509 3134 3860 3196 immaculata;

2277 3225 2547 3280 humanae
2576 3225 2732 3279 enim
2761 3225 2865 3279 hoc
2900 3225 3245 3297 impossibile
3279 3233 3366 3282 est
3397 3234 3648 3296 naturae;
3675 3225 3762 3281 sed
3787 3241 3860 3295 per

2279 3319 2378 3373 Dei
2410 3318 2648 3389 gratiam
2675 3324 2730 3373 et
2760 3319 3091 3390 qualitatem
3135 3321 3240 3389 sui,
3281 3322 3425 3394 quia
3460 3323 3579 3394 jam
3625 3338 3729 3375 non
3764 3335 3860 3389 pec-

2279 3417 2387 3479 cat,
2416 3412 2479 3468 ﬁt
2503 3417 2565 3467 ut
2594 3413 2965 3468 immaculata
2991 3415 3270 3470 videatur.

2353 3509 2437 3561 18.
2462 3507 2570 3561 Nec
2612 3507 2991 3578 otiosejustos
3031 3512 3164 3563 ante
3203 3511 3384 3566 Deum
3431 3510 3590 3579 dixit,
3621 3508 3866 3563 incedentes

2279 3604 2336 3654 in
2388 3602 2668 3656 mandatis
2721 3607 2772 3656 ei
2807 3603 3287 3671 justiﬁcationibus
3334 3607 3556 3659 Domini
3595 3623 3611 3658 :
3658 3595 3864 3674 1272

2281 3693 2337 3747 in
2379 3710 2489 3764 quo
2533 3695 2760 3748 Patrem
2797 3695 3272 3766 omnipotentem,
3311 3703 3373 3751 et
3412 3697 3620 3752 Filium
3656 3707 3863 3762 compre-

2280 3787 2495 3841 hendit.
2551 3787 2752 3841 Filium
2807 3804 2927 3842 esse
2981 3789 3077 3860 qui
3132 3790 3325 3860 legem
3385 3790 3600 3858 tulerit,
3651 3785 3865 3842 mandata

2281 3880 2722 3951 praescripserit,
2789 3882 2958 3936 etiam
3023 3888 3248 3938 sanctus
3328 3885 3514 3939 Lucas
3578 3878 3868 3951 evangelista

2282 3973 2529 4028 declarat
2555 3975 2727 4044 (Lua,
2757 3991 2833 4043 vr,
2864 3976 2972 4045 47).
3011 3977 3076 4028 Et
3118 3975 3263 4031 bene
3303 3977 3501 4046 justus
3537 3981 3664 4031 ante
3697 3976 3865 4032 Deum;

2282 4084 2395 4121 non
2445 4067 2598 4122 enim
2651 4069 2837 4122 omnis
2895 4069 2990 4139 qui
3036 4069 3224 4140 justus
3275 4074 3366 4124 est
3432 4077 3567 4126 ante
3627 4067 3869 4127 homines.

2276 4162 2466 4231 justus
2531 4167 2616 4216 est
2673 4165 2803 4216 ante
2866 4164 3065 4217 Deum.
3128 4163 3303 4218 Aliter
3368 4164 3572 4218 vident
3626 4159 3866 4219 homines,

2285 4255 2452 4309 aliter
2481 4255 2638 4309 videt
2666 4257 2842 4324 Deus;
2872 4256 3133 4328 bomjncs
3161 4257 3218 4309 in
3258 4257 3432 4324 facie,
3474 4259 3616 4312 Deus
3648 4255 3699 4310 in
3725 4251 3869 4307 corde.

2285 4350 2352 4404 Et
2390 4349 2518 4403 ideo
2568 4348 2689 4402 fieri
2741 4353 2924 4420 potest
2971 4355 3030 4403 ut
3078 4349 3301 4420 aliquis,
3357 4351 3627 4405 affectata
3667 4346 3869 4402 bonitale

554 4439 680 4494 tatis
733 4439 974 4511 accepit,
1034 4455 1207 4511 quam
1256 4437 1492 4509 posteris
1545 4439 1866 4510 dereliquit,
1916 4440 2571 4515 Sacerdostopulari,
2597 4442 2787 4511 justus
2829 4441 3088 4497 videatur
3130 4444 3269 4497 mihi
3284 4461 3302 4512 ;
3339 4446 3536 4514 justus
3574 4449 3750 4498 autem
3777 4441 3873 4490 ante

553 4533 745 4602 itaque
793 4533 1109 4598 Zacharias,
1157 4549 1259 4587 nec
1309 4533 1492 4586 solum
1547 4534 1822 4600 sacerdos,
1871 4535 1965 4589 sed
2014 4535 2184 4590 etiam

553 4626 623 4679 de
667 4625 785 4680 vice
830 4626 987 4693 Abia,
1032 4626 1087 4681 id
1136 4630 1237 4692 est,
1281 4624 1482 4680 nobilis
1538 4626 1685 4681 inter
1732 4628 2054 4698 superiores
2099 4629 2182 4682 fa-

555 4719 760 4773 milias.

633 4817 714 4867 16.
764 4815 833 4868 Et
861 4829 1020 4875 umor,
1061 4813 1265 4884 inquit,
1306 4815 1422 4882 ejus
1463 4816 1527 4869 de
1558 4815 1776 4882 ﬁliabus
1817 4817 2025 4870 Aaron.
2065 4817 2184 4870 Non

555 4908 738 4961 solum
771 4906 949 4977 igitur
988 4924 1018 4959 a
1057 4906 1406 4977 parentibus,
1447 4909 1544 4963 sed
1585 4907 1753 4962 etiam
1801 4923 1833 4962 a
1875 4909 2187 4980 majoribus

555 5001 731 5055 sancti
791 5000 1024 5056 Joannis
1084 5001 1344 5055 nobilitas
1397 5005 1777 5073 propagatur;
1834 5020 1947 5056 non
2007 5020 2183 5057 saecu-

554 5096 654 5149 lari
701 5098 982 5165 potestate
1032 5094 1307 5162 sublimis,
1347 5096 1446 5149 sed
1491 5096 1783 5166 religionis
1832 5097 2187 5152 successione

619 5264 714 5326 (27)
761 5263 920 5314 Rom.
971 5262 1124 5319 edit.,
1176 5275 1454 5326 nunquam
1500 5264 1714 5312 omnino
1763 5276 2016 5325 peccasse.
2064 5265 2186 5314 Cas-

557 5339 708 5395 term,
752 5348 817 5385 ac
864 5347 996 5383 mss.
1054 5346 1268 5395 omnes,
1316 5333 1529 5384 desiisse
1573 5345 1808 5396 peccare,
1860 5347 1927 5384 ex
1981 5335 2188 5398 quibus

555 5405 738 5456 verbis
794 5411 856 5454 ut
917 5405 1226 5468 depellatur
1287 5405 1623 5469 ambiguitas
1693 5405 1880 5455 locum
1945 5405 2188 5469 intellige

557 5476 660 5526 isto
702 5489 870 5525 sensu
917 5493 928 5525 :
967 5476 1027 5524 Si
1066 5475 1253 5526 dicant
1297 5487 1426 5524 eum
1469 5488 1591 5524 esse
1633 5476 1754 5525 sine
1798 5480 2043 5538 peccato,
2094 5477 2190 5540 qui

555 5559 788 5608 peccare
828 5546 1070 5608 desierit,
1111 5547 1180 5596 de
1218 5546 1323 5595 hac
1363 5546 1687 5596 deﬁnitione
1729 5546 1862 5609 ipsis
1899 5548 2186 5609 assentior,

555 5628 686 5664 cum
717 5617 822 5664 alia
848 5617 904 5664 in
934 5617 1189 5668 homines
1229 5617 1500 5682 quadrare
1530 5622 1786 5681 nequeat.
1816 5617 1924 5668 Sed
1970 5620 2015 5668 si
2053 5633 2190 5683 prae-

559 5691 706 5734 terea
751 5686 1085 5735 contendant
1130 5691 1224 5751 qui
1269 5691 1558 5740 recesserit
1597 5704 1627 5739 a
1671 5689 1948 5754 prioribus
1998 5703 2190 5753 pecca-

559 5757 643 5815 lis,
691 5756 745 5802 in
776 5759 1053 5817 posterum
1097 5758 1166 5807 ab
1214 5759 1409 5810 iisdem
1453 5766 1549 5812 aut
1586 5761 1708 5812 aliis
1751 5761 2030 5814 abstinere
2074 5775 2187 5812 non

2287 4537 2462 4590 Deum
2498 4552 2615 4590 non
2645 4535 2734 4603 sit,
2764 4535 2808 4588 si
2831 4536 3049 4605 justitia
3077 4553 3193 4591 non
3223 4553 3286 4592 ex
3318 4539 3538 4592 mentis
3563 4532 3870 4606 simplicitate

2284 4631 2596 4697 formetur,
2658 4629 2753 4683 sed
2809 4629 3131 4685 adulatione
3198 4631 3537 4698 simuletur;
3596 4623 3874 4684 abscondita

2286 4723 2438 4777 enim
2468 4722 2527 4777 in
2563 4739 2629 4777 ea
2667 4723 2835 4778 homo
2875 4740 2993 4778 non
3035 4725 3241 4795 poterit
3281 4724 3735 4795 deprehendere.
3772 4720 3870 4771 Per-

2286 4816 2432 4871 fecta
2464 4816 2641 4888 igitur
2669 4816 2794 4871 laus
2822 4821 2927 4883 est,
2961 4822 3091 4872 ante
3128 4819 3305 4872 Deum
3339 4819 3570 4888 justum
3599 4832 3729 4871 esse.
3755 4807 3875 4866 L‘nde

2287 4913 2342 4965 et
2369 4911 2706 4982 Apostolus:
2751 4934 2775 4957 ‹‹
2820 4912 2994 4982 Cujus
3039 4912 3176 4979 laus,
3218 4912 3431 4983 inquit,
3477 4928 3590 4965 non
3630 4926 3690 4963 ex
3735 4898 3874 4958 homi-

2291 5003 2474 5070 nibus,
2506 5004 2603 5059 sed
2633 5021 2703 5058 ex
2733 5005 2847 5059 Deo
2878 5009 2963 5060 est
2992 5007 3186 5074 (Rom,
3217 5021 3274 5074 ιι,
3313 5005 3431 5074 29).
3466 5025 3494 5055 ››
3531 5005 3722 5058 Beatus
3750 4997 3874 5068 plane

2287 5096 2380 5152 ille
2409 5098 2510 5169 qui
2541 5099 2598 5151 in
2638 5103 2944 5169 conspectu
2987 5099 3087 5153 Dei
3108 5099 3294 5169 justus
3335 5104 3444 5154 est.
3481 5099 3680 5152 Beatus
3706 5092 3800 5155 ille,
3823 5086 3871 5137 de

2287 5278 2467 5329 posse,
2498 5264 2552 5314 id
2580 5277 2709 5316 vero
2737 5263 2958 5329 penitus
2985 5265 3218 5315 inﬁcior.
3265 5263 3503 5315 Certum
3538 5275 3645 5312 non
3679 5257 3798 5308 levia
3832 5253 3873 5298 et

2287 5337 2626 5400 quotidiana,
2673 5335 2771 5387 sed
2820 5337 3008 5400 gravia
3063 5341 3322 5399 peccata,
3373 5335 3562 5401 qualia
3605 5331 3723 5380 sunt
3769 5332 3869 5401 qu?

2287 5392 2720 5458 sanctificantem
2763 5392 2992 5472 gratiam
3042 5392 3516 5467 excluduntfhic
3565 5392 3875 5461 intelligenda

2288 5492 2409 5528 esse
2435 5479 2786 5528 manifestum
2814 5484 2930 5539 est;
2961 5493 3090 5530 cum
3128 5479 3244 5543 ipse
3281 5479 3550 5527 miseram
3595 5474 3729 5521 hanc
3762 5477 3874 5541 peC_-

2289 5550 2469 5612 candi,
2500 5549 2683 5613 quoad
2713 5551 2816 5600 isto
2841 5563 3068 5614 corpore
3093 5551 3283 5600 mortis
3318 5549 3638 5617 liberemur,
3667 5548 3873 5617 nece§51j

2288 5623 2456 5670 tatem
2497 5621 2700 5684 passim
2740 5613 3016 5683 agnoscat.
3048 5621 3116 5671 Et
3149 5624 3297 5672 certe
3339 5633 3511 5686 quam
3546 5613 3757 5687 pulchre
3787 5613 3871 5687 lit-9’

2289 5704 2417 5741 cum
2443 5683 2754 5755 Augustino
2778 5693 2885 5743 hac
2921 5695 2978 5742 in
3008 5697 3159 5760 parte
3193 5683 3506 5752 conveniat,
3545 5701 3574 5738 a
3608 5683 3753 5736 nobis
3777 5683 3871 5742 iam

2289 5761 2393 5812 fuit
2419 5761 2791 5814 observatum.
