3926 6168
190 167 278 218 1621

177 306 259 363 quo
317 284 558 341 Dominus
627 285 896 356 dignatur
964 287 1149 343 dicere
1215 305 1228 342 :
1300 311 1325 336 ‹‹

173 381 382 445 Israelita,
429 379 482 432 in
533 395 640 451 quo
692 379 856 435 dolus
899 397 1017 438 non
1065 385 1151 436 est
1192 383 1396 453 (Joan.,
1444 400 1484 450 ι,
1531 385 1652 454 47);
1696 407 1723 436 ››

172 492 294 531 verus
337 473 473 529 enim
519 473 781 542 Israelita,
832 475 930 545 qui
982 477 1158 530 Deum
1213 475 1387 543 videt,
1441 482 1500 532 et
1546 478 1723 533 videri

174 588 209 623 se
231 568 357 622 novit
377 584 407 619 a
434 567 564 632 Deo,
595 568 653 620 et
680 567 786 637 ipsi
813 567 1038 623 exhibet
1067 568 1257 623 cordis
1285 571 1520 625 occulta.
1563 571 1724 627 Solus

175 661 279 717 enim
327 659 654 732 perfectior,
701 660 797 730 qui
847 661 916 715 ab
963 677 1030 716 eo
1083 662 1386 733 probatur,
1445 665 1543 736 qui
1609 682 1724 720 non

171 759 299 826 potest
338 753 445 808 falli
485 771 496 806 :
543 773 571 800 ‹‹
609 753 825 808 Judicia
862 754 1066 826 (enim)
1101 756 1324 811 Domini
1372 772 1502 812 vera
1551 759 1718 827 (Psal.

168 864 269 914 mn,
295 848 366 915 10)
381 863 398 914 ;
425 868 449 895 n
462 846 680 916 judicia
700 850 894 902 autem
920 848 1226 904 hominum
1250 867 1400 922 saepe
1424 851 1718 922 falluntur,

168 946 264 996 utet
284 939 488 1010 injustis
506 937 742 1010 justitim
771 943 1018 1012 gratiam
1055 943 1391 1015 frequenter
1418 946 1719 1016 ascribunt,

162 1045 197 1090 et
225 1036 413 1104 justum
459 1037 554 1087 aut
607 1034 736 1089 odio
784 1041 1218 1108 persequantur,
1267 1041 1367 1092 aut
1423 1040 1720 1094 mendacio

160 1128 446 1182 decolorent.
495 1148 523 1174 ‹‹
567 1128 732 1182 Novit
777 1129 1015 1200 (autem)
1061 1130 1340 1185 Dominus
1389 1131 1718 1187 immacula-

158 1229 299 1277 torum
338 1220 445 1275 vias
477 1221 643 1291 (Psal.
689 1236 870 1291 xxxvr,
916 1222 1034 1294 l8);
1070 1246 1097 1272 η
1144 1241 1249 1279 nec
1289 1242 1392 1296 pro
1427 1232 1720 1297 peccatore

157 1314 462 1384 laudabilem,
516 1330 622 1370 nec
684 1331 790 1386 pro
851 1316 1120 1372 laudabili
1181 1324 1566 1390 peccatorem;
1622 1323 1720 1376 sed

154 1424 558 1480 unumquemque
604 1425 710 1480 pro
751 1410 1193 1480 competentiam
1238 1411 1457 1482 judicat
1500 1415 1719 1470 ratione

153 1502 453 1570 meritorum;
483 1501 638 1557 idem
680 1507 762 1556 est
792 1502 948 1556 enim
986 1503 1201 1559 arbiter
1237 1506 1444 1561 mentis
1482 1513 1537 1561 et
1563 1507 1714 1561 facti.

153 1594 300 1648 Divina
339 1611 578 1666 namque
629 1594 844 1666 judicia
895 1596 1164 1652 meritum
1206 1597 1345 1668 justi
1397 1615 1461 1653 ex
1513 1600 1718 1654 mentis

1239 162 1702 220 EXPOSITIONIS
1741 165 1807 231 IN
1849 166 2074 223 LUCAM
2117 169 2241 223 LIB.
2288 170 2327 222 l.

3329 180 3458 234 1622

1391 290 1528 344 Ecce
1597 307 1726 348 vere
1752 305 1807 375 Α
1903 296 1992 347 21.
2026 293 2197 349 Plena
2229 294 2406 366 igitur
2445 296 2696 351 laudatio
2733 302 2817 351 est
2852 315 2980 369 quae
3011 317 3212 370 genus,
3243 318 3456 373 mores,

1828 385 2104 454 ofﬁcium,
2137 389 2373 455 factum,
2396 389 2681 460 judicium
2709 393 3162 461 comprehendit.
3191 397 3376 452 Genus
3397 399 3456 454 in

1831 481 2166 552 majoribus,
2195 498 2382 537 mores
2417 483 2473 537 in
2518 484 2804 556 aequitate,
2835 485 3083 541 ofﬁcium
3113 487 3168 542 in
3194 493 3451 547 sacerdo-

1825 573 1924 639 tio,
1955 575 2163 630 factum
2215 576 2271 630 in
2313 578 2598 643 mandato,
2631 578 2687 632 in
2718 578 3123 648 justiﬁcatione
3154 582 3453 652 judicium.

1897 696 2074 762 (Vers.
2107 697 2159 762 8,
2189 700 2240 765 9,
2280 697 2388 768 10.)
2427 701 2647 752 Factum
2685 704 2760 753 est
2798 707 2998 761 autem,
3048 718 3169 756 cum
3206 704 3451 758 sacerdo-

1826 790 1898 842 tio
1938 792 2264 859 fungeretur
2304 792 2595 846 Zacharias
2649 796 2708 846 in
2760 795 2948 848 ordine
2999 797 3130 850 vicis
3169 812 3280 851 suae
3324 806 3454 853 ante

1825 885 2105 937 Dominum
2167 888 2365 944 Deum,
2417 886 2711 942 secundum
2776 890 3215 944 consuetudinem
3275 907 3450 946 sacer-

1823 975 1975 1040 dotii,
2015 983 2155 1031 sorte
2202 980 2334 1032 emiit
2385 985 2444 1033 ut
2493 983 2765 1034 incensum
2810 990 3033 1051 poneret
3075 986 3347 1053 ingressus
3395 988 3451 1040 in

1824 1071 2079 1139 templum
2103 1074 2344 1137 Domini;
2379 1079 2429 1127 ct
2469 1076 2640 1128 omnis
2664 1075 2895 1144 populus
2918 1078 3055 1142 foris
3091 1080 3284 1133 orabat
3318 1080 3452 1134 hora.

1823 1179 2040 1219 ιηοθηει.

1894 1289 1980 1340 22.
2024 1286 2253 1340 Videtur
2301 1287 2389 1341 hic
2435 1291 2662 1344 sanctus
2707 1290 3002 1346 Zacharias
3047 1309 3304 1349 summus
3358 1295 3449 1350 de-

1820 1378 2033 1449 signari
2071 1379 2346 1447 sacerdos,
2392 1381 2544 1452 quia,
2586 1383 2730 1436 sicut
2768 1384 2981 1438 lectum
3024 1390 3108 1440 est
3147 1387 3215 1441 de
3258 1389 3444 1457 priore

1820 1471 2188 1526 tabernaculo
2233 1473 2288 1526 in
2333 1475 2484 1546 quod
2526 1492 2753 1546 semper
2793 1477 3083 1532 intrabant
3121 1482 3448 1536 sacerdotes

1820 1565 2133 1619 ministeria
2175 1574 2657 1637 cousummantes,
2704 1586 2816 1624 non
2871 1587 2986 1626 uno
3033 1576 3255 1627 tantum
3307 1575 3444 1628 anni

152 1673 343 1753 habitu;
383 1660 501 1742 non‘
558 1660 749 1761 ali’quo
810 1689 1088 1744 factorum
1155 1660 1312 1746 ex'itu
1378 1691 1714 1748 metiuntur.
1743 1673 1793 1742 Β
1819 1661 2074 1730 tempore
2100 1660 2391 1714 intrabant
2425 1661 2485 1715 in
2517 1661 2834 1733 templum;
2866 1664 2923 1718 in
2956 1666 3205 1720 secundo
3248 1673 3443 1722 autem

151 1781 423 1852 Plerumque
466 1783 626 1836 enim
675 1788 775 1836 aut
820 1783 970 1837 bona
1012 1799 1173 1838 mens
1218 1785 1349 1838 facti
1401 1787 1714 1857 reprehen-

149 1874 277 1928 sibilis
328 1874 472 1928 exitu
535 1876 927 1945 deformatur,
979 1884 1077 1931 aut
1131 1877 1395 1948 improba
1451 1879 1718 1950 cogitatio

149 1967 239 2020 facti
269 1967 488 2039 alicujus
513 1969 722 2024 decore
758 1970 994 2024 velatur.
1026 1971 1135 2026 Sed
1171 1971 1344 2026 etiam
1379 1973 1532 2042 quod
1569 1973 1716 2028 bene

148 2060 316 2127 feceris,
365 2061 406 2114 si
456 2062 615 2118 male
670 2062 1036 2133 cogitaveris,
1096 2063 1288 2118 divino
1333 2064 1548 2135 judicio
1598 2082 1716 2120 non

148 2159 278 2220 potest
320 2155 702 2227 comprobari.
751 2155 1037 2227 Scriptum
1085 2161 1169 2212 est
1215 2157 1370 2212 enim
1421 2174 1434 2213 :
1487 2180 1513 2206 «
1562 2160 1715 2214 Juste

145 2247 251 2316 quod
286 2247 488 2318 justum
551 2254 640 2304 est
697 2250 1054 2322 persequeris
1102 2251 1305 2321 (Deut.,
1360 2267 1470 2320 xvt,
1527 2255 1636 2321 20).
1685 2275 1711 2302 η

146 2340 242 2393 Nam
263 2342 356 2394 nisi
380 2345 532 2396 esset
560 2346 628 2397 ut
645 2343 865 2413 justum
899 2343 1110 2414 injuste
1138 2344 1376 2413 faceres,
1411 2361 1711 2417 nunquam

144 2432 296 2488 dictum
331 2439 470 2489 esset
512 2452 526 2489 :
568 2456 597 2484 ‹‹
629 2437 785 2490 Juste
825 2436 979 2507 quod
1013 2438 1232 2507 justum
1279 2442 1364 2492 est
1410 2455 1713 2510 perseque-

143 2527 207 2578 ris.
244 2551 266 2575 ›ι
303 2529 362 2581 Et
407 2534 564 2583 certe
615 2545 777 2599 posse
818 2530 1040 2600 justum
1087 2531 1298 2602 injuste
1351 2532 1470 2586 ﬁeri
1524 2532 1714 2588 docuit

142 2621 329 2691 nosipse
362 2623 616 2677 Salvator
653 2622 846 2677 dicens
879 2640 892 2676 :
927 2643 954 2674 ci
983 2624 1124 2678 Cum
1167 2625 1365 2679 feceris
1405 2626 1712 2696 eleemosy-

141 2729 251 2779 nam,
278 2715 382 2769 noli
411 2716 552 2770 tuba
585 2731 790 2770 canere
820 2721 950 2771 ante
976 2723 1053 2770 te.
1085 2739 1111 2765 ι)
1143 2719 1248 2771 Et:
1284 2740 1311 2766 ‹‹
1339 2719 1483 2773 Cum
1513 2720 1708 2788 oratis,

61 2845 66 2868 ε
141 2821 215 2859 non
234 2808 370 2862 eritis
390 2809 533 2864 sicut
559 2810 876 2881 hypocrita:
899 2811 1136 2880 (Matth,
1160 2828 1231 2877 γι,
1256 2815 1308 2878 2,
1339 2813 1412 2882 5).
1437 2832 1463 2863 »
1497 2815 1712 2868 Bonum

140 2907 194 2951 ea
236 2902 636 2970 misericordia,
693 2903 911 2958 bonum
963 2907 1048 2957 est
1101 2904 1316 2970 oratio;
1370 2907 1468 2961 sed
1531 2912 1713 2978 potest

141 2992 294 3062 injuste
342 2996 480 3066 ﬁeri,
533 2997 582 3051 si
633 2997 925 3068 jactantiae
983 3014 1152 3052 causa
1203 2998 1407 3070 aliquis
1472 3002 1782 3110 pauperiC

141 3087 346 3110 l..__:-‘_-_
396 3098 450 3110 ha
485 3091 758 3110 _,'j-nan__n
797 3090 854 3110 Αἱ.
892 3091 914 3110 l,
939 3091 1130 3110 Am,3n_3‘l
1156 3107 1218 3110 ﬂ,

63 3153 66 3156 _
139 3087 364 3157 largiatur,
395 3098 455 3144 ut
484 3091 759 3145 videatur
791 3090 863 3145 ab
891 3091 1242 3147 hominibus.

53 4205 72 4322 ἑ

55 4325 70 4452 1

48 4771 66 5056 1

188 3184 250 3236 19.
289 3185 433 3240 Unde
471 3188 710 3240 sanctus
755 3184 1096 3256 evangelista
1142 3201 1257 3240 non
1304 3185 1484 3240 solum
1521 3188 1707 3258 justos

138 3279 228 3328 ante
271 3279 461 3346 Deum,
511 3285 574 3334 et
628 3277 958 3333 incedentes
1006 3278 1064 3331 in
1109 3278 1394 3332 mandatis
1442 3280 1708 3336 omnibus

140 3368 654 3438 ctjustiﬁcationibus
691 3371 936 3437 Domini,
973 3371 1073 3425 sed
1111 3372 1284 3426 etiam
1325 3373 1445 3428 sine
1470 3374 1708 3445 querela

141 3461 401 3520 incedentes
439 3467 538 3520 ait.
597 3466 756 3530 Quod
806 3466 950 3520 mire
1007 3481 1140 3519 cum
1195 3467 1528 3538 prophetico
1578 3484 1710 3522 con-

141 3557 246 3621 mut
289 3558 450 3628 dicto,
509 3576 630 3632 quo
678 3563 905 3614 sanctus
959 3559 1230 3615 Salomon
1283 3559 1340 3614 in
1391 3561 1708 3616 Proverbiis

140 3663 234 3702 usus
267 3659 340 3708 est
385 3653 584 3709 dicens
624 3670 637 3706 :
687 3674 714 3702 ι(
755 3652 990 3708 Provide
1039 3654 1194 3708 bona
1241 3669 1468 3725 semper
1514 3671 1708 3710 coram

141 3740 232 3808 Deo,
273 3750 321 3800 et
363 3762 560 3802 coram
612 3746 934 3801 hominibus
975 3747 1181 3817 (Prov.,
1229 3763 1308 3814 ιιι,
1354 3748 1430 3820 4).
1475 3769 1502 3797 ››
1550 3749 1709 3803 Nulla

141 3851 234 3905 ergo
255 3842 469 3910 querela
496 3846 607 3908 est,
633 3841 731 3895 ubi
774 3846 830 3894 et
872 3840 1078 3895 mentis
1117 3840 1338 3896 bonitas
1381 3843 1703 3908 concordat,

140 3935 175 3980 et
213 3930 340 3986 facti.
387 3936 451 3990 Et
501 3935 850 4005 plerumque
888 3933 1111 4004 justitia
1163 3933 1360 3988 durior
1407 3935 1709 3991 hominum

139 4025 365 4089 querelam
398 4027 637 4082 excitat.

186 4118 250 4170 20.
273 4120 438 4182 Quam
477 4137 617 4174 vero
661 4124 938 4190 congruat
973 4121 1276 4175 verborum
1321 4121 1440 4192 ipsa
1471 4121 1706 4176 distinc-

139 4208 207 4270 tio,
228 4217 274 4265 et
297 4215 424 4270 ordo
462 4213 786 4283 conveniat,
817 4213 1126 4285 diligenter
1163 4215 1409 4269 adverte.
1456 4216 1706 4270 lnocden-

141 4307 204 4362 tes,
224 4304 400 4376 inquit,
440 4311 500 4361 in
538 4309 788 4362 omnibus
815 4309 1096 4362 mandatis
1134 4315 1185 4361 et
1222 4309 1709 4377 justiﬁcationibus

1819 1753 1928 1822 (28)
1961 1753 2139 1808 semel
2168 1753 2224 1806 in
2260 1771 2410 1808 anno
2437 1755 2742 1826 singularis
2769 1774 3025 1812 summus
3045 1760 3309 1814 sacerdos
3328 1777 3446 1815 non

1818 1847 1940 1901 sine
2008 1847 2310 1918 sanguine,
2359 1866 2532 1920 quem
2587 1850 2820 1904 offerret
2872 1868 2972 1922 pro
3029 1869 3086 1906 se
3139 1857 3195 1907 et
3248 1855 3444 1924 populi

1818 1939 2038 1994 delictis
2064 1941 2270 2008 (chr.,
2300 1958 2370 2008 ix,
2401 1945 2452 2009 6,
2484 1943 2556 2012 7).
2591 1943 2688 1998 Hic
2718 1950 2803 1998 est
2834 1944 2928 1998 ille
2961 1962 3220 2000 summus
3253 1964 3441 2002 sacer-

1815 2032 1915 2087 dos
1960 2033 2056 2105 qui
2106 2034 2291 2088 adhuc
2339 2041 2489 2089 sorte
2534 2037 2832 2107 qumritur,
2881 2038 3014 2110 quia
3054 2056 3215 2094 verus
3258 2041 3445 2096 adhuc

1815 2126 2144 2197 ignoratur;
2178 2128 2275 2198 qui
2315 2129 2466 2182 enim
2498 2133 2646 2183 sorte
2683 2130 2911 2202 legitur,
2945 2133 3196 2188 humano
3226 2133 3444 2203 judicio

1815 2237 1928 2274 non
1951 2221 2471 2292 comprehenditur.
2498 2223 2594 2276 llle
2617 2223 2792 2292 igitur
2817 2225 3198 2296 quaerebatur,
3223 2230 3280 2280 et
3300 2228 3444 2283 alius

1815 2313 2185 2385 ﬁgurabatur.
2218 2316 2310 2369 Ille
2341 2315 2702 2386 quaerebatur
2739 2333 2903 2371 verus
2941 2319 2999 2371 in
3035 2321 3313 2374 ueternum
3353 2339 3439 2375 sa-

1813 2407 2032 2476 cerdos,
2073 2407 2160 2460 cui
2202 2407 2452 2462 dicitur:
2495 2429 2521 2456 «
2549 2409 2629 2462 Tu
2669 2427 2728 2463 es
2765 2411 3025 2464 sacerdos
3061 2412 3120 2464 in
3162 2415 3441 2466 mternum

1811 2500 1983 2569 (Psal.
2035 2517 2141 2567 CIX,
2188 2503 2276 2569 4);
2321 2524 2346 2548 ››
2401 2501 2499 2572 qui
2543 2519 2658 2556 non
2707 2503 3015 2557 hostiarum
3066 2521 3288 2570 cruore,
3343 2507 3436 2559 sed

1814 2595 2040 2664 proprio
2069 2594 2345 2665 sanguine
2379 2597 2605 2649 Patrem
2649 2597 2827 2650 Deum
2872 2598 3071 2668 generi
3110 2599 3435 2653 reconcilia-

1813 2689 1900 2740 ret
1924 2688 2196 2741 humano.
2230 2687 2337 2742 Sed
2366 2691 2500 2741 tunc
2528 2689 2757 2759 sanguis
2784 2689 3131 2744 fundebatur
3151 2692 3206 2744 in
3229 2693 3438 2762 specie,

1812 2783 1869 2833 et
1899 2780 1953 2834 in
1982 2779 2169 2850 specie
2191 2780 2458 2834 sacerdos
2481 2781 2877 2850 ordinabatur;
2902 2800 3053 2837 nunc
3079 2784 3210 2854 quia
3236 2786 3442 2838 veritas

1811 2873 1984 2939 venit,
2025 2873 2422 2944 relinquamus
2457 2874 2724 2946 speciem,
2770 2877 3064 2930 veritatem
3113 2893 3437 2949 sequamur.

1811 2968 1881 3021 Et
1914 2973 2049 3021 tunc
2088 2967 2320 3037 quidem
2358 2967 2508 3021 viues
2547 2973 2729 3036 erant,
2768 2986 2918 3023 nunc
2956 2975 3147 3024 autem
3185 2975 3272 3026 est
3311 2988 3436 3042 per-

1809 3061 2070 3133 petuitas.
2104 3062 2236 3115 Erat
2265 3077 2426 3131 ergo,
2465 3067 2522 3115 et
2563 3067 2711 3116 certe
2747 3068 2866 3117 erat
2903 3063 3064 3134 cujus
3088 3064 3238 3119 vices
3266 3066 3438 3120 etiam

1809 3155 2153 3225 gerebantur
2179 3156 2313 3224 ('29).

1877 3278 1968 3330 23.
1999 3276 2158 3331 Sorte
2188 3291 2326 3347 ergo
2356 3276 2674 3348 legebatur,
2697 3280 2762 3330 ut
2783 3277 3048 3333 introiret
3071 3278 3128 3333 in
3159 3281 3438 3351 templum

1808 3369 2086 3424 sacerdos.
2146 3369 2205 3424 Si
2259 3369 2436 3440 igitur
2489 3369 2544 3423 in
2592 3376 2725 3441 typo
2770 3371 2961 3424 nullus
3010 3377 3232 3442 poterat
3287 3366 3442 3429 testis

1810 3462 2088 3529 adhiberi,
2137 3463 2276 3534 quid
2323 3463 2478 3518 aliud
2525 3464 2977 3534 signiﬁcabatur,
3026 3465 3133 3520 nisi
3173 3483 3306 3521 eum
3357 3485 3442 3522 sa-

1808 3555 2101 3610 cerdotem
2155 3573 2275 3610 esse
2324 3563 2654 3624 venturum,
2705 3558 2866 3628 cujus
2927 3558 3263 3613 sacriﬁcium
3321 3577 3437 3616 non

1809 3655 1955 3710 esset
1982 3665 2288 3704 commune
2334 3667 2464 3704 cum
2505 3650 2753 3717 caeteris;
2792 3651 2889 3722 qui
2933 3651 3179 3723 denique
3219 3670 3335 3708 non
3379 3655 3436 3708 in

1809 3743 2148 3798 manufactis
2199 3743 2432 3815 templis
2473 3744 2813 3798 sacrificaret
2856 3761 2960 3815 pro
3009 3745 3190 3812 nobis,
3237 3747 3332 3800 sed
3379 3748 3437 3800 in

1809 3837 1895 3891 sui
1923 3837 2174 3908 corporis
2203 3838 2417 3908 templo
2458 3842 2650 3892 nostra
2691 3840 2917 3908 peccata
2958 3845 3235 3892 vacuaret.
3274 3839 3436 3894 Sorte

1809 3947 1946 4001 ergo
1974 3930 2331 4001 quaerebatur
2361 3931 2639 3986 sacerdos.
2680 3931 2812 3986 ldeo
2856 3931 3091 3987 fortasse
3132 3937 3190 3988 et
3226 3931 3440 3987 milites

1808 4024 2146 4079 vestimenta
2200 4024 2425 4079 Domini
2481 4024 2864 4079 sortiebantur
2911 4025 3114 4094 (Joan.,
3164 4041 3280 4096 xu,
3326 4027 3436 4097 24),

1812 4124 1872 4173 ut
1924 4117 2196 4188 quoniam
2250 4119 2307 4170 in
2362 4119 2576 4189 templo
2628 4135 2726 4173 suo
2780 4135 2884 4190 pro
2953 4119 3112 4174 nobis
3167 4119 3440 4175 Dominus

1809 4211 2025 4266 deferre
2052 4211 2385 4266 sacriﬁcium
2413 4212 2792 4283 praeparabat,
2822 4213 2973 4267 circa
2998 4213 3184 4284 ipsum
3211 4231 3441 4286 quoque

1809 4305 1977 4358 sortis
2020 4304 2254 4374 agitatio
2294 4309 2645 4376 praeceptum
2691 4306 2836 4377 legis
2873 4306 3154 4377 impleret.
3203 4309 3443 4377 Propter

143 4397 313 4453 lumini.
342 4401 496 4456 Prius
533 4401 688 4456 enim
723 4401 1085 4468 mandatum,
1111 4401 1361 4456 secunda
1391 4407 1475 4456 est
1507 4399 1958 4478 justiﬁ-iniod
2009 4399 2089 4452 ait
2137 4401 2243 4468 (30)
2299 4416 2312 4452 :
2371 4419 2397 4448 α
2453 4401 2575 4454 Non
2630 4400 2756 4453 veni
2805 4400 2994 4469 legem
3051 4399 3281 4466 solvere,
3342 4402 3440 4453 sed

141 4491 256 4544 catio.
283 4494 463 4564 Itaque
491 4510 627 4548 cum
658 4493 936 4548 mandatis
962 4493 1275 4548 coelestibus
1303 4493 1621 4561 obedimus,
1647 4495 1704 4547 in

145 4585 364 4640 mandatis
387 4588 708 4642 incedimus
734 4586 957 4641 Domini
987 4603 1000 4640 :
1034 4585 1292 4659 1273
1320 4603 1449 4640 cum
1477 4587 1704 4657 judica-

147 4688 244 4742 mus,
270 4683 316 4732 et
355 4696 607 4752 congrue
643 4679 992 4751 judicamus,
1024 4684 1219 4735 tenere
1261 4680 1482 4735 Domini
1506 4680 1708 4751 justiﬁ-

146 4769 331 4827 "itiones
354 4775 633 4831 videmur.

190 4936 256 4996 '28)
280 4939 424 4991 Rom.
465 4940 620 5001 edit.,
664 4941 723 4990 In
763 4941 945 5004 priore
989 4940 1334 4992 tabernaculo
1375 4954 1574 5005 semper
1614 4944 1708 4991 in-

151 5007 301 5059 trabant
333 5013 622 5063 sacerdotes
669 5011 966 5062 ministeria
1007 5018 1424 5063 consummantes
1462 5027 1478 5060 :
1519 5016 1575 5060 in
1620 5026 1709 5062 se-

155 5078 267 5126 deo
302 5089 484 5140 autem,
538 5088 641 5133 etc.
694 5084 822 5132 Ant.
872 5083 1000 5134 edit.
1050 5089 1218 5147 atque
1264 5096 1394 5132 mss.
1439 5082 1707 5133 addunt...

157 5157 517 5215 'ousummantes,
561 5167 666 5203 uno
714 5158 918 5203 tantum
973 5155 1106 5202 anni
1161 5160 1389 5218 tempore
1429 5154 1710 5204 intrabant

155 5227 188 5259 τι
218 5222 446 5282 templum,
490 5229 596 5274 etc.
645 5224 775 5273 Mss.
829 5225 1148 5275 nonnulli...
1198 5225 1436 5275 intrabat
1486 5225 1544 5272 in
1590 5231 1712 5274 tem-

155 5285 265 5342 Ptam.
303 5293 544 5360 Denique
590 5296 789 5345 unicus
851 5295 1090 5346 Clarom.
1145 5301 1270 5359 post
1313 5308 1543 5356 vocem,
1586 5309 1710 5346 con-

158 5365 425 5430 ιξιτηπιαηιεε,
475 5367 826 5430 negationem
878 5366 1064 5427 habet,
1117 5379 1286 5430 quem
1336 5366 1469 5417 licet
1516 5379 1709 5416 recen-

161 5431 295 5479 tarem
330 5437 476 5498 sequi
508 5438 686 5486 visum
731 5442 831 5497 est,
875 5450 1003 5487 cum
1048 5449 1272 5487 sensum
1318 5450 1431 5500 pra;
1470 5449 1530 5486 se
1574 5437 1715 5487 ferat

164 5500 495 5558 upeditiorem.
523 5507 642 5558 Non
669 5510 853 5558 tamen
893 5508 1122 5558 omnino
1158 5507 1456 5570 displicent
1490 5508 1586 5570 qui
1631 5509 1711 5558 le-

167 5573 270 5636 runt,
294 5573 532 5635 intrabat,
559 5583 684 5638 etc.,
715 5582 774 5628 ut
802 5579 1069 5629 referatur
1093 5578 1163 5628 ad
1203 5591 1487 5628 summum
1527 5591 1709 5630 sacer-

170 5639 321 5716 Ξοίθφς
362 5646 449 5696 sed
506 5648 586 5698 sic
629 5650 792 5699 etiam
850 5648 1071 5701 videtur
1122 5648 1411 5700 inserenda
1469 5650 1709 5713 negatio.

177 5710 351 5766 tandem
376 5719 416 5767 si
444 5718 511 5771 de
540 5720 915 5774 sacerdotibus
943 5720 1298 5774 inferioribus
1336 5710 1632 5786 intelligas,
1659 5723 1714 5772 et

1808 4492 2122 4564 adimplere
2159 4493 2404 4562 (Matth.,
2442 4508 2496 4557 v,
2532 4494 2604 4561 7).
2639 4513 2665 4540 ››
2716 4490 2973 4563 1274
3017 4494 3178 4548 Certe
3225 4499 3284 4546 ut
3321 4493 3440 4565 ipse

1808 4590 1977 4652 esset,
2027 4587 2126 4656 qui
2179 4590 2235 4638 et
2285 4588 2646 4655 exspectatus
2705 4584 2761 4637 in
2824 4586 2997 4639 veteri
3051 4587 3437 4652 Testamento,

1809 4687 1865 4732 et
1897 4679 2163 4732 mandato
2195 4677 2289 4732 Dei
2319 4677 2609 4732 videretur
2635 4678 2864 4732 electus.
2895 4679 3148 4751 Denique
3180 4687 3236 4735 et
3269 4698 3441 4751 super

1807 4773 2125 4845 apostolum
2166 4771 2452 4826 Matthiam
2489 4788 2612 4826 sors
2651 4772 2856 4827 cecidit
2897 4776 3006 4842 (31)
3046 4773 3214 4844 (Act.,
3259 4791 3294 4843 ι,
3323 4775 3436 4842 26),

1810 4941 1970 4990 malis
1999 4939 2296 4990 amandare
2324 4942 2699 5005 negationem,
2729 4941 3028 4993 dicendum
3071 4943 3174 4992 erit
3213 4942 3443 4993 Ambro-

1809 5013 1955 5062 sium
1985 5012 2041 5061 in
2070 5026 2134 5062 ea
2158 5013 2432 5063 sententia
2460 5013 2653 5074 fuisse,
2685 5014 2865 5064 vicem
2897 5016 3175 5077 cujusque
3216 5014 3442 5063 familiae

1808 5083 1878 5132 ad
1919 5083 2341 5133 ministrandum
2386 5085 2443 5133 in
2488 5084 2694 5148 templo
2733 5085 2905 5134 semel
2943 5089 3158 5134 tantum
3200 5085 3253 5134 in
3294 5099 3442 5134 anno

1812 5154 2069 5214 rediisse;
2099 5168 2228 5205 cum
2260 5159 2445 5205 tamen
2471 5159 2594 5218 post
2637 5157 2728 5205 168
2772 5155 2890 5205 dies
2928 5154 3148 5216 rediret,
3176 5160 3238 5205 ut
3281 5170 3348 5206 ex
3390 5157 3439 5205 J.

1812 5225 2014 5288 Scalig.
2043 5225 2297 5276 observat
2322 5226 2547 5277 Grotius
2575 5228 2630 5276 in
2659 5226 2810 5276 hunc
2831 5227 3037 5276 locum.

1877 5296 1971 5358 (29)
2012 5296 2159 5346 Edit.
2198 5297 2354 5348 Rom.
2404 5299 2459 5347 in
2505 5301 2658 5348 textu
2699 5297 3051 5360 jugulaverat
3095 5299 3386 5362 sequentia
3429 5311 3441 5344 :

1813 5368 1946 5418 Erat
1975 5381 2119 5430 ergo,
2144 5372 2191 5417 et
2216 5373 2352 5418 certe
2374 5373 2490 5418 erat
2518 5369 2670 5431 cujus
2705 5369 2842 5417 vices
2879 5367 3036 5416 etiam
3075 5368 3395 5433 gerebantur
3427 5384 3444 5416 .-

1812 5452 1938 5502 quaa
1963 5452 2064 5487 nos
2091 5439 2146 5487 in
2177 5453 2340 5488 suum
2379 5439 2567 5488 locum
2605 5443 2712 5488 vet.
2745 5438 2874 5488 edit.
2925 5442 2978 5489 et
3017 5453 3145 5490 mss.
3190 5441 3444 5491 omnium

1814 5510 2143 5561 auctoritate
2166 5510 2526 5560 restituimus.

1879 5581 1972 5645 (30)
1999 5581 2156 5632 Rom.
2184 5581 2338 5640 edit.,
2365 5581 2507 5630 circa
2535 5582 2705 5643 ipsam
2739 5594 2947 5645 quoque
2986 5581 3143 5632 sortis
3190 5582 3444 5646 agitatio-

1815 5663 1930 5702 nem
1958 5656 2275 5716 praeceptum
2309 5651 2432 5715 tegis
2459 5651 2783 5715 impleretur.
2821 5654 3040 5718 Propter
3065 5653 3206 5717 quod
3231 5654 3327 5704 ait.
