3930 6168
523 207 654 260 1623

1969 209 2025 262 S.
2066 206 2378 262 AMBROSII

3677 229 3786 283 1624

519 348 589 386 ne
617 332 861 403 apostoli
887 333 1090 387 electio
1121 349 1156 386 a
1181 333 1450 387 mandato
1481 333 1800 405 discrepare
1828 334 1972 404 legis
1997 338 2144 390 vete-
2165 345 2222 418 Α
2244 350 2417 404 quam
2471 337 2730 391 voluntas
2782 338 3039 408 elegerit,
3093 355 3205 394 non
3259 345 3448 398 natura
3497 345 3788 421 formaverit,

515 426 592 480 ris
620 426 906 482 videretur
937 427 1060 496 (32).

585 521 759 590 (Vers.
815 522 919 590 11.)
969 523 1247 590 Apparuit
1296 527 1474 575 autem
1515 522 1606 576 illi
1645 523 1871 591 angelus
1925 525 2143 577 Domini

511 622 661 670 stans
687 633 718 668 (ι
741 617 949 670 dextris
977 617 1174 669 altaris
1198 617 1420 669 incensi.

581 712 671 764 24.
723 711 844 762 Non
893 708 1184 762 immerito
1239 707 1479 779 angelus
1534 709 1759 763 videtur
1801 709 1861 762 in
1907 711 2137 779 templo,

513 805 645 875 quia
686 803 800 857 veri
843 803 1162 856 Sacerdotis
1193 802 1314 872 jam
1356 802 1729 856 nuntiabatur
1764 803 2056 870 adventus,
2085 809 2141 858 et

510 899 735 952 caeleste
758 896 1092 950 sacriﬁcium
1124 897 1446 967 parabatur,
1479 896 1535 950 in
1573 913 1686 967 quo
1715 897 1900 966 angeli
1937 897 2134 950 minis-

507 995 727 1046 trarent
770 991 878 1058 (Cf.
925 993 1071 1060 Aug.
1111 989 1272 1060 epist.
1323 990 1442 1056 148,
1480 990 1553 1043 al.
1602 993 1720 1058 111,
1764 995 1813 1044 et
1855 991 2030 1060 alibi).
2072 991 2140 1045 Et

507 1085 655 1138 bene
697 1084 1025 1155 apparuisse
1069 1083 1277 1137 dicitur
1321 1084 1391 1151 ei,
1426 1084 1523 1154 qui
1565 1099 1697 1137 eum
1739 1090 1974 1154 repente
2001 1100 2134 1139 con-

507 1178 708 1250 spexit.
737 1180 803 1232 Et
830 1178 938 1232 hoc
964 1177 1282 1248 specialiter
1306 1183 1402 1231 aut
1429 1178 1497 1231 de
1525 1178 1761 1247 angelis,
1794 1182 1892 1231 aut
1927 1178 1994 1232 de
2023 1179 2135 1233 Deo

508 1273 793 1344 Scriptura
822 1271 1013 1326 divina
1041 1278 1234 1325 tenere
1265 1272 1576 1337 consuevit,
1613 1277 1671 1324 ut
1711 1271 1863 1343 quod
1889 1288 2001 1326 non
2032 1289 2134 1342 po-

507 1372 617 1422 test
645 1365 960 1438 przevideri,
994 1381 1270 1436 apparere
1315 1365 1562 1432 dicatur;
1597 1365 1676 1420 sic
1719 1365 1869 1420 enim
1910 1365 2084 1420 habes
2118 1383 2131 1421 :

512 1482 540 1510 ‹‹
576 1459 852 1530 Apparuit
882 1461 1029 1514 Deus
1057 1459 1299 1512 Abrahae
1342 1458 1413 1512 ad
1452 1457 1638 1512 ilicem
1680 1459 1929 1513 Mambre
1959 1459 2132 1527 (Gen.,

506 1571 662 1622 XVIII,
697 1554 764 1622 l).
795 1574 823 1601 ››
856 1555 996 1608 Nam
1025 1553 1121 1623 qui
1148 1555 1282 1606 ante
1323 1568 1440 1606 non
1481 1553 1848 1622 prmsentitur
1877 1552 2007 1621 (33),
2037 1553 2134 1607 sed

506 1648 806 1719 repentino
860 1646 1088 1701 videtur
1131 1651 1380 1716 aspectu,
1431 1661 1703 1716 apparere
1756 1649 2127 1700 memoratur.

2244 429 2519 498 quoniam
2585 431 2858 501 Spiritum
2911 449 3137 503 quoque
3187 433 3361 488 visum
3413 440 3697 509 accepimus
3747 447 3791 502 in

2241 523 2524 579 columba.
2555 525 2620 578 Et
2663 525 2794 579 ideo
2825 525 3002 580 Deum
3038 541 3208 580 nemo
3248 527 3379 582 vidit
3418 546 3659 602 unquam,
3689 539 3794 606 quia

2241 630 2368 670 eam
2405 633 2534 687 qua:
2574 617 2634 670 in
2685 619 2794 672 Deo
2839 618 3054 672 habitat
3096 619 3490 689 plenitudinem
3533 625 3794 684 divinitatis

2239 726 2411 764 nemo
2446 711 2759 780 conspexit,
2806 727 2976 766 nemo
3020 717 3213 767 mente
3257 717 3352 768 aut
3391 717 3550 770 oculis
3584 734 3797 790 compre-

2239 803 2452 858 hendit.
2491 805 2643 860 Vidit
2669 805 2821 859 enim
2854 805 2926 859 ad
2965 810 3272 876 utrumque
3301 806 3540 880 1275
3579 812 3794 868 referen-

2240 899 2375 952 dum
2404 903 2504 953 est.
2530 901 2788 970 Denique
2814 917 2943 954 cum
2970 901 3198 956 additur
3225 919 3237 957 :
3273 924 3297 951 «
3327 904 3636 975 Unigenitus
3662 908 3800 964 Filius

2240 991 2358 1062 ipse
2389 994 2691 1062 enarravit,
2728 1016 2755 1043 »
2801 995 3084 1049 mentium
3130 995 3312 1066 magis
3347 1014 3508 1068 quam
3549 999 3800 1057 oculorum

2237 1081 2374 1136 visio
2413 1083 2761 1152 declaratur;
2795 1084 3010 1156 species
3046 1085 3200 1140 enim
3245 1087 3476 1154 videtur,
3513 1088 3670 1143 virtus
3694 1107 3801 1146 vero

2236 1180 2526 1243 narratur;
2574 1178 2670 1232 illa
2711 1178 2904 1244 oculis,
2937 1179 3057 1233 haec
3095 1186 3290 1235 mente
3331 1182 3800 1252 comprehenditur.

2305 1273 2394 1323 26.
2459 1271 2564 1326 Sed
2627 1271 2763 1343 quid
2817 1272 2885 1326 de
2948 1273 3216 1328 Trinitate
3283 1274 3506 1331 dicam?
3552 1276 3802 1347 Seraphim

2235 1364 2464 1434 quando
2491 1365 2684 1433 voluit,
2725 1366 3006 1436 apparuit,
3043 1371 3095 1420 et
3131 1383 3329 1422 vocem
3364 1368 3484 1437 ejus
3511 1369 3661 1424 Isaias
3682 1371 3804 1425 solus

2233 1457 2445 1511 audivit
2494 1459 2646 1527 (Isa.,
2693 1475 2769 1527 Vl,
2820 1460 2894 1526 6).
2945 1460 3222 1530 Apparuit
3272 1462 3530 1532 angelus,
3585 1465 3636 1516 et
3683 1479 3806 1518 nunc

2233 1556 2440 1620 praesto
2481 1555 2586 1619 est,
2629 1552 2727 1606 sed
2760 1568 2877 1607 non
2915 1553 3170 1620 videtur;
3215 1570 3402 1624 neque
3447 1555 3612 1609 etiam
3647 1555 3698 1610 in
3720 1573 3805 1627 po-

2233 1647 2437 1699 testate
2491 1648 2680 1698 nostra
2730 1648 2812 1699 est
2866 1645 3074 1712 videre,
3122 1647 3218 1701 sed
3273 1646 3331 1701 in
3381 1651 3643 1718 potestate
3689 1649 3810 1702 illius

505 1743 624 1796 Non
655 1741 805 1794 enim
833 1740 1100 1794 similiter
1127 1739 1416 1793 sensibilia
1443 1739 1723 1806 videntur,
1748 1745 1800 1793 et
1823 1739 1867 1792 is
1887 1739 1944 1793 in
1971 1740 2130 1809 cujus
2150 1717 2206 1789 Β
2231 1753 2530 1807 apparere.
2578 1739 2815 1806 Tamen,
2867 1739 2972 1793 etsi
3017 1743 3266 1809 potestas
3316 1756 3429 1795 non
3471 1743 3550 1794 est
3595 1740 3807 1810 videndi,

506 1837 798 1890 voluntate
823 1835 994 1889 situm
1020 1840 1106 1888 est
1133 1833 1334 1900 videri,
1371 1837 1427 1887 et
1457 1833 1616 1903 cujus
1647 1835 1867 1887 natura:
1900 1837 1985 1887 est
2015 1850 2130 1889 non

505 1929 684 1983 videri
720 1929 845 1998 (34),
886 1927 1188 1982 voluntatis
1217 1927 1412 1981 videri.
1445 1928 1587 1981 Nam
1625 1927 1668 1979 si
1701 1943 1813 1980 non
1844 1927 1981 1996 vult,
2012 1945 2129 1982 non

503 2023 758 2090 videtur;
814 2022 859 2075 si
914 2021 1063 2087 vult,
1117 2019 1362 2074 videtur.
1418 2021 1696 2090 Apparuit
1759 2020 1914 2074 enim
1979 2021 2129 2075 Deus

501 2115 763 2181 Abrahie,
792 2115 926 2185 quia
952 2113 1153 2181 voluit;
1177 2113 1290 2174 alii,
1316 2112 1446 2184 quia
1476 2113 1676 2181 noluit,
1700 2129 1815 2167 non
1842 2114 2124 2185 apparuit.

502 2209 698 2262 Visum
741 2215 824 2262 est
864 2206 1037 2262 etiam
1073 2207 1389 2277 Stephano,
1425 2223 1553 2260 cum
1583 2207 1930 2277 lapidaretur
1955 2224 1986 2260 a
2027 2223 2125 2277 po-

502 2304 658 2374 pulo,
689 2301 899 2373 aperiri
929 2302 1150 2369 coelum,
1174 2300 1357 2354 visum
1387 2304 1471 2354 est
1497 2301 1670 2355 etiam
1699 2303 1856 2356 Jesus
1883 2305 2035 2354 stans
2055 2300 2128 2355 ad

501 2398 788 2451 dexteram
820 2395 918 2450 Dei
955 2396 1119 2465 (Act.,
1152 2411 1246 2461 vn,
1278 2393 1395 2464 55);
1435 2400 1493 2448 et
1522 2411 1637 2449 non
1677 2397 1758 2448 est
1786 2395 1932 2448 visus
1961 2412 1992 2448 a
2023 2411 2124 2465 po-

501 2491 653 2562 pulo.
687 2489 836 2544 Vidit
869 2490 1037 2544 Isaias
1063 2488 1371 2543 Dominum
1393 2488 1642 2544 Sabaoth
1666 2489 1814 2557 (Isa.,
1839 2505 1908 2554 v1,
1938 2488 2005 2559 1),
2030 2489 2127 2543 sed

501 2586 644 2639 alius
668 2583 858 2639 videre
891 2600 1007 2638 non
1045 2581 1252 2654 potuit,
1287 2581 1418 2652 quia
1450 2581 1542 2636 cui
1573 2582 1806 2652 placuit,
1839 2583 2123 2652 apparuit.

570 2682 654 2732 25.
689 2680 754 2734 Et
785 2677 921 2748 quid
967 2676 1034 2730 de
1078 2675 1403 2730 hominibus
1442 2675 1748 2745 loquimur,
1785 2691 1914 2729 cum
1952 2676 2123 2729 etiam

499 2773 569 2828 de
593 2772 730 2842 ipsis
769 2770 1087 2826 cozlestibus
1120 2769 1424 2824 virtutibus
1457 2774 1513 2822 et
1554 2769 1925 2840 potestatibus
1963 2769 2118 2840 lege-

498 2867 676 2922 rimus
702 2866 836 2936 (35),
864 2864 998 2936 quia
1019 2885 1046 2912 ‹‹
1077 2864 1253 2918 Deum
1280 2879 1451 2917 nemo
1471 2863 1611 2917 vidit
1639 2879 1894 2934 unquam
1919 2863 2120 2934 (Joan.,

498 2979 536 3029 I,
572 2961 696 3031 l8)?
727 2981 755 3010 n
784 2960 852 3012 Et
879 2956 1121 3024 addidit,
1155 2956 1312 3027 quod
1345 2957 1493 3010 ultra
1528 2956 1780 3011 caelestes
1818 2963 1900 3011 est
1930 2961 2117 3027 potes-

496 3059 686 3109 tates:
733 3073 761 3104 «
789 3051 1125 3122 Unigenitus
1165 3049 1334 3103 Filius
1378 3048 1475 3120 qui
1521 3056 1606 3103 est
1649 3049 1707 3102 in
1757 3049 1883 3103 sinu
1923 3049 2119 3117 Patris,

497 3149 617 3219 ipse
667 3144 950 3200 enarravit
1011 3144 1215 3212 (Ibid).
1265 3164 1292 3190 ››
1346 3147 1454 3198 Aut
1507 3143 1898 3213 acquiescatur
1949 3143 2124 3214 igitur

493 3256 722 3296 necesse
763 3241 866 3305 est,
899 3237 941 3290 si
972 3237 1151 3291 Deum
1191 3238 1415 3290 Patrem
1455 3252 1626 3290 nemo
1670 3237 1808 3290 vidit
1850 3253 2119 3308 unquam,

495 3333 700 3388 Filium
741 3331 926 3384 visum
973 3346 1098 3384 esse
1142 3329 1200 3383 in
1241 3329 1421 3384 veteri
1464 3331 1844 3397 Testamento;
1879 3334 1936 3383 et
1972 3331 2120 3384 desi-

495 3431 636 3482 nant
676 3423 927 3481 hmretici
969 3440 1039 3478 ex
1083 3423 1312 3494 Virgine
1355 3422 1408 3477 ei
1448 3423 1790 3495 principium
1835 3423 1991 3493 dare,
2025 3424 2121 3495 qui

473 3509 799 3592 antequam
849 3519 1178 3573 nasceretur
1232 3533 1299 3572 ex
1344 3516 1595 3588 Virgine,
1643 3517 1971 3586 videbatur;
2023 3523 2121 3573 aut

492 3617 647 3670 certe
689 3611 872 3669 refelli
915 3628 1033 3667 non
1081 3613 1288 3682 potest,
1338 3611 1424 3665 vel
1468 3613 1717 3679 Patrem,
1758 3613 1844 3664 vel
1893 3612 2116 3682 Filium,

490 3709 577 3764 vel
604 3709 758 3762 certe
800 3705 1076 3776 Spiritum
1121 3710 1400 3770 sanctum,
1438 3704 1482 3758 si
1523 3707 1713 3759 tamen
1750 3710 1833 3759 est
1877 3705 2118 3775 Spiritus

490 3801 669 3857 sancti
695 3799 831 3855 visio
858 3800 961 3871 (36)
1001 3797 1190 3870 (Aug,
1221 3800 1318 3854 loc.
1347 3798 1546 3869 citat),
1582 3815 1648 3852 ea
1689 3800 1873 3869 specie
1917 3799 2114 3869 videri,

554 3924 648 3986 (31)
685 3922 928 3973 Sortium
956 3934 1121 3970 usum
1152 3921 1208 3970 in
1237 3921 1413 3970 veteri
1455 3920 1812 3971 Testamento
1853 3921 2116 3985 frequen-

490 4002 601 4046 tem
627 3995 824 4044 fuisset
853 3993 1066 4054 ignorat
1090 4005 1272 4041 nemo.
1306 3990 1413 4042 Sed
1443 4005 1548 4041 nec
1573 3991 1643 4041 ab
1681 3994 1913 4055 August.
1954 3994 2111 4055 epist.

487 4069 557 4118 a1.
587 4066 695 4125 180,
722 4077 874 4113 nunc
900 4064 1012 4122 228,
1039 4062 1186 4111 idem
1219 4075 1356 4112 usus
1389 4063 1446 4111 in
1484 4075 1630 4112 novo
1661 4063 1822 4126 plane
1859 4064 2113 4127 repudia-

486 4140 593 4196 tur,
621 4139 672 4184 et
703 4135 758 4182 in
790 4133 959 4184 Cone.
990 4133 1197 4182 Barce].
1229 4147 1357 4182 ann.
1398 4134 1513 4188 599,
1543 4147 1664 4182 can.
1697 4135 1743 4195 3,
1787 4136 2113 4198 comproba-

486 4210 592 4255 tur.
622 4207 694 4254 At
719 4205 857 4254 forte
890 4204 1178 4252 mirabitur
1215 4204 1415 4266 aliquis
1439 4205 1723 4266 scripsisse
1761 4205 2113 4256 Ambrosium

484 4280 737 4325 nostrum
761 4278 966 4323 sortem
994 4273 1201 4323 idcirco
1231 4273 1345 4323 illic
1368 4273 1672 4323 adhibitam
1711 4289 1852 4336 esse,
1885 4289 1949 4325 ne
1987 4291 2112 4339 apo-

482 4346 603 4397 stoli
643 4345 822 4395 electio
867 4359 901 4394 a
940 4345 1193 4394 mandato
1239 4345 1544 4407 discrepare
1585 4344 1709 4408 legis
1750 4346 1938 4395 veteris
1966 4346 2111 4395 vide-

483 4422 649 4467 retur.
677 4415 999 4466 Difﬁcultas
1029 4419 1214 4464 autem
1241 4415 1370 4465 inde
1415 4415 1606 4473 oritur,
1642 4415 1790 4478 quod
1822 4417 1935 4477 jam
1979 4420 2110 4466 tunc

483 4487 803 4553 hujusmodi
850 4488 1055 4551 legales
1107 4486 1524 4537 observationes
1575 4487 1629 4535 in
1685 4486 2109 4537 desuetudinem

483 4561 686 4611 abiisse
711 4562 1060 4610 censeantur.
1089 4561 1163 4608 At
1189 4558 1360 4608 relato
1400 4557 1506 4608 hoc
1549 4558 1668 4619 ipso
1711 4558 1832 4608 loco
1871 4559 2111 4609 Venera-

481 4632 611 4682 bilis
644 4631 790 4680 Beda
837 4632 892 4678 in
931 4632 1070 4680 Acta
1114 4630 1490 4693 apostolorum
1533 4629 1830 4692 objectioni
1873 4632 2114 4680 occurrit

481 4703 550 4753 ad
595 4716 723 4752 eum
758 4701 984 4750 modum
1025 4717 1036 4749 :
1070 4717 1099 4748 «
1139 4701 1396 4750 Matthias
1431 4705 1558 4750 ante
1606 4704 1981 4763 pentecosten,
2024 4701 2110 4748 in-

482 4775 620 4837 quit,
668 4771 952 4820 ordinatus
995 4775 1138 4820 sorte
1186 4773 1488 4835 quaeritur;
1531 4773 1661 4834 quia
1711 4771 1925 4820 scilicet
1969 4785 2110 4821 non-

481 4846 613 4895 dum
646 4847 762 4894 erat
789 4843 1076 4907 plenitudo
1101 4842 1340 4906 Spiritus
1369 4844 1545 4892 sancti
1575 4841 1764 4891 effusa.
1793 4860 1819 4887 »
1848 4842 2003 4892 Unde
2029 4844 2111 4893 sic

479 4917 690 4978 colligit
751 4930 760 4962 :
813 4931 841 4960 «
903 4915 1092 4964 Donec
1159 4915 1363 4963 veritas
1418 4913 1818 4975 compleretur,
1876 4914 2107 4978 figuram

478 4990 637 5040 licuit
678 4986 942 5036 exerceri.
996 4985 1128 5035 Inde
1187 4989 1269 5034 est
1320 4985 1470 5048 quod
1523 4985 1778 5034 Matthias
1825 4987 1921 5048 qui
1982 4991 2109 5038 ante

476 5063 835 5124 pentecosten
881 5057 1179 5116 ordinatur,
1220 5061 1366 5104 sorte
1411 5056 1697 5119 quaeritur.
1727 5074 1753 5100 »
1785 5056 1854 5105 Et
1899 5056 2005 5107 hoc
2051 5059 2107 5106 in

477 5129 874 5194 posterioribus
899 5142 965 5177 eo
993 5127 1304 5187 conﬁrmat,
1337 5125 1488 5190 quod
1512 5129 1699 5188 postea
1741 5127 1795 5174 in
1834 5127 2108 5178 electione

477 5202 835 5251 diaconorum
864 5199 1016 5248 nulla
1043 5211 1161 5248 sors
1187 5201 1526 5247 memoratur
1549 5197 1928 5247 intervenisse.
1963 5199 2107 5248 Addi

477 5274 642 5323 etiam
678 5274 857 5335 potest
889 5271 943 5319 id
971 5270 1110 5319 forte
1135 5283 1200 5319 eo
1237 5269 1401 5317 modo
1445 5272 1729 5330 peractum
1764 5281 1901 5328 esse,
1929 5273 1989 5317 ut
2037 5283 2108 5320 ne

475 5343 687 5393 Judaais
715 5356 911 5393 recens
938 5341 1006 5390 ad
1027 5340 1194 5391 fidem
1231 5339 1515 5390 conversis
1541 5337 1862 5388 offensionis
1888 5339 2108 5390 daretur

477 5413 716 5472 occasio,
746 5426 914 5475 quam
942 5413 1116 5474 ipsam
1145 5410 1215 5459 ob
1243 5423 1468 5459 causam
1499 5411 1742 5459 Actuum
1778 5423 1880 5458 XVI
1917 5425 2106 5459 narra-

476 5487 566 5530 tur
588 5482 888 5545 Apostolus
930 5481 1285 5532 Timotheum
1329 5485 1486 5544 patre
1529 5479 1723 5542 gentili
1767 5485 1958 5528 natum
1998 5483 2104 5530 cir-

477 5553 831 5603 cumcidisse.
859 5553 1046 5603 Adisis
1091 5553 1523 5602 Thomassinum
1570 5550 1788 5614 Discipl.
1833 5551 1968 5601 Eccl.
2009 5552 2104 5602 lib.

477 5634 533 5681 II,
561 5634 683 5682 cap.
712 5623 787 5671 14.

534 5688 1000 5808 ἐι32)ι(]οτ1).οοὰ.,
1031 5698 1087 5743 ut
1123 5693 1351 5757 apostoli
1388 5692 1564 5744 electio
1611 5705 1646 5742 a
1684 5691 1938 5742 mandato
1983 5692 2105 5755 legis

570 5770 656 5808 ere
679 5771 762 5808 ur.

477 5759 762 5809 videretur.

2130 4447 2188 4519 D

2231 1834 2315 1884 est
2346 1831 2528 1901 gratia
2563 1832 2932 1902 promerendi
2971 1835 3033 1886 ut
3068 1833 3262 1888 videre
3305 1833 3595 1905 possimus.
3622 1836 3684 1888 Et
3706 1833 3811 1889 ideo

2229 1924 2328 1993 qui
2348 1923 2549 1979 habuit
2575 1924 2844 1994 gratiam,
2867 1925 3075 1981 meruit
3094 1926 3350 1997 copiam;
3375 1944 3478 1982 nos
3498 1927 3699 1998 copiam
3719 1943 3810 1981 non

2228 2033 2532 2084 meremur,
2555 2018 2690 2088 quia
2707 2020 2889 2073 Deum
2906 2019 3132 2075 videndi
3155 2021 3392 2091 gratiam
3415 2037 3528 2076 non
3552 2020 3811 2075 habemus.

2298 2115 2386 2164 27.
2439 2112 2506 2165 Et
2547 2111 2683 2182 quid
2722 2112 2934 2166 mirum
2976 2112 3021 2166 si
3061 2113 3120 2168 in
3171 2114 3437 2184 praesenti
3477 2115 3689 2181 saeculo,
3727 2113 3811 2167 nisi

2227 2204 2458 2274 quando
2483 2205 2620 2273 vult,
2651 2205 2931 2260 Dominus
2956 2223 3070 2260 non
3097 2207 3364 2262 videtur?
3392 2210 3452 2264 III
3479 2207 3596 2278 ipsa
3623 2223 3815 2278 quoque

2228 2299 2639 2352 resurrectione
2679 2315 2794 2352 non
2837 2299 2998 2354 facile
3041 2306 3123 2355 est
3171 2302 3356 2356 Deum
3398 2302 3600 2368 videre,
3634 2300 3729 2353 nisi
3763 2299 3814 2353 iis

2228 2391 2324 2461 qui
2352 2393 2518 2446 corde
2545 2396 2678 2446 sunt
2701 2393 2935 2447 mundo.
2981 2395 3047 2447 Et
3074 2395 3206 2450 ideo
3245 2395 3326 2448 ait
3359 2412 3371 2449 :
3403 2416 3430 2442 ‹‹
3461 2395 3607 2450 Beati
3634 2393 3816 2448 mundo

2227 2485 2429 2552 corde;
2469 2485 2580 2556 ipsi
2623 2486 2778 2540 enim
2820 2487 2995 2542 Deum
3039 2487 3318 2543 videbunt
3348 2489 3587 2559 (Matth.,
3628 2505 3674 2554 v,
3702 2489 3763 2554 8).
3794 2509 3814 2535 »

2227 2579 2479 2643 Quantos
2507 2580 2702 2634 beatos
2719 2580 2842 2650 jam
2868 2586 3288 2648 numeraverat,
3318 2589 3375 2636 et
3407 2586 3597 2637 tamen
3622 2580 3815 2636 videndi

2225 2672 2312 2726 his
2360 2673 2534 2734 Deum
2585 2689 2700 2727 non
2744 2673 3086 2744 promiserat
3129 2675 3491 2730 facultatem!
3535 2676 3587 2730 Si
3633 2690 3755 2744 ergo
3789 2673 3817 2726 ii

2225 2766 2321 2837 qui
2349 2765 2564 2821 mundo
2607 2771 2740 2820 sunt
2765 2768 2950 2836 corde,
2989 2769 3167 2822 Deum
3204 2769 3506 2838 videbunt,
3539 2769 3722 2839 utique
3745 2767 3822 2821 alii

2222 2876 2337 2914 non
2363 2860 2653 2914 videbunt.
2682 2861 2874 2932 Neque
2903 2861 3056 2915 enim
3097 2861 3330 2933 indigni
3357 2865 3531 2918 Deum
3558 2862 3818 2928 videbunt,

2222 2969 2408 3023 neque
2454 2953 2500 3006 is
2543 2953 2640 3024 qui
2685 2955 2862 3008 Deum
2908 2954 3099 3009 videre
3143 2956 3412 3026 noluerit,
3457 2959 3637 3028 potest
3672 2956 3821 3009 Deum

2223 3046 2433 3101 videre.
2464 3048 2574 3101 Nec
2600 3046 2657 3100 in
2682 3047 2806 3102 loco
2839 3049 2981 3104 Deus
3007 3048 3247 3114 videtur,
3284 3050 3386 3104 sed
3417 3050 3628 3104 mundo
3656 3048 3818 3114 corde,

2224 3155 2330 3194 nec
2386 3139 2779 3210 corporalibus
2823 3141 2996 3196 oculis
3040 3143 3188 3197 Deus
3246 3144 3550 3215 quaeritur,
3594 3159 3692 3199 nec
3734 3141 3822 3195 cir-

2224 3233 2622 3287 cumscribitur
2667 3235 2806 3301 visu,
2848 3251 2954 3289 nec
2994 3241 3146 3292 tactu
3191 3242 3444 3305 tenetur,
3490 3253 3591 3292 nec
3625 3235 3823 3290 auditur

2224 3325 2422 3394 aifatu,
2462 3343 2566 3382 nec
2603 3329 2850 3384 sentitur
2886 3329 3126 3384 incessu.
3169 3331 3238 3384 Et
3273 3348 3407 3385 cum
3446 3331 3645 3386 absens
3687 3333 3822 3400 puta-

2222 3423 2333 3487 tur,
2387 3420 2638 3489 videtur;
2687 3426 2745 3476 et
2789 3439 2919 3477 cum
2969 3440 3223 3494 praesens
3269 3431 3394 3492 est,
3442 3441 3555 3479 non
3608 3423 3820 3478 videtur.

2222 3514 2470 3586 Denique
2522 3531 2628 3570 nec
2671 3516 2909 3586 apostoli
2959 3533 3160 3571 omnes
3208 3519 3504 3573 Christum
3556 3516 3822 3580 videbant;

2221 3611 2278 3661 et
2313 3608 2442 3663 ideo
2490 3608 2571 3663 ait
2611 3626 2624 3662 :
2679 3629 2706 3660 (ι
2748 3611 2922 3664 Tanto
2973 3615 3230 3682 tempore
3276 3611 3572 3666 vobiscum
3614 3626 3747 3675 sum,
3781 3614 3820 3660 et

2217 3701 2402 3756 adhuc
2448 3718 2541 3758 me
2590 3719 2703 3757 non
2755 3704 3099 3774 cognovistis
3146 3705 3352 3776 (Joan.,
3399 3723 3516 3774 xxv,
3560 3705 3640 3775 9)!
3681 3727 3704 3753 ››
3741 3701 3827 3766 Olli

2220 3795 2373 3850 enim
2411 3797 2679 3867 cognovit
2725 3813 2851 3867 quae
2903 3797 2974 3852 sit
3015 3798 3274 3868 latitudo,
3333 3804 3392 3854 et
3437 3797 3746 3870 longitudo,
3781 3797 3826 3847 et

2279 3917 2377 3978 (33)
2408 3917 2559 3968 Idem
2589 3915 2754 3968 Corb.
2781 3921 2836 3969 et
2859 3918 2950 3968 alii
2977 3919 3207 3983 aliquot,
3252 3926 3381 3971 ante
3419 3934 3529 3971 non
3568 3923 3827 3984 prasente-

2217 3994 2318 4038 tur.

2279 4061 2375 4120 (31)
2402 4059 2494 4111 Sic
2518 4072 2710 4110 omnes
2741 4074 2871 4110 mss.
2905 4075 2970 4112 ac
3000 4066 3107 4110 vet.
3137 4061 3271 4112 edit.
3300 4063 3468 4114 Rom.
3501 4075 3629 4113 vero
3667 4063 3827 4111 locum

2214 4133 2487 4182 contraxit
2513 4133 2568 4181 in
2607 4133 2755 4183 hanc
2795 4134 3046 4196 formam,
3087 4135 3247 4184 situm
3294 4141 3372 4186 est
3417 4135 3608 4194 videri,
3650 4138 3829 4182 natura

2210 4217 2331 4252 vero
2356 4209 2429 4252 est
2455 4217 2560 4253 non
2586 4204 2773 4253 videri.

2276 4275 2369 4336 (35)
2397 4273 2539 4324 Cum
2586 4288 2750 4324 nemo
2794 4275 3103 4326 catholicus
3156 4276 3446 4340 ambigere
3491 4277 3677 4340 possit,
3715 4274 3827 4337 quin

2211 4345 2358 4395 beati
2405 4345 2585 4408 angeli
2623 4359 2843 4409 semper
2887 4347 3111 4396 videant
3156 4348 3360 4397 faciem
3409 4349 3604 4408 Patris,
3646 4344 3828 4394 intelli-

2211 4414 2425 4477 gendus
2454 4414 2546 4464 hic
2576 4415 2731 4465 locus
2760 4415 2828 4465 de
2859 4417 3089 4478 visione,
3119 4423 3181 4466 ut
3223 4422 3454 4478 vocant,
3497 4414 3828 4480 comprehcn-

2211 4487 2344 4535 siva.
2392 4485 2555 4547 Quod
2604 4486 2829 4548 quidem
2868 4487 2984 4549 ipse
3026 4486 3219 4538 doctor
3265 4489 3410 4537 satis
3450 4493 3638 4550 aperte
3682 4484 3829 4548 signi—

2212 4555 2367 4616 ﬁcat,
2417 4556 2551 4605 dum
2609 4557 2750 4606 infra
2805 4557 2996 4607 subdit
3043 4572 3053 4604 :
3111 4557 3503 4620 plenitudinem
3563 4554 3830 4606 divinitati:

2210 4640 2360 4677 nemo
2404 4629 2698 4691 conspexit,
2743 4641 2890 4678 nemo
2942 4634 3110 4678 mente
3152 4634 3246 4677 aut
3295 4629 3470 4680 oculis
3520 4626 3830 4691 comprehen—

2210 4699 2302 4748 dit.
2364 4700 2554 4764 Neque
2605 4714 2735 4751 vero
2787 4701 2944 4751 aliter
2986 4700 3383 4763 accipiendum
3441 4706 3528 4750 est.
3587 4697 3728 4763 quod
3769 4696 3830 4744 ait

2214 4770 2641 4834 Chrysostomus
2677 4787 2688 4819 :
2747 4771 2878 4819 Ἐπεὶ
2911 4770 3030 4818 αὐτὸ
3065 4771 3180 4833 ὅπερ
3219 4771 3348 4818 ἐστὶν
3389 4772 3416 4818 ὁ
3451 4771 3573 4824 θεὸς
3601 4770 3657 4817 οὐ
3703 4767 3826 4830 μόνον

2207 4844 2466 4906 προφῆται,
2535 4842 2655 4890 ἀλλὰ
2724 4842 2832 4890 οὔτε
2897 4844 3090 4904 ἄγγελοι
3158 4842 3282 4890 εἶδον
3362 4842 3477 4890 οὔτε
3547 4840 3827 4904 ἀρχάγγεὶοι·

2212 4915 2347 4962 Nam
2387 4915 2440 4962 in
2478 4912 2842 4976 sequentibus
2880 4911 3028 4961 haud
3067 4911 3347 4974 ambiguis
3393 4911 3582 4963 verbis
3628 4924 3684 4982 se
3729 4910 3826 4982 ipse

2209 4985 2454 5046 exponit,
2499 4983 2598 5031 ubi
2640 4982 2794 5042 dicit,
2831 4981 2944 5029 ἀλλ’
2979 4982 3132 5036 οὕτως
3179 4982 3338 5037 οὐδεὶς
3375 4982 3505 5031 οἶδεν
3549 4985 3614 5036 ὡς
3658 4981 3683 5028 ὸ
3720 4979 3823 5028 Υἱὸς.

2208 5055 2278 5104 Et
2311 5055 2452 5103 infra
2477 5054 2656 5104 eidem
2683 5053 2823 5103 Filio
2854 5053 3047 5102 tribuit
3081 5054 3205 5114 soli,
3235 5054 3416 5116 ἀκριϐῆ
3442 5053 3528 5101 τοῦ
3556 5051 3733 5114 Πατρὸς
3753 5060 3826 5092 κα·

2206 5126 2422 5188 τάληψιν.

2271 5198 2364 5259 (36)
2403 5196 2558 5246 Rom.
2597 5196 2733 5245 edit.
2777 5195 2913 5255 sola,
2953 5195 2998 5244 si
3035 5200 3211 5245 tamen
3256 5198 3308 5244 et
3359 5195 3604 5258 Spiritus
3640 5192 3827 5242 sanctus

2207 5269 2349 5316 visus
2374 5271 2466 5317 est.
2494 5267 2554 5316 Id
2592 5271 2780 5317 autem
2815 5270 3176 5317 autumamus
3207 5280 3272 5316 eo
3316 5279 3494 5316 sensu
3535 5263 3826 5324 intelligen-

2208 5338 2339 5386 dum
2375 5353 2484 5401 quo
2527 5338 2583 5390 S.
2629 5339 2871 5387 Thom.I
2907 5342 3043 5400 part.
3078 5340 3275 5401 quiest.
3325 5337 3410 5398 43,
3451 5340 3552 5386 art.
3591 5337 3636 5394 7,
3679 5329 3740 5381 ad
3782 5327 3823 5385 6.

2207 5414 2369 5471 negat
2425 5411 2480 5458 in
2537 5413 2644 5459 vet.
2702 5410 3056 5459 Testamento
3112 5409 3317 5458 factam
3373 5408 3552 5457 fuisse
3611 5402 3827 5466 Spiritus

2205 5482 2382 5530 sancti
2414 5480 2690 5529 visibilem
2720 5481 3057 5530 missionem.
3086 5479 3357 5543 Alioquin
3391 5478 3547 5547 enim
3575 5482 3823 5547 tres_p0_r-

2205 5565 2370 5600 sonas
2396 5549 2492 5601 SS.
2525 5551 2806 5600 Trinitatis
2835 5550 3150 5600 Abrahamo
3179 5542 3513 5612 apparuisse
3538 5542 3743 5610 liquido
3777 5542 3825 5586 in

2206 5622 2362 5672 libris
2394 5621 2463 5672 de
2487 5621 2679 5673 eodem
2710 5621 3040 5687 patriarcha,
3073 5625 3126 5672 et
3153 5620 3283 5672 alibi
3317 5619 3490 5670 tradit
3533 5617 3623 5668 hic
3657 5613 3827 5664 noster

2205 5693 2549 5744 Ambrosius.
