3930 6168
187 232 304 284 1625

1256 227 1736 287 ‘EXPOSITIONIS
1774 230 1843 288 IN
1882 231 2105 288 LUGAM
2146 233 2273 288 LIB.
2318 233 2356 285 Ι.

3359 235 3493 289 1626

179 351 410 439 altitudo,
442 356 496 407 et
536 352 905 423 profundum,
933 356 993 409 et
1030 352 1554 425 supereminentem
1581 354 1764 410 scien-
1787 368 2011 441 Axnx,
2058 357 2171 425 28).
2214 354 2458 411 Abraba
2495 353 2643 411 ﬁlius
2684 355 2853 411 datur
2891 356 3063 426 (Gem,
3106 373 3217 424 xxi,
3264 361 3339 428 2),
3388 359 3491 413 Za-

177 446 257 501 tiae
292 428 614 501 charitatem
658 447 887 514 Christi,
918 446 1060 501 vidit
1097 451 1155 501 et
1191 447 1496 514 Christum,
1537 448 1680 503 vidit
1705 452 1765 504 et

174 542 389 594 Patrem.
417 540 520 594 Nos
539 540 692 595 enim
705 540 831 612 jam
857 541 1172 596 secundum
1201 555 1430 596 carnem
1454 557 1573 597 non
1599 541 1760 597 novi-

174 649 282 687 mus
325 632 624 700 Christum,
682 633 782 688 sed
835 634 1151 688 secundum
1196 634 1489 705 spiritum;
1533 635 1765 705 spiritus

171 728 303 782 enim
337 729 470 781 ante
509 726 715 781 faciem
752 731 1009 782 nostram
1049 727 1302 785 Christus
1338 728 1628 797 Dominus,
1666 727 1764 800 qui

169 837 254 874 nos
282 819 338 873 in
368 835 601 875 omnem
636 818 1057 892 plenitudinem
1096 821 1200 877 Dei
1234 821 1623 878 misericordia
1661 838 1766 876 sua

167 914 378 984 implere
421 913 708 985 dignetur,
750 917 816 968 ut
860 914 1042 970 videri
1098 916 1274 986 possit
1321 933 1356 970 a
1398 915 1581 970 nobis.
1631 915 1763 970 Ideo

165 1023 280 1078 ergo
319 1007 583 1079 apparuit
627 1007 909 1063 Zacharia
955 1010 1192 1080 angelus
1226 1027 1269 1075 pa
1309 1009 1522 1065 dextris
1569 1009 1766 1063 altaris

162 1100 370 1169 incensi,
424 1101 557 1172 quia
611 1101 877 1173 apparuit
922 1119 1053 1157 cum
1096 1102 1292 1170 voluit,
1341 1119 1456 1157 non
1498 1102 1763 1174 apparuit

164 1193 393 1264 quandiu
420 1194 625 1250 noluit.

218 1290 298 1342 28.
361 1288 637 1359 Apparuit
686 1291 880 1344 autem
930 1306 965 1344 a
1016 1289 1231 1345 dextris
1281 1288 1478 1346 altaris
1527 1287 1765 1356 incensi,

160 1382 273 1452 quia
304 1380 507 1436 divinae
540 1380 761 1453 insigne
787 1382 1193 1439 misericordia
1227 1382 1519 1439 deferebat
1546 1399 1559 1437 :
1598 1402 1626 1430 «
1655 1384 1766 1438 Do-

160 1476 324 1530 minus
365 1475 570 1546 (enim)
609 1491 644 1530 a
686 1475 898 1530 dextris
947 1481 1033 1532 est
1071 1476 1236 1545 mihi,
1288 1491 1363 1531 ne
1400 1490 1769 1532 commovear

162 1570 305 1635 (Psal.
341 1585 430 1636 xv,
472 1570 552 1639 8).
599 1591 629 1619 »
669 1570 738 1623 Et
774 1568 954 1624 alibi:
987 1590 1016 1619 ‹‹
1044 1569 1323 1624 Dominus
1349 1568 1628 1640 protectio
1672 1572 1770 1624 tua

161 1678 309 1734 super
340 1678 581 1718 manum
612 1661 864 1718 dexterae
896 1667 1013 1718 tua
1051 1664 1218 1731 (Psai.
1257 1678 1382 1732 cxx,
1413 1664 1490 1733 5).
1520 1683 1548 1712 »
1587 1664 1769 1734 Atque

1865 448 2086 505 cbarias
2128 449 2447 505 exauditur.
2488 448 2754 505 Divinum
2802 449 2978 520 igitur
3021 465 3248 517 munus,
3292 451 3489 507 fecun-

1862 543 2008 599 ditas
2058 548 2141 598 est
2188 542 2461 614 parentis.
2518 546 2707 614 Agant
2760 543 2952 615 itaque
3004 545 3193 613 patres
3247 545 3489 614 gratias,

1861 636 1996 709 quia
2069 640 2516 708 generaverunt;
2586 636 2715 701 ﬁlii,
2785 636 2920 707 quia
2989 635 3250 706 generati
3324 641 3491 704 sunt;

1862 734 2108 799 matres,
2166 730 2300 801 quia
2348 729 2603 800 coniugii
2655 730 2908 800 pramiis
2957 728 3342 798 honorantur;
3391 730 3492 783 sti-

1861 824 2073 896 pendia
2111 823 2267 879 enim
2306 822 2526 878 militia
2565 839 2683 878 sua
2716 822 2818 878 ﬁlii
2857 828 3009 878 sunt.
3054 823 3266 876 Vernet
3297 820 3359 875 in
3394 821 3496 875 Dei

1862 918 2086 972 laudem
2134 922 2316 984 terra,
2368 917 2504 987 quia
2553 916 2790 983 colitur;
2845 914 3123 983 mundus,
3173 913 3308 986 quia
3359 928 3493 985 cog-

1862 1010 2145 1079 noscitur;
2202 1009 2482 1077 Ecclesia,
2536 1010 2671 1081 quia
2731 1009 2949 1065 devota
3006 1024 3250 1063 numero
3312 1008 3496 1079 plebis

1862 1110 2123 1175 augetur.
2170 1104 2279 1159 Nec
2321 1104 2500 1159 otiose
2537 1104 2597 1159 in
2634 1103 2913 1174 principio
2953 1103 3129 1172 (Gen.,
3174 1118 3235 1170 n,
3266 1102 3351 1171 24)
3387 1103 3497 1156 sta-

1863 1198 1969 1253 tim
2018 1197 2250 1253 Genesis
2300 1197 2401 1252 Dei
2438 1197 2602 1268 jussu
2644 1197 2973 1267 conjugium
3017 1196 3334 1268 copulatur,
3385 1193 3496 1248 nisi

1863 1297 1929 1349 ut
1970 1293 2202 1348 haresis
2241 1292 2587 1347 destruatur.
2635 1290 2725 1346 Sic
2769 1290 2925 1345 enim
2974 1291 3122 1344 Deus
3161 1288 3498 1360 conjugium

1864 1386 2152 1459 probavit,
2211 1390 2272 1440 ut
2315 1384 2616 1455 jungeret;
2680 1383 2759 1439 sic
2813 1386 3209 1439 remuneratus
3263 1387 3377 1448 est,
3438 1384 3499 1435 ut

1867 1480 2074 1552 quibus
2130 1477 2390 1534 sterilitas
2447 1476 2593 1532 ﬁlios
2644 1476 3009 1548 denegasset,
3068 1475 3248 1547 pietas
3304 1474 3498 1530 divina

1867 1573 2221 1629 concederet.

1939 1667 2114 1737 (Vers.
2148 1663 2256 1735 15.)
2278 1667 2350 1720 Et
2373 1667 2476 1720 erit
2499 1678 2727 1734 magnus
2751 1678 2931 1719 coram
2955 1665 3200 1719 Domino.

162 1756 351 1810 utinam
395 1755 566 1811 nobis
606 1771 832 1827 quoque
868 1755 1233 1813 adolentibus
1272 1756 1469 1811 altaria
1505 1754 1633 1827 (37),
1678 1772 1766 1810 sa—
1790 1734 1845 1806 B
1941 1734 2029 1816 3t.
2067 1760 2188 1814 Non
2223 1734 2476 1829 corporis
2512 1757 2625 1825 hic,
2654 1757 2755 1812 sed
2797 1757 3006 1812 anima
3042 1754 3499 1827 magnitudinem

163 1850 406 1906 criticium
445 1850 842 1906 deferentibus
880 1849 1103 1905 assistat
1140 1849 1414 1920 angelus,
1456 1849 1573 1903 imo
1615 1864 1768 1920 pra-

163 1944 273 1998 beat
322 1959 380 2001 se
441 1943 779 1998 videndum.
840 1944 962 1997 Non
1017 1943 1171 1998 enim
1227 1942 1453 1998 dubites
1511 1942 1771 1997 assistere

163 2036 423 2108 angelum,
469 2036 704 2107 quando
743 2036 998 2093 Christus
1036 2035 1269 2105 assistit,
1310 2034 1541 2107 quando
1580 2034 1768 2091 Chris-

122 2134 235 2197 ,tus
269 2130 627 2186 immolatur.
671 2151 699 2178 «
740 2128 965 2184 Etenim
1006 2129 1216 2201 pascha
1253 2134 1521 2185 nostrum
1560 2128 1769 2183 immo-

164 2224 278 2278 latus
316 2228 397 2278 est
424 2222 686 2280 Christus
730 2221 770 2293 (I
814 2224 958 2285 Cor.,
995 2239 1049 2290 v,
1081 2222 1158 2293 7).
1193 2245 1222 2273 »
1252 2223 1368 2277 Nec
1407 2222 1656 2276 verearis
1699 2236 1771 2275 ne

163 2317 393 2372 turbetur
442 2333 551 2374 cor
601 2319 769 2371 tuum
822 2316 1010 2388 angeli
1070 2315 1291 2371 visione
1343 2313 1773 2387 (perturbamur

163 2411 311 2476 enim,
339 2416 395 2465 et
418 2427 453 2465 a
485 2413 690 2469 nostro
720 2410 1042 2466 alienamur
1087 2408 1313 2476 affectu,
1352 2408 1584 2479 quando
1623 2424 1771 2478 pra-

161 2504 464 2576 stringimur
520 2505 757 2577 alicujus
798 2503 1105 2575 superioris
1146 2502 1444 2574 potestatis
1476 2500 1769 2572 occursu);

162 2597 287 2653 idem
309 2600 462 2655 enim
501 2600 739 2670 angelus
761 2599 860 2671 qui
887 2597 1195 2653 occurrerit
1221 2596 1405 2663 nobis,
1433 2594 1774 2651 conﬁrmem

164 2709 245 2748 nos
282 2694 511 2765 poterit,
539 2693 685 2749 sicut
717 2692 1013 2748 turbatum
1050 2693 1183 2745 ante
1221 2689 1506 2744 Zacharia
1532 2687 1775 2743 ﬁrmavit

164 2788 415 2857 animum,
451 2786 659 2843 dicens
686 2802 700 2841 :

222 2883 377 2949 (Vers.
432 2884 528 2944 13,
590 2880 694 2949 14.)
754 2882 832 2938 Ne
888 2880 1106 2940 timeas,
1160 2877 1454 2944 Zucharia,
1513 2878 1776 2945 quoniam

164 2991 252 3031 ecce
287 2978 454 3031 oratio
498 2979 593 3030 tua
631 2973 894 3029 exaudita
936 2968 1194 3044 1276
1226 2976 1302 3025 est
1345 2988 1361 3023 :
1405 2973 1456 3024 et
1496 2984 1635 3023 umor
1677 2972 1775 3022 tua

166 3070 407 3125 Elimbeth
436 3070 635 3141 pariet
672 3068 867 3137 ﬁlium,
905 3071 956 3122 et
994 3065 1208 3121 vocabis
1242 3078 1434 3119 nomen
1470 3062 1580 3133 ejus
1616 3064 1775 3117 Joan-
1796 3098 1851 3172 Ο

168 3179 287 3229 nem;
335 3170 387 3219 et
436 3165 552 3219 erit
592 3161 856 3230 gaudium
901 3159 1031 3225 tibi;
1075 3164 1125 3214 et
1170 3158 1333 3213 multi
1378 3158 1439 3211 in
1485 3157 1774 3211 nativitate

168 3257 255 3324 ejus
276 3258 610 3326 gaudebunt.

222 3351 297 3403 29.
346 3350 528 3405 Plena
582 3363 811 3418 semper
866 3350 924 3401 et
972 3343 1356 3400 redundantia
1404 3346 1537 3398 sunt
1587 3342 1776 3397 divina

166 3440 432 3509 beneﬁcia;
468 3457 592 3497 non
618 3440 826 3511 exiguo
857 3438 1161 3495 constricta
1189 3453 1453 3507 numero,
1484 3436 1584 3491 sed
1614 3434 1774 3491 uberi

169 3533 413 3592 bonorum
456 3540 799 3590 coacervata
832 3535 1138 3604 congestu;
1170 3536 1231 3587 ut
1275 3531 1368 3585 hic
1411 3529 1602 3601 primo
1648 3544 1773 3599 pre-

171 3630 369 3684 cationis
402 3631 651 3696 fructus,
679 3626 889 3682 deinde
921 3626 1127 3681 sterilis
1171 3629 1367 3696 partus
1401 3622 1616 3691 uxoris,
1652 3625 1778 3677 tum

170 3721 329 3778 latitia
378 3722 802 3795 plurimorum,
848 3724 907 3775 et
944 3717 1280 3791 magnitudo
1320 3717 1563 3772 virtutis.
1609 3717 1775 3771 Altis-

172 3815 277 3870 simi
316 3832 545 3888 quoque
594 3814 876 3885 propheta
922 3811 1282 3885 promittitur
1333 3828 1347 3865 :
1396 3811 1535 3882 quin
1583 3810 1775 3878 etiam,

176 3924 231 3964 ne
283 3927 387 3982 qua
450 3912 605 3965 esset
654 3907 970 3975 dubitatio,
1022 3906 1200 3961 futuri
1248 3920 1475 3976 quoque
1527 3904 1777 3959 vocabu-

173 4001 269 4057 lum
304 4003 656 4075 designatur.
700 4001 894 4056 Tantis
933 4000 1112 4071 igitur
1151 4015 1321 4070 supra
1358 4003 1554 4053 votum
1595 3997 1776 4052 ﬂuen-

174 4094 325 4165 tibus,
376 4114 490 4152 non
540 4095 830 4151 immerito
882 4093 1213 4149 difﬁdentia
1266 4108 1434 4162 pana
1488 4091 1781 4145 silentium

174 4191 243 4242 est
287 4206 300 4243 :
351 4190 509 4262 quod
574 4190 636 4244 in
696 4187 1106 4261 posterioribus
1161 4184 1616 4257 explanabimus.
1684 4183 1781 4238 So-

173 4279 346 4338 lemnis
393 4290 588 4340 autem
632 4281 831 4337 latitia
879 4286 964 4336 est
1015 4280 1074 4334 in
1129 4283 1257 4334 ortu
1306 4284 1364 4334 et
1411 4277 1781 4350 generatione

177 4382 505 4446 sanctorum;
565 4379 792 4431 sanctus
851 4373 1009 4429 enim
1062 4388 1182 4427 non
1234 4372 1420 4427 solum
1471 4374 1778 4443 parentum

1872 1854 2194 1911 declaravit.
2246 1855 2344 1909 Est
2384 1869 2572 1908 coram
2610 1852 2853 1909 Domino
2894 1851 3229 1923 magnitudo
3270 1850 3498 1917 anima,

1869 1948 2209 2019 magnitudo
2252 1947 2506 2016 virtutis;
2554 1951 2641 2001 est
2677 1946 2849 2001 etiam
2888 1944 3132 2017 parvitas
3170 1943 3399 2011 anima,
3442 1947 3502 1998 ct

1870 2041 2113 2113 pueritia
2165 2040 2408 2095 virtutis.
2449 2041 2621 2095 Juxta
2671 2039 2825 2094 enim
2874 2039 3083 2094 anima
3134 2039 3193 2092 et
3245 2035 3502 2108 corporis

1870 2150 2238 2190 numeramus
2273 2136 2488 2202 atates,
2529 2150 2644 2188 non
2684 2149 2787 2204 pro
2822 2132 3043 2188 ratione
3077 2129 3375 2202 temporis,
3405 2129 3503 2184 sed

1870 2244 1975 2299 pro
2030 2227 2299 2299 qualitate
2341 2226 2595 2295 virtutis;
2647 2232 2709 2281 ut
2757 2226 2842 2280 vir
2877 2225 3165 2296 perfectus
3209 2223 3307 2277 ille
3347 2222 3501 2278 dica-

1873 2327 1986 2391 tur,
2034 2320 2132 2392 qui
2174 2323 2363 2375 careat
2398 2335 2588 2375 errore
2631 2319 2913 2391 pueritia,
2955 2322 3012 2374 et
3051 2317 3334 2373 lubricum
3368 2315 3502 2370 ado-

1872 2414 2156 2470 lescentia
2204 2413 2385 2469 animi
2439 2412 2769 2468 maturitate
2813 2428 2927 2467 non
2970 2410 3214 2478 sentiat;
3268 2409 3503 2482 pusillus

1872 2512 2084 2575 autem,
2115 2507 2214 2579 qui
2238 2507 2459 2562 nullum
2487 2506 2670 2561 adhuc
2694 2505 2917 2560 virtutis
2952 2503 3214 2559 videatur
3240 2502 3501 2558 habuisse

1873 2617 2227 2674 processum.
2273 2600 2435 2656 Unde
2476 2600 2615 2654 illud
2658 2600 2719 2654 in
2761 2598 3038 2666 Jeremia,
3090 2612 3222 2652 cum
3264 2595 3502 2652 misere-

1874 2701 2033 2751 retur
2070 2695 2346 2750 Dominus
2378 2693 2643 2748 deﬁentis
2684 2693 2971 2763 Ephram,
3005 2694 3063 2746 et
3101 2694 3331 2763 peccata
3368 2704 3500 2760 pro-

1872 2790 1998 2861 pria
2034 2787 2389 2859 deprecantis
2424 2787 2532 2858 (38)
2564 2804 2577 2840 :
2613 2807 2641 2837 «
2682 2791 2724 2845 A
2753 2786 3077 2857 juventute,
3115 2784 3324 2856 inquit,
3370 2798 3505 2837 mea

1875 2883 2113 2938 dilectus
2156 2882 2303 2937 mihi
2344 2886 2429 2936 est
2471 2880 2622 2936 ﬁlius
2664 2880 2963 2951 Ephraln,
3001 2895 3145 2951 puer
3185 2877 3247 2932 in
3288 2875 3507 2932 deliciis

1877 2980 2113 3047 (Jerem.,
2152 2992 2296 3043 xxxx,
2330 2976 2443 3045 20).
2486 2996 2515 3024 ››
2558 2974 2612 3030 Si
2656 2974 2812 3029 enim
2848 2989 2967 3031 non
3014 2972 3214 3027 fuisset
3259 2986 3404 3042 puer
3444 2969 3507 3025 in

1875 3069 2120 3137 deliciis,
2162 3084 2457 3140 nunquam
2496 3068 2857 3140 peccavisset.
2901 3068 2968 3122 Et
3004 3066 3149 3122 bene
3193 3068 3507 3137 utrumque

1876 3164 2041 3232 dixit,
2070 3170 2128 3218 et
2152 3163 2209 3217 in
2242 3163 2475 3228 deliciis,
2507 3166 2567 3217 et
2594 3178 2873 3234 puerum;
2905 3163 2992 3216 est
3026 3160 3179 3214 enim
3214 3174 3376 3231 puer,
3406 3158 3505 3229 qui

1877 3274 1994 3313 non
2032 3262 2269 3329 peccat:
2300 3278 2327 3307 «
2360 3257 2502 3311 Ecce
2542 3272 2689 3327 puer
2728 3271 2911 3322 meus,
2952 3269 3122 3326 quem
3159 3252 3309 3323 elegi
3351 3252 3506 3323 (Isa.,

1876 3368 2022 3419 xuu,
2070 3352 2178 3421 t0).
2224 3373 2253 3402 »
2299 3352 2405 3405 Per
2447 3349 2672 3405 delicias
2723 3349 2917 3419 itaque
2968 3346 3236 3419 peccavit,
3283 3345 3381 3417 qui
3426 3345 3506 3400 ita

1876 3451 1999 3500 erat
2045 3444 2390 3499 informatus
2429 3460 2464 3497 a
2511 3442 2755 3497 Domino
2806 3442 2936 3511 (39),
2986 3445 3052 3495 ut
3091 3439 3312 3494 nescius
3358 3442 3505 3493 esset

1878 3538 2105 3594 erroris.
2142 3516 2297 3608 Ergo
2336 3541 2395 3591 et
2423 3537 2469 3591 si
2509 3552 2654 3607 puer
2693 3536 2750 3589 in
2791 3533 3006 3589 deliciis
3045 3549 3164 3588 non
3201 3522 3417 3599 fuisset,
3450 3534 3510 3586 et

1876 3631 1921 3685 si
1963 3631 2019 3685 in
2061 3631 2247 3685 virum
2286 3629 2600 3700 perfectum
2646 3627 2868 3682 virtutis
2912 3627 3277 3698 processisset
3320 3629 3505 3690 atate,

1879 3739 2175 3795 nunquam
2212 3723 2405 3794 lapsus
2440 3721 2638 3776 fuisset
2691 3743 2702 3774 :
2746 3726 2807 3775 ut
2843 3720 2926 3774 illi
2961 3735 3189 3774 necesse
3232 3722 3380 3773 esset
3419 3733 3510 3771 ve-

1878 3818 2033 3873 niam
2062 3832 2299 3872 suorum
2325 3821 2521 3886 petere
2551 3812 2805 3887 1277
2843 3813 3203 3875 delictorum,
3232 3827 3363 3865 cum
3391 3826 3506 3864 ma-

1882 3911 1969 3983 gis
1994 3911 2328 3965 meritorum
2357 3908 2596 3980 pramia
2620 3923 2851 3979 sperare
2872 3906 3125 3961 deberet.
3147 3904 3305 3969 Quod
3330 3903 3506 3958 etiam

1880 4004 2157 4059 Dominus
2199 4007 2392 4057 noster
2438 4002 2499 4056 in
2548 4001 2854 4072 Evangelio
2897 3999 3121 4054 videtur
3164 3997 3506 4070 exprimere,

1883 4113 2018 4152 cum
2046 4096 2226 4151 dicit:
2258 4118 2286 4145 (ι
2316 4096 2502 4151 Nolite
2538 4099 2910 4151 contemnere
2952 4109 3131 4147 unum
3177 4108 3243 4147 ex
3295 4089 3510 4163 pusillis

1880 4191 2001 4246 istis
2037 4190 2283 4261 (Matth.,
2325 4205 2479 4257 xvm,
2528 4188 2637 4260 10).
2676 4211 2702 4237 ››
2742 4189 2848 4244 Sed
2889 4189 3010 4242 loco
3054 4203 3156 4242 suo
3193 4186 3358 4257 plura
3397 4200 3512 4239 ser-

1882 4288 2105 4340 ventur.
2142 4285 2293 4355 Ergo
2332 4283 2570 4354 pusillus
2607 4281 2923 4337 contrarius
2962 4286 3047 4335 est
3077 4295 3309 4350 magno.
3339 4279 3403 4332 Et
3440 4277 3508 4344 si,

1875 4378 2045 4448 juxta
2096 4377 2459 4449 Apostolum,
2516 4375 2786 4447 parvulus
2840 4374 2943 4429 sub
3000 4373 3302 4427 elementis
3356 4375 3442 4425 est
3493 4388 3506 4423 :

180 4468 361 4537 gratia,
417 4470 517 4524 sed
577 4469 750 4523 etiam
804 4467 954 4521 salus
1014 4471 1098 4520 est
1161 4464 1566 4535 plurimorum-
1624 4464 1780 4518 Unde
1799 4467 1859 4539 D
1883 4493 1911 4521 ‹‹
1939 4474 2080 4528 Cum
2111 4470 2307 4541 (enim)
2338 4485 2594 4524 essemus
2622 4466 2859 4539 parvuli,
2887 4466 2992 4520 sub
3019 4462 3315 4519 elementis
3340 4462 3511 4531 hujus

179 4559 530 4617 admonemur
566 4562 676 4617 hoc
722 4562 842 4616 loco
887 4564 1216 4614 sanctorum
1261 4558 1636 4628 generatione
1679 4558 1781 4611 la-

180 4652 289 4708 tari.

237 4749 314 4802 30.
360 4750 757 4804 Admonentur
810 4747 982 4801 etiam
1039 4748 1302 4817 parentes
1351 4744 1561 4815 gratias
1614 4760 1785 4814 agere

185 4851 278 4892 non
316 4841 502 4897 minus
544 4858 648 4912 pro
680 4846 829 4907 ortu,
876 4855 1048 4910 quam
1101 4855 1205 4910 pro
1251 4837 1471 4892 meritis
1501 4837 1778 4905 ﬁliorum;

184 4943 277 4984 non
314 4934 462 4989 enim
500 4934 791 4990 mediocre
832 4949 1038 4987 munus
1087 4936 1171 4986 est
1216 4931 1333 4999 Dei,
1382 4931 1522 4985 dare
1576 4930 1782 4984 liberos

186 5032 554 5097 propagatores
597 5028 840 5099 generis,
892 5025 1259 5081 successionis
1306 5024 1585 5079 haredes.
1635 5024 1782 5094 Lege

186 5114 325 5172 Iacob
348 5120 646 5177 duodecim
671 5121 922 5176 ﬁliorum
945 5119 1310 5190 generatione
1338 5118 1584 5189 gaudere
1610 5116 1779 5187 (Gem,

238 5266 320 5328 (37)
348 5269 520 5332 Hujus
543 5270 650 5320 loci
676 5268 996 5320 testimonio
1025 5268 1199 5317 utitur
1218 5267 1362 5317 card.
1400 5268 1569 5317 Bona.
1593 5268 1784 5317 Rerum

190 5334 366 5403 Liturg.
413 5341 506 5391 lib.
547 5355 595 5397 ι,
641 5355 760 5405 cap.
806 5341 888 5400 25,
936 5354 1092 5390 num.
1137 5341 1195 5400 9,
1239 5344 1303 5390 ut
1357 5339 1785 5389 thuriﬁcationis

192 5409 538 5474 antiquitatem
571 5412 787 5477 probet.
815 5410 925 5463 Sed
953 5424 1019 5462 eo
1052 5425 1165 5461 non
1191 5412 1379 5461 minus
1418 5410 1784 5460 demonstrari

195 5483 343 5536 Potest
378 5482 681 5534 admissum
731 5483 800 5533 ab
840 5483 1087 5545 antiquis
1130 5481 1389 5532 Patribus
1432 5482 1490 5531 in
1530 5480 1784 5531 Ecclesia

196 5558 357 5601 verum
390 5555 740 5616 sacriﬁcium,
767 5567 876 5617 qua
905 5553 976 5603 de
1016 5565 1077 5603 re
1112 5552 1388 5602 Ambrosii
1417 5556 1637 5603 exstant
1672 5552 1783 5603 loci

199 5623 491 5691 complures,
520 5630 577 5677 ut
602 5628 717 5691 jam
744 5624 876 5675 alibi
905 5623 1345 5675 observavimus.

252 5690 331 5752 (38)
379 5695 452 5743 Ita
492 5697 618 5747 edit.
664 5695 891 5747 Amerb.
932 5696 988 5744 in
1036 5707 1283 5759 corpore.
1311 5693 1437 5744 Era.
1478 5696 1534 5745 et
1569 5693 1698 5745 Gill.
1724 5694 1782 5744 in

204 5767 350 5826 “WE-
389 5779 510 5820 cmn
544 5780 683 5822 mss.
732 5767 847 5821 fere
884 5765 1172 5820 omnibus.
1216 5763 1363 5820 Edit.
1405 5769 1595 5817 autem
1632 5766 1781 5830 Era.,

1884 4564 2087 4620 mundi
2113 4580 2342 4618 eramus
2373 4564 2601 4634 (Gulat.,
2630 4577 2706 4628 ιν,
2740 4562 2822 4629 3);
2849 4580 2875 4609 ››
2905 4574 3042 4629 ergo
3073 4572 3316 4627 magnus
3343 4571 3513 4626 supra

1885 4659 2170 4711 elementa
2196 4655 2398 4710 mundi
2423 4658 2527 4709 est.

1957 4754 2044 4806 32.
2075 4751 2195 4806 Erit
2223 4750 2412 4819 itaque
2440 4750 2683 4803 Joannes
2715 4763 2952 4818 magnus
2991 4762 3107 4801 non
3140 4745 3346 4799 virtute
3387 4760 3511 4797 cor-

1884 4843 2056 4915 poris,
2088 4843 2187 4896 sed
2214 4842 2425 4895 anima
2467 4839 2889 4911 magnitudine.
2924 4839 3179 4909 Denique
3219 4854 3336 4891 non
3372 4836 3514 4889 ﬁnes

1885 4937 2125 5007 alicujus
2150 4934 2491 5007 propagavit
2518 4934 2765 5005 imperii,
2796 4949 2913 4987 non
2944 4932 3267 5002 triumphos
3294 4930 3513 4999 aliquos
3588 4968 3597 4973 ι

1884 5029 2071 5085 bellici
2128 5029 2451 5083 certaminis
2504 5028 2725 5083 adoreis
2784 5025 3145 5098 praoptavit;
3201 5023 3299 5077 sed
3359 5021 3511 5093 quod

1884 5128 1969 5178 est
2000 5122 2267 5194 amplius,
2313 5121 2370 5176 in
2410 5121 2636 5176 deserto
2682 5120 3015 5192 praedicans,
3055 5116 3280 5172 delicias
3320 5114 3511 5169 homi-

1884 5270 2021 5323 Gill.
2065 5284 2132 5322 ac
2177 5269 2344 5321 Rom.
2388 5271 2443 5320 in
2494 5283 2723 5334 corpore
2772 5282 2900 5321 cum
2956 5265 3310 5331 paucissimis
3358 5279 3511 5326 mss.,

1880 5347 2098 5406 peccata
2120 5342 2348 5406 prapria
2370 5340 2719 5404 deplorantis.

1946 5412 2045 5473 (39)
2090 5410 2297 5463 Omnes
2336 5411 2496 5472 edit.,
2527 5411 2621 5474 qui
2664 5423 2772 5459 non
2818 5409 2894 5457 ita
2946 5413 3061 5457 erat
3112 5406 3432 5468 informatus
3479 5422 3515 5457 α

1884 5484 2125 5534 Domino.
2169 5483 2378 5535 Omnes
2438 5497 2592 5544 mss.,
2635 5481 2731 5545 qui
2783 5481 2881 5539 ita,
2922 5480 3030 5541 vel,
3071 5479 3202 5543 quia
3250 5480 3321 5528 ita
3380 5484 3515 5539 erat,

1883 5558 1985 5606 etc.
2014 5556 2377 5619 Negationem
2417 5560 2602 5606 autem
2640 5555 2735 5605 hic
2776 5553 3113 5617 superﬂuam
3140 5565 3264 5603 esse
3300 5552 3517 5602 videtur

1882 5627 2016 5749 guttis
2056 5626 2303 5679 indicare
2332 5640 2572 5692 sequens
2605 5625 2894 5677 conclusio
2928 5639 2939 5673 :
2967 5625 3108 5688 Ergo
3139 5629 3184 5674 ει
3212 5623 3259 5675 si
3296 5637 3431 5689 puer
3460 5622 3517 5672 in

1919 5711 1946 5749 ο
1974 5698 2106 5749 iciis.
2143 5701 2251 5749 etc.

1882 5698 2106 5760 deliciis,
2143 5701 2251 5751 etc.
