3930 6168
458 201 591 277 162i
1924 225 1977 277 s.
2022 221 2336 279 AMBROSII
3349 195 3356 204 ’
3633 237 3740 290 1623

447 361 618 412 num,
663 343 1023 417 corporisque
1065 345 1354 401 lasciviam
1399 362 1606 418 magna
1649 347 1826 403 animi
1865 346 2072 402 virtute
2099 359 2155 432 Α
2246 346 2419 416 (Vers.
2465 347 2568 418 l7.)
2601 348 2817 402 Praeibit
2852 349 2912 401 in
2947 352 3227 418 conspectu
3265 349 3468 404 Domini
3500 355 3552 407 in
3579 358 3749 426 spiritu

443 439 736 510 depressit.
792 439 1060 493 Parvulas
1111 456 1248 511 ergo
1301 441 1359 494 in
1417 442 1652 508 saaculo,
1711 457 1956 513 magnus
2011 442 2072 496 in
2174 445 2223 495 et
2246 442 2448 496 virtute
2472 442 2627 496 Elite.

443 531 664 603 spiritu.
713 532 968 603 Denique
1023 534 1187 604 quasi
1233 551 1499 606 magnus,
1539 551 1641 590 nec
1691 535 1818 589 vitae
1870 540 2072 606 captus
2243 537 2330 589 36.
2388 535 2535 589 Bene
2579 534 2688 588 ista
2729 535 3082 605 junguntur;
3135 551 3425 606 nunquam
3469 539 3610 594 enim
3654 543 3753 600 sine

445 625 745 694 illecebris,
787 627 1082 682 sententiae
1118 629 1500 684 constantiam
1527 628 1750 683 vivendi
1792 628 2072 683 desiderio
2171 627 2378 683 virtute
2405 628 2656 699 spiritus,
2698 644 2801 683 nec
2840 628 2959 682 sine
2993 628 3196 699 spiritu
3221 628 3392 684 virtus
3421 635 3516 686 est.
3547 634 3608 687 Et
3642 635 3752 690 ideo

445 719 704 774 mutavit.
2172 720 2410 776 fortasse
2462 721 2519 774 in
2568 720 2768 792 spiritu
2815 725 2873 776 et
2917 720 3125 776 virtute
3174 720 3336 801 Eliaa,
3386 724 3515 794 quia
3557 734 3755 782 sanctus

513 813 687 879 (Vers.
741 814 850 883 l5.)
899 817 968 870 Et
1017 815 1249 884 Spiritu,
1294 815 1493 888 inquit,
1541 822 1730 871 sancto
1776 817 2074 886 replebitur
2172 815 2317 869 Elias
2345 818 2402 868 et
2431 814 2700 870 virtutem
2731 831 3000 886 magnam
3030 815 3227 870 habuit
3263 820 3318 870 et
3358 818 3587 886 gratiam
3623 821 3753 874 :vir-

442 905 619 960 adhuc
645 908 706 961 in
733 912 885 962 utero
909 912 1101 963 matris
1127 924 1260 963 suae.
2171 911 2374 974 tutem,
2415 913 2480 963 ut
2523 909 2593 963 ad
2640 909 2817 963 ﬁdem
2861 909 3085 963 animos
3128 909 3460 979 papulorum
3493 927 3524 964 a
3556 913 3759 981 perﬁdia

511 1002 598 1054 33.
630 1001 751 1055 Non
778 1007 862 1054 est
893 1001 1129 1056 dubium
1165 1017 1363 1056 verum
1403 1003 1512 1056 hoc
1548 1003 1740 1074 angeli
1777 1019 1896 1057 esse
1937 1019 2066 1074 pro-
2172 1007 2529 1072 retorqueret
2557 1019 2569 1056 :
2599 1002 2865 1057 virtutem
2901 1001 3261 1057 abstinentia:
3295 1007 3458 1073 atque
3483 1004 3760 1074 patientia),

441 1091 708 1163 missum;
737 1094 1021 1165 siquidem
1050 1099 1276 1150 sanctus
1305 1097 1572 1163 Joannes,
1603 1099 1906 1167 antequam
1937 1112 2066 1151 nas-
2173 1098 2232 1149 et
2271 1095 2530 1165 spiritum
2579 1096 2976 1166 prophetandi.
3020 1098 3079 1150 ln
3121 1095 3346 1150 deserto
3388 1096 3548 1162 Elias,
3590 1097 3642 1150 in
3687 1097 3766 1153 de-

443 1193 686 1255 ceretur,
737 1189 938 1242 matris
990 1188 1178 1243 adhuc
1227 1190 1284 1243 in
1341 1194 1502 1244 utero
1547 1190 1779 1260 positus,
1830 1190 2072 1260 Spiritus
2171 1193 2318 1242 serto
2355 1190 2630 1255 Joannes;
2674 1190 2765 1244 ille
2806 1189 2988 1243 corvis
3032 1189 3397 1259 pascebatur,
3439 1189 3530 1243 hic
3569 1189 3759 1258 dumis;

443 1280 657 1351 accepti
687 1282 925 1352 gratiam
959 1281 1291 1353 designavit.
1325 1283 1466 1337 Nam
1499 1299 1631 1338 cum
1665 1289 1723 1338 et
1758 1289 1916 1355 pater
1951 1285 2072 1354 ejus
2173 1286 2229 1336 et
2265 1282 2477 1336 calcata
2511 1281 2667 1336 omni
2713 1282 3014 1353 voluptatis
3055 1282 3343 1347 illecebra,
3389 1282 3765 1352 parcimoniam

442 1378 540 1428 aut
582 1377 766 1429 mater
794 1375 948 1428 nulla
991 1379 1124 1430 ante
1165 1376 1452 1430 mirabilia
1486 1376 1769 1443 fecissent,
1810 1377 1866 1430 in
1908 1382 2070 1432 utero
2172 1375 2441 1446 praetulit,
2492 1375 2800 1446 laxumque
2843 1375 3217 1446 contempsit;
3269 1374 3364 1429 ille
3409 1375 3591 1429 Achab
3634 1377 3766 1446 regis

441 1466 692 1536 parentis
751 1467 1046 1534 exsiliens,
1108 1469 1323 1538 parenti
1383 1469 1604 1524 Domini
1666 1469 2073 1540 evangelizavit
2172 1469 2414 1540 gratiam
2467 1485 2584 1523 non
2635 1469 2922 1539 quaesivit,
2976 1469 3066 1523 hic
3123 1469 3334 1539 sprevit
3384 1468 3637 1533 Herodis;
3687 1468 3766 1521 ille

443 1558 787 1628 adventum;
835 1561 912 1615 sic
951 1561 1105 1616 enim
1144 1562 1340 1630 habes,
1385 1563 1535 1633 quod
1572 1579 1702 1616 cum
1749 1562 2073 1616 advenisset
2170 1562 2474 1617 Jordanem
2526 1562 2745 1629 divisit,
2796 1562 2887 1616 hic
2937 1562 3010 1616 ad
3052 1563 3336 1616 lavacrum
3384 1562 3616 1615 salutare
3659 1577 3769 1616 con-

441 1656 627 1708 mater
655 1654 883 1709 Domini
918 1655 991 1709 ad
1030 1655 1335 1724 Elizabeth,
1373 1655 1451 1709 ait
1489 1656 1629 1709 illa:
1665 1659 1796 1710 Ecce
1834 1661 1896 1710 ut
1921 1658 2072 1723 facta
2173 1655 2370 1721 vertit;
2427 1655 2517 1709 hic
2571 1672 2701 1709 cum
2754 1655 2994 1710 Domino
3053 1659 3314 1709 versatur
3370 1655 3428 1708 in
3480 1653 3651 1723 terris,
3695 1653 3770 1707 ille

441 1751 520 1800 est
553 1747 815 1803 salutatio
858 1755 955 1803 tua
1000 1751 1057 1804 in
1098 1750 1326 1803 auribus
1369 1751 1522 1811 meis,
1557 1750 1848 1804 exsultavit
1888 1728 2149 1815 infansB
2174 1764 2305 1802 cum
2353 1748 2589 1803 Domino
2632 1753 2872 1818 apparet
2917 1747 2977 1801 in
3024 1747 3237 1818 gloria;
3285 1747 3376 1801 hic
3424 1745 3652 1817 prioris,
3692 1745 3771 1799 ille

443 1841 502 1892 in
530 1844 680 1894 utero
707 1856 819 1895 meo
851 1840 1023 1911 (Luc.,
1057 1860 1091 1908 1,
1123 1843 1211 1908 44,
1245 1843 1442 1912 infra).
1474 1842 1738 1896 Nondum
1770 1842 1926 1896 enim
1954 1847 2074 1898 erat
2173 1841 2460 1913 sequentis
2511 1841 2786 1895 Dominici
2833 1857 3146 1912 praecursor
3189 1841 3496 1908 adventus;
3541 1839 3629 1894 ille
3669 1843 3774 1908 post

444 1930 523 1984 illi
556 1932 786 2002 spiritus
817 1934 947 1989 vitae
985 1935 1118 2006 (40),
1148 1936 1242 1989 sed
1285 1935 1513 2006 spiritus
1557 1935 1776 2006 gratiae.
1811 1936 2073 2007 Denique
2174 1935 2486 1990 triennium
2514 1937 2860 1989 arescentem
2890 1934 3094 2005 pluviis
3129 1939 3344 1989 terram
3378 1932 3592 2004 rigavit,
3619 1935 3670 1987 et
3697 1931 3774 1985 hic

443 2031 499 2078 et
551 2025 684 2080 alibi
736 2027 960 2082 vivendi
1017 2029 1348 2083 substantiae
1411 2044 1759 2099 praecurrere
1820 2029 2072 2084 sanctifi‘
2174 2033 2300 2099 post
2335 2028 2645 2084 triennium
2676 2029 2851 2083 nostri
2883 2029 3136 2099 corporis
3170 2028 3417 2082 humum
3456 2025 3585 2081 ﬁdei
3615 2024 3773 2078 imbre

443 2119 606 2173 candi
648 2120 890 2189 gratiam
930 2122 1220 2192 potuimus
1257 2122 1576 2189 advertere,
1613 2138 1744 2176 cum
1785 2122 1922 2177 dicit
1959 2125 2071 2177 Do-
2173 2121 2450 2193 perfudit.
2481 2121 2699 2186 Quaeris
2727 2122 2879 2193 quod
2906 2121 3216 2176 triennium
3235 2121 3347 2176 sit?
3369 2141 3396 2169 α
3421 2121 3576 2186 Ecce,
3593 2117 3772 2189 inquit,

444 2213 676 2267 minus:
718 2235 745 2260 ‹‹
783 2214 1120 2286 Priusquam
1166 2215 1346 2270 exires
1387 2215 1458 2270 de
1501 2215 1686 2282 vulva,
1733 2215 2073 2271 sanctiﬁcavi
2174 2214 2310 2269 anni
2343 2220 2455 2270 tres
2493 2217 2645 2281 sunt,
2680 2232 2744 2270 ex
2783 2231 2898 2286 quo
2943 2215 3108 2269 venio
3149 2230 3415 2286 quaerens
3455 2213 3686 2267 fructum
3727 2209 3776 2262 in

448 2311 524 2372 te,
567 2312 625 2361 et
660 2309 1000 2378 prophetam
1043 2309 1100 2361 in
1150 2309 1414 2380 gentibus
1463 2309 1624 2380 posui
1661 2313 1711 2363 te
1756 2311 1990 2379 (Jerem.,
2033 2328 2070 2376 1,
2174 2309 2416 2364 ﬁculnea
2442 2308 2568 2375 hac,
2599 2311 2656 2364 et
2687 2324 2802 2363 non
2838 2308 3070 2362 invenio
3105 2309 3274 2378 (Lua,
3316 2323 3435 2376 x111,
3465 2311 3544 2374 7);
3590 2325 3615 2353 »
3653 2319 3776 2373 mys-

447 2400 517 2468 5).
574 2423 601 2449 »
655 2402 808 2455 Alius
858 2403 1011 2456 enim
1067 2407 1153 2456 est
1205 2403 1438 2473 spiritus
1491 2403 1621 2457 vitae
1673 2403 1878 2474 hujus,
1930 2404 2074 2458 alius
2173 2401 2316 2456 ticus
2366 2401 2518 2456 enim
2571 2417 2845 2456 numerus
2891 2401 3226 2468 debebatur,
3283 2407 3343 2455 ut
3387 2401 3535 2454 salus
3586 2395 3776 2468 populis

448 2493 646 2561 gratiae
675 2510 687 2547 :
719 2494 812 2549 ille
858 2495 1139 2550 nascendo
1187 2497 1360 2549 sumit
1403 2496 1724 2562 exordium,
1772 2497 2070 2551 moriendo
2177 2495 2532 2550 redderetur.
2574 2497 2732 2550 Unus
2781 2494 2836 2548 in
2891 2495 3230 2565 patriarchis
3282 2510 3464 2548 annus
3505 2509 3518 2545 :
3558 2490 3775 2559 denique

445 2586 760 2656 defectum;
794 2588 897 2642 iste
925 2605 1042 2643 non
1074 2589 1446 2658 temporibus,
1475 2606 1592 2644 non
1618 2590 1879 2644 aetatibus
1914 2606 2068 2644 coer-
2175 2588 2245 2641 de
2274 2587 2599 2643 hominibus
2635 2595 2770 2644 tunc
2801 2589 2936 2643 anni
2967 2592 3275 2660 proventus
3310 2589 3438 2656 fuit,
3472 2583 3643 2656 qualis
3677 2598 3774 2634 non

445 2685 624 2747 cetur,
677 2697 792 2736 non
852 2681 1009 2735 obitu
1061 2683 1474 2753 exstinguitur,
1530 2699 1647 2737 non
1700 2683 1822 2737 alvo
1877 2685 2073 2738 matris
2173 2682 2281 2736 fuit
2325 2686 2519 2753 postea
2563 2699 2734 2753 super
2784 2686 3014 2737 terram.
3047 2681 3203 2736 Alius
3249 2683 3306 2736 in
3351 2683 3536 2751 Moyse
3575 2682 3628 2731 et
3665 2690 3774 2746 pro-

446 2774 784 2828 excluditur.
833 2776 1084 2846 Denique
1125 2781 1180 2830 et
1219 2781 1409 2830 sancta
1448 2777 1620 2830 Maria
1666 2779 1836 2847 plena
1878 2780 2070 2832 sancto
2174 2776 2362 2847 phetis
2414 2776 2651 2830 caeteris.
2699 2776 2917 2830 Tertius
2962 2775 3018 2829 in
3067 2775 3299 2829 Domini
3350 2771 3647 2829 Salvatoris
3690 2766 3775 2820 ad-

444 2867 657 2938 Spiritu
696 2869 1059 2940 prophetavit
1094 2870 1264 2939 (Lua,
1312 2887 1346 2936 1,
1379 2870 1468 2936 46,
1501 2872 1712 2938 infra);
1749 2875 1804 2925 et
1840 2870 2072 2926 Eliszeus
2171 2873 2344 2923 ventu
2384 2885 2396 2922 :
2441 2869 2659 2937 «Ecce,
2699 2868 2904 2940 inquit,
2954 2885 3172 2922 annum
3217 2866 3442 2923 Domini
3489 2865 3776 2933 acceptum,

447 2967 706 3015 mortuus
731 2962 1063 3016 defunctum
1096 2963 1332 3016 cadaver
1359 2962 1606 3016 hominis
1643 2965 1787 3016 tactu
1830 2963 1916 3017 sui
1954 2980 2074 3017 cor—
2173 2968 2228 3017 et
2289 2962 2442 3016 diem
2505 2961 2900 3016 retributionis
2963 2961 3138 3030 (Luc.,
3206 2979 3281 3030 1v,
3354 2960 3460 3030 19).
3511 2979 3538 3007 ››
3585 2957 3645 3009 Et
3700 2953 3780 3006 ille

443 3055 599 3125 poris
643 3055 931 3109 suscitavit
973 3056 1054 3123 (ιν
1089 3058 1240 3124 Reg.,
1274 3071 1388 3122 x111,
1415 3055 1538 3125 2t);
1587 3058 1643 3109 et
1679 3055 1906 3110 Samuel
1944 3060 2144 3126 postn
2173 3055 2583 3126 paterfamilias
2650 3055 2748 3126 qui
2811 3055 3085 3126 plantavit
3139 3055 3409 3122 vineam,
3463 3068 3576 3106 non
3629 3045 3777 3102 semel

443 3153 712 3214 mortem,
755 3149 1065 3202 secundum
1094 3148 1395 3217 Scripturze
1431 3147 1843 3215 testimonium,
1879 3149 2068 3204 futura
2095 3143 2146 3162 υ
2173 3155 2457 3204 exactores
2480 3151 2793 3217 fructuum,
2823 3149 2920 3204 sed
2949 3149 3156 3220 saepius
3182 3146 3486 3204 destinavit
3515 3162 3527 3199 :
3559 3143 3779 3215 primum

445 3257 559 3294 non
587 3240 763 3295 tacuit
790 3243 830 3306 (l
861 3243 1011 3310 Reg.,
1042 3256 1225 3309 xxvm,
1264 3245 1321 3294 l7
1347 3243 1502 3309 seq.).
2169 3244 2452 3311 servulos,
2497 3243 2744 3296 secundo
2787 3243 2927 3297 alios
2966 3242 3219 3296 servulos
3262 3238 3592 3304 destinavit,
3630 3233 3778 3290 tertio

515 3335 599 3387 34.
655 3337 723 3389 Ει
773 3336 1019 3404 Spiritu,
1076 3334 1294 3405 inquit,
1356 3341 1540 3389 sancto
1600 3335 1912 3405 replebitur.
1968 3337 2067 3390 Cui
2167 3342 2359 3390 autem
2393 3335 2593 3389 Filium
2623 3352 2790 3389 suum
2820 3335 2976 3389 misit
3006 3336 3254 3404 (Matth.,
3284 3329 3636 3402 xx1,33-39).

444 3426 600 3480 enim
625 3426 784 3481 adest
809 3426 1051 3498 Spiritus
1078 3426 1298 3497 gratias,
1332 3427 1474 3480 nihil
1505 3427 1680 3482 deest.
1720 3429 1788 3480 Et
1823 3428 1911 3481 cui
1950 3429 2072 3499 Spi-
2239 3432 2326 3484 37.
2357 3429 2518 3483 Venit
2541 3445 2676 3500 ergo
2701 3430 2948 3483 Joannes
2975 3428 3035 3483 in
3066 3428 3268 3499 spiritu
3297 3433 3353 3482 et
3381 3426 3583 3480 virtute
3611 3420 3732 3476 Elite
3761 3434 3773 3469 :

442 3519 584 3574 ritus
618 3525 839 3575 sanctus
865 3520 1207 3589 infunditur,
1238 3535 1578 3591 magnarum
1616 3521 1913 3592 plenitudo
1955 3522 2067 3575 vir-
2167 3523 2414 3578 alterum
2457 3523 2611 3577 enim
2658 3524 2782 3577 sine
2835 3523 3012 3577 altero
3064 3538 3180 3577 non
3231 3525 3422 3593 potest
3464 3535 3612 3584 esse,
3659 3515 3780 3569 sicut

445 3615 629 3668 tutum
659 3617 764 3669 est.
793 3614 1047 3685 Denique
2169 3617 2344 3673 etiam
2379 3617 2438 3670 in
2477 3616 2843 3688 sequentibus
2882 3616 3181 3687 reperitur,
3226 3632 3362 3670 cum
3394 3613 3598 3670 dicitur
3628 3627 3639 3664 :
3671 3608 3778 3677 Spi-

516 3709 686 3775 (Vers.
744 3708 855 3778 16.)
899 3709 1132 3771 Multos,
1179 3709 1396 3779 inquit,
1442 3709 1680 3777 ﬁliorum
1722 3711 1894 3765 Israel
1938 3725 2065 3764 con-
2167 3713 2309 3766 ritus
2333 3717 2554 3766 sanctus
2579 3712 2915 3780 superveniet
2943 3713 3001 3764 in
3032 3717 3099 3774 te,
3143 3715 3194 3764 et
3218 3713 3400 3765 virtus
3428 3700 3781 3764 Altissimiob-

438 3805 608 3856 vertet
633 3802 710 3856 ad
735 3803 1019 3856 Dominum
1048 3805 1210 3857 Deum
1238 3804 1497 3872 ipsorum.
2169 3805 2442 3858 umbrabit
2471 3809 2519 3859 te
2550 3803 2716 3868 (Lue.,
2750 3820 2786 3872 1,
2817 3807 2906 3871 35,
2943 3804 3136 3872 infra).
3167 3804 3281 3859 Sed
3312 3805 3546 3859 fortasse
3586 3799 3682 3853 hoc
3709 3809 3780 3848 su-

511 3897 598 3950 35.
647 3896 771 3949 Non
814 3911 1053 3966 egemus
1103 3896 1434 3952 testimonio
1487 3897 1642 3968 quod
1686 3896 2069 3967 plurimorum
2169 3913 2270 3967 pra
2300 3913 2403 3950 nos
2429 3901 2484 3950 et
2509 3913 2680 3966 supra
2705 3896 2987 3966 apostolos
3025 3895 3287 3951 videatur
3316 3894 3640 3965 exemplum
3668 3885 3779 3957 (il)-

441 3993 663 4043 sanctus
706 3990 948 4044 Joannes
1002 3989 1174 4044 corda
1225 3990 1592 4057 converterit,
1643 3991 1700 4044 in
1749 4007 1862 4062 quo
1908 3991 2069 4045 nobis
2170 3992 2306 4044 Nam
2345 3993 2399 4044 et
2427 3989 2520 4043 ille
2555 3989 2658 4042 sub
2691 3989 2808 4043 Elia
2839 3989 3037 4043 divisio
3065 4004 3238 4044 amne
3266 3988 3582 4043 ﬂuvialium
3612 3994 3779 4037 recur-

442 4082 789 4152 prOpheticaz
831 4082 1136 4153 Scripturae
1180 4089 1234 4137 et
1281 4083 1619 4154 evangelicae
1663 4083 2063 4155 suffragantur.
2168 4100 2263 4138 sus
2292 4083 2570 4138 undarum
2599 4082 2655 4136 in
2680 4082 2964 4153 originem
2990 4081 3262 4149 ﬂuminis,
3293 4083 3440 4136 sicut
3465 4078 3598 4135 dicit
3624 4072 3779 4141 Scrip-

443 4194 471 4223 (ι
518 4175 631 4228 Vox
681 4175 878 4244 (enim)
923 4176 1223 4230 clamantis
1255 4176 1312 4229 in
1346 4177 1566 4232 deserto
1615 4195 1627 4230 :
1684 4180 1878 4232 Parate
1920 4178 2067 4232 viam
2167 4182 2294 4231 tura
2341 4196 2351 4230 :
2409 4199 2438 4227 ‹‹
2481 4175 2742 4232 Jordanis
2787 4191 3087 4230 conversus
3135 4182 3219 4229 est
3268 4180 3581 4230 retrorsum
3630 4165 3778 4239 (Psal.

441 4266 712 4337 Domino,
770 4273 946 4322 rectas
995 4268 1164 4322 facite
1216 4269 1441 4323 semitas
1491 4269 1614 4339 ejus
1659 4270 1810 4339 (Isa.,
1861 4286 1949 4336 XL,
1996 4275 2063 4340 3;
2169 4287 2317 4336 cx111,
2348 4271 2422 4338 5),
2457 4291 2484 4319 ››
2516 4268 2796 4340 signiﬁcat
2836 4268 3096 4323 salutaris
3133 4268 3347 4323 lavacri
3378 4268 3570 4322 futura
3604 4263 3781 4330 myste-

438 4361 661 4423 Matth.,
708 4377 785 4430 111,
828 4363 916 4431 3);
965 4383 992 4411 ››
1037 4366 1095 4415 et
1137 4361 1485 4433 baptismate.
1535 4361 1798 4434 1278
1852 4364 2071 4434 populis
2170 4363 2397 4434 ria,per
2423 4379 2551 4434 quae
2577 4363 2635 4416 in
2662 4362 2980 4432 primordia
3007 4367 3229 4416 natura:
3251 4378 3392 4427 suae,
3417 4360 3518 4430 qui
3539 4348 3782 4426 baptizali

439 4455 798 4526 frequentata
851 4455 1143 4510 declarant
1193 4472 1478 4510 conversae
1531 4456 1712 4526 plebis
1764 4473 1881 4510 non
1941 4456 2381 4530 me-Dfuerint
2407 4455 2630 4526 parvuli
2655 4471 2690 4508 a
2719 4454 2937 4509 malitia
2967 4454 3358 4509 reformantur
3395 4453 3505 4523 (Cf.
3545 4449 3778 4517 August,

440 4548 660 4603 diocres
713 4549 892 4604 factos
945 4565 1063 4604 esse
1119 4566 1439 4620 processus;
1503 4550 1638 4620 quia
1689 4549 1826 4604 dum
1883 4550 2066 4604 credi-
2169 4549 2267 4604 lib.
2300 4551 2314 4602 l
2343 4555 2537 4603 contra
2574 4549 2684 4604 Jul.
2727 4549 2912 4616 Pelag.
2946 4564 3068 4618 cap.
3113 4548 3185 4618 2).
3234 4547 3380 4611 Quid
3435 4542 3587 4616 quod
3634 4537 3779 4594 etiam

441 4645 533 4696 tur
581 4643 816 4709 Joanni,
877 4642 1127 4697 creditur
1174 4643 1414 4697 Christo.
1473 4644 1593 4697 Non
1646 4643 1805 4698 enim
1855 4643 1927 4698 de
1976 4661 2070 4712 se,
2169 4643 2440 4714 apostolis
2467 4643 2582 4695 suis
2613 4641 2730 4712 ipse
2771 4641 3045 4695 Dominus
3091 4641 3357 4695 virtutem
3402 4637 3641 4708 Spiritus
3677 4643 3782 4685 esse

441 4735 538 4790 sed
584 4735 654 4790 de
699 4735 938 4789 Domino
972 4736 1313 4806 praedicabat
1354 4737 1709 4807 praenuntius
1747 4737 1972 4792 Christi.
2006 4739 2074 4792 Et
2170 4736 2534 4790 tribuendam
2565 4734 2850 4806 promisit,
2877 4734 3072 4789 dicens
3102 4750 3115 4787 :
3159 4753 3185 4783 ‹‹
3213 4731 3518 4804 Accipietis
3542 4727 3780 4782 virtutem

443 4829 571 4884 ideo
2172 4829 2510 4885 adveniente
2548 4829 2608 4882 in
2647 4844 2747 4883 vos
2785 4827 2998 4898 Spiritu
3027 4830 3218 4882 sancto
3249 4828 3361 4897 (42)
3402 4825 3568 4894 (Act.,
3595 4839 3630 4886 1,
3661 4817 3728 4886 8).
3753 4834 3776 4862 ι)

503 4993 600 5056 (4ο)
651 4992 881 5057 Spiritus
923 4994 1060 5051 vita,
1099 4993 1193 5044 hic
1246 5006 1359 5044 non
1407 4999 1492 5045 est
1559 4994 1920 5058 accipiendus
1974 5008 2073 5058 pro
2173 4992 2392 5044 cunctis
2441 4991 2572 5042 edit.
2619 5003 2684 5040 ac
2744 5002 2873 5039 mss.
2921 4989 3133 5052 aliquot
3183 4987 3477 5058 exordium
3528 4981 3688 5058 ducit,
3731 4975 3778 5024 in

339 5077 343 5082 ‘
436 5051 699 5115 rationali.
729 5066 931 5126 anima,
973 5065 1070 5115 sed
1107 5068 1324 5115 tantum
1365 5079 1464 5130 pro
1505 5066 1644 5116 aeris
1680 5051 2071 5130 respiratione,
2174 5062 2575 5127 antiquissimis
2615 5073 2752 5110 mss.
2792 5051 3317 5130 praetermittuntur.
3362 5056 3567 5130 Confer
3609 5051 3780 5130 etiam.

439 5114 497 5184 ut
523 5114 724 5186 DoctOr
752 5114 1051 5200 Angelicus
1090 5114 1251 5187 acute
1287 5114 1560 5200 εδιιῇοεὲιιιίι⁷
1577 5114 1643 5186 711i
1686 5114 1852 5200 periei
1871 5114 2071 5200 quiest:
2175 5134 2218 5183 si
2249 5114 2424 5194 lubet,
2446 5133 2603 5181 hunc
2629 5114 2815 5180 locum
2842 5143 2971 5180 cum
3002 5131 3069 5179 iis
3090 5141 3216 5193 quae
3245 5129 3303 5177 in
3331 5125 3590 5200 Apologia
3611 5114 3778 5200 David.

439 5208 518 5267 27,
546 5211 643 5257 art.
675 5207 722 5256 2.
753 5190 958 5258 Etbac
983 5208 1153 5258 etiam
1189 5190 1400 5259 ratione
1435 5190 1810 5271 intelligamus
1847 5190 2074 5258 necesse
2183 5217 2301 5267 cap.
2359 5190 2420 5264 11,
2479 5216 2632 5252 num.
2681 5202 2772 5262 56,
2828 5200 2992 5250 tradit
3063 5190 3209 5250 idem
3280 5202 3511 5249 sanctus
3565 5190 3780 5245 Ambro-

441 5282 522 5329 est
565 5278 717 5342 quod
765 5279 857 5341 ait,
902 5279 1114 5329 vivendi
1156 5279 1463 5330 substantia:
1517 5293 1846 5343 prwcurrere
1876 5281 2074 5330 saneti-
2177 5276 2313 5324 sius.

440 5324 2075 5415 [licendi'gjraﬁt‘iamgneteniin
2192 5417 2206 5422 _
2239 5346 2336 5422 (iit)
2397 5345 2568 5422 βοτη.
2618 5343 2783 5422 e_dit.,
2835 5343 3098 5422 videatur_
3147 5341 3436 5422 expletum.
3488 5324 3776 5422 Sedullggg

442 5397 720 5486 designari
757 5397 1009 5474 eamdem
1041 5397 1462 5488 respirationem
1501 5423 1632 5472 satis
1667 5421 1910 5473 declarat
1940 5426 2074 5473 Am-
2177 5397 2346 5467 dubie
2375 5415 2609 5467 aliarum
2642 5415 2748 5465 hac
2787 5426 2918 5464 mss.
2952 5414 3201 5464 omnium
3231 5413 3397 5464 lectio
3439 5397 3777 5475 praeponenda

442 5491 678 5563 brosius,
711 5507 840 5543 cum
871 5495 921 5544 ei
961 5495 1218 5559 spiritum
1245 5494 1434 5560 gratias
1471 5507 1756 5558 Opponens
1791 5493 1859 5544 de
1897 5494 2077 5558 priore
2183 5493 2330 5563 est,”
2379 5559 2433 5563 __
2651 5562 2656 5563 γ
2707 5520 2716 5524 -
2785 5557 2816 5563 __
2907 5558 2917 5563 _
3289 5556 3301 5563 _
3377 5554 3386 5563 ο
3435 5551 3443 5561 ι
3479 5551 3510 5563 -_

444 5561 596 5624 dicit,
639 5545 728 5612 ille
771 5545 1037 5615 nascendo
1080 5545 1561 5616 sumitvemordiuin‘
1600 5579 1617 5612 :
1662 5564 1730 5615 de
1773 5545 2077 5628 posteriore
2241 5559 2334 5624 (42)
2379 5559 2571 5610 Plures
2610 5562 2666 5609 et
2706 5557 3048 5622 antiquiores
3079 5569 3231 5617 mss.,
3261 5551 3536 5628 acetiam“
3557 5545 3776 5628 Pii“???

445 5618 652 5694 autem,
692 5647 801 5684 non
845 5634 964 5685 alvo
1028 5637 1218 5688 matris
1264 5635 1588 5687 excluditur.
1633 5635 1706 5686 Et
1759 5618 2077 5686 conﬁrmari
2177 5618 2540 5682 advenientem
2589 5629 2649 5679 in
2678 5642 2778 5702 eos
2826 5618 3056 5692 Spiritus
3099 5627 3286 5679 sancti.
3329 5627 3530 5702 Ducum

446 5718 514 5756 ex
539 5717 604 5755 eo
641 5683 2078 5771 peresaeeodiiiiteli);{'rriasqidm'ié’fdiaal
2177 5707 2433 5754 sanctum.
2472 5700 2738 5751 Nonnulli
2804 5683 3020 5760 tamen,
3066 5713 3130 5750 ac
3177 5708 3370 5771 omnes
3428 5692 3562 5744 edit.
3591 5683 3776 5771 Polli:

447 5789 559 5826 rem
611 5763 669 5826 in
716 5763 907 5836 utero;
947 5779 1069 5828 novi
1126 5783 1191 5838 te,
1237 5793 1268 5829 a
1311 5777 1516 5842 quibus
1562 5763 1762 5831 Jerem.
1816 5763 1973 5830 locus
2020 5777 2077 5828 in
2184 5789 2312 5829 cum
2369 5775 2586 5841 legunt.
2632 5773 2799 5837 Quod
2846 5771 3074 5838 quidem
3139 5769 3317 5836 magis
3376 5763 3627 5822 convenit
3664 5765 3776 5808 οιιω
