3930 6168
206 250 330 302 1629
1312 244 1592 300 EXPOSIT
1597 245 1707 301 ION
1712 244 1770 298 IS

1955 247 2143 304 .UCAM
2186 251 2310 306 LIB.
2357 253 2399 328 l.
3393 259 3526 312 l630

199 369 388 426 Deinde
418 368 474 422 in
502 366 869 438 sequentibus
902 383 914 420 :
951 385 978 415 ‹‹
1009 368 1204 422 Factus
1229 373 1332 435 est,
1370 366 1572 440 inquit,
1605 368 1790 425 subito
1811 371 2050 458 Aenim
2089 375 2388 430 clamantis
2423 378 2506 430 est
2544 377 2602 431 in
2643 377 2864 431 deserto
2895 377 3064 445 (Luc.,
3094 396 3166 445 ιιι,
3197 380 3250 449 4)
3283 395 3294 433 :
3330 379 3520 435 Chris-

194 479 344 518 sonus
366 463 432 516 de
458 463 612 530 creto,
643 464 915 532 tanquam
945 461 998 515 vi
1029 478 1242 533 magna
1282 463 1523 518 ferretur
1548 463 1789 533 Spiritus
1893 468 1983 520 tus
2033 471 2118 522 est
2169 467 2432 536 Verbum,
2483 470 2588 523 hoc
2639 470 2885 524 Verbum
2938 475 3232 541 operatur;
3282 477 3338 526 et
3390 473 3519 528 ideo

191 560 342 624 (Act,
378 572 435 620 ιι,
469 556 541 625 2).
575 574 602 605 ι)
633 556 789 609 Bene
828 577 855 604 (ι
889 554 942 609 vi
978 571 1211 626 magna,
1261 578 1288 605 »
1321 556 1459 627 quia
1503 577 1528 604 α
1574 557 1788 628 Spiritu
1886 560 1986 614 ubi
2039 560 2238 616 desivit
2284 563 2529 633 operari,
2577 568 2734 618 muta
2785 566 3017 634 repente
3071 581 3267 619 carens
3320 567 3519 636 spiritu

185 651 282 704 oris
321 649 439 719 ejus
477 648 663 703 omnis
701 649 878 702 virtus
912 664 1111 702 eorum
1146 650 1313 718 (Psal.
1345 665 1507 717 xxxn,
1543 653 1615 718 6).
1657 672 1684 699 ››
1720 651 1789 705 Et
1887 654 2059 708 veluti
2091 654 2357 726 qumdam
2390 656 2598 711 animae
2623 659 2732 727 (45)
2763 657 2957 727 lingua
2987 657 3274 712 conticuit.
3303 659 3518 713 Transi-

181 745 340 798 virtus
365 747 448 797 est
482 742 596 811 illa,
628 757 805 813 quam
830 757 862 795 a
891 745 1084 797 sancto
1109 741 1327 813 Spiritu
1369 743 1611 814 apostoli
1648 760 1782 799 con-
1886 748 1968 801 vit
1993 749 2146 803 enim
2175 749 2248 803 ad
2283 767 2381 804 nos
2409 751 2508 805 Dei
2540 751 2802 819 Verbum,
2831 757 2886 806 et
2910 751 2968 805 in
3009 751 3168 806 nobis
3199 768 3314 806 non
3349 755 3517 807 tacet.

181 835 341 891 secuti
364 838 514 889 sunt.
1886 841 2139 914 Denique
2187 844 2307 914 jam
2364 860 2478 899 non
2547 848 2736 915 potest
2798 845 3024 900 Judaeus
3090 845 3307 911 dicere,
3365 845 3519 915 quod

239 946 492 1021 1279
524 948 610 1003 38,
643 947 792 1001 Bene
824 947 996 1003 etiam
1021 948 1244 1019 pmibit
1273 952 1406 1004 ante
1435 950 1635 1005 faciem
1673 952 1782 1005 Do-
1888 939 2078 1004 potest
2124 936 2310 992 dicere
2354 937 2699 992 Christianus
2745 957 2756 991 :
2803 938 2938 1009 quia
2987 959 3013 987 ‹‹
3057 938 3519 1009 Experimentum

175 1042 304 1098 mini
339 1047 562 1096 sanctus
591 1042 856 1108 Joannes,
886 1041 984 1112 qui
1011 1042 1364 1112 praenuntius
1398 1049 1560 1098 natus
1595 1049 1699 1112 est,
1729 1049 1785 1099 et

1955 1029 2138 1083 ueritis
2176 1031 2315 1100 ejus,
2348 1031 2444 1101 qui
2474 1031 2534 1085 in
2576 1048 2666 1087 me
2705 1031 2959 1104 loquitur
2987 1032 3241 1087 Christus
3268 1031 3336 1102 (II
3374 1034 3517 1099 Cor.,

174 1134 514 1207 praenuntius
537 1136 795 1188 mortuus
821 1138 923 1188 est.
953 1137 1014 1190 Et
1053 1135 1285 1190 fortasse
1311 1137 1417 1190 hoc
1450 1137 1786 1208 mysterium
1885 1137 1999 1189 ml:
2029 1125 2101 1190 3)·
2137 1145 2162 1171 ν)

171 1229 222 1283 in
257 1229 361 1283 hac
400 1229 517 1283 vita
557 1231 746 1282 nostra
789 1227 1072 1300 hodieque
1115 1230 1445 1284 celebratur.
1487 1231 1785 1285 Praecurrit

1955 1256 2042 1309 41.
2096 1259 2166 1311 Et
2208 1258 2324 1326 ipse
2374 1262 2492 1312 erat
2546 1272 2793 1312 annuens
2849 1258 2978 1312 illis.
3034 1257 3328 1313 Remansit
3379 1275 3516 1328 ergo

173 1323 310 1376 enim
348 1324 559 1378 animae
601 1328 810 1380 nostra:
853 1323 1116 1395 quaedam
1157 1323 1334 1378 virtus

1372 1325 1622 1391 Joannis:
1654 1340 1783 1379 cum
1882 1351 2076 1402 mutus
2127 1350 2421 1405 Zacharias
2475 1354 2531 1404 et
2583 1353 2722 1415 erat.
2758 1351 3006 1405 innuens
3060 1350 3191 1406 illis.
3243 1352 3386 1416 Quid
3437 1358 3518 1407 est

170 1418 384 1515 “fdere
424 1434 704 1515 P8173111"?
734 1418 794 1473 in
833 1418 1142 1515 Chiismfn:
1183 1422 1247 1515 ῑξῖ
1274 1420 1455 1515 Damt
1495 1417 1566 1515 δᾴ
1608 1417 1782 1515 ﬁdem
1886 1444 2056 1496 nutus
2086 1442 2210 1511 (46),
2241 1444 2350 1497 nisi
2378 1443 2616 1514 quidam
2645 1443 2766 1498 sine
2797 1444 2967 1498 verbo
2997 1446 3308 1515 corporalis
3337 1449 3514 1511 actus,

170 1510 360 1564 animm
403 1514 617 1566 “05mg
656 1511 792 1609 Vi‘f‘si
824 1516 880 1566 et
921 1511 990 1566 de
1026 1510 1357 1609 _Vifa3_is_nus
1395 1511 1623 1564 tramite
1664 1513 1778 1564 tm"
1885 1533 2138 1589 indicare
2178 1536 2442 1604 moliens,
2476 1553 2580 1591 nec
2612 1538 2940 1607 exprimens
2976 1539 3354 1607 voluntatem;
3385 1540 3512 1609 qui-

171 1608 332 1670 tuoso,
374 1610 560 1659 rectas
601 1605 824 1659 semitas
863 1605 1039 1659 nostri
1082 1603 1252 1659 faciat
1294 1608 1668 1670 commeatus,
1712 1621 1784 1658 ne
1884 1627 2038 1697 dam,
2069 1644 2332 1699 suprema
2358 1603 2558 1698 mgna,
2587 1646 2718 1685 voce
2750 1647 3068 1701 suppressa,
3102 1636 3293 1686 mutus
3320 1648 3512 1686 sermo

169 1697 407 1751 anfractu
449 1697 712 1753 labamur
745 1699 979 1765 erroris;
1021 1714 1134 1769 quo
1169 1697 1353 1751 omnis
1383 1696 1544 1752 vallis
1576 1697 1783 1752 animae

171 1793 354 1821 ηηειιιω
397 1789 622 1821 "int-dh-
665 1790 936 1821 εκιςηδζι-..ςο
983 1789 1157 1821 unguit
1201 1789 1425 1821 ςπηηιη..;
1493 1793 1547 1821 nl
1596 1790 1778 1821 Ληιηζο

1955 1696 2289 1776 orienti—um?
2306 1722 2503 1776 Nonne
2521 1696 2621 1776 tibi
2645 1696 2876 1778 videtur
2890 1724 3018 1778 huic
3035 1696 3236 1780 similis
3255 1723 3303 1796 1
3319 1723 3512 1797 280

171 1793 354 1843 "osum
397 1789 625 1845 Virtuus
665 1790 939 1845 fma-ibus
960 1789 1160 1886 POSSit
1201 1789 1449 1886 ξωΡιξπίι
1492 1793 1552 1844 θί
1578 1790 1781 1886 μοωῖῖξὲ
1804 1789 1858 1821 υ
1883 1829 2001 1868 esse
2024 1815 2266 1886 populus
2289 1815 2634 1884 Judaaorum,
2658 1816 2735 1870 ita
2756 1817 3174 1885 irrationabilis,
3199 1823 3260 1872 ut
3280 1824 3512 1872 actuum

169 1883 512 1938 sacularium
550 1883 789 1938 altitudo
828 1883 1167 1938 meritorum
1201 1882 1440 1937 Domino
1480 1899 1538 1936 se
1577 1883 1780 1938 humili
1881 1882 2116 1962 suom‘mi
2143 1924 2256 1962 non
2280 1910 2454 1979 possit
2476 1882 2744 1980 praestare
2769 1910 3044 1964 rationem
3071 1929 3084 1966 ε
3109 1882 3206 1982 qm
3233 1912 3290 1965 in
3313 1912 3514 1966 ultimo

169 1976 331 2047 magis
358 1977 573 2075 timore
599 1980 942 2075 prosternat,
975 1977 1155 2032 sciens
1181 1977 1323 2031 nihil
1349 1975 1586 2031 sublime
1618 1993 1778 2047 posse
1880 2000 1997 2069 spei
2042 2000 2225 2055 vitalis
2267 2002 2422 2057 obitu
2470 2002 2826 2069 constitutus,
2872 2019 3069 2058 vocem
3110 2020 3286 2075 quam
3333 2005 3509 2058 habe_

169 2085 286 2136 esse,
316 2069 470 2141 quod
505 2070 710 2141 fragile
737 2076 840 2125 est.

1956 2099 1993 2160 t,
2023 2095 2308 2162 amiserit;
2349 2113 2476 2167 quae
2516 2097 2811 2151 titubantis
2838 2100 2969 2152 actu
3005 2097 3253 2168 corporis
3283 2097 3515 2168 signum

228 2184 391 2248 (Vers.
441 2185 532 2249 l8,
583 2185 664 2251 19,
711 2184 821 2251 20.)
868 2184 938 2237 Et
985 2183 1127 2237 dimit
1169 2183 1456 2238 Zacharias
1499 2183 1571 2236 ad
1617 2198 1777 2250 auge-
1878 2187 2034 2242 verbi
2080 2188 2271 2259 cupiat
2319 2189 2621 2259 explicare,
2667 2207 2784 2244 non
2833 2190 3108 2245 verbum?
3148 2192 3329 2246 Mutus
3371 2207 3512 2260 ergo

169 2277 303 2330 lum.-
339 2276 493 2331 Unde
526 2277 620 2331 hoc
656 2278 858 2330 sciam?
881 2278 994 2345 Ego
1034 2278 1174 2331 enim
1202 2291 1320 2331 sum
1357 2292 1537 2339 senex,
1567 2282 1615 2332 et
1643 2293 1780 2331 uror
1880 2281 2126 2351 populus
2174 2282 2297 2336 sine
2348 2282 2587 2349 ratione,
2633 2282 2755 2337 sine
2807 2283 2998 2338 verbo.
3044 2287 3157 2340 Cur
3204 2285 3360 2339 enim
3410 2284 3512 2339 tibi

169 2385 266 2424 mea
294 2372 560 2439 processit
589 2371 646 2423 in
675 2369 861 2425 diebus
885 2371 1019 2424 suis.
1060 2371 1127 2423 Et
1165 2370 1442 2440 respondit
1481 2374 1529 2425 ei
1556 2373 1780 2441 angelus
1880 2374 2064 2444 magis
2106 2375 2362 2428 videatur
2403 2381 2598 2429 mutus
2641 2393 2758 2430 esse
2800 2377 2896 2446 qui
2942 2394 3145 2431 sonum
3194 2394 3366 2448 quam
3415 2376 3514 2447 qui

167 2462 322 2516 dicens
358 2483 374 2516 :
416 2467 537 2532 Ego
581 2479 701 2518 sum
746 2463 963 2518 Gabriel
1000 2464 1241 2532 angelus,
1285 2465 1382 2532 qui
1425 2466 1614 2518 assisto
1656 2470 1780 2518 ante
1881 2469 2220 2538 mysterium
2275 2468 2487 2523 nescit?
2531 2472 2599 2524 Et
2649 2473 2733 2524 est
2783 2471 3036 2540 profecto
3089 2487 3197 2524 vox
3248 2487 3510 2540 operum,

169 2559 327 2619 Deum,
367 2563 418 2610 et
464 2559 662 2612 missus
705 2571 822 2612 sum
866 2557 974 2612 haec
1019 2559 1350 2611 annuntiare
1393 2557 1515 2611 tibi.
1558 2559 1628 2612 Et
1667 2573 1779 2612 ecce
1878 2560 2125 2632 ﬁdeique
2156 2561 2390 2629 clamor,
2421 2563 2563 2616 sicut
2588 2563 2797 2617 lectum
2824 2568 2952 2617 est:
2985 2563 3281 2634 «Sanguis
3319 2565 3512 2617 fratris

168 2651 254 2704 eris
290 2657 498 2712 tacens,
538 2657 589 2704 et
627 2666 733 2704 non
767 2653 966 2720 poteris
1007 2651 1156 2719 loqui
1193 2665 1356 2718 usque
1396 2652 1455 2704 in
1494 2651 1636 2704 diem
1673 2667 1778 2720 quo
1880 2655 1972 2714 tui
2003 2656 2208 2709 clamat
2245 2655 2316 2708 ad
2365 2671 2456 2709 me
2496 2657 2668 2722 (Gen.,
2702 2674 2774 2723 IV,
2820 2660 2923 2727 lO).
2968 2679 2995 2707 ››
3045 2660 3109 2711 Et
3148 2657 3239 2710 ille
3284 2656 3509 2726 clamat,

168 2744 259 2797 hac
287 2747 440 2813 ﬁant,
477 2749 766 2814 propterea
802 2744 946 2813 quod
984 2760 1091 2797 non
1126 2743 1402 2798 credidisti
1429 2745 1602 2798 verbis
1631 2747 1775 2808 meis,
1881 2748 1978 2819 qui
2037 2748 2098 2802 in
2159 2748 2330 2802 corde
2390 2765 2490 2802 suo
2547 2749 2760 2804 clamat
2821 2767 2920 2820 per
2974 2751 3143 2804 diem.
3202 2750 3308 2814 Qui
3371 2767 3509 2821 ergo

168 2853 267 2905 qua
290 2839 669 2908 implebantur
692 2839 752 2891 in
783 2844 1013 2908 tempore
1039 2852 1153 2892 suo.
1879 2841 2065 2896 cordis
2109 2842 2416 2896 clamorem
2460 2842 2726 2912 perdidit,
2773 2842 3023 2913 perdidit
3065 2843 3234 2898 etiam
3277 2844 3510 2914 linguae.

225 2951 302 3002 39.
329 2949 768 3004 Condemuatur
801 2947 1024 3002 silentio
1059 2947 1423 3003 incredulitas
1450 2949 1774 3016 sacerdotis,

1955 2951 2016 2989 ,m
2061 2934 2157 3006 qui
2203 2934 2625 2989 distinctionem
2666 2936 2800 2990 ﬁdei
2839 2952 2954 2989 non
3000 2941 3178 3001 tenet,
3221 2937 3508 3006 quomodo

171 3048 214 3093 οι
250 3041 381 3097 ﬁdes
422 3043 848 3114 prophetarum
889 3042 1160 3112 probatur
1199 3042 1447 3098 oraculo.
1491 3063 1519 3091 (ι
1561 3044 1774 3109 Clama,
1878 3032 2065 3098 potest
2110 3033 2304 3082 tenere
2350 3028 2692 3082 verborum?
2736 3031 2802 3084 Et
2845 3035 2980 3083 ante
3025 3029 3257 3100 quidem
3302 3031 3512 3100 Moyses

171 3134 346 3205 inquit.
382 3138 446 3190 Et
489 3135 608 3189 dixi
641 3154 652 3188 :
685 3135 831 3198 Quid
869 3135 1163 3191 clamabo?
1195 3136 1392 3191 Omnis
1419 3153 1548 3192 caro
1577 3137 1775 3191 fenum

1955 3125 2106 3176 {erat
2155 3122 2286 3192 quia
2341 3121 2499 3192 loqui
2555 3138 2668 3176 non
2721 3127 2948 3192 poterat
2994 3123 3213 3192 (Exod.,
3259 3139 3332 3191 1v,
3392 3123 3506 3191 lO);

171 3229 296 3294 (lsa.,
339 3247 424 3296 XL,
478 3233 552 3299 6).
599 3251 624 3278 ››
673 3229 838 3283 Vides
874 3228 1132 3299 jubentis
1178 3229 1504 3300 imperium,
1553 3230 1779 3285 obtem-
1881 3215 1978 3270 sed
2026 3220 2388 3286 posteaquam
2444 3213 2603 3280 dixit,
2654 3215 2889 3270 verbum
2937 3215 3174 3286 accepit.
3221 3221 3278 3270 et
3327 3215 3509 3270 bono-

169 3324 392 3391 perantis
429 3323 800 3394 obsequium,
841 3323 1249 3392 interrogantis
1288 3323 1576 3390 affectum,
1616 3325 1778 3380 obse-
1881 3325 2010 3364 rum
2047 3325 2287 3379 operum
2331 3307 2507 3363 edidit
2545 3308 2882 3363 οῙδΓίῖδῐθωο
2927 3311 3073 3380 Ergo
3117 3309 3261 3364 δίοοῐ
3301 3311 3512 3379 Moyses

170 3416 368 3484 quentis
421 3417 747 3471 oraculum.
799 3416 1051 3472 Credidit
1104 3416 1282 3484 enim,
1332 3417 1431 3487 qui
1478 3417 1614 3488 quid
1669 3418 1776 3472 cla-

1955 3419 2051 3473 pus
2076 3401 2272 3474 populi
2298 3401 2426 3470 fuit,
2456 3407 2512 3456 et
2543 3408 2709 3472 typus
2734 3402 2895 3472 legis,
2930 3403 3005 3456 ita
3028 3404 3197 3458 etiam
3223 3403 3512 3458 Zacharias

170 3515 325 3564 meret
367 3509 659 3582 exposcitf;
707 3514 764 3564 et
806 3510 940 3580 quia
987 3509 1245 3578 credidit,
1289 3511 1666 3581 prophetavit.
1709 3515 1782 3566 At
1883 3496 2080 3550 ίᾶειλίῑ·

169 3617 275 3657 vero
301 3603 606 3658 Zacharias
640 3603 737 3674 qui
766 3619 882 3657 non
917 3603 1174 3670 credidit,
1208 3619 1324 3658 non
1362 3604 1540 3674 potuit
1571 3605 1728 3676 loqui
1763 3623 1776 3660 :

1955 3627 2038 3679 42.
2071 3624 2305 3696 Singula
2335 3624 2528 3695 itaque
2555 3628 2619 3678 ut
2645 3629 3006 3692 concurrant,
3030 3627 3509 3682 considerandum

171 3695 245 3749 Sed
1882 3721 1968 3771 est
2017 3740 2027 3771 :
2079 3717 2324 3772 Verbum
2378 3717 2437 3771 in
2479 3719 2824 3772 utero..Lex
2873 3718 2928 3771 in
2983 3718 3226 3785 silentio,
3271 3723 3512 3776 Joannes

230 3809 390 3873 (.Vers.
417 3808 542 3877 22.)
580 3809 717 3863 Erat
757 3824 1004 3863 annuens
1042 3810 1172 3871 illis,
1201 3815 1250 3864 et
1282 3813 1543 3866 remansit
1576 3817 1776 3867 mutus.
1882 3812 2226 3882 appellatur,
2272 3815 2328 3865 et
2371 3811 2660 3865 Zacharias
2701 3811 2968 3882 loquitur.
3016 3812 3258 3866 Verbum
3304 3814 3506 3868 editur.

226 3902 300 3955 40.
344 3903 462 3956 Νοιι
513 3901 685 3954 unius
725 3902 1084 3972 mysterium,
1129 3919 1234 3957 nec
1280 3904 1448 3958 unius
1489 3905 1779 3960 silentium
1879 3905 1993 3960 Lex
2019 3903 2346 3970 absolvitur,
2379 3904 2479 3957 sed
2507 3903 2676 3975 Legis
2709 3903 2988 3958 absolutio
3017 3905 3186 3959 Verbi
3213 3909 3298 3960 est
3329 3907 3508 3976 expli-

171 3996 253 4044 est.
289 3995 450 4049 Tacet
494 3995 774 4060 sacerdos,
815 3999 958 4049 tacet
995 3995 1291 4066 propheta.
1337 3997 1449 4051 Nisi
1491 3998 1678 4065 fallor,
1719 3998 1778 4051 in
1882 3998 2060 4060 catio;
2131 4003 2186 4051 et
2252 3996 2382 4052 ideo
2449 3996 2545 4068 qui
2611 3997 2816 4051 dixerit
2882 3997 3154 4067 verbum,
3219 3998 3508 4071 loquitur,

172 4099 265 4140 uno
293 4103 394 4142 vox
436 4088 618 4142 totius
647 4087 831 4158 plebis
860 4088 1173 4155 obmutuit;
1207 4089 1338 4161 quia
1375 4090 1433 4145 in
1474 4107 1586 4145 uno
1627 4095 1778 4146 totus
1879 4090 2100 4145 etiamsi
2149 4096 2280 4146 ante
2331 4107 2448 4145 non
2501 4091 2574 4144 sit
2621 4091 2856 4146 locutus.
2904 4092 2985 4146 Ab
3036 4094 3238 4164 angelo
3277 4093 3513 4164 jubetnr

171 4179 224 4231 ad
260 4181 566 4236 Dominum
605 4197 704 4251 per
732 4181 955 4252 Moysen
999 4183 1108 4252 (43)
1143 4184 1387 4255 populus
1416 4184 1771 4255 loquebatur.
1881 4187 2064 4238 tacere
2108 4184 2426 4251 Zacharias,
2467 4185 2536 4238 ab
2577 4186 2780 4255 angelo
2819 4202 2924 4241 vox
2970 4187 3249 4257 premitur
3286 4189 3510 4242 Judino-

171 4272 384 4330 Cessatio
412 4290 732 4342 sacrorum,
766 4279 821 4328 et
851 4275 1138 4330 silentium
1174 4277 1609 4348 praphetarum,
1641 4278 1775 4332 taci-
1879 4294 2028 4332 rum.
2061 4279 2178 4331 Non
2217 4277 2368 4332 enim
2398 4278 2682 4342 humanae,
2713 4279 2808 4333 sed
2845 4279 3049 4334 divinae
3087 4281 3192 4336 hoc
3220 4283 3514 4352 potestatis

173 4367 381 4422 tumitas
429 4368 751 4440 prophetas,
807 4373 864 4422 et
919 4369 1270 4424 taciturnitas
1317 4371 1619 4425 sacerdotis
1670 4375 1774 4426 est.
1878 4371 2187 4442 imperium
2219 4377 2304 4426 est
2335 4388 2348 4425 :
2381 4377 2444 4426 ut
2481 4388 2595 4426 non
2626 4372 2895 4443 loquatur
2925 4376 3059 4440 Deo,
3094 4374 3191 4444 qui
3233 4391 3350 4429 non
3386 4392 3510 4429 cre-

170 4459 430 4527 Auferam,
465 4461 676 4532 inquit,
717 4461 959 4516 validam
1000 4461 1285 4530 virtutem,
1315 4464 1678 4534 prophetam,
1720 4469 1852 4548 etD
1877 4463 2024 4518 didit
2076 4465 2319 4519 Christo.
2377 4466 2441 4518 Et
2496 4465 2622 4519 ideo
2675 4466 3005 4531 credamus,
3061 4472 3124 4520 ut
3186 4468 3511 4538 loquamur.

171 4554 529 4610 consiliarium
563 4554 718 4626 (Isa.,
758 4571 834 4622 ιιι,
877 4558 947 4625 3).
984 4557 1051 4610 Et
1091 4571 1219 4610 vere
1260 4556 1489 4611 abstulit
1528 4560 1784 4630 prophe-
1883 4557 2087 4612 Credat
2124 4557 2370 4624 Judaeus,
2413 4565 2472 4610 ut
2510 4558 2664 4629 loqui
2703 4559 2896 4628 possit.
2940 4560 3260 4630 Loquamur
3299 4562 3356 4615 in
3396 4563 3510 4632 spi-

172 4645 256 4708 tes,
289 4663 318 4699 a
357 4648 570 4719 quibus
607 4648 835 4703 abstulit
880 4649 1113 4703 verbum
1159 4650 1313 4720 quod
1357 4650 1507 4721 loqui
1551 4653 1610 4706 in
1650 4670 1781 4723 pro-
1885 4650 1996 4704 ritu
2030 4650 2317 4722 mysteria,
2349 4650 2742 4721 intelligamus
2781 4651 3070 4707 rationem
3109 4653 3513 4709 sacriﬁciorum

173 4737 336 4803 phetis
398 4741 643 4796 solebat.
708 4743 774 4795 Et
836 4758 964 4796 vere
1030 4743 1118 4797 his
1181 4743 1414 4797 abstulit
1479 4744 1779 4817 virtutem,
1884 4746 2161 4808 veterum,
2207 4743 2512 4813 aenigmata
2566 4744 2994 4814 prophetarum.
3050 4748 3232 4801 Mutus
3283 4753 3365 4802 est
3416 4748 3514 4818 qui

175 4831 353 4899 quibus
401 4835 504 4889 Dei
561 4835 736 4888 virtus
792 4835 1042 4890 recessit.
1096 4836 1336 4891 Abstulit
1384 4837 1470 4891 his
1522 4840 1778 4894 consilia-
1886 4852 1998 4890 non
2038 4836 2302 4906 intelligit
2343 4838 2571 4906 Legem,
2599 4843 2789 4892 mutus
2832 4843 2916 4893 est
2960 4841 3056 4910 qui
3095 4858 3207 4895 non
3247 4841 3516 4912 intelligit

176 4923 322 4992 rium,
347 4944 519 4999 quem
548 4929 741 5000 magni
770 4929 988 4984 consilii
1013 4932 1294 5001 Angelum
1325 4931 1778 5004 declaravit(44).
1886 4929 2210 4984 divinarum
2253 4929 2459 4986 seriem
2495 4930 2936 5002 Scripturarum.
2976 4936 3089 4988 Vox
3129 4935 3282 4989 enim
3323 4939 3515 4990 nostra

174 5016 388 5076 Abstulit
413 5038 645 5089 vocem;
677 5023 809 5094 quia
837 5039 942 5077 vox
979 5022 1157 5090 verbi,
1193 5040 1308 5078 non
1339 5024 1492 5079 vocis
1533 5033 1616 5080 est
1652 5043 1780 5080 ver-
1882 5024 2022 5079 fides
2052 5028 2164 5092 est;
2197 5032 2253 5079 et
2284 5025 2410 5080 ideo
2446 5027 2649 5081 «malo
2689 5028 2748 5081 in
2787 5029 3026 5083 Ecclesia
3062 5029 3314 5101 quinque
3345 5031 3517 5085 verba

177 5107 308 5167 bum.
348 5116 489 5170 Nam
537 5116 644 5170 nisi
695 5116 939 5171 Verbum
985 5117 1123 5171 illud
1172 5121 1441 5188 operetur
1482 5119 1541 5172 in
1589 5120 1777 5186 nobis,
1883 5121 2078 5172 mente
2123 5134 2254 5172 mea
2296 5119 2446 5190 loqui
2486 5125 2550 5174 ut
2593 5121 2729 5174 alios
2771 5121 3068 5191 instruam,
3107 5139 3275 5192 quam
3320 5125 3517 5179 decem

179 5202 341 5259 nullus
399 5214 484 5262 est
548 5225 721 5264 sonus
781 5210 947 5264 vocis.
1013 5211 1125 5264 Vox
1186 5211 1432 5265 Joannes
1497 5217 1614 5280 est;
1669 5230 1779 5268 vox
1884 5211 2060 5266 millia
2101 5211 2157 5266 in
2197 5213 2460 5284 lingua...
2503 5213 2735 5284 Linguae
2773 5215 2970 5284 (enim)
3015 5216 3072 5270 in
3116 5216 3341 5286 signum
3385 5227 3515 5272 sunt

179 5378 324 5449 {sero
359 5379 532 5449 textu,
583 5377 638 5449 in
693 5390 804 5449 quo
853 5381 1174 5449 constanter
1225 5379 1518 5449 exhibetur
1570 5396 1580 5428 :
1638 5380 1782 5429 Ἀλλὰ
1948 5380 2044 5441 (45)
2076 5378 2232 5428 Rom.
2271 5379 2403 5429 edit.
2447 5381 2584 5441 sola,
2625 5394 2811 5431 carens
2852 5382 3044 5444 spiritu
3087 5382 3242 5434 veluti
3287 5387 3519 5449 quadam

179 5436 355 5513 litigo:
379 5445 571 5509 δύναμιν
599 5436 870 5502 ἐπελθόντος
898 5445 981 5495 τοῦ
1008 5447 1149 5508 ἁγίου
1172 5448 1447 5510 Πνεύματος
1471 5449 1682 5513 ἐφ’ὑμᾶς.
1883 5436 2089 5507 animi),
2115 5456 2219 5502 etc.

229 5512 310 5574 (43)
349 5517 422 5566 Ad
467 5519 746 5568 Dominum
784 5532 880 5582 per
920 5521 1156 5583 Moysen.
1201 5520 1383 5570 Voces
1431 5512 1528 5585 per
1568 5525 1780 5584 Moysen
1945 5523 2040 5583 (46)
2069 5521 2173 5572 Vet
2234 5521 2364 5586 uit.
2405 5535 2533 5572 cum
2574 5535 2704 5571 mss.
2750 5523 2973 5586 aliquot.
3011 5526 3148 5586 Quid
3180 5532 3254 5577 est
3295 5531 3520 5582 mutus?

185 5575 312 5664 R99:
338 5587 468 5664 edit.
489 5575 812 5664 sustulerat.
1009 5575 1030 5583 ⁷
1431 5575 1443 5585 ’
1654 5575 1677 5584 ν
1883 5575 2040 5643 Rom:
2097 5575 2400 5664 cumfaliis
2453 5591 2707 5664 pluribus
2761 5575 3524 5664 ac.probatiOribuswinagi's

233 5652 310 5712 (44)
337 5654 423 5706 Sic
454 5659 640 5721 plures
666 5660 1121 5726 probatioresque
1152 5675 1280 5712 mss.
1311 5665 1570 5712 Attamen
1605 5663 1778 5728 aliqui
1882 5661 2194 5719 commode,
2223 5661 2357 5722 Quid
2385 5652 2642 5710 est—nutus
2663 5661 2692 5710 γ
2727 5665 2798 5711 At
2841 5652 2979 5714 infra
3024 5680 3054 5716 e
3094 5681 3367 5721 converso
3407 5652 3514 5723 vet.

189 5723 232 5764 et
259 5734 434 5797 omnes
470 5731 598 5780 edit.
635 5733 934 5794 preferunt
963 5723 1113 5796 quos,
1150 5734 1256 5794 vel,
1298 5748 1333 5782 α
1376 5733 1566 5797 quibus
1594 5723 1781 5797 madni
1881 5732 2010 5781 edit.
2061 5735 2115 5782 et
2159 5733 2347 5782 cuncti
2402 5745 2556 5790 mss.,
2607 5733 2720 5795 spei
2766 5735 2947 5787 vitalis
2998 5737 3140 5790 obitu
3187 5742 3517 5793 constitutus.

190 5795 364 5844 consilii
387 5801 608 5866 Angelus
643 5801 942 5854 declinavit.
1385 5795 1396 5797 ἡ
1687 5795 1703 5797 ”
1881 5804 2036 5855 Rom.
2071 5802 2207 5865 sola,
2233 5803 2456 5868 spiritus
2486 5803 2688 5869 vitalis,
2721 5808 2824 5858 etc.
