3930 6168
444 197 571 251 1631

1930 189 1987 244 8.
2017 189 2336 247 AMBROSII

3626 204 3737 261 1632

443 338 562 378 non
626 316 913 385 fidelibus,
970 315 1071 370 sed
1132 313 1454 399 inﬁdelibus
1511 315 1553 386 (1
1615 314 1759 382 Cor.,
1813 331 1926 384 xxv,
1989 317 2075 385 l9,
2098 328 2371 401 Acuram
2417 315 2673 386 parentis
2722 318 3036 370 assumunt.
3082 314 3155 371 At
3196 288 3341 371 vero!
3375 315 3616 375 homines
3658 340 3743 379 nec

441 414 567 487 22);
610 435 637 465 »
683 410 984 485 prophetia
1020 411 1210 465 autem
1250 425 1362 465 non
1402 407 1751 478 infidelibus,
1794 408 1892 464 sed
1930 407 2091 463 ﬁde-'

443 508 615 565 libus.

513 601 688 672 (Vers.
730 598 820 666 24,
858 596 974 668 25.)
1008 599 1131 652 Post
1172 598 1263 652 hos
1305 601 1485 653 autem
1526 598 1638 652 dies
1677 598 1917 666 concepit
1953 597 2072 650 .Eli-

441 694 627 750 zabeth
679 708 817 747 uxor
863 692 997 760 ejus,
1043 695 1093 744 et
1138 691 1443 746 occultabat
1493 707 1547 745 se
1594 691 1864 745 mensibus
1912 691 2075 759 quin-

441 804 562 858 que,
594 788 813 841 dicens:
848 785 988 852 Quid
1028 786 1164 839 mihi
1194 787 1273 845 sic
1307 785 1436 851 fecit
1470 786 1731 838 Dominus
1770 785 1827 837 in
1865 783 2071 846 diebus,

441 881 642 952 quibus
702 880 941 950 respexit
1009 879 1229 946 auferre
1293 877 1639 948 opprobrium
1701 891 1873 931 meum
1932 877 2077 931 inter

444 974 680 1029 homines
692 974 720 1026 ?

513 1067 603 1121 43.
649 1067 850 1137 Magna
888 1065 1093 1121 sanctis
1138 1080 1268 1117 cura
1311 1067 1396 1117 est
1434 1062 1809 1127 verecundia,
1857 1066 1916 1116 ut
1952 1061 2072 1132 ple-

443 1175 688 1231 rumque
740 1160 801 1227 in
852 1159 988 1232 ipsis
1039 1158 1221 1230 pudor
1272 1157 1417 1211 votis
1468 1157 1533 1211 sit
1585 1156 1721 1227 (4'7);
1773 1155 1920 1209 sicut
1966 1154 2076 1209 hoc

441 1254 563 1308 loco
617 1253 959 1308 advertimus
1011 1256 1264 1306 sanctam
1326 1250 1645 1317 Elizabeth,
1696 1265 1826 1320 qua
1881 1247 2075 1318 utique

444 1346 586 1402 ﬁlios
635 1346 845 1401 habere
897 1344 1183 1416 cupiebat,
1239 1344 1616 1398 occultantem
1673 1358 1732 1396 se
1783 1340 2076 1395 mensibus

446 1441 721 1513 quinque.
772 1439 912 1504 Qua
965 1454 1129 1493 causa
1180 1436 1593 1504 occultationis,
1645 1435 1753 1491 nisi
1804 1433 2076 1506 pudoris?

442 1535 539 1587 Est
567 1532 721 1587 enim
751 1531 1057 1603 unicuique
1082 1530 1271 1586 ofﬁcio
1300 1529 1628 1602 prascripta
1654 1534 1807 1596 atas,
1837 1532 1893 1583 et
1919 1526 2075 1599 quod

2132 408 2485 480 'conceptis,
2533 424 2637 464 nec
2691 410 2804 464 Deo
2854 411 3099 479 parcunt
3143 424 3157 463 :
3211 408 3332 463 illos
3380 412 3740 483 contaminant,

2176 504 2328 558 hunc
2356 505 2706 575 exasperant.
2736 523 2764 552 «
2792 502 3126 575 Priusquam
3150 506 3228 572 te,
3257 502 3452 573 inquit,
3478 505 3747 564 formarem

2173 597 2233 651 in
2275 601 2461 663 utero,
2500 597 2634 652 novi
2675 600 2759 666 te;
2803 602 2858 651 et
2901 596 2962 650 in
3002 595 3167 650 vulva
3213 595 3404 650 matris
3446 597 3746 655 sanctiﬁcavi

2177 695 2231 746 te
2279 693 2513 758 (larem,
2561 706 2599 757 ι,
2649 693 2721 761 5).
2773 711 2801 740 ››
2850 688 2935 744 Ad
2987 688 3361 744 cohibendam
3408 691 3747 760 petulantiam

2176 789 2358 851 tuam,
2386 800 2589 838 manus
2619 783 2892 855 quasdam
2927 782 3012 837 tui
3047 780 3287 837 auctoris
3321 781 3377 836 in
3410 788 3561 838 utero
3587 784 3749 840 homi-

2174 893 2308 932 nem
2340 876 2636 932 formautis
2673 876 2941 932 advertis.
2981 876 3079 931 llle
3125 880 3415 949 operatur,
3452 879 3506 930 et
3542 879 3600 930 tu
3634 880 3755 933 sacri

2173 972 2324 1026 uteri
2354 974 2635 1026 secretum
2664 970 2903 1025 incestas
2932 969 3204 1024 libidine?
3232 968 3328 1023 Vel
3357 969 3613 1039 pecudem
3643 969 3753 1025 imi-

2174 1067 2327 1132 tare,
2382 1065 2470 1119 vel
2528 1066 2709 1120 Deum
2764 1079 2974 1119 verere.
3031 1064 3099 1117 Et
3165 1061 3300 1134 quid
3360 1061 3427 1116 de
3481 1062 3758 1132 pecudibus

2174 1158 2416 1229 loquor?
2462 1159 2633 1213 Terra
2681 1158 2801 1228 ipsa
2846 1173 2877 1211 a
2924 1155 3241 1228 generandi
3286 1170 3455 1227 opere
3499 1171 3637 1227 sape
3676 1172 3754 1211 re-

2174 1251 2430 1323 quiescit,
2478 1254 2536 1306 et
2582 1251 2627 1305 si
2682 1250 3003 1322 impatienti
3050 1249 3352 1304 hominum
3402 1248 3579 1302 studio
3616 1248 3763 1318 jactis

2173 1344 2502 1416 frequenter
2526 1343 2842 1399 seminibus
2868 1345 3197 1414 occupetur,
3227 1340 3626 1414 impudentiam
3644 1341 3765 1395 mul-

2177 1441 2257 1493 tat
2302 1437 2582 1509 agricola,
2630 1440 2687 1491 et
2735 1436 3145 1492 fecunditatem
3201 1434 3490 1491 sterilitate
3538 1449 3766 1489 commu-

2176 1535 2274 1587 tat.
2329 1534 2410 1587 Ita
2459 1530 2690 1601 quidam
2754 1530 2812 1584 in
2870 1529 3006 1600 ipsis
3057 1528 3389 1596 elementis,
3441 1542 3505 1581 ac
3562 1526 3763 1597 pecudi-

444 1631 699 1697 tempore
729 1625 912 1694 decet,
947 1630 1206 1696 tempore
1238 1640 1353 1679 non
1394 1624 1583 1690 decet;
1622 1623 1841 1694 avique
1882 1627 2135 1697 muta-_
2174 1626 2280 1681 bus
2318 1625 2387 1680 ab
2430 1640 2534 1680 usu
2574 1641 2691 1679 non
2732 1636 2949 1678 cessare
2992 1621 3323 1695 generandi,
3361 1623 3573 1675 natura
3612 1620 3770 1691 pudor

444 1719 543 1788 tio,
566 1693 704 1773 lacti
728 1693 1179 1789 uniuscujusque
1212 1720 1397 1772 mutat
1432 1731 1581 1787 sape
1613 1693 1898 1770 naturam.
1933 1693 2151 1770 SuntB
2175 1724 2278 1775 est,

444 1812 617 1868 etiam
654 1811 761 1883 ipsi
804 1810 1066 1882 quadam
1108 1815 1364 1881 tempora
1407 1809 1734 1881 prascripta
1773 1806 2071 1879 conjugio;

442 1906 670 1977 quando
698 1905 830 1959 dare
860 1920 1095 1977 operam
1122 1904 1313 1959 liberis
1339 1902 1412 1957 sit
1440 1903 1741 1971 decorum;
1772 1901 1909 1956 dum
1937 1898 2073 1955 anni

442 1998 658 2069 vigent,
714 1997 851 2052 dum
900 1996 1395 2067 suscipiendorum
1437 1996 1747 2055 liberorum
1792 2011 1919 2066 spes
1960 1997 2072 2060 est;

444 2093 583 2147 dum
621 2090 933 2162 generandi
976 2107 1114 2145 usus
1141 2095 1225 2146 est
1262 2089 1320 2144 in
1361 2089 1642 2161 exemplo,
1674 2088 1889 2160 copula
1931 2103 2071 2158 quo-

446 2201 557 2257 que
598 2201 733 2240 usus
778 2184 836 2239 in
881 2184 1066 2239 studio
1117 2189 1231 2251 est;
1276 2186 1337 2239 at
1375 2200 1509 2238 vero
1557 2182 1651 2237 ubi
1702 2184 1930 2237 matura
1971 2180 2075 2235 avi

448 2284 709 2333 senectus
748 2277 1092 2344 successerit,
1126 2281 1183 2332 et
1216 2282 1351 2331 atas
1388 2276 1657 2347 regendis
1687 2275 1881 2329 liberis
1911 2273 2071 2328 habi-

443 2370 554 2426 lior
586 2388 756 2443 quam
789 2370 1069 2438 creandis,
1099 2369 1284 2442 pudor
1320 2374 1407 2424 est
1439 2368 1681 2440 legitimi
1720 2369 1852 2422 licet
1892 2367 2074 2422 coitus

442 2464 648 2519 indicia
689 2470 931 2536 gestare,
972 2469 1029 2519 et
1069 2464 1286 2535 gravari
1327 2463 1529 2518 aliena
1568 2462 1752 2517 atatis
1792 2476 1984 2526 onere,
2017 2462 2075 2514 et

444 2561 758 2613 tumescere
789 2558 980 2613 alvum
1005 2574 1119 2613 non
1149 2555 1395 2629 1281
1440 2556 1524 2610 sui
1554 2555 1829 2627 temporis
1858 2554 2067 2608 fructu.

444 2652 621 2707 Senes
662 2652 816 2707 enim
855 2653 924 2705 ab
970 2651 1092 2723 ipsa
1135 2650 1552 2706 concluduntur
1592 2653 1782 2718 atate,
1826 2653 1881 2704 et
1916 2648 2071 2718 justo

447 2744 910 2816 intemperantia
971 2744 1185 2817 pudore
1250 2746 1586 2799 revocantur
1648 2743 1835 2797 facere
1901 2757 2076 2812 opera

443 2839 777 2910 nuptiarum
817 2839 946 2907 (48).
977 2838 1372 2893 Adolescentes
1407 2836 1515 2908 ipsi
1554 2836 1890 2907 plerumque
1928 2833 2070 2889 ﬁlio-

446 2949 577 2987 rum
614 2938 742 2987 vota
786 2931 1169 3003 pratendunt,
1209 2936 1264 2985 et
1302 2930 1687 2985 excusandum
1726 2928 2075 2983 arbitrantur

449 3026 634 3081 atatis
672 3026 943 3092 calorem,
985 3022 1373 3095 generationis
1410 3022 1637 3079 affectu.
1679 3022 1902 3085 Quanto
1948 3037 2071 3074 ma-

448 3119 535 3190 gis
574 3118 805 3173 senibus
848 3132 1022 3188 agere
1067 3123 1233 3188 turpe
1277 3118 1383 3184 est,
1421 3116 1573 3186 quod
1619 3114 2075 3169 adolescentibus

446 3211 635 3283 pudor
693 3216 777 3265 est
839 3208 1139 3265 conﬁteri?
1191 3208 1337 3273 Quin
1398 3209 1569 3263 etiam
1634 3208 1742 3279 ipsi
1794 3208 2071 3279 juvenes,

448 3303 631 3358 sobria
657 3304 859 3359 timore
890 3302 1081 3357 divino
1110 3301 1281 3356 corda
1310 3301 1408 3373 qui
1437 3305 1781 3373 temperant,
1815 3307 2075 3371 suscepta

447 3398 791 3469 plerumque
840 3395 1063 3464 sobole,
1114 3394 1447 3450 renuntiant
1493 3394 1761 3466 operibus
1803 3394 2071 3466 juventu-

446 3490 539 3545 tis.

520 3584 606 3640 44.
658 3584 727 3638 Et
775 3583 911 3655 quid
956 3581 1171 3638 mirum
1215 3583 1285 3637 de
1339 3581 1690 3649 hominibus,
1736 3582 1783 3636 si
1828 3581 2075 3653 pecudes

447 3694 677 3751 quoque
718 3680 876 3732 muto
911 3676 1160 3748 quodam
1202 3692 1372 3747 opere
1412 3676 1722 3747 loquuntur
1762 3673 2074 3747 generandi

446 3771 550 3827 sibi
587 3770 862 3838 studium,
890 3786 1008 3825 non
1038 3769 1386 3824 desiderium
1415 3785 1538 3823 esse
1576 3769 1859 3824 coeundi?
1886 3768 2071 3841 Siqui-

445 3865 579 3920 dem
622 3864 720 3919 ubi
762 3862 937 3919 semel
981 3878 1211 3934 gravem
1258 3861 1445 3916 alvum
1487 3860 1593 3916 sibi
1635 3861 1921 3916 senserint
1966 3863 2073 3933 (49)

443 3965 500 4014 et
555 3957 788 4029 genitali
841 3972 974 4011 arvo
1029 3956 1140 4027 (50)
1192 3970 1389 4009 semen
1438 3958 1752 4027 receptum,
1795 3955 1917 4026 jam
1970 3971 2075 4010 nec

445 4051 755 4107 concubitu
800 4050 1122 4121 indulgent,
1173 4065 1275 4104 nec
1325 4048 1611 4103 lasciviam
1659 4048 1926 4119 amantis,
1977 4050 2071 4106 sed

508 4218 603 4281 (Π)
632 4218 759 4269 Mss.
791 4217 1065 4279 nonnulli,
1093 4229 1401 4281 omnesque
1440 4216 1591 4280 edit.,
1634 4217 1691 4266 in
1729 4216 1858 4281 ipsis
1898 4217 2075 4282 pudor

442 4290 550 4340 voti
592 4291 676 4341 sit.
740 4289 849 4339 Alii
899 4301 1028 4338 mss.
1079 4289 1274 4351 majori
1328 4300 1564 4338 numero
1610 4292 1775 4353 atque
1830 4289 2071 4338 auctori-

444 4363 634 4422 tate...,
662 4359 798 4410 votis
819 4359 918 4420 sit;
952 4358 1007 4408 id
1032 4362 1132 4419 est,
1163 4359 1218 4408 in
1247 4358 1418 4409 rebus
1454 4370 1595 4422 quas
1626 4371 1844 4408 summo
1886 4358 2072 4409 studio

443 4432 812 4496 expetierunt.

506 4503 603 4562 (48)
649 4500 806 4552 Rom.
863 4500 1016 4562 edit.,
1059 4506 1377 4551 revocantur
1423 4499 1492 4549 ab
1535 4513 1691 4565 opere
1740 4500 2068 4563 nuptiarum.

446 4574 684 4637 Optime,
736 4573 843 4622 nisi
893 4573 1124 4636 reliqua
1167 4577 1223 4622 et
1276 4572 1464 4622 cuncti
1512 4584 1642 4621 mss.
1695 4572 2066 4622 dissentirent.

444 4644 699 4707 lntellige
736 4644 920 4705 igitur,
964 4648 1282 4693 revocantur
1316 4642 1511 4706 facere,
1542 4643 1636 4694 hic
1677 4655 1774 4706 per
1814 4642 2074 4693 hellenis-

444 4729 600 4765 mum
640 4716 772 4779 poni
817 4728 935 4778 pro,
965 4720 1283 4765 revocantur
1315 4730 1350 4765 a
1391 4714 1651 4776 faciendo.
1681 4713 1843 4777 Quod
1887 4718 2073 4765 autem

443 4787 643 4847 eadem,
668 4785 800 4837 edit.
847 4785 1003 4836 Rom.
1040 4789 1164 4850 post
1202 4784 1342 4836 duos
1372 4799 1567 4837 versus
1605 4786 1867 4850 reposuit,
1906 4786 2075 4836 atatis

442 4857 651 4916 calore,
703 4856 1065 4921 generationis
1114 4855 1354 4919 a/fectum
1401 4871 1419 4905 .·
1460 4856 1569 4907 hoc
1622 4870 1734 4906 non
1775 4857 1955 4907 solum
2001 4857 2073 4906 ab

443 4928 569 4978 aliis
619 4932 675 4979 et
720 4940 851 4977 mss.
908 4927 1169 4978 omnibus
1210 4926 1487 4989 abhorret,
1536 4940 1729 4978 verum
1782 4928 1950 4978 etiam
2004 4928 2074 4979 ab

442 5000 685 5050 auctoris
746 5000 923 5048 nostri
992 5000 1304 5060 sententia;
1366 4998 1838 5063 quemadmodum
1903 5001 2074 5053 series

442 5072 739 5135 patefaciet
764 5071 1022 5121 intuenti.

507 5145 605 5205 (49)
652 5144 879 5194 Grauem
927 5142 1111 5193 alvum
1147 5141 1249 5192 sibi
1291 5142 1571 5202 senserint,
1622 5148 1684 5193 et.
1732 5144 1870 5195 Hac
1906 5144 2074 5196 verba

443 5220 761 5267 resecantur
789 5216 846 5265 in
871 5214 1001 5265 edit.
1032 5214 1190 5264 Rom.

505 5286 601 5348 (50)
632 5288 839 5339 Omnes
862 5286 993 5337 edit.
1021 5299 1087 5337 ac
1127 5298 1260 5335 mss.
1294 5298 1407 5335 non
1447 5285 1635 5348 pauci,
1676 5286 1897 5348 genitali
1931 5285 2071 5337 alvo.

445 5358 582 5408 Cod.
628 5358 793 5409 Corb.
837 5362 895 5409 et
941 5358 1034 5409 alii
1083 5358 1300 5421 aliquot
1350 5358 1595 5409 melioris
1638 5362 1805 5417 nota,
1853 5359 2077 5421 genitali

444 5443 591 5479 arvo.
624 5430 851 5490 Melius;
878 5430 1072 5481 eadem
1098 5431 1305 5495 quippe
1341 5430 1663 5494 metaphora
1700 5442 1866 5479 usum
1908 5431 2075 5479 etiam

446 5500 751 5560 reperimus
775 5500 988 5564 Virgil.,
1017 5501 1113 5551 lib.
1142 5513 1199 5550 ιιι
1230 5502 1413 5565 Georg.
1642 5519 1689 5551 ο

511 5570 606 5632 (51)
637 5572 707 5620 De
728 5571 956 5624 hominis
983 5576 1124 5634 ortu,
1153 5571 1435 5626 in'eadem
1459 5571 1589 5624 edit.
1616 5569 1861 5624 deletum
1891 5574 1992 5624 est.

2244 1814 2333 1869 45.
2363 1812 2557 1868 Merito
2587 1827 2723 1883 ergo
2754 1810 2926 1865 etiam
2961 1811 3156 1864 sancta
3180 1807 3465 1864 Elizabeth
3495 1806 3770 1862 erubesce-

2172 1907 2272 1962 bat
2297 1906 2559 1978 gratiam,
2589 1904 2692 1960 etsi
2726 1920 2841 1959 non
2874 1906 3208 1975 agnosceret
3244 1902 3493 1973 culpam.
3523 1901 3654 1955 Nam
3683 1900 3772 1954 etsi

2175 2000 2245 2057 de
2279 1999 2398 2055 viro
2433 2000 2774 2069 conceperat
2800 1997 3009 2068 (neque
3048 1994 3200 2050 enim
3240 1994 3407 2050 aliter
3443 1993 3511 2049 de
3550 1992 3777 2048 hominis

2174 2100 2303 2149 ortu
2335 2090 2443 2162 (5i)
2483 2090 2569 2146 fas
2612 2094 2695 2145 est
2738 2089 3015 2160 credere),
3060 2094 3252 2144 tamen
3298 2088 3493 2159 partus
3535 2086 3615 2140 sui
3661 2101 3776 2140 cru-

2174 2186 2438 2241 bescebat
2482 2186 2728 2239 atatem.
2777 2184 2845 2238 Et
2888 2198 3081 2238 rursus
3123 2180 3370 2237 caruisse
3419 2196 3479 2235 se
3523 2178 3782 2251 gaudebat

2173 2278 2513 2351 opprobrio;
2567 2276 2754 2348 pudor
2816 2279 2902 2331 est
2933 2274 3120 2346 .enim
3180 2274 3419 2330 feminis
3474 2272 3779 2344 nuptiarum

2172 2372 2416 2445 pramia
2458 2388 2574 2427 non
2627 2370 2860 2437 habere,
2906 2369 3113 2441 quibus
3158 2368 3285 2423 hac
3333 2367 3455 2423 sola
3504 2371 3587 2422 est
3634 2381 3784 2419 causa

2172 2464 2426 2521 nubendi
2452 2464 2582 2537 (52).
2610 2465 2723 2519 Hoc
2748 2463 2924 2535 igitur
2955 2461 3332 2534 opprobrium
3366 2460 3685 2516 consolatur
3711 2457 3783 2511 sui

2173 2561 2391 2632 pudore
2421 2558 2728 2626 sublatum,
2758 2572 2824 2611 eo
2851 2556 3087 2627 pudore,
3120 2558 3181 2609 ut
3207 2554 3350 2625 dixi,
3382 2553 3534 2626 quod
3557 2549 3787 2624 pudebat

2174 2670 2303 2708 eam
2350 2657 2583 2724 propter
2630 2653 2859 2705 atatem
2901 2650 3010 2719 (3'2,
3054 2666 3112 2720 q.
3153 2651 3207 2716 2,
3255 2665 3306 2702 c.
3354 2645 3600 2716 Pudor.).
3644 2642 3785 2698 Unde

2174 2745 2418 2817 intelligi
2452 2747 2639 2817 potest
2663 2743 2800 2814 quia
2818 2744 2941 2813 jam
2967 2758 3084 2797 non
3116 2740 3545 2796 conveniebant
3570 2738 3712 2792 inter
3734 2751 3787 2789 se

2173 2839 2479 2895 concubitu
2518 2837 2834 2909 conjugali;
2872 2851 3061 2908 neque
3103 2835 3261 2890 enim
3296 2850 3364 2889 ea
3403 2849 3533 2905 qua
3570 2829 3787 2885 senilem

2175 2950 2288 2988 non
2329 2932 2685 2988 erubesceret
2723 2930 2956 2998 coitum,
3000 2929 3364 2984 erubesceret
3403 2930 3629 2998 partum
3665 2923 3788 2993 (53);

2174 3031 2233 3082 et
2266 3032 2464 3082 tamen
2503 3024 2786 3081 erubescit
2828 3040 2970 3079 onus
3012 3021 3292 3094 parentis,
3329 3019 3590 3093 quandin
3630 3015 3793 3071 nescit

2176 3119 2511 3191 mysterium
2542 3116 2829 3189 religionis
2857 3118 2991 3188 (54).

2243 3215 2332 3268 46.
2356 3213 2453 3268 Illa
2476 3228 2601 3284 qua
2632 3210 2950 3267 occultabat
2975 3225 3056 3276 se,
3080 3208 3212 3280 quia
3237 3212 3587 3279 conceperat
3611 3204 3793 3268 ﬁlium,

2167 3307 2385 3377 jactare
2435 3322 2494 3361 se
2541 3305 2711 3376 capit
2759 3304 2897 3375 quia
2950 3301 3269 3374 generabat
3327 3301 3691 3373 prophetam.
3740 3296 3800 3351 Et

2175 3417 2305 3472 qua
2357 3398 2728 3454 erubescebat
2779 3401 2929 3465 ante,
2979 3395 3296 3462 benedicit;
3353 3401 3413 3449 et
3469 3409 3600 3465 qua
3650 3388 3795 3446 dubi-

2175 3493 2332 3548 tabat
2375 3495 2528 3561 ante,
2579 3491 2838 3546 firmatur
2889 3506 2902 3544 :
2952 3492 3083 3545 Ecce
3128 3490 3295 3551 enim,
3347 3486 3561 3559 inquit,
3601 3490 3663 3540 ut
3706 3497 3799 3538 υοω

2173 3588 2517 3643 salutationis
2557 3590 2661 3640 tua
2697 3586 2851 3652 facta
2893 3588 2970 3639 est
3008 3585 3067 3637 in
3106 3584 3338 3637 auribus
3382 3583 3538 3644 meis,
3573 3577 3798 3634 exsulta-

2174 3684 2251 3736 vit
2280 3682 2341 3734 in
2368 3679 2567 3749 gaudio
2594 3680 2783 3746 infans
2817 3680 2879 3731 in
2903 3680 3055 3731 utero
3078 3691 3192 3730 meo
3218 3676 3403 3744 (Luc.,
3434 3691 3474 3743 ι,
3505 3674 3595 3743 44,
3620 3669 3800 3739 infra).

2178 3776 2370 3844 Itaque
2419 3788 2633 3843 magna
2676 3786 2811 3825 voce
2863 3768 3148 3836 clamavit,
3197 3768 3301 3824 ubi
3358 3767 3592 3823 Domini
3641 3762 3802 3819 sensit

2173 3866 2503 3932 adventum,
2533 3864 2667 3936 quia
2709 3863 3044 3934 religiosum
3075 3861 3320 3917 credidit
3358 3866 3618 3933 partum.
3655 3856 3803 3914 Nulla

2173 3960 2329 4016 enim
2360 3974 2527 4014 causa
2552 3962 2674 4013 erat
2704 3956 2957 4029 pudoris,
2983 3955 3081 4010 ubi
3113 3956 3425 4027 pr0pheta
3464 3957 3626 4009 ortus
3649 3952 3800 4014 data,

2173 4070 2288 4109 non
2316 4051 2592 4108 affectata
2622 4051 2793 4107 fidem
2831 4048 3218 4121 generationis
3247 4049 3580 4105 ascisceret.

2235 4221 2331 4282 (52)
2374 4219 2572 4282 Quibus
2609 4218 2714 4269 haec
2755 4216 2867 4269 sola
2907 4222 2979 4267 est
3025 4229 3186 4268 causa
3229 4215 3495 4266 nubendi.
3545 4213 3689 4275 Sola,
3734 4210 3805 4260 in-

2174 4293 2295 4357 quit
2319 4291 2517 4342 Glossa
2553 4290 2796 4350 Decreti,
2824 4287 2880 4338 id
2911 4292 3003 4349 est,
3029 4287 3323 4351 pracipua.
3357 4287 3481 4338 Nec
3527 4299 3663 4337 sane
3697 4293 3807 4333 cre-

2172 4362 2416 4413 dendum
2446 4365 2533 4412 est
2555 4365 2799 4411 mentem
2830 4359 3124 4409 Ambrosio
3151 4358 3330 4409 fuisse
3354 4357 3501 4408 alias
3526 4357 3666 4407 duas
3690 4365 3806 4405 cau-

2090 4422 2150 4494 D
2172 4447 2278 4495 sas,
2310 4446 2449 4497 quas
2478 4431 2617 4495 proli
2648 4432 2960 4494 adjungunt
2987 4428 3227 4492 theologi
3250 4434 3385 4491 post
3428 4432 3596 4494 Aug,
3621 4434 3808 4487 nempe

2172 4504 2340 4555 ﬁdem
2378 4508 2432 4554 et
2474 4507 2911 4564 sacramentum,
2961 4499 3273 4551 excludere.
3324 4501 3650 4552 Prasertim
3691 4508 3805 4564 cum

2173 4575 2313 4625 infra
2362 4586 2560 4623 verum
2617 4563 2939 4637 conjugium
2997 4573 3139 4622 inter
3196 4572 3436 4620 Mariam
3490 4583 3558 4620 ac
3612 4563 3806 4637 Joseph

2170 4646 2556 4696 intercessisse
2606 4635 2885 4704 defendat,
2934 4656 3061 4707 qua
3116 4642 3284 4692 etiam
3344 4642 3462 4691 fuit
3517 4635 3807 4703 Augustini

2172 4716 2467 4775 sententia,
2511 4714 2608 4764 lib.
2658 4727 2694 4764 ιι
2734 4715 2801 4765 de
2839 4726 3094 4765 consensu
3138 4714 3377 4776 Evang.,
3432 4725 3557 4776 cap.
3610 4715 3672 4770 l;
3716 4707 3803 4756 lib.

2173 4804 2339 4848 xxui,
2378 4790 2525 4839 Cont.
2562 4790 2838 4847 Faustum,
2882 4792 2939 4838 et
2969 4787 3067 4837 lib.
3104 4786 3167 4836 de
3203 4787 3370 4850 Nupt.
3415 4791 3463 4836 et
3516 4782 3807 4846 Concupis,

2173 4875 2292 4925 cap.
2346 4863 2419 4910 li.
2457 4860 2562 4911 Adi
2601 4872 2824 4924 quoque
2864 4860 2921 4909 B.
2964 4858 3162 4908 Thom.
3205 4871 3264 4907 Ill
3307 4862 3453 4920 part.
3496 4859 3695 4920 quast.
3735 4852 3807 4909 9.9,

2173 4939 2272 4983 art.
2300 4933 2350 4995 2,
2377 4937 2433 4982 et
2452 4933 2606 4982 alios.
2640 4932 2800 4982 Forte
2826 4931 2993 4981 etiam
3030 4928 3346 4992 simplicius
3381 4926 3671 4995 explicari,
3691 4934 3807 4987 pos-

2173 5007 2266 5069 sit,
2290 5003 2407 5055 sola
2434 5017 2617 5062 causa,
2652 5000 3140 5064 subintelligendo,
3169 5004 3226 5049 ut
3262 4998 3595 5061 plurimum,
3626 4994 3680 5045 id
3716 4995 3809 5052 est,

2172 5089 2339 5128 causa
2364 5075 2608 5125 maxime
2636 5073 2932 5124 ordinaria.

2237 5147 2332 5208 (53;
2359 5145 2487 5195 Mss.
2528 5145 2758 5209 aliquot,
2798 5157 2916 5207 qua
2948 5142 3111 5192 anilis
3149 5144 3297 5198 esset,
3340 5154 3458 5193 non
3497 5136 3809 5191 erubesceret

2173 5219 2383 5274 coitum,
2412 5230 2527 5267 eum
2552 5216 2871 5266 erubesceret
2897 5219 3131 5279 partum.

2236 5272 2520 5349 (5411]οοὶ
2566 5286 2859 5351 religionis,
2897 5272 3079 5335 'addit.
3124 5284 3283 5335 Rom.
3334 5284 3475 5335 edit.
3523 5285 3590 5333 At
3631 5272 3809 5351 ubi‘id

2173 5347 2445 5411 intellexit.
2478 5360 2548 5408 Et
2583 5347 2705 5422 post
2738 5371 2911 5422 pauca
2946 5370 3045 5421 pro
3078 5355 3338 5415 vocibus,
3367 5356 3504 5419 quia
3536 5347 3810 5422 generabat

2173 5431 2503 5495 prophetam,
2538 5417 2757 5494 prapria
2795 5417 3122 5478 auctdritate
3154 5417 3431 5488 reposuit,
3456 5425 3589 5488 quia
3611 5417 3810 5485 gerebat

2174 5501 2495 5566 prophetam.
3036 5513 3045 5519 ·
