3930 6168
206 267 322 319 1633

1293 265 1758 321 EXPOSITIONIS
1795 265 1863 320 ΙΝ
1903 266 2128 321 LUCAM
2171 267 2293 321 LIB.
2340 267 2402 320 ll.

3391 272 3527 325 1634

1330 601 1670 694 LIBER
1739 601 2348 695 SECUNDUS.

188 957 426 1032 1282
455 962 629 1028 (Vers.
657 966 746 1030 26,
774 964 886 1035 27.)
917 965 1112 1020 Eodem
1138 972 1320 1020 autem
1345 971 1574 1038 tempore
1599 971 1790 1023 missus
1813 979 1871 1051 Α
1965 970 2018 1022 3.
2048 968 2166 1020 Non
2195 965 2500 1020 mediocris
2537 982 2762 1038 quoque
2792 982 2958 1022 causa
2992 973 3094 1034 est,
3127 971 3191 1022 ut
3227 967 3522 1039 virginitas

244 1061 315 1106 est
341 1056 566 1123 angelus
596 1056 813 1110 Gabriel
841 1075 874 1111 ιι
901 1061 1120 1112 Domino
1151 1062 1208 1113 in
1237 1062 1510 1115 civitatem
1537 1063 1792 1127 Galilzeae,

239 1149 324 1198 cui
373 1163 565 1202 nomen
609 1151 904 1212 Nazareth,
958 1152 1032 1205 ad
1088 1155 1364 1222 Virginem
1412 1154 1794 1224 desponsatam

239 1243 345 1293 viro
389 1243 482 1294 cui
531 1258 720 1296 nomen
767 1250 884 1298 erat
925 1246 1136 1314 Ioseph,
1183 1247 1247 1301 de
1292 1247 1446 1302 domo
1492 1250 1696 1315 David;
1745 1256 1795 1304 et

237 1349 421 1387 nomen
452 1337 719 1402 Virginis,
744 1338 946 1392 Maria.

243 1430 285 1479 l.
336 1427 541 1481 Latent
593 1428 828 1500 quidem
884 1430 1069 1485 divina
1122 1434 1413 1504 mysteria,
1469 1453 1574 1491 nec
1628 1437 1790 1491 facile

173 1520 313 1589 juxta
373 1522 780 1592 propheticum
845 1523 1061 1579 dictum
1125 1527 1428 1598 quisquam
1489 1530 1790 1584 hominum

180 1620 340 1682 potest
381 1615 528 1669 scire
569 1616 873 1671 consilium
921 1618 1037 1686 Dei,
1081 1619 1181 1674 sed
1224 1626 1416 1675 tamen
1462 1639 1528 1677 ex
1573 1623 1792 1678 caeteris

178 1705 320 1760 factis
356 1710 533 1779 atque
570 1711 868 1781 prteceptis
904 1711 1142 1766 domini.
1178 1714 1452 1769 Salutaris
1488 1733 1791 1787 possumus

180 1799 473 1869 intelligere
519 1805 576 1855 et
616 1802 725 1856 hoc
760 1805 1140 1874 perpensioris
1177 1807 1345 1863 fuisse
1374 1809 1608 1877 consilii,
1637 1809 1790 1880 quod

179 1909 234 1945 ea
275 1894 636 1964 potissimum
691 1897 866 1951 electa
923 1903 1008 1953 est
1060 1905 1123 1954 ut
1177 1901 1476 1956 Dominum
1537 1909 1788 1973 pareret,

179 2001 285 2056 qua:
309 1990 426 2041 erat
454 1987 799 2059 desponsata
825 1991 965 2046 viro.
989 1994 1098 2047 Cur
1117 1997 1312 2049 autem
1342 2012 1453 2050 non
1480 2002 1787 2067 antequam

177 2079 620 2150 desponsaretur,
667 2083 902 2155 impleta
946 2087 1063 2141 est?
1105 2088 1356 2142 Fortasse
1399 2105 1470 2144 ne
1509 2090 1790 2144 diceretur

177 2173 307 2242 quod
345 2183 693 2245 conceperat
734 2193 804 2231 ex
848 2179 1144 2235 adulterio.
1190 2182 1256 2234 Et
1295 2182 1439 2236 bene
1483 2187 1788 2252 utrumque

176 2266 339 2333 posuit
367 2267 688 2339 Scriptura,
722 2276 785 2325 ut
821 2275 880 2326 et
918 2272 1256 2343 desponsata
1297 2279 1462 2341 esset,
1491 2281 1544 2330 et
1584 2275 1781 2346 virgo:

1896 1060 2079 1115 Mariae
2115 1060 2336 1114 falleret
2371 1059 2686 1130 principem
2724 1060 2947 1128 mundi,
2983 1061 3080 1132 qui
3114 1078 3243 1115 cum
3275 1062 3520 1132 despon-

1895 1158 2074 1208 satam
2129 1154 2247 1207 viro
2297 1157 2574 1221 cerneret,
2626 1159 2852 1224 partum
2906 1171 3022 1208 non
3072 1155 3258 1225 potuit
3307 1154 3521 1209 habere

1893 1250 2241 1318 suspectum.
2281 1246 2533 1301 Fallendi
2575 1251 2765 1302 autem
2800 1247 3075 1318 principis
3110 1248 3311 1302 mundi
3351 1248 3520 1302 fuisse

1893 1341 2216 1407 consilium,
2272 1340 2450 1410 ipsius
2514 1340 2734 1395 Domini
2793 1341 2958 1395 verba
3011 1341 3330 1408 declarant,
3387 1357 3520 1395 cum

1893 1435 2130 1504 apostoli
2168 1433 2448 1504 jubentur
2497 1437 2681 1489 tacere
2729 1434 2799 1488 de
2850 1433 3072 1490 Christo
3120 1436 3361 1500 (Matth.,
3407 1450 3517 1500 xw,

1892 1528 2004 1598 '20),
2047 1525 2304 1599 1283
2353 1543 2484 1581 cum
2528 1527 2711 1582 sanati
2756 1527 3136 1597 prohibentur
3177 1527 3410 1598 gloriari
3448 1527 3518 1581 de

1892 1622 2143 1676 remedio
2173 1623 2410 1685 (Matth.,
2442 1636 2556 1688 Vill,
2588 1622 2662 1690 4),
2697 1637 2827 1675 cum
2855 1621 3144 1675 daemones
3169 1620 3515 1691 praecipiun-

1891 1719 1984 1769 tur
2019 1713 2182 1768 silere
2224 1714 2294 1768 de
2324 1713 2424 1767 Dei
2468 1713 2602 1767 Filio
2641 1713 2748 1784 (56)
2788 1713 2956 1783 (Luc.,
2995 1730 3066 1779 IV,
3099 1716 3206 1779 35).
3245 1711 3516 1778 Fallendi,

1893 1813 1954 1862 ut
2009 1807 2142 1875 dixi,
2192 1806 2461 1877 principis
2512 1807 2713 1861 mundi
2763 1805 2932 1861 fuisse
2985 1806 3287 1860 consilium
3343 1805 3518 1859 etiam

1889 1900 2191 1971 Apostolus
2237 1901 2542 1955 declaravit
2581 1899 2772 1955 dicens
2815 1916 2828 1954 ε
2870 1919 2898 1949 ‹‹
2940 1899 3046 1956 Sed
3090 1899 3378 1969 loquimur
3419 1897 3517 1950 Dei

1891 1993 2226 2065 sapientiam
2265 1993 2323 2047 in
2355 1995 2624 2064 mysterio
2655 1992 3110 2048 absconditam...
3143 2008 3313 2062 quam
3345 2007 3518 2045 nemo

1890 2087 2214 2159 principum
2251 2086 2408 2142 istius
2449 2087 2638 2142 saeculi
2679 2086 2962 2157 cognovit.
3005 2085 3060 2140 Si
3105 2086 3258 2139 enim
3302 2101 3516 2155 cogno-

1889 2181 2115 2248 vissent,
2163 2197 2456 2252 nunquam
2501 2180 2805 2234 Dominum
2853 2179 3162 2250 majestatis
3207 2179 3516 2233 cruciﬁxis-

1888 2280 2016 2328 seut
2059 2275 2100 2344 (Ι
2150 2276 2294 2337 Cor.,
2341 2291 2401 2341 ιι,
2447 2278 2502 2340 7,
2548 2274 2621 2341 8),
2676 2295 2703 2322 n
2759 2273 2868 2328 hoc
2918 2275 3022 2339 est,
3074 2289 3373 2343 nunquam
3426 2289 3519 2327 me

175 2358 326 2430 virgo,
356 2365 418 2414 ut
449 2378 668 2432 expers
695 2363 873 2418 virilis
901 2367 1165 2420 consortii
1194 2366 1507 2436 videretur;
1539 2368 1783 2439 despon-
1807 2347 1864 2417 B
1888 2368 2097 2422 redimi
2144 2367 2366 2422 Domini
2413 2371 2598 2421 morte
2645 2366 2932 2421 fecissent.
2971 2366 3189 2421 Fefellit
3232 2381 3369 2437 ergo
3414 2383 3518 2437 pro

175 2459 297 2520 sata,
334 2471 401 2508 ne
445 2458 748 2511 temeratae
786 2458 1125 2528 virginitatis
1163 2459 1496 2515 adureretur
1532 2461 1784 2526 infamia,
1889 2461 2072 2528 nobis,
2121 2461 2323 2515 fefellit
2369 2466 2433 2514 ut
2483 2461 2754 2536 vinceret,
2802 2459 3002 2514 fefellit
3046 2459 3335 2513 diabolum
3388 2475 3518 2514 cum

174 2546 246 2600 cui
279 2549 458 2616 gravis
491 2549 659 2604 alvus
691 2553 1029 2622 corruptelae
1056 2552 1346 2608 videretur
1379 2555 1602 2625 insigne
1642 2572 1782 2626 prae-
1889 2559 2226 2621 tentaretur,
2264 2570 2395 2608 cum
2433 2559 2754 2624 rogaretur,
2789 2569 2921 2606 cum
2955 2552 3052 2606 Dei
3093 2552 3263 2606 Filius
3300 2551 3519 2606 dicere-

173 2637 311 2695 ferrc.
349 2641 552 2696 Maluit
592 2647 783 2697 autem
827 2646 1102 2700 Dominus
1146 2648 1361 2718 aliquos
1405 2649 1473 2702 de
1519 2665 1618 2702 suo
1659 2655 1784 2702 ortu
1886 2653 1998 2714 tur,
2045 2653 2105 2701 ut
2150 2663 2432 2718 nusquam
2483 2646 2840 2700 divinitatem
2881 2646 3178 2716 propriam
3223 2645 3516 2700 fateretur.

175 2749 319 2802 quam
367 2735 435 2789 de
488 2737 701 2790 matris
754 2738 972 2808 pudore
1024 2739 1310 2810 dubitare;
1363 2741 1579 2795 sciebat
1629 2742 1786 2795 enim
1886 2740 1995 2795 Sed
2023 2744 2212 2793 tamen
2242 2739 2425 2810 magis
2452 2739 2649 2794 fefellit
2672 2739 2988 2810 principem
3013 2738 3518 2793 saeculizdiabolus

176 2830 406 2882 teneram
451 2845 584 2883 esse
630 2830 866 2901 virginis
906 2833 1298 2887 verecundiam
1339 2833 1468 2902 (55),
1510 2837 1568 2888 et
1607 2834 1784 2888 Iubri-
1887 2834 2038 2888 enim
2081 2833 2183 2888 etsi
2222 2833 2524 2904 aliquando
2566 2831 2858 2901 dubitavit,
2898 2848 3028 2887 cum
3069 2832 3285 2886 diceret
3327 2849 3339 2885 :
3385 2852 3413 2879 «
3456 2831 3514 2886 Si

178 2933 284 2974 cam
318 2921 530 2976 famam
575 2924 837 2993 pudoris;
879 2942 983 2980 nec
1027 2926 1248 2996 putavit
1286 2930 1441 2981 ortus
1486 2927 1570 2981 sui
1613 2928 1784 2982 ﬁdem
1887 2926 2056 2980 Filius
2104 2926 2198 2980 Dei
2243 2943 2319 2990 es,
2365 2925 2526 2980 mitte
2571 2929 2629 2980 te
2669 2925 2940 2980 deorsum
2982 2925 3222 2993 (Matth.,
3263 2941 3334 2993 IV,
3370 2925 3446 2994 6),
3487 2946 3516 2972 ››

178 3015 345 3068 matris
379 3015 612 3086 injuriis
639 3018 1021 3074 astruendam.
1055 3019 1322 3074 Servatur
1357 3020 1546 3091 itaque
1579 3025 1784 3076 sancta:
1885 3025 2078 3075 tamen
2114 3019 2201 3072 vel
2242 3035 2366 3074 sero
2407 3018 2689 3090 cognovit,
2723 3024 2779 3074 et
2803 3018 3051 3073 discessit
3079 3019 3149 3072 ab
3178 3035 3263 3072 eo.
3292 3020 3514 3088 Cogno-

181 3104 338 3162 lilaria:
387 3110 534 3164 sicut
588 3111 806 3181 pudore
857 3112 1100 3183 integra,
1148 3113 1224 3167 ita
1270 3114 1608 3168 inviolabilis
1660 3117 1781 3186 opi-
1884 3119 2094 3168 verunt
2131 3115 2188 3167 et
2227 3113 2521 3167 diemones
2561 3113 2657 3184 qui
2701 3111 3008 3167 dicebant:
3048 3132 3074 3160 ‹‹
3115 3110 3383 3166 Novimus
3418 3111 3516 3182 qui

181 3198 324 3254 nione
365 3203 693 3276 virginitas;
739 3209 963 3275 oportet
1007 3207 1163 3260 enim
1210 3212 1435 3262 sanctos
1483 3213 1539 3262 et
1581 3209 1651 3262 ab
1695 3209 1784 3263 his
1887 3207 1963 3261 sis
2001 3209 2131 3262 Jesu
2171 3207 2340 3260 Filius
2379 3207 2486 3275 (57)
2530 3206 2652 3260 Dei.
2692 3205 2838 3269 Quid
2878 3205 3082 3260 venisti
3122 3208 3253 3260 ante
3295 3210 3518 3276 tempus

179 3293 548 3350 testimonium
602 3296 818 3352 habere
871 3299 968 3368 qui
1012 3297 1150 3353 foris
1197 3305 1328 3354 sunt
1377 3316 1390 3354 :
1442 3316 1546 3354 nec
1598 3300 1785 3355 decuit
1883 3305 2148 3371 torquere
2194 3317 2294 3354 nos
2341 3301 2587 3370 (Matth.,
2630 3315 2742 3365 vin,
2781 3299 2912 3369 29)?
2951 3320 2977 3348 »
3024 3301 3090 3354 Et.
3132 3299 3259 3353 ideo
3299 3299 3517 3353 venisse

179 3384 378 3443 sinistra
431 3389 754 3460 virginibus
818 3392 1085 3462 opinione
1143 3392 1458 3448 viventibus
1517 3393 1780 3449 velamen
1883 3400 2293 3465 cognoverunt,
2320 3393 2416 3462 qui
2451 3392 2867 3464 przecognitum
2899 3391 3189 3446 habebant
3225 3408 3347 3445 esse
3382 3408 3514 3446 ven-

183 3482 535 3538 excusationis
568 3483 838 3554 relinqui,
867 3485 1018 3556 quod
1045 3485 1316 3540 infamata
1343 3490 1529 3541 mater
1557 3502 1781 3559 quoque
1881 3489 2098 3542 turum.
2122 3486 2405 3556 Principes
2431 3489 2623 3540 autem
2651 3484 2842 3540 saeculi
2872 3501 2989 3539 non
3020 3485 3367 3554 cognovisse,
3402 3501 3516 3556 quo

181 3569 373 3629 Domini
401 3577 720 3630 videretur.

1882 3581 2097 3650 majore
2140 3594 2436 3650 possumus
2473 3595 2646 3650 quam
2687 3577 3012 3648 apostolicae
3052 3579 3350 3632 sententiae
3383 3593 3512 3648 pro-

233 3668 280 3720 2.
340 3668 485 3732 Quid
555 3675 750 3724 autem
816 3669 1024 3725 Judaeis
1045 3713 1059 3740 ,
1122 3671 1261 3743 quid
1325 3672 1531 3727 Herodi
1595 3678 1783 3744 posset
1803 3710 1858 3784 Ε
1882 3673 2014 3727 hare
2041 3672 2382 3727 documento
2413 3688 2426 3726 :
2460 3693 2486 3720 ‹‹
2512 3671 2570 3726 Si
2591 3671 2750 3724 enim
2780 3671 3193 3740 cognovissent,
3220 3687 3516 3740 nunquam

233 3760 346 3784 ...ζιέ
416 3763 453 3784 -1
511 3767 712 3784 __n--_-
765 3763 1091 3784 __2J___A_1___-
1153 3781 1204 3784 ,η
1263 3766 1342 3784 -.1.
1374 3766 1524 3784 II,,,-_
1591 3783 1611 3784 η
1639 3782 1673 3784 _,
1733 3783 1741 3784 κ
1887 3768 1944 3784 n,
1985 3766 2079 3784 .-θη
2113 3783 2121 3784 ,
2149 3783 2180 3784 η
2243 3765 2551 3784 κη,εᾼμιᾼι2-
2611 3763 3048 3784 ,μ--ΑΣιέ-ζ---..ιο
3176 3764 3508 3784 n.....A__-_.

181 3760 369 3826 ascribi,
413 3763 458 3816 si
511 3767 718 3817 natum
765 3763 1093 3818 viderentur
1144 3781 1208 3819 ex
1258 3766 1538 3820 adulterio
1587 3782 1779 3838 perse-

182 3852 308 3906 cuti?
335 3855 832 3919 Quemadmodum
877 3863 1069 3911 autem
1118 3859 1237 3928 ipse
1278 3859 1493 3914 diceret
1536 3882 1545 3913 :
1595 3880 1622 3909 «
1662 3860 1781 3915 Non

182 3946 285 4000 veni
307 3947 490 4019 legem
517 3949 755 4017 solvere,
783 3949 881 4004 sed
909 3950 1220 4022 adimplere
1254 3952 1496 4021 (Matth.,
1526 3969 1580 4020 v,
1614 3955 1719 4023 l7),
1751 3975 1778 4002 »

181 4036 215 4089 si
255 4039 535 4098 videretur
585 4043 820 4114 cmpisse
865 4060 898 4097 a
945 4044 1089 4114 legis
1131 4045 1359 4115 injuria,
1407 4062 1536 4100 cum
1587 4051 1783 4116 partus

180 4129 404 4203 innuptae
461 4137 591 4206 lege
656 4137 962 4192 damnetur
1015 4139 1214 4207 (Deut.,
1267 4156 1422 4208 χχιιι,
1478 4141 1585 4194 l7?
1639 4141 1782 4203 Quin

182 4223 329 4280 etiam
359 4228 698 4300 locupletior
733 4230 889 4284 testis
927 4231 1160 4301 pudoris
1188 4234 1428 4288 maritus
1455 4232 1778 4299 adhibetur,

180 4317 260 4384 qui
290 4327 472 4388 posset
506 4325 566 4375 et
602 4322 797 4377 dolere
836 4324 1132 4394 injuriam,
1162 4332 1219 4380 et
1253 4327 1538 4381 vindicare
1569 4343 1780 4398 oppro-

181 4405 362 4480 brium,
393 4415 439 4468 si
471 4431 589 4469 non
617 4421 950 4486 agnosceret
975 4425 1412 4474 sacramentum.
1446 4420 1591 4484 Quid
1629 4421 1780 4491 quod

183 4501 328 4560 etiam
361 4507 498 4563 fides
539 4509 728 4563 Maria:
768 4511 949 4566 verbis
985 4512 1168 4582 major
1200 4513 1506 4581 asciscitur,
1539 4521 1593 4568 et
1621 4530 1779 4569 men-

183 4591 297 4651 dacii
353 4617 517 4656 causa
581 4605 943 4658 removetur?
994 4605 1293 4661 Videretur
1344 4607 1498 4660 enim
1555 4609 1780 4678 culpam

183 4687 495 4751 obumbrare
539 4697 781 4751 voluisse
826 4697 1126 4753 mendacio
1171 4699 1414 4772 innupta
1455 4717 1778 4772 praegnans.

185 4779 389 4842 Causam
413 4795 607 4846 autem
634 4791 948 4846 mentiendi
975 4791 1382 4864 indesponsata
1410 4793 1628 4863 habuit,
1660 4795 1782 4849 des-

185 4885 389 4942 ponsata
438 4899 553 4937 non
606 4883 834 4954 habuit,
888 4901 1019 4939 cum
1068 4886 1316 4957 conjugii
1371 4888 1674 4958 praemium
1727 4895 1782 4943 et

186 4971 335 5034 gratia
360 4975 687 5046 nuptiarum
715 4981 910 5047 partus
937 4978 1008 5031 sit
1033 4978 1399 5034 feminarum.

1887 3766 2190 3820 Dominum
2242 3765 2555 3836 majestatis
2603 3763 3048 3819 cruciﬁxissent‘?
3094 3786 3122 3812 »
3176 3764 3514 3817 Daemonum

1883 3859 2036 3914 enim
2076 3859 2296 3913 malitia
2333 3858 2491 3912 facile
2532 3858 2706 3912 etiam
2751 3856 2974 3911 occulta
3010 3855 3421 3926 deprehendit;
3458 3861 3517 3909 at

1883 3969 2015 4007 vero
2053 3953 2153 4024 qui
2187 3951 2549 4006 szecularibus
2584 3950 2928 4005 vanitatibus
2972 3953 3341 4020 occupantur,
3374 3947 3514 4002 scire

1885 4046 2075 4101 divina
2101 4063 2216 4100 non
2246 4048 2499 4116 possunt.

1953 4141 2006 4194 4.
2055 4141 2204 4194 Bene
2259 4143 2452 4193 autem
2505 4139 2611 4192 sibi
2661 4138 2974 4194 diviserunt.
3019 4136 3402 4208 evangelistae,
3454 4139 3518 4191 ut

1885 4237 2112 4288 sanctus
2150 4233 2442 4287 Matthteus
2477 4232 2690 4303 Ioseph
2728 4233 2796 4286 ab
2835 4233 3041 4303 angelo
3085 4231 3306 4287 moneri
3344 4231 3512 4285 indu-

1883 4330 2038 4382 ceret
2064 4327 2294 4381 Mariam
2326 4326 2630 4397 conjugem
2662 4326 2918 4397 accipere
2955 4328 3058 4394 (58)
3087 4326 3292 4394 (Matt,
3324 4341 3362 4393 1,
3393 4326 3512 4394 20);

1884 4421 2058 4476 Lucas
2111 4421 2221 4474 illic
2273 4419 2625 4490 evangelista
2676 4417 3072 4473 testimonium
3130 4417 3306 4470 ferret
3358 4416 3514 4487 quod

1883 4532 1995 4570 non
2041 4514 2472 4581 convenissent;
2519 4512 2611 4565 hic
2654 4511 2777 4583 ipsa
2824 4510 2995 4565 Maria
3042 4511 3336 4578 fateretur,
3381 4526 3511 4564 cum

1885 4609 2018 4663 dicit
2068 4608 2272 4678 angelo
2321 4625 2331 4659 :
2379 4605 2646 4672 Quomodo
2691 4608 2782 4673 ﬁet
2825 4605 2990 4665 istud,
3040 4605 3296 4674 quoniam
3336 4606 3512 4658 virum

1881 4719 1992 4756 non
2041 4703 2264 4770 cognovi
2306 4699 2477 4768 (Luc.,
2522 4716 2558 4768 ι,
2607 4699 2694 4766 34,
2743 4697 2954 4765 infra)?
2998 4698 3066 4752 Et
3115 4697 3234 4768 ipse
3285 4703 3512 4752 sanctus

1882 4795 2057 4849 Lucas
2091 4793 2373 4864 virginem
2402 4792 2702 4848 declaravit
2732 4791 2925 4846 dicens
2957 4808 2970 4845 :
3003 4794 3073 4845 Et
3103 4807 3291 4845 nomen
3327 4791 3507 4858 Virgi-

1879 4892 1963 4944 nis
1991 4890 2189 4944 Maria.
2213 4888 2282 4941 Et
2307 4887 2586 4957 propheta
2613 4886 2838 4940 edocuit
2861 4885 2958 4958 qui
2984 4885 3062 4939 ait
3089 4901 3101 4939 :
3136 4885 3324 4937 «Ecce
3352 4883 3510 4952 virgo

1880 4982 1942 5036 in
1984 4986 2146 5036 utero
2189 4980 2425 5052 accipiet
2453 4982 2599 5050 (Isa.,
2634 4996 2726 5046 v11,
2761 4980 2867 5049 14).
2903 4999 2931 5028 ››
2970 4979 3039 5031 Et
3063 4976 3274 5046 Ioseph
3314 4975 3507 5045 desig-

185 5089 318 5166 '“(55)
352 5096 576 5162 Virginis
593 5099 984 5157 verecundiam,
1006 5111 1203 5152 vocem
1232 5101 1483 5151 ultimam
1506 5102 1777 5166 expunxit
1795 5073 1854 5144 D
1877 5102 1970 5152 alii
1998 5102 2204 5164 legunt,
2238 5101 2526 5157 induceret,
2549 5115 2614 5150 ne
2638 5100 2918 5150 dimitteret
2948 5099 3202 5152 Mariam,
3229 5099 3355 5166 etes
3376 5095 3512 5145 Uni-

188 5155 320 5214 Rom.
353 5155 480 5218 edit.

1875 5185 1995 5234 cus,
2024 5173 2308 5222 induceret.
2341 5173 2528 5222 Maria:
2571 5175 2737 5221 Lucas
2774 5169 2883 5218 illic
2929 5168 3280 5218 testimonium
3329 5165 3506 5227 ferret.

1877 5243 2022 5304 Quod
2049 5255 2158 5292 non
2186 5243 2547 5304 cognovissent
2575 5241 2889 5304 (Matthaaus
2915 5245 2971 5288 et
3005 5240 3185 5288 Lucas
3211 5237 3506 5296 videlicet),

1873 5315 1969 5364 hoc
2002 5314 2120 5378 ipsa
2151 5314 2329 5363 Maria
2359 5312 2632 5374 fateretur.
2663 5312 2844 5374 Quam
2879 5309 3173 5359 lectionem
3206 5305 3509 5356 vehemen3

1872 5389 1956 5436 ter
2004 5386 2355 5448 suSpicamur
2416 5396 2733 5447 germanam
2797 5393 2920 5430 esse
2958 5395 2974 5428 τ
3026 5385 3080 5429 et
3134 5379 3505 5442 potissimum,

1875 5456 2024 5522 quod
2050 5458 2106 5505 in
2137 5456 2350 5520 aliquot
2378 5469 2509 5504 mss.
2555 5467 2670 5516 pro,
2710 5466 2817 5502 non
2841 5451 3217 5507 convenissent,
3244 5449 3332 5522 nic
3369 5451 3504 5512 ipsa,

1874 5520 2091 5591 legatur
2135 5529 2320 5586 etiam,
2349 5539 2455 5576 non
2497 5524 2877 5588 cognovissent,
2913 5523 3006 5572 hoc
3051 5523 3187 5585 ipsa.
3231 5520 3508 5572 Caeterum

1876 5599 2010 5650 edit.
2051 5599 2209 5650 Rom.
2248 5602 2424 5647 totum
2467 5596 2651 5646 locum
2699 5593 2993 5644 emendare
3042 5596 3237 5644 conata
3279 5597 3363 5642 est
3400 5591 3509 5641 hoc

234 5233 315 5309 (56)
346 5237 501 5290 Rom.
529 5241 656 5292 edit.
682 5242 914 5293 vocibus
945 5244 1156 5308 aliquot
1183 5245 1445 5296 resecatis
1471 5245 1546 5295 ita
1573 5247 1773 5309 posuit,

189 5298 256 5418 (ἔξο
284 5307 369 5357 Dei
437 5309 568 5362 Filio
625 5329 642 5361 :
703 5314 845 5378 quod
910 5298 1066 5364 etiam
1126 5316 1406 5381 Apostolus
1465 5298 1773 5374 declaravit,

233 5385 271 5421 C.

366 5449 567 5503 Omnes
608 5455 758 5516 edit,
803 5457 1055 5507 Nouimus
1097 5461 1161 5514 te,
1207 5459 1340 5520 quia
1383 5470 1435 5507 es
1483 5457 1634 5507 Iesus
1681 5457 1778 5506 Dei

195 5510 344 5598 filius.
372 5522 496 5572 Mss.
533 5539 677 5586 vero,
710 5510 962 5577 Nouimus
1009 5529 1103 5591 qui
1146 5510 1232 5578 sis.
1263 5531 1383 5578 Jesu
1431 5528 1598 5577 Fili-us
1643 5529 1772 5588 Dei;

196 5591 350 5663 Paucis
386 5598 641 5658 exceptis,
671 5611 909 5662 quorum
950 5599 1041 5648 alii
1075 5599 1298 5661 habent,
1329 5601 1448 5662 quis
1473 5600 1547 5649 sis
1588 5601 1772 5661 Iesus;

199 5651 455 5733 aliL‘IWd
485 5651 572 5724 8³⁷8,
598 5651 706 5720 etc:
1287 5651 1297 5661 ’
1338 5651 1354 5662 ”
1760 5651 1771 5661 ’
1876 5675 2060 5733 pacto,
2105 5669 2390 5726 induceret,
2438 5680 2504 5716 ne
2536 5667 2770 5716 Mariam
2813 5666 3084 5729 conjugem
3125 5666 3324 5714 timeret
3361 5664 3509 5713 acci—

363 5733 435 5805 lta
475 5743 577 5788 vet.
612 5739 742 5789 odit.
777 5755 843 5792 ac
885 5741 1138 5805 plerique
1179 5753 1311 5791 mss.
1352 5745 1586 5805 excepto
1625 5741 1774 5805 quod
1873 5726 2182 5805 perefquo
2218 5739 2569 5789 testimonium
2608 5737 2770 5799 [erret
2808 5726 2951 5800 quod
2976 5726 3090 5786 non
3123 5737 3514 5794 convenissent;

201 5790 302 5844 edit.
340 5803 601 5871 omittunt,
639 5809 769 5869 illic,
808 5790 1192 5875 ms‘sdaiu'tem,
1233 5790 1774 5876 accipere—.‘Quildam
1873 5790 2024 5875 quod
2047 5790 2132 5861 hic
2158 5812 2296 5874 ipsa,
2326 5814 2431 5860 etc.
