3926 6168
468 234 599 287 1635

1939 229 1993 282 S.
2035 225 2350 283 AMBROS"

3651 228 3758 282 1636

463 357 637 426 navit,
671 357 769 427 qui
803 355 1074 427 quoniam
1104 360 1497 427 praegnantem
1525 355 1754 410 videbat
1779 372 1951 427 quam
1977 371 2092 410 non
2117 354 2326 438 Alata,
2380 352 2478 407 sed
2528 355 2728 424 nupta.
2780 350 3056 423 Concepit
3100 365 3202 404 nos
3251 348 3408 419 virgo
3459 348 3522 405 de
3566 351 3762 423 Spiritu,

465 455 826 519 cognoverat,
866 450 1148 505 dimittere
1198 449 1478 520 gestiebat
1517 450 1762 520 (Matth.,
1805 467 1842 514 1,
1882 451 1986 518 19).
2028 449 2093 502 Et

463 543 738 597 Dominus
782 543 900 614 ipse
943 543 1002 596 in
1053 559 1216 598 cruce
1261 543 1478 614 positus
1522 541 1919 608 manifestavit,
1963 557 2092 595 cum

464 636 606 690 dixit
632 637 797 690 matri
828 655 838 690 :
873 657 900 686 «
931 636 1147 705 Mulier,
1177 652 1305 691 ecce
1331 636 1478 691 ﬁlius
1506 639 1657 691 tuus.
1688 635 1904 690 Deinde
1934 633 2094 689 disci-

463 730 596 801 pulo
631 747 644 782 :
677 729 817 785 Ecce
848 733 1034 785 mater
1070 736 1166 785 tua
1205 730 1404 800 (Joan.,
1437 746 1550 798 xxx,
1581 732 1671 795 26,
1712 730 1822 799 27).
1855 750 1880 777 ››
1913 729 2094 782 Etiam

462 830 701 895 uterque
763 828 996 878 testatus
1051 827 1164 891 est,
1219 822 1528 894 discipulus
1582 827 1638 877 et
1694 823 1904 888 Mater,
1959 821 2093 893 quia

466 939 491 966 ‹‹
537 919 616 971 Ex
656 917 749 971 illa
787 917 926 971 hora
961 917 1208 988 suscepit
1246 932 1373 971 eam
1415 915 1723 986 discipulus
1757 915 1818 969 in
1855 931 1957 970 sua
1984 915 2091 985 (59)

457 1011 646 1077 '(1bid.,
676 1013 783 1082 27).
815 1034 842 1061 »
871 1010 1072 1082 Utique
1100 1011 1146 1064 si
1177 1009 1548 1076 convenisset,
1578 1024 1875 1079 nunquam
1903 1008 2091 1062 virum

461 1104 759 1175 proprium
810 1104 1148 1175 reliquisset,
1198 1119 1302 1157 nec
1357 1101 1439 1155 vir
1489 1117 1613 1155 eam
1659 1101 1848 1172 justus
1895 1116 2092 1172 passus

465 1203 612 1252 esset
661 1214 695 1252 a
743 1214 803 1252 se
857 1196 1166 1251 discedere.
1224 1193 1524 1259 Quomodo
1573 1200 1764 1250 autem
1820 1194 2092 1248 Dominus

463 1290 765 1345 divortium
820 1289 1211 1360 praecepisset,
1263 1305 1394 1342 cum
1443 1288 1622 1358 ipsius
1669 1287 1740 1342 sit
1786 1288 2089 1354 sententia,

461 1385 600 1453 quia
631 1400 800 1437 nemo
832 1382 1119 1437 dimittere
1158 1382 1326 1437 debet
1361 1398 1622 1449 uxorem,
1653 1387 1884 1452 excepta
1923 1397 2094 1435 causa

460 1476 841 1530 fornicationis
874 1476 1116 1545 (Matth.,
1149 1491 1204 1540 v,
1233 1474 1364 1544 32)?

533 1573 584 1622 5.
624 1568 865 1623 Pulchre
905 1573 1097 1624 autem
1136 1572 1244 1636 (27,
1282 1572 1481 1639 quiest.
1523 1570 1577 1635 2,
1610 1584 1660 1623 c.
1701 1567 1854 1635 Quod
1892 1573 2089 1632 autem,

460 1663 493 1734 §
538 1665 671 1718 Item
712 1665 760 1717 si
801 1662 1068 1732 conjuges)
1115 1661 1305 1716 docuit
1351 1665 1575 1716 sanctus
1620 1661 1911 1716 Matthaaus
1954 1661 2093 1732 quid

2194 447 2344 518 parit
2373 463 2476 502 nos
2503 446 2660 517 virgo
2687 446 2808 500 sine
2839 445 3074 516 gemitu.
3106 445 3176 498 Et
3210 442 3337 498 ideo
3365 442 3582 499 fortasse
3607 455 3766 501 sancta

2192 540 2366 595 Maria
2403 540 2498 594 alii
2541 545 2736 610 nupta,
2770 539 2838 594 ab
2883 540 2993 594 alio
3034 539 3278 609 repleta;
3319 537 3446 607 quia
3479 542 3532 592 et
3564 538 3767 610 singula

2193 633 2457 689 Ecclesiae
2500 634 2709 704 Spiritu
2749 634 2982 704 quidem
3012 632 3304 702 replentur
3347 636 3402 684 et
3438 631 3630 701 gratia;
3655 632 3766 702 jun-

2194 743 2268 798 gu
2280 731 2413 781 ntur
2432 730 2627 781 tamen
2647 727 2720 780 ad
2739 725 3072 798 temporalis
3097 725 3344 796 speciem
3365 723 3646 778 sacerdotis
3663 726 3771 795 (69).

2267 822 2436 888 (Vers.
2471 823 2559 887 28,
2590 822 2702 890 29.)
2732 823 2794 876 Et
2834 823 3102 887 ingressus
3131 819 3204 872 ad
3231 833 3346 872 eam
3374 818 3587 884 angelus
3612 818 3733 871 dixit
3763 839 3775 871 :

2191 915 2327 977 Ave,
2353 916 2536 982 gratia
2556 914 2742 982 plena,
2775 915 3025 968 Dominus
3067 920 3256 973 tecum,
3287 910 3552 964 benedicta
3581 917 3634 963 tu
3657 913 3777 964 inter

2190 1008 2458 1062 mulieres.
2483 1010 2609 1076 Ipsa
2647 1012 2827 1061 autem
2862 1013 2924 1059 ut
2956 1005 3098 1060 vidit
3124 1021 3262 1068 eum,
3296 1010 3442 1058 mota
3478 1008 3548 1058 est
3576 1005 3776 1058 introitu

2192 1100 2321 1169 ejus.

2263 1195 2314 1248 8.
2349 1193 2504 1248 Disce
2543 1194 2822 1264 virginem
2857 1192 3129 1258 moribus,
3161 1192 3310 1247 disce
3344 1190 3619 1262 virginem
3646 1206 3776 1245 vere-

2193 1287 2419 1355 cundia,
2475 1288 2623 1342 disce
2676 1287 2958 1357 virginem
3013 1285 3268 1350 oraculo,
3327 1285 3472 1339 disce
3523 1284 3778 1354 mysterio.

2190 1380 2493 1451 Trepidare
2525 1381 2812 1452 virginum
2844 1384 2947 1447 est,
2976 1385 3033 1436 et
3059 1380 3130 1434 ad
3168 1395 3371 1456 omnes
3400 1377 3500 1432 viri
3532 1378 3782 1447 ingressus

2193 1490 2424 1544 pavere,
2455 1490 2655 1528 omnes
2690 1473 2794 1528 viri
2831 1473 3032 1528 affatus
3068 1471 3268 1528 vereri.
3301 1471 3520 1525 Discant
3547 1469 3782 1523 mulieres

2192 1567 2548 1640 propositum
2595 1567 2825 1638 pudoris
2869 1566 3098 1622 imitari.
3138 1566 3265 1622 Sola
3307 1565 3365 1620 in
3409 1563 3782 1636 penetralibus,

2193 1677 2368 1732 quam
2409 1677 2581 1716 nemo
2624 1660 2874 1716 virorum
2909 1661 3140 1726 videret,
3182 1660 3330 1714 solus
3370 1657 3604 1729 angelus
3641 1672 3782 1726 repe-

459 1757 645 1810 facere
678 1755 880 1810 debeat
900 1756 1110 1826 justus,
1143 1756 1240 1826 qui
1280 1755 1551 1825 probrum
1582 1754 1845 1825 conjugis
1885 1756 2088 1825 depre-
2112 1737 2167 1807 Β
2193 1755 2358 1822 riret;
2404 1756 2517 1809 sola
2563 1755 2685 1810 sine
2734 1755 2957 1822 comite,
3009 1754 3126 1809 sola
3168 1753 3288 1808 sine
3341 1754 3482 1807 teste
3530 1767 3542 1804 :
3588 1766 3653 1804 ne
3691 1765 3786 1820 quo

463 1849 750 1915 lienderit,
788 1852 851 1902 ut
890 1849 1250 1902 incruentum
1289 1848 1358 1902 ab
1406 1848 1728 1914 homicidio,
1766 1853 1980 1902 castum
2022 1849 2092 1901 ab

463 1941 769 2010 adulterio,
797 1944 1066 2012 praestare
1093 1958 1152 1996 se
1179 1941 1386 1996 debeat
1413 1959 1424 1994 :
1455 1961 1481 1989 ‹‹
1511 1940 1612 2005 Qui
1637 1941 1829 2012 (enim)
1861 1941 2094 2012 conjun-

462 2035 617 2106 gitur
651 2034 960 2101 meretrici,
991 2051 1167 2089 unum
1206 2051 1410 2106 corpus
1451 2037 1536 2088 est
1565 2034 1604 2103 (1
1639 2036 1780 2098 Cor.,
1813 2051 1889 2103 v1,
1923 2034 2028 2104 16).
2060 2055 2086 2083 ››

459 2129 606 2199 Ergo
641 2128 851 2199 ubique
885 2127 945 2182 in
981 2128 1186 2199 Joseph
1207 2127 1351 2198 justi
1385 2127 1570 2197 gratia
1605 2129 1663 2182 et
1699 2143 1942 2197 persona
1968 2143 2090 2181 ser-

459 2224 646 2290 vatur,
679 2225 743 2276 ut
778 2220 936 2275 testis
969 2226 1235 2286 ornetur;
1269 2238 1331 2276 os
1370 2221 1525 2274 enim
1557 2219 1697 2290 justi
1727 2219 2088 2275 mendacium

459 2316 660 2382 nescit,
701 2319 758 2370 et
792 2315 990 2385 lingua
1031 2315 1151 2384 ejus
1190 2315 1442 2386 loquitur
1471 2313 1774 2384 judicium,
1806 2313 2090 2384 judicium

459 2409 581 2480 ejus
619 2408 873 2480 loquitur
909 2407 1224 2463 veritatem.
1258 2409 1368 2462 Nec
1413 2413 1469 2462 te
1517 2410 1742 2462 moveat
1781 2406 1938 2478 quod
1977 2407 2086 2461 fre-

459 2507 701 2572 quenter
751 2499 1009 2574 1284
1064 2501 1353 2571 Scriptura
1403 2501 1709 2571 conjugem
1758 2499 1919 2566 dicit;
1972 2516 2089 2554 non

461 2595 620 2648 enim
662 2594 1002 2665 virginitatis
1038 2594 1276 2665 ereptio,
1320 2594 1414 2648 sed
1457 2593 1708 2663 conjugii
1746 2591 2085 2658 testiﬁcatio,

457 2688 794 2759 nuptiarum
853 2686 1158 2743 celebratio
1215 2686 1554 2741 declaratur.
1607 2686 1860 2756 Denique
1915 2702 2085 2757 quam

458 2797 576 2836 non
623 2781 858 2852 accepit,
906 2798 1079 2836 nemo
1133 2781 1386 2849 dimittit,
1439 2784 1496 2834 et
1544 2779 1672 2834 ideo
1724 2780 1819 2850 qui
1870 2778 2089 2834 volebat

459 2873 770 2942 dimittere,
802 2874 1088 2929 fatebatur
1114 2879 1426 2944 acceptam.

529 2971 581 3022 6.
614 2967 796 3023 Simul
825 2966 995 3022 etiam
1026 2982 1254 3022 movere
1284 2982 1399 3019 non
1430 2964 1596 3019 debet
1622 2964 1773 3035 quod
1808 2963 1887 3017 ait
1911 2979 2084 3018 evan-

460 3061 661 3132 gelista
689 3079 702 3114 :
741 3081 769 3108 ‹‹
801 3060 921 3113 Non
959 3059 1220 3128 cognovit
1259 3074 1406 3127 eam,
1441 3057 1625 3112 donec
1653 3056 1872 3127 peperit
1902 3056 2085 3110 lilium

458 3153 697 3223 (Matth,
734 3169 773 3217 ι,
806 3152 924 3221 25);
965 3173 992 3200 ››
1034 3151 1173 3204 illud
1214 3151 1370 3205 enim
1401 3150 1489 3205 vel
1529 3150 1745 3204 idioma
1783 3149 2087 3220 Scriptura:

459 3250 564 3314 est,
602 3245 745 3299 sicut
783 3243 955 3298 habes
999 3244 1130 3298 alibi
1178 3266 1186 3297 :
1223 3264 1250 3295 ‹‹
1288 3244 1356 3297 Et
1398 3243 1576 3298 donec
1616 3242 1939 3308 senescatis,
1979 3258 2086 3312 ego

457 3354 583 3392 sum
612 3339 762 3405 (Isa.,
792 3353 936 3406 var,
966 3337 1039 3406 4).
1078 3360 1105 3386 ››
1135 3337 1418 3408 Numquid
1456 3339 1583 3408 post
1619 3335 1850 3390 illorum
1893 3351 2084 3390 senec-

456 3435 639 3487 tutem
685 3433 830 3486 Deus
875 3446 996 3485 esse
1046 3430 1285 3486 desivit?
1327 3432 1396 3485 Et
1440 3430 1498 3484 in
1543 3430 1766 3484 Psalmo
1808 3446 1820 3484 :
1869 3450 1896 3479 ‹‹
1937 3429 2090 3484 Dixit

455 3525 733 3580 Dominus
764 3525 1002 3579 Domino
1032 3539 1159 3579 meo
1192 3541 1204 3578 :
1237 3523 1381 3579 Sede
1409 3539 1443 3578 a
1467 3523 1676 3578 dextris
1704 3523 1875 3589 meis;
1907 3522 2087 3578 donec

453 3634 662 3689 ponam
720 3617 982 3673 inimicos
1030 3620 1176 3688 tuos,
1228 3617 1534 3672 scabellum
1587 3615 1799 3688 pedum
1849 3621 2082 3671 tuorum

453 3713 622 3783 (Psal.
665 3727 776 3781 cxx,
811 3712 881 3782 1).
917 3733 945 3761 »
978 3711 1266 3783 Numquid
1307 3715 1504 3782 postea
1543 3726 1658 3765 non
1703 3708 1958 3765 sedebit?
1989 3709 2084 3763 Vel

453 3805 718 3876 quoniam
759 3805 856 3876 qui
894 3821 1118 3860 causam
1159 3804 1301 3876 agit,
1338 3804 1475 3859 satis
1515 3806 1676 3874 putat
1717 3805 1864 3874 quod
1905 3819 2086 3857 causae

454 3897 540 3950 est
587 3895 794 3963 dicere,
842 3894 1224 3950 redundantia
1268 3911 1385 3949 non
1438 3893 1708 3965 requirit;
1755 3892 1887 3947 satis
1931 3893 2086 3947 enim

455 3989 540 4039 est
588 3984 638 4038 ei
692 3990 751 4037 ut
800 3999 1027 4037 causam
1080 3986 1406 4054 susceptam
1455 3986 1690 4050 astruat,
1737 3981 2085 4037 incidentem

455 4071 700 4127 differat.
757 4073 822 4125 Et
879 4070 1008 4124 ideo
1073 4070 1170 4142 qui
1227 4069 1633 4125 lncarnationis
1689 4070 2084 4141 incorruptum

455 4164 780 4231 susceperat
825 4159 1063 4230 probare
1116 4161 1472 4230 mysterium,
1520 4175 1635 4214 non
1685 4159 1902 4229 putavit
1943 4158 2082 4213 ube-

455 4248 574 4303 rius
602 4247 1056 4320 prosequendum
1081 4247 1423 4318 virginitatis
1451 4247 1634 4302 Μαι-ἰῶ
1662 4247 2079 4316 testimonium;

453 4353 525 4393 ne
553 4337 817 4393 defensor
843 4336 1031 4407 magis
1057 4335 1321 4407 Virginis,
1351 4351 1527 4407 quam
1558 4341 1800 4391 assertor
1831 4337 2084 4408 mysterii

451 4429 798 4484 crederetur.
853 4429 1014 4483 Certe
1068 4426 1298 4498 quando
1340 4426 1559 4496 justum
1611 4425 1804 4481 docuit
1853 4427 2161 4539 .loseph,D

456 4519 583 4539 4-1:-
623 4517 919 4539 J.--I-__--.'t
953 4517 1094 4539 μ---)
1132 4515 1300 4539 --κηιε
1343 4515 1585 4539 Ωκεμει..-
1625 4515 1900 4539 ,ιη-...Ιημ
1958 4520 2047 4539 .-ιλ

452 4519 588 4572 satis
617 4517 923 4572 declaravit
948 4517 1098 4588 quod
1129 4515 1303 4570 sancti
1343 4515 1587 4586 Spiritus
1625 4515 1926 4586 templum,
1958 4520 2079 4571 ute-

451 4622 580 4660 rum
619 4605 894 4676 mysterii,
934 4610 1180 4660 matrem
1220 4604 1438 4660 Domini
1470 4604 1682 4659 violare
1723 4621 1840 4659 non
1874 4605 2076 4675 potuit.

521 4699 574 4750 7.
617 4694 924 4749 Didicimus
974 4694 1182 4748 seriem
1226 4695 1497 4762 veritatis,
1546 4695 1846 4750 didicimus
1897 4698 2077 4750 consi-

449 4785 613 4851 lium,
639 4784 922 4838 discamus
952 4788 1006 4838 et
1034 4782 1390 4853 mysterium.
1420 4783 1564 4838 Bene
1595 4783 1954 4855 desponsata,
1979 4787 2079 4842 sed

449 4873 639 4944 virgo;
683 4871 816 4942 quia
859 4876 941 4926 est
983 4871 1228 4926 Ecclesia
1270 4877 1459 4941 typus,
1500 4888 1627 4943 quae
1675 4876 1758 4928 est
1801 4873 2077 4929 immacu-

509 4994 608 5057 (59)
663 4991 796 5044 Mss.
849 4990 1126 5053 nonnulli,
1171 5005 1236 5042 ac
1281 4995 1575 5055 postremae
1625 4995 1793 5044 Paris.
1849 4995 1976 5046 edit.
2025 4997 2082 5045 in

450 5077 621 5114 suam.
663 5062 885 5127 Reliqui
922 5067 977 5113 et
1013 5076 1145 5112 mss.
1191 5067 1248 5113 et
1287 5063 1418 5114 edit.
1465 5077 1596 5114 cum
1634 5065 1806 5115 sacris
1851 5065 1974 5115 cod.
2025 5066 2082 5114 in

447 5148 564 5185 sua.
593 5134 786 5185 erce
812 5133 879 5188 εἰς
900 5133 958 5181 τὰ
978 5132 1094 5192 ἴδια,
1127 5131 1183 5182 id
1223 5137 1323 5195 est,
1364 5134 1421 5182 in
1452 5135 1701 5196 propria,
1735 5136 1852 5184 sive
1896 5135 1954 5183 in
1998 5147 2080 5186 res

445 5218 594 5263 suas,
638 5205 774 5267 sive,
818 5209 882 5254 ut
927 5204 1018 5252 alii
1061 5203 1276 5264 volunt,
1324 5205 1379 5252 in
1422 5203 1768 5255 domicilium
1807 5221 1816 5252 :
1861 5219 1971 5268 qua
2012 5205 2082 5255 de

447 5287 506 5325 re
544 5275 670 5324 vide
714 5274 881 5325 Guill.
927 5272 1145 5323 Estium
1186 5273 1244 5322 in
1284 5274 1477 5323 eadem
1515 5274 1698 5325 verba.
1747 5273 1910 5336 Quod
1949 5287 2080 5325 vero

446 5346 652 5396 Doctor
677 5348 863 5394 noster
897 5343 1138 5394 afﬁrmat
1174 5343 1482 5406 Josephum
1526 5347 1771 5406 tempore
1808 5345 2080 5406 passionis

447 5416 614 5464 etiam
656 5419 789 5465 tunc
833 5415 1186 5478 superstitem
1235 5414 1531 5475 exstitisse,
1585 5415 1641 5462 in
1693 5413 1801 5464 hoc
1854 5414 2080 5477 quidem

448 5486 723 5536 consentit
761 5499 889 5534 cum
929 5486 997 5534 D.
1033 5484 1313 5548 Cypriano
1358 5485 1538 5534 Trect.
1579 5485 1642 5533 de
1681 5486 1930 5548 passione
1971 5488 2079 5536 Do-

413 5621 416 5626 .
446 5557 620 5618 mini;
650 5557 746 5606 sed
783 5557 1038 5606 dissentit
1074 5557 1144 5606 ab
1190 5555 1415 5620 Epiph.,
1453 5555 1652 5606 heresi
1687 5559 1767 5618 78,
1802 5569 1954 5605 num.
1998 5557 2077 5619 10,

446 5638 615 5689 quem
661 5627 994 5674 recentiores
1039 5629 1217 5690 magis
1267 5628 1620 5691 sequendum
1666 5628 2074 5679 existimarunt.

446 5695 693 5748 Consule
721 5696 870 5744 card.
913 5696 1031 5746 Bar.
1075 5697 1143 5746 ad
1190 5711 1399 5748 annum
1444 5699 1648 5751 Christi
1701 5699 1777 5760 12,
1819 5713 1972 5750 num.
2008 5700 2076 5758 9;

441 5767 679 5828 Estium,
707 5767 831 5817 loco
857 5766 971 5828 cit.,
1007 5771 1064 5816 et
1092 5769 1245 5820 alios.

2107 3101 2161 3174 C

2192 1848 2462 1918 degeneri
2505 1849 2908 1920 depravaretur
2940 1847 3135 1915 affatu,
3177 1846 3247 1901 ab
3279 1845 3485 1916 angelo
3523 1843 3785 1898 salutatur.

2192 1942 2380 2009 Disce,
2439 1942 2630 2014 virgo,
2684 1941 2988 1997 verborum
3051 1941 3226 1996 vitare
3286 1939 3600 2008 lasciviam;
3647 1936 3786 1991 Maria

2191 2035 2364 2090 etiam
2392 2035 2790 2090 salutationem
2815 2034 3004 2106 angeli
3031 2033 3355 2088 verebatur.

2260 2132 2398 2184 Erat
2451 2135 2649 2192 tamen,
2705 2128 2910 2200 inquit,
2962 2131 3228 2198 cogitans,
3277 2125 3460 2197 qualis
3519 2130 3644 2180 esset
3700 2123 3790 2176 haec

2189 2223 2311 2278 satu
2323 2225 2476 2278 tatio.

2261 2320 2313 2370 9.
2354 2317 2418 2369 Et
2460 2315 2591 2369 ideo
2633 2330 2763 2369 cum
2803 2313 3164 2380 verecundia,
3205 2311 3336 2384 quia
3379 2311 3640 2383 pavebat;
3677 2325 3786 2363 cum

2189 2407 2521 2480 prudentia,
2579 2408 2714 2479 quia
2769 2406 3182 2462 benedictionis
3243 2422 3455 2461 novam
3514 2402 3786 2458 formulam

2190 2501 2526 2569 mirabatur,
2557 2517 2684 2572 quae
2722 2516 3008 2571 nusquam
3040 2501 3186 2555 lecta
3227 2505 3332 2566 est,
3375 2514 3648 2569 nusquam
3677 2502 3788 2551 ante

2189 2599 2493 2666 comperta.
2550 2594 2663 2649 Soli
2715 2593 2899 2648 Mariae
2960 2595 3082 2649 haec
3141 2594 3410 2648 salutatio
3469 2589 3786 2647 servabatur.

2191 2689 2340 2741 Bene
2393 2688 2546 2741 enim
2604 2688 2719 2741 sola
2771 2686 2951 2757 gratia
3005 2687 3174 2758 plena
3227 2686 3468 2750 dicitur,
3524 2700 3644 2755 quas
3690 2681 3791 2735 sola

2191 2778 2446 2854 1285
2477 2779 2720 2850 gratiam
2757 2795 2930 2851 quam
2972 2780 3124 2835 nulla
3150 2779 3255 2832 alia
3293 2780 3602 2843 meruerat,
3629 2789 3790 2830 conse-

2187 2877 2318 2928 cuta
2350 2883 2453 2940 est,
2492 2878 2555 2927 ut
2583 2873 2781 2943 gratiae
2817 2873 3134 2944 repleretur
3160 2877 3412 2927 auctore.
3440 2867 3792 2925 Erubescebat.

2188 2983 2326 3038 ergo
2377 2967 2568 3035 Maria,
2616 2965 2982 3022 erubescebat
3031 2967 3204 3021 etiam
3249 2964 3539 3020 Elizabeth
3581 2964 3705 3031 (61);
3746 2964 3791 3012 et

2187 3059 2316 3114 ideo
2362 3075 2771 3132 cognoscamus
2816 3060 2950 3131 quid
2998 3059 3221 3114 intersit
3263 3059 3419 3113 inter
3466 3053 3705 3112 mulieris
3746 3057 3791 3104 et

2186 3153 2426 3225 virginis
2472 3153 2893 3209 verecundiam.
2946 3153 3043 3208 llla
3091 3152 3162 3206 de
3209 3168 3383 3207 causa
3431 3148 3789 3216 erubescebat,

2187 3248 2309 3302 haec
2346 3264 2448 3318 per
2482 3246 2918 3313 verecundiam;
2959 3247 3018 3300 in
3058 3245 3298 3301 muliere
3343 3245 3551 3300 modus
3586 3240 3791 3315 pudoris

2186 3339 2513 3409 adhibetur,
2544 3341 2602 3394 in
2633 3340 2853 3411 virgine
2890 3340 3122 3412 pudoris
3151 3345 3399 3411 augetur
3438 3338 3636 3410 gratia.

2259 3436 2432 3503 (Vers.
2479 3437 2567 3502 30,
2613 3437 2700 3500 31,
2744 3436 2856 3504 32.)
2892 3436 2963 3488 Et
3007 3436 3089 3488 ait
3135 3434 3367 3502 angelus
3413 3433 3489 3487 ad
3529 3447 3642 3487 eam
3679 3448 3692 3483 :
3728 3428 3790 3483 Ne

2187 3531 2394 3590 timeas,
2433 3529 2640 3591 Maria,
2678 3529 2936 3581 invenisti
2975 3529 3118 3581 enim
3159 3529 3402 3596 gratiam
3441 3525 3591 3597 apud
3632 3527 3788 3579 Deum.

2187 3626 2237 3676 et
2269 3635 2380 3676 ecce
2415 3622 2680 3689 concipies
2710 3623 2770 3674 in
2805 3626 2976 3683 utero,
3011 3626 3062 3674 et
3086 3622 3268 3690 paries
3298 3621 3501 3689 ﬁlium,
3532 3623 3581 3674 et
3607 3614 3791 3673 vocabis

2186 3728 2378 3769 nomen
2402 3713 2520 3781 ejus
2543 3716 2742 3768 Iesum.
2771 3716 2870 3769 Hic
2896 3716 2999 3767 erit
3027 3728 3278 3783 magnus.

2261 3811 2342 3862 10.
2379 3807 2602 3861 Dictum
2641 3813 2726 3862 est
2762 3807 2997 3878 quidem
3035 3808 3212 3861 etiam
3244 3805 3314 3859 de
3345 3806 3566 3860 Joanne
3605 3802 3671 3858 ab
3707 3815 3784 3854 an-

2188 3895 2340 3968 gelo,
2378 3895 2510 3967 quia
2540 3898 2642 3951 erit
2681 3910 2909 3964 magnus
2938 3894 3111 3966 (Luc.,
3149 3910 3188 3961 1,
3233 3894 3350 3963 15);
3388 3893 3492 3948 sed
3522 3893 3614 3947 ille
3652 3887 3788 3961 quasi

2185 3986 2358 4040 homo
2408 4000 2673 4054 magnus,
2721 3984 2814 4038 hic
2863 3986 3054 4039 autem
3103 3981 3263 4054 quasi
3313 3983 3466 4038 Deus
3514 3992 3785 4051 magnus:

2190 4095 2218 4123 «
2261 4074 2494 4144 Magnus
2540 4073 2698 4128 enim
2742 4073 3032 4140 Dominus,
3074 4079 3129 4127 et
3171 4070 3480 4126 laudabilis
3523 4069 3706 4136 nimis,
3744 4068 3790 4118 et

2186 4162 2597 4234 magnitudinis
2641 4163 2765 4232 ejus
2805 4178 2924 4217 non
2965 4167 3048 4216 est
3089 4160 3218 4215 ﬁnis
3245 4161 3416 4230 (Psal.
3459 4175 3630 4224 chiv,
3669 4156 3732 4221 3).
3765 4177 3783 4197 ››

2184 4253 2253 4306 Et
2284 4267 2417 4306 vere
2453 4254 2538 4306 est
2572 4250 2668 4306 ille
2706 4266 2983 4322 magnus;
3016 4249 3153 4321 quia
3186 4270 3212 4298 ‹‹
3245 4251 3438 4320 major
3472 4249 3619 4302 inter
3652 4248 3787 4300 natos

2185 4341 2486 4395 mulierum
2515 4341 2794 4411 propheta
2820 4341 3038 4394 Joanne
3067 4338 3312 4409 Baptista
3337 4334 3507 4393 nemo
3534 4341 3613 4392 est
3633 4335 3784 4406 (Luc.,

2185 4446 2278 4496 vn,
2309 4429 2419 4493 28).
2450 4450 2478 4477 »
2506 4428 2684 4482 Habet
2707 4434 2905 4482 tamen
2937 4427 3251 4498 majorem;
3284 4427 3419 4497 quia
3444 4448 3473 4476 «
3507 4425 3601 4496 qui
3625 4423 3786 4478 minor

2186 4525 2271 4574 est
2307 4519 2366 4573 in
2406 4534 2588 4589 regno
2628 4519 2746 4586 Dei,
2786 4519 2970 4587 major
3005 4519 3092 4571 est
3130 4516 3224 4570 illo
3265 4517 3474 4587 (Ibid)
3517 4537 3543 4566 ››
3583 4515 3784 4581 Magnus

2182 4614 2370 4663 autem
2416 4609 2684 4675 Joannes,
2727 4605 2826 4661 sed
2870 4622 3058 4660 coram
3104 4605 3349 4660 Domino
3395 4619 3632 4675 magnus
3672 4602 3782 4670 (6‘2).

2183 4699 2250 4752 Et
2288 4699 2535 4752 Joannes
2573 4696 2766 4750 vinum
2807 4703 2864 4750 et
2901 4696 3144 4750 siceram
3189 4711 3302 4750 non
3346 4694 3512 4760 bibit,
3548 4692 3637 4746 hic
3671 4702 3780 4743 cum

2182 4786 2497 4858 publicanis
2536 4789 2592 4839 et
2629 4784 3017 4855 peccatoribus
3059 4783 3374 4839 manducet
3416 4786 3474 4839 et
3509 4782 3661 4837 bibit.
3698 4776 3779 4831 Ille

2181 4876 2524 4932 abstinentia
2576 4874 2848 4930 meritum
2904 4873 3155 4946 colligat,
3211 4873 3301 4928 cui
3351 4873 3606 4944 potentia
3649 4865 3780 4921 nulla

2246 4997 2344 5062 (60)
2386 4999 2466 5047 Ita
2513 4997 2646 5047 edit.
2692 5000 2806 5046 ant.
2857 4999 2910 5046 et
2951 4996 3193 5059 potiores
3236 5009 3369 5046 mss.
3425 4994 3579 5046 Rom.
3621 4993 3778 5041 autem

2181 5073 2238 5120 et
2293 5069 2414 5119 Vat.
2467 5068 2613 5128 cod.,
2658 5067 2967 5130 Iunguntur
3019 5072 3196 5116 tamen
3257 5065 3535 5130 temporali
3577 5062 3648 5112 ad
3682 5070 3775 5122 spe-

2181 5141 2309 5191 ciem
2361 5139 2641 5190 sacerdoti.
2691 5139 2994 5202 Reliqui...,
3044 5139 3118 5188 ad
3164 5139 3414 5202 temporis
3455 5133 3662 5200 speciem
3697 5141 3776 5202 sa-

2181 5211 2397 5270 cerdoti,
2427 5211 2533 5271 vel,
2559 5201 2865 5260 sacerdotis.
2911 5209 3232 5260 Lectionem
3264 5201 3408 5258 ivero
3447 5209 3675 5256 nostram
3705 5201 3774 5273 in:

2183 5269 2483 5346 terpretare
2522 5269 2648 5331 hoc
2702 5293 2891 5342 sensu,
2938 5280 3198 5330 sacerdoti
3240 5281 3478 5331 exterius
3528 5269 3771 5338 apparari“

2173 5355 2495 5415 junguntur.

2246 5423 2340 5486 (61)
2369 5423 2474 5472 Hic
2504 5426 2833 5485 sequentem
2863 5421 3150 5484 Evangelii
3180 5421 3393 5472 textum
3419 5417 3623 5482 ponunt
3656 5420 3770 5460 non-

2181 5494 2322 5543 nulli
2357 5507 2490 5542 mss.
2519 5493 2614 5542 sed
2641 5506 2753 5541 non
2787 5493 3180 5556 antiquissimi.

2244 5564 2340 5625 (62)
2375 5563 2538 5625 Quod
2569 5563 2676 5613 hoc
2717 5563 2840 5614 loco
2879 5563 3082 5626 legitur
3117 5565 3175 5612 in
3209 5561 3336 5612 edit.
3380 5559 3551 5617 Rom,
3574 5556 3769 5627 Magn)?

2177 5621 2278 5692 hic,
2314 5621 2417 5684 sedi
2451 5634 2724 5693 Dominus,
2761 5621 3036 5697 optimum
3084 5633 3306 5698 quidem
3345 5640 3566 5682 sensum
3604 5621 3764 5676 efﬁcit,

2179 5702 2276 5755 sed
2306 5705 2458 5756 nulla
2488 5705 2598 5756 alia
2627 5704 2760 5756 edit.
2790 5705 2880 5756 vel
2906 5718 3039 5757 mss.
3065 5703 3432 5756 conﬁrmatur.
