3930 6168
224 240 336 292 1637

1299 230 1757 286 EXPOSITIONIS
1794 229 1860 284 ΙΝ
1903 228 2125 283 LUCAM
2170 228 2294 282 LIB.
2337 228 2402 280 Il.

3387 235 3520 288 1638

218 365 432 425 naturae;
475 354 722 413 Christus
767 358 962 410 autem
1004 354 1093 409 cui
1143 355 1472 410 naturaliter
1515 357 1622 424 (63)
1661 371 1791 424 sup-
1820 352 2075 438 APatris
2105 353 2306 419 (10am,
2344 367 2379 419 ι,
2413 352 2522 419 18),
2559 371 2584 400 n
2632 351 2728 422 qui
2772 351 2931 406 sedet
2969 353 3040 406 ad
3087 353 3376 409 dexteram
3418 358 3519 409 Pa-

213 451 411 524 petebat
454 449 650 504 delicta
695 449 931 514 donare,
977 465 1079 504 cur
1127 465 1226 503 eos
1273 449 1605 515 declinaret,
1658 463 1798 518 quos

211 543 585 598 abstinentibus
613 547 836 614 poterat
864 547 1136 614 prastare
1164 543 1469 598 meliores?

267 642 340 691 11.
366 636 536 691 Simul
568 637 799 707 mystice
838 653 952 692 non
991 636 1341 707 dedignatur
1368 652 1570 690 eorum
1600 635 1795 690 convi-

207 731 356 796 vium,
397 731 592 800 quibus
633 730 869 785 daturus
907 734 992 785 est
1035 734 1476 785 sacramentum.
1524 729 1618 784 Hic
1659 745 1796 800 ergo

205 823 497 890 manducat,
528 824 621 878 ille
641 824 886 894 jejunat,
915 824 1211 895 utriusque
1252 823 1446 894 populi
1490 826 1656 894 typus
1687 823 1797 893 (64)

202 918 248 971 in
287 916 374 971 illo
410 916 651 987 jejunat,
698 917 753 970 in
792 918 903 972 hoc
949 917 1214 988 pascitur.
1269 917 1379 973 Sed
1413 916 1697 987 jejunavit
1741 920 1798 971 et

200 1010 444 1077 Christus,
489 1026 559 1064 ne
607 1014 960 1081 praiceptum
1001 1010 1317 1066 declinares
1361 1012 1502 1081 (65);
1549 1009 1793 1064 mandu-

197 1105 317 1158 cavit
341 1119 469 1157 cum
497 1104 898 1173 peccatoribus,
931 1108 994 1159 ut
1018 1103 1267 1175 gratiam
1293 1119 1580 1171 cerneres,
1610 1119 1791 1174 agno-

195 1211 352 1251 sceres
376 1201 734 1267 potestatem.
761 1198 996 1269 Magnus
1025 1214 1163 1270 ergo
1192 1203 1248 1253 et
1269 1199 1532 1265 Joannes,
1562 1197 1660 1252 sed
1686 1197 1792 1251 hu-

188 1292 266 1359 jus
311 1291 646 1360 magnitudo
701 1291 874 1346 habet
923 1291 1307 1362 principium,
1360 1291 1533 1347 habet
1586 1291 1790 1357 ﬁnem;

193 1385 439 1439 Dominus
464 1389 659 1438 autem
693 1384 849 1439 Iesus
892 1384 1045 1440 idem
1087 1391 1171 1438 est
1215 1384 1345 1439 finis
1383 1388 1555 1456 atque
1592 1383 1794 1454 princi-

192 1479 350 1548 pium,
376 1477 528 1532 idem
576 1478 793 1548 primus
829 1482 886 1532 et
927 1477 1287 1534 novissimus.
1323 1478 1469 1532 Nihil
1512 1482 1644 1533 ante
1673 1477 1790 1548 pri-

194 1587 352 1639 mum,
373 1571 515 1625 nihil
545 1570 699 1625 ultra
723 1571 1114 1626 novissimum.

250 1667 324 1718 t2.
367 1665 566 1734 Neque
607 1668 661 1718 te
708 1664 1099 1736 generationis
1144 1664 1410 1719 humanm
1441 1664 1792 1719 consuetudo

1899 445 2015 499 tris.
2057 447 2125 499 Et
2163 444 2293 500 hinc
2331 444 2562 515 quidam
2602 444 2816 499 audent
2855 444 3040 499 dicere
3078 445 3518 503 inaccessibilem

1896 539 2084 593 lucem
2113 555 2232 594 esse
2257 555 2428 610 quam
2469 538 2690 594 habitat
2728 540 2911 594 Pater.
2943 539 3235 610 Numquid
3275 542 3371 596 lux
3410 559 3522 597 me-

1896 632 2003 687 lior
2031 633 2232 686 Patre?
2257 634 2394 696 Quae
2420 635 2612 686 autem
2653 633 2745 686 lux
2779 632 3179 688 inaccessibilis
3215 634 3266 687 ei
3293 634 3383 689 cui
3409 652 3522 688 non

1896 730 1982 779 est
2007 725 2408 781 inaccessibilis
2438 726 2648 781 Pater?
2684 727 2751 780 Et
2792 725 2912 797 ipse
2951 726 3051 781 lux
3087 743 3244 791 vera,
3281 733 3337 782 et
3373 729 3526 798 geni-

1897 824 1988 873 tor
2027 819 2167 873 lucis
2212 822 2465 886 aeternae,
2510 819 2579 874 de
2619 835 2729 890 qua
2769 819 2984 874 dictum
3029 825 3115 875 est
3147 837 3158 874 :
3205 821 3394 875 «Erat
3429 821 3524 876 lux

1895 927 2048 978 vera,
2093 928 2222 983 quas
2265 912 2553 967 illuminat
2592 928 2824 967 omnem
2862 912 3161 969 hominem
3201 913 3521 969 venientem

1894 1005 1953 1060 in
1979 1006 2132 1060 hunc
2155 1005 2436 1060 mundum
2462 1006 2664 1075 (Joan.,
2701 1022 2738 1072 I,
2773 1006 2848 1076 9).
2874 1027 2902 1055 »
2937 1006 3076 1061 Vide
3103 1023 3175 1062 ne
3205 1007 3302 1062 illa
3331 1007 3403 1060 sit
3428 1008 3524 1061 lux

1893 1098 2294 1153 inaccessibilis
2320 1115 2495 1170 quam
2523 1098 2742 1154 habitat
2770 1100 2956 1166 Pater,
2985 1099 3203 1155 habitat
3231 1103 3288 1156 et
3314 1099 3484 1154 Filius
3506 1118 3523 1168 ;

1893 1192 2027 1262 quia
2055 1193 2222 1246 Pater
2250 1192 2309 1246 in
2352 1192 2513 1258 Filio,
2545 1195 2602 1246 et
2634 1191 2802 1246 Filius
2827 1192 2887 1246 in
2914 1194 3103 1247 Patre.

1969 1288 2053 1340 13.
2093 1287 2243 1340 Bene
2285 1301 2421 1356 ergo
2461 1301 2738 1356 magnus;
2780 1286 2889 1340 late
2931 1286 3085 1340 enim
3126 1286 3386 1342 funditur
3423 1289 3522 1343 Dei

1891 1377 2089 1444 virtus,
2122 1379 2235 1433 late
2263 1379 2499 1433 cmlestis
2533 1378 2862 1433 substantias
2904 1380 3240 1449 magnitudo
3270 1381 3517 1452 porrigi-

1893 1475 2006 1527 tur.
2045 1471 2193 1525 Nihil
2231 1472 2647 1543 praascriptum,
2685 1471 2830 1526 nihil
2869 1472 3383 1543 circumscriptum,
3428 1474 3517 1528 ni-

1894 1564 1972 1618 hil
2003 1580 2319 1633 emensum,
2356 1565 2498 1620 nihil
2541 1565 2868 1620 dimensum
2903 1565 3144 1620 Trinitas
3180 1565 3370 1621 habet.
3401 1567 3523 1621 Non

1894 1658 2020 1712 loco
2050 1658 2350 1726 clauditur,
2384 1673 2498 1713 non
2535 1658 2803 1730 opinione
2846 1659 3374 1729 comprehenditur,
3406 1676 3520 1715 non

192 1757 238 1811 in
259 1730 802 1825 vitium—trahat,vut
845 1763 1008 1829 putes
1046 1774 1163 1814 non
1205 1759 1456 1829 primum
1489 1775 1629 1824 esse,
1662 1759 1795 1829 quia
1815 1730 1870 1802 Β
1893 1756 2262 1810 aestimatione
2299 1755 2677 1825 concluditur,
2706 1772 2820 1811 non
2859 1759 3022 1811 astate
3059 1757 3330 1813 variatur.
3361 1758 3525 1813 Dedit

190 1851 312 1905 ﬁlius
338 1855 439 1907 est.
469 1852 722 1922 Sequere
758 1852 1095 1922 Scripturas,
1131 1857 1196 1907 ut
1225 1867 1419 1907 errare
1448 1869 1561 1907 non
1590 1852 1790 1922 possis.

189 1944 382 1998 Primus
433 1944 612 1998 Filius
657 1944 882 2000 dicitur.
932 1945 1167 1999 Lectum
1211 1950 1294 1999 est
1337 1945 1508 2000 etiam
1560 1945 1693 2016 quia
1738 1949 1797 1999 et

187 2038 313 2090 solus
355 2039 549 2105 Pater,
597 2058 623 2088 (ι
664 2017 764 2109 qui
802 2038 955 2093 solus
995 2038 1166 2094 habet
1205 2039 1710 2107 immortalitatem,
1740 2043 1795 2094 et

187 2131 344 2184 lucem
400 2130 631 2185 habitat
679 2131 1121 2186 inaccessibilem
1168 2133 1210 2202 (Ι
1261 2135 1429 2195 Tim.,
1477 2149 1552 2201 vr,
1602 2132 1715 2204 16);
1765 2155 1792 2182 ››

184 2225 305 2278 sicut
340 2223 537 2294 legisti
570 2241 583 2278 :
619 2244 646 2272 ‹‹
674 2225 741 2278 Et
779 2224 1089 2280 immortali
1127 2226 1296 2280 soli...
1343 2227 1458 2280 Deo
1487 2227 1530 2296 (l
1565 2228 1725 2289 Tim.,
1752 2244 1791 2292 1,

187 2321 282 2385 l7);
309 2336 335 2367 ιι
367 2317 467 2372 sed
514 2333 706 2388 neque
731 2318 956 2387 primus
992 2322 1125 2373 ante
1151 2320 1400 2386 Patrem,
1435 2335 1618 2390 neque
1646 2321 1795 2374 solus

184 2410 282 2463 sine
321 2411 477 2464 Filio.
523 2410 582 2464 Si
627 2411 870 2466 alterum
909 2427 1107 2483 negas,
1143 2414 1388 2467 alterum
1425 2413 1628 2468 astruis
1656 2414 1792 2483 (66),

183 2506 460 2574 utrumque
523 2519 786 2574 sequere,
821 2507 880 2559 et
933 2508 1237 2576 utrumque
1293 2505 1612 2560 conﬁrmas.
1673 2507 1794 2561 Non

181 2595 295 2651 dixit
324 2614 336 2650 :
365 2599 482 2667 Ego
522 2597 700 2666 prior,
733 2601 790 2651 et
818 2614 926 2668 ego
966 2598 1266 2668 posterior,
1293 2599 1393 2654 sed
1422 2615 1435 2653 :
1472 2621 1499 2649 ‹‹
1528 2601 1644 2670 Ego
1673 2601 1791 2670 pri-

181 2705 300 2756 mus,
331 2695 386 2744 et
411 2706 536 2760 ego
563 2689 900 2745 novissimus
919 2690 1139 2761 (Apoc.,
1170 2707 1208 2761 ι,
1234 2695 1295 2758 8;
1319 2707 1449 2759 xm,
1480 2695 1590 2763 13).
1620 2713 1649 2742 ››
1679 2694 1795 2746 Pri-

181 2798 286 2835 mus
311 2786 393 2837 est
421 2781 624 2850 Filius,
657 2786 715 2838 et
750 2783 879 2838 ideo
918 2789 1270 2852 coaeternus;
1306 2785 1482 2840 habet
1506 2785 1661 2840 enim
1685 2787 1791 2840 Pa-

182 2878 326 2942 trem,
360 2892 496 2931 cum
531 2892 652 2948 quo
682 2876 758 2930 sit
793 2880 1061 2932 aeternus.
1101 2877 1298 2934 Audeo
1330 2879 1541 2934 dicere.
1570 2878 1794 2933 Primus

183 2975 249 3022 est
268 2970 450 3038 Filius,
475 2970 578 3025 sed
605 2970 754 3024 solus
773 2986 888 3024 non
905 2973 1009 3037 est,
1033 2975 1092 3025 et
1110 2971 1257 3026 bene
1281 2972 1422 3039 dico,
1447 2976 1504 3026 et
1528 2971 1792 3044 religiose

183 3061 303 3116 dico.
333 3062 480 3127 Quid
509 3063 737 3134 erigitis
769 3063 841 3118 ad
867 3063 1238 3135 impietatem,
1279 3065 1549 3133 heretici,
1583 3067 1791 3122 aures?
1812 3093 1866 3167 C

182 3155 230 3207 In
253 3155 471 3227 laqueos
504 3173 654 3228 quos
694 3157 948 3225 tenditis,
992 3157 1284 3213 incidistis.
1330 3158 1552 3214 Primus
1579 3165 1664 3213 est
1703 3160 1788 3213 Fi-

181 3246 287 3316 lius,
317 3256 371 3302 et
397 3251 559 3306 solus
588 3265 704 3305 non
734 3256 838 3318 est,
867 3251 1104 3321 primus,
1135 3251 1268 3322 quia
1292 3268 1421 3306 cum
1448 3254 1611 3307 Patre
1639 3269 1788 3307 sem-

182 3357 298 3411 per,
346 3344 504 3398 solus
559 3359 676 3397 non
730 3349 846 3410 est,
898 3345 1029 3414 quia
1081 3344 1203 3399 sine
1266 3346 1430 3400 Patre
1491 3361 1788 3418 nunquam

182 3441 266 3489 est.
290 3438 407 3492 Non
439 3453 556 3508 ego
588 3437 692 3491 hoc
714 3435 859 3505 dico,
889 3437 988 3492 sed
1019 3437 1141 3508 ipse
1168 3437 1342 3492 dixit:
1375 3459 1404 3488 «
1429 3439 1498 3493 Et
1524 3455 1642 3494 non
1661 3456 1789 3494 sum

179 3530 326 3598 solus,
366 3531 506 3603 quia
556 3531 721 3584 Pater
762 3545 989 3586 mecum
1031 3535 1117 3586 est
1169 3533 1367 3600 (Joan.,
1437 3549 1546 3601 xw,
1603 3534 1712 3604 32).
1762 3557 1788 3583 »

180 3620 316 3678 Solus
369 3626 564 3691 Pater,
616 3624 749 3694 quia
795 3639 942 3679 unus
990 3625 1157 3694 Deus,
1217 3626 1370 3680 solus
1419 3627 1603 3694 Pater,
1657 3627 1791 3697 quia

179 3717 279 3771 sola
313 3718 585 3772 divinitas
637 3715 895 3789 1286
949 3717 1130 3772 Patris
1173 3721 1230 3773 et
1284 3719 1412 3774 Filii
1459 3723 1517 3775 et
1554 3719 1791 3790 Spiritus

179 3810 353 3878 sancti,
383 3817 442 3866 et
482 3809 648 3882 quod
685 3827 866 3866 unum
897 3816 1000 3878 est,
1042 3811 1226 3866 solum
1265 3819 1368 3867 est.
1410 3813 1572 3868 Solus
1603 3815 1787 3876 Pater,

178 3903 305 3958 solus
327 3903 701 3975 Unigenitus,
745 3905 893 3959 solus
939 3908 995 3960 et
1029 3904 1271 3975 Spiritus
1311 3910 1564 3975 sanctus;
1605 3922 1791 3978 neque

177 3994 310 4050 enim
334 3996 432 4067 qui
460 3995 664 4064 Filius,
693 3999 751 4051 et
776 3998 964 4064 Pater,
1006 4000 1108 4052 aut
1148 3997 1246 4069 qui
1283 4000 1469 4066 Pater,
1499 4001 1554 4053 et
1584 3999 1786 4070 Filius;

175 4092 257 4142 aut
298 4089 396 4160 qui
454 4089 709 4161 Spiritus
759 4095 1004 4158 sanctus,
1056 4094 1114 4146 et
1160 4091 1346 4146 Filius.
1397 4091 1556 4146 Alius
1605 4094 1788 4160 Pater,

177 4180 300 4234 alius
328 4183 526 4250 Filius,
560 4181 703 4237 alius
739 4182 976 4254 Spiritus
1015 4186 1270 4250 sanctus;
1308 4184 1549 4255 legimus
1589 4187 1742 4240 enim
1772 4203 1785 4241 :

180 4297 200 4316 τι
236 4276 463 4348 Rogabo
495 4278 746 4344 Patrem,
779 4280 835 4330 et
859 4276 1036 4331 alium
1072 4277 1412 4332 Paraclitum
1455 4278 1611 4333 dabit
1635 4279 1792 4334 vobis

178 4367 354 4432 (Joan.,
385 4387 498 4437 XIV,
537 4371 642 4439 16).
676 4391 702 4418 ››
751 4369 913 4424 Solus
949 4371 1138 4438 Pater,
1169 4371 1307 4442 quia
1349 4388 1496 4426 unus
1526 4373 1692 4441 Deus,
1725 4389 1790 4428 ex

1894 1849 2129 1920 quidem
2157 1849 2432 1904 Dominus
2455 1851 2614 1905 Jesus
2649 1849 2982 1905 hominibus
3019 1851 3478 1922 magnitudinem
3507 1873 3519 1906 :

1899 1963 1926 1990 «
1966 1945 2030 1997 In
2073 1959 2308 1998 omnem
2348 1943 2503 1998 enim
2542 1947 2754 1999 terram
2798 1943 2971 1999 exivit
3005 1960 3178 1999 sonus
3215 1961 3434 2015 eorum,
3467 1949 3526 1999 et

1894 2036 1952 2089 in
1981 2036 2126 2091 ﬁnes
2165 2037 2316 2091 orbis
2352 2043 2523 2092 terrae
2557 2037 2729 2092 verba
2767 2053 2968 2093 eorum
2996 2039 3168 2108 (Psal.
3197 2054 3350 2108 xvm,
3379 2039 3462 2110 5);
3495 2061 3522 2088 ››

1895 2146 2009 2184 non
2039 2131 2099 2184 in
2134 2129 2276 2186 ﬁnes
2303 2133 2499 2186 tamen
2538 2131 2762 2198 mundi,
2798 2147 2912 2186 non
2952 2132 3012 2184 in
3051 2132 3194 2186 ﬁnes
3231 2132 3375 2202 caeli,
3406 2149 3521 2188 non

1893 2224 2045 2278 ultra
2074 2224 2266 2279 ccelos.
2292 2226 2367 2278 At
2390 2240 2523 2280 vero
2563 2225 2624 2279 in
2656 2225 2895 2279 Domino
2932 2225 3064 2280 Jesu
3105 2246 3132 2274 ‹‹
3161 2227 3357 2281 omnia
3383 2243 3520 2282 con-

1894 2317 2009 2372 dita
2039 2320 2171 2372 sunt
2212 2318 2269 2371 in
2309 2317 2462 2373 caelis
2499 2320 2557 2373 et
2591 2317 2651 2372 in
2692 2322 2863 2384 terra,
2901 2317 3138 2372 visibilia
3173 2325 3229 2374 et
3266 2319 3520 2374 invisibi-

1893 2410 2038 2465 lia...
2070 2414 2128 2464 et
2156 2410 2276 2480 ipse
2311 2415 2396 2466 est
2423 2414 2555 2465 ante
2595 2427 2816 2479 omnes,
2846 2414 2904 2466 et
2929 2411 3124 2466 omnia
3147 2412 3207 2466 in
3234 2413 3358 2483 ipso
3395 2429 3524 2467 con-

1893 2507 2047 2558 stant
2076 2504 2317 2573 (Coloss.,
2351 2521 2389 2571 ι,
2425 2508 2510 2572 16,
2543 2505 2648 2574 17).
2683 2526 2711 2554 ››
2742 2504 2958 2560 Caelum
2986 2505 3192 2576 aspice,
3219 2507 3377 2560 Jesus
3404 2506 3522 2561 illic

1892 2602 2004 2664 est;
2052 2602 2264 2651 terram
2315 2597 2560 2665 intuere,
2609 2599 2766 2653 Jesus
2817 2597 3012 2667 adest;
3059 2598 3298 2653 ascende
3347 2598 3520 2654 verbo

1891 2689 2004 2759 (67)
2036 2689 2093 2744 in
2133 2690 2359 2756 cretum,
2393 2689 2678 2746 descende
2717 2691 2889 2746 verbo
2930 2692 2990 2746 in
3032 2691 3340 2759 infernum,
3365 2693 3524 2747 Jesus

1891 2783 2073 2837 adest.
2109 2782 2334 2837 Etenim
2379 2783 2425 2837 si
2470 2783 2795 2838 ascenderis
2842 2784 2901 2838 in
2944 2784 3167 2852 coelum,
3209 2785 3366 2840 Jesus
3407 2785 3520 2839 illic

1893 2879 2007 2945 est;
2037 2876 2084 2930 si
2110 2876 2475 2932 descenderis
2511 2877 2572 2932 in
2613 2877 2927 2945 infernum,
2955 2879 3133 2934 adest.
3173 2878 3350 2933 Hodie
3387 2894 3518 2934 cum

1891 2971 2111 3042 loquor,
2151 2987 2376 3026 mecum
2418 2976 2520 3038 est,
2559 2971 2712 3026 intra
2746 2972 2850 3026 hoc
2892 2978 3190 3043 punctum,
3222 2973 3374 3028 intra
3408 2973 3516 3028 hoc

1893 3070 2271 3120 momentum.
2310 3065 2377 3119 Et
2411 3065 2454 3119 si
2482 3065 2542 3118 in
2576 3065 2847 3119 Armenia
2876 3080 3028 3120 nunc
3058 3065 3313 3136 loquitur
3338 3065 3520 3122 Chris-

1893 3158 2098 3225 tianus,
2125 3159 2282 3213 .Iesus
2315 3157 2476 3215 adest
2505 3175 2518 3213 :
2551 3178 2578 3207 ‹‹
2611 3158 2787 3214 Nemo
2815 3157 3020 3230 (enim)
3045 3158 3184 3213 dicit
3214 3158 3518 3215 Dominum

1889 3253 2096 3318 Jesum,
2153 3252 2258 3306 nisi
2313 3251 2370 3305 in
2421 3251 2636 3322 Spiritu
2685 3257 2879 3307 sancto
2933 3253 2974 3320 (Ι
3023 3254 3165 3314 13ονυ
3221 3268 3316 3320 xu,
3358 3253 3435 3324 3).
3489 3272 3516 3301 n

1890 3345 2131 3416 Abyssos
2172 3344 2445 3416 opinione
2481 3345 2528 3399 si
2570 3349 2853 3416 penetres,
2904 3345 3017 3400 illic
3056 3361 3282 3418 quoque
3329 3347 3519 3401 Jesum

1892 3437 2104 3492 videbis
2144 3439 2398 3509 operari;
2440 3438 2714 3509 scriptum
2755 3442 2840 3492 est
2877 3436 3030 3492 enim
3076 3455 3088 3492 :
3133 3459 3161 3488 «
3193 3439 3270 3495 Ne
3309 3438 3520 3495 dixeris

1891 3530 1948 3584 in
1974 3531 2142 3586 corde
2163 3535 2260 3586 tuo
2287 3549 2300 3586 :
2327 3530 2464 3595 Quis
2489 3531 2743 3586 ascendit
2769 3531 2828 3585 in
2854 3531 3096 3587 caelum?
3122 3530 3180 3585 id
3205 3536 3311 3600 est,
3334 3531 3521 3587 Chris-

1888 3628 2014 3679 tum
2040 3624 2352 3691 deducere;
2382 3629 2481 3679 aut
2505 3624 2634 3696 quis
2661 3624 2954 3680 descendit
2988 3624 3048 3678 in
3075 3623 3380 3694 abyssum?
3406 3625 3517 3681 hoc

1890 3720 1993 3785 est,
2021 3717 2309 3774 Christum
2335 3735 2369 3772 a
2408 3718 2645 3772 mortuis
2681 3717 2958 3772 reducere
2987 3717 3182 3788 (Rom,
3209 3733 3262 3785 Χ,
3296 3721 3348 3786 6,
3380 3721 3451 3789 7).
3485 3740 3514 3769 ι)

1891 3809 1994 3865 Ubi
2025 3827 2163 3882 ergo
2191 3827 2309 3866 non
2348 3815 2454 3881 est,
2486 3811 2584 3882 qui
2625 3810 2891 3875 coelestia,
2931 3810 3153 3865 inferna
3193 3815 3250 3865 et
3290 3813 3517 3865 terrena

1890 3904 2229 3976 complevit?
2275 3906 2428 3960 Bene
2469 3919 2608 3976 ergo
2649 3919 2910 3975 magnus,
2949 3903 3109 3973 cuius
3144 3902 3319 3958 virtus
3355 3919 3518 3958 mun-

1891 3998 2033 4053 dum
2060 3998 2318 4068 replevit,
2345 3997 2446 4069 qui
2473 3997 2688 4068 ubique
2715 4001 2820 4064 est,
2862 3999 2920 4050 et
2948 3996 3057 4051 erit
3097 4011 3352 4068 semper;
3384 3997 3515 4068 quia

1888 4095 2043 4161 regni
2067 4091 2178 4160 ejus
2199 4107 2305 4146 non
2330 4094 2432 4145 erit
2458 4092 2604 4160 ﬁnis.

1961 4186 2136 4250 (Vers.
2169 4184 2284 4255 34.)
2320 4186 2460 4240 Dicit
2501 4188 2679 4238 autem
2719 4186 2899 4240 Maria
2933 4184 3008 4239 ad
3044 4186 3297 4253 angelum
3329 4201 3343 4241 :
3374 4185 3516 4254 Quo-

1889 4279 2046 4334 modo
2070 4281 2160 4347 ﬁet
2186 4279 2353 4341 istud,
2381 4280 2637 4348 quoniam
2659 4280 2836 4332 virum
2861 4293 2972 4332 non
2997 4281 3218 4345 cognovi
3232 4281 3261 4332 i’

1966 4373 2048 4426 14.
2087 4371 2325 4426 Videtur
2367 4371 2458 4426 hic
2504 4389 2618 4426 non
2663 4371 2970 4426 credidisse
3007 4371 3200 4436 Maria,
3242 4370 3353 4424 nisi
3394 4371 3518 4425 dili-

176 4477 271 4530 quo
299 4464 534 4531 omnia;
579 4462 729 4517 solus
775 4462 967 4533 Filius,
994 4463 1127 4535 quia
1169 4481 1313 4519 unus
1354 4466 1644 4535 Dominus,
1687 4461 1868 4538 perD
1893 4469 2094 4537 genter
2125 4466 2414 4530 advertas;
2460 4481 2644 4536 neque
2683 4465 2840 4518 enim
2877 4463 2963 4516 fas
3005 4468 3087 4517 est
3131 4466 3193 4516 ut
3233 4463 3411 4518 electa
3444 4464 3515 4518 ad

178 4569 326 4624 quem
372 4557 594 4611 omnia.
641 4556 834 4611 Solum
882 4556 1148 4612 divinitas
1191 4557 1346 4624 facit,
1395 4560 1693 4630 generatio
1735 4565 1792 4615 et

177 4647 381 4704 Patrem
426 4649 767 4705 testiﬁcatur
808 4653 865 4704 et
910 4649 1136 4715 Filium,
1181 4655 1247 4706 ut
1288 4668 1576 4724 nusquam
1620 4653 1792 4708 Filius

179 4736 283 4790 sine
316 4740 499 4808 Patre,
535 4741 636 4793 aut
666 4739 831 4793 Pater
870 4755 990 4794 esse
1021 4739 1274 4796 videatur
1307 4741 1427 4796 sine
1453 4741 1614 4797 Filio.
1643 4743 1790 4814 Ergo

180 4842 270 4880 nec
304 4829 479 4896 solus,
520 4828 657 4899 quia
702 4845 816 4884 non
869 4829 1020 4884 solus
1069 4831 1440 4900 immortalis;
1484 4847 1590 4886 nec
1645 4832 1793 4887 solus

182 4913 346 4971 lucem
393 4917 622 4972 habitat
658 4913 1133 4988 inaccessibilem;
1173 4920 1309 4990 quia
1345 4940 1372 4969 «
1400 4921 1578 4975 Deum
1622 4937 1792 4976 nemo

180 5002 303 5059 vidit
328 5021 608 5078 unquam,
641 5006 751 5060 nisi
776 5005 1109 5077 unigenitus
1137 5007 1308 5063 Filius
1334 5007 1432 5080 qui
1463 5012 1549 5064 est
1572 5010 1630 5064 in
1663 5010 1790 5064 sinu

235 5126 322 5188 (63)
344 5126 701 5182 Naturatiter.
731 5127 995 5178 nimirum
1024 5127 1091 5178 ad
1117 5129 1497 5181 ministrorum
1533 5130 1791 5183 differen-

187 5197 304 5248 tiam
330 5199 706 5250 indicandam.

235 5268 324 5338 (6t)
354 5269 485 5318 Mss.
528 5271 738 5335 aliquot
778 5283 892 5322 non
931 5271 1140 5324 infimis
1180 5277 1344 5335 nota,
1384 5275 1662 5338 utriusque
1695 5286 1792 5338 po-

184 5335 282 5395 puli
303 5339 543 5402 spiritus.

209 5408 326 5483 _(63)
372 5411 619 5462 Observa
662 5417 1004 5477 praseeptum
1043 5415 1259 5478 jejunii,
1306 5429 1371 5466 ac
1415 5416 1537 5478 ejus
1579 5413 1791 5478 obliga-

190 5479 373 5556 tionem
403 5493 614 5531 novum
638 5484 926 5534 inventum
953 5497 1304 5547 nequaquam
1343 5497 1464 5534 esse
1504 5485 1557 5534 in
1598 5484 1790 5536 Eccle—

190 5559 274 5596 813.

241 5620 327 5682 (66)
371 5621 518 5673 Edit.
557 5625 778 5676 Amerb.
823 5631 880 5676 et
913 5626 1059 5688 Era.,
1101 5625 1338 5676 Alterum
1374 5626 1621 5677 destruis.
1659 5626 1790 5678 thl.

193 5691 238 5761 gl
263 5689 410 5761 Rom.
440 5707 570 5744 cum
608 5697 892 5760 potissima
930 5702 1079 5761 parte
1117 5711 1272 5759 mss.,
1295 5695 1532 5748 Alterum
1571 5697 1787 5748 astruis.

195 5755 408 5825 Reliqui,
463 5755 698 5818 Alterum
750 5781 860 5820 non
905 5755 1120 5820 astruis.
1171 5755 1484 5818 Et’mrsus
1535 5767 1790 5818 nonnulli

1891 4559 2283 4631 generandum
2309 4557 2666 4628 unigenitum
2707 4556 2802 4610 Dei
2850 4555 3075 4622 Filium,
3106 4555 3278 4611 fuisse
3318 4555 3512 4611 videa-

1890 4657 1985 4708 tur
2013 4649 2266 4723 1287
2301 4651 2595 4704 incredula
2631 4649 2761 4719 (68).
2795 4651 2914 4713 Quo
2951 4652 3140 4703 autem
3183 4650 3354 4705 modo
3389 4649 3516 4704 ﬁeri

1894 4748 2086 4813 posset
2113 4741 2266 4811 (licet
2302 4740 2454 4794 salva
2492 4738 2874 4809 praerogativa
2915 4737 2985 4793 sit
3017 4738 3236 4805 matris,
3267 4739 3355 4793 cui
3393 4753 3518 4808 pro-

1893 4832 2040 4886 fecto
2077 4830 2186 4884 fuit
2213 4828 2456 4900 amplius
2483 4827 2882 4896 deferendum,
2912 4827 3009 4882 sed
3043 4830 3108 4881 ut
3139 4827 3517 4898 praerogativa

1891 4920 2094 4989 major,
2124 4919 2311 4988 major
2335 4916 2508 4972 etiam
2544 4916 2687 4970 ﬁdes
2722 4916 2774 4972 ei
2817 4916 3019 4971 debuit
3054 4915 3374 4987 reservari),
3403 4931 3517 4986 quo

1891 5024 2030 5080 ergo
2058 5007 2227 5062 modo
2265 5006 2388 5062 ﬁeri
2426 5008 2638 5076 posset,
2676 5010 2740 5060 ut
2776 5005 3076 5060 Zacharias
3108 5005 3206 5076 qui
3246 5021 3360 5058 non
3392 5020 3515 5060 cre-

1890 5129 2120 5191 habent,
2149 5133 2195 5178 et
2221 5132 2502 5191 utrumque
2524 5126 2794 5190 conﬁrma.
2826 5126 2934 5178 Sed
2959 5129 3108 5177 totus
3138 5126 3296 5178 locus
3323 5126 3518 5178 obscu—

1891 5201 2051 5250 ritate
2077 5212 2188 5250 non
2215 5202 2381 5249 caret.

1953 5271 2048 5333 (67)
2087 5269 2265 5328 Verbo,
2296 5269 2352 5318 id
2391 5273 2491 5331 est,
2517 5269 2729 5318 ratione
2767 5272 2822 5317 et
2857 5268 3223 5332 cogitatione;
3260 5271 3319 5317 ut
3356 5268 3519 5329 infra,

1891 5342 2115 5407 Abyssos
2143 5342 2390 5406 opinione
2420 5342 2468 5391 si
2493 5345 2747 5404 penetres,
2782 5342 2834 5388 et
2863 5338 2992 5389 alibi
3020 5340 3352 5402 frequenter.

1955 5415 2047 5475 (68)
2106 5413 2265 5464 Rom.
2326 5412 2478 5472 edit.,
2538 5415 2815 5460 censeatur
2877 5409 3172 5460 incredula.
3235 5410 3344 5470 Quo
3397 5423 3520 5473 ergo

1890 5484 2045 5534 modo
2103 5484 2226 5546 ﬁeri
2285 5487 2452 5546 posset
2512 5480 2682 5544 (salva
2738 5481 3099 5544 prmogativa
3156 5482 3380 5541 matris,
3435 5483 3522 5532 cui

1887 5554 2119 5619 profecto
2160 5554 2261 5617 fuit
2299 5553 2526 5617 amplius
2564 5550 2897 5613 deferendum
2928 5567 2943 5600 :
2975 5557 3022 5601 et
3060 5556 3118 5600 ut
3159 5554 3519 5615 praerogativa

1890 5627 2081 5690 major,
2119 5628 2293 5689 major
2341 5626 2493 5674 etiam
2531 5622 2657 5684 ﬁdes
2687 5621 2864 5672 debuit
2897 5623 3179 5686 reservari)
3222 5627 3278 5673 ut
3324 5623 3518 5674 Zacha-

1892 5698 2028 5756 rias,
2057 5701 2161 5748 etc.
