3972 6174
448 237 612 290 1639¹

1912 230 1968 284 S.
2009 227 2332 285 AMBROSII

3617 241 3726 294 1640

441 357 685 420 diderat,
722 354 949 410 silentio
995 355 1473 410 condemnaretur
1511 371 1524 409 :
1575 353 1746 408 Maria
1789 358 1981 408 autem
2023 352 2071 406 si
2091 365 2149 438 Α
2170 353 2265 407 sed
2297 352 2366 408 de
2395 352 2558 407 senili
2581 356 2746 409 aetate
2776 370 2893 409 non
2924 353 3198 423 credidit;
3222 352 3463 429 1288
3488 373 3605 412 nam
3625 376 3733 416 con-

440 469 559 508 non
584 453 940 522 credidisset,
974 453 1219 524 Spiritus
1253 454 1433 507 sancti
1470 452 1758 506 infusione
1792 452 2062 505 exaltare-

440 552 575 606 tur?
601 551 711 606 Sed
746 567 926 622 neque
965 567 1080 605 non
1121 549 1354 605 credere
1391 549 1576 619 Maria,
1620 565 1809 620 neque
1843 553 1958 602 tam
1989 550 2068 600 te-

441 659 600 699 mere
643 644 838 699 debuit
873 661 1149 715 usurpare
1184 661 1196 698 :
1241 659 1355 697 non
1385 645 1616 698 credere
1646 643 1870 712 angelo,
1915 656 2069 694 usur-

443 753 582 809 pare
632 737 837 792 divina.
879 739 1067 809 Neque
1115 737 1268 792 enim
1310 737 1472 792 facile
1524 742 1644 791 erat
1681 736 1823 790 scire
1863 738 2069 805 myste-

443 831 596 886 rium
626 830 1019 885 absconditum
1046 847 1080 885 a
1115 832 1336 886 saculis
1376 832 1433 886 in
1471 832 1608 896 Deo,
1641 829 1796 900 quod
1830 844 1935 882 nec
1974 843 2066 881 su-

445 924 694 994 periores
731 925 1037 978 Potestates
1075 925 1214 979 scire
1256 930 1585 996 potuerunt.
1625 925 1693 977 Et
1727 925 1917 977 tamen
1955 937 2070 975 non

445 1016 620 1070 ﬁdem
653 1017 856 1082 renuit,
887 1034 1002 1072 non
1033 1018 1283 1072 ofﬁcium
1311 1018 1593 1083 refutavit,
1623 1017 1722 1071 sed
1746 1031 2068 1070 accommo-

446 1109 597 1163 davit
620 1110 906 1176 affectum,
949 1111 1254 1180 spopondit
1289 1110 1646 1181 obsequium.
1684 1109 1906 1164 Etenim
1937 1125 2070 1163 cum

445 1201 580 1257 dicit
606 1219 618 1256 :
652 1204 922 1269 Quomodo
946 1205 1035 1272 ﬁet
1063 1205 1254 1258 istud?
1280 1220 1397 1258 non
1425 1205 1496 1259 de
1525 1203 1728 1258 effectu
1769 1202 2068 1269 dubitavit,

444 1295 542 1350 sed
573 1296 910 1366 qualitatem
941 1297 1116 1366 ipsius
1143 1297 1400 1367 quaesivit
1426 1295 1680 1352 effectus.

522 1392 604 1444 15.
669 1391 891 1453 Quanto
941 1391 1312 1460 temperatior
1361 1391 1470 1445 ista
1537 1389 1843 1462 responsio,
1899 1405 2072 1460 quam

445 1482 620 1537 verba
665 1488 795 1538 sunt
835 1483 1176 1538 sacerdotis?
1221 1485 1344 1538 Haec
1385 1484 1463 1538 ait
1501 1500 1514 1537 :
1565 1485 1833 1550 Quomodo
1875 1485 1966 1551 ﬁet
2006 1485 2076 1537 is-

447 1577 591 1632 tud?
635 1577 732 1632 Ille
774 1576 1074 1647 respondit
1111 1594 1124 1630 :
1163 1579 1308 1632 Unde
1351 1577 1445 1631 hoc
1479 1579 1647 1632 sciam
1689 1579 1896 1647 (Supr.,
1934 1591 2073 1631 vers.

451 1669 576 1741 18)?
628 1671 754 1724 Hac
786 1669 912 1739 jam
969 1670 1038 1724 de
1085 1670 1317 1740 negotio
1362 1672 1581 1736 tractat,
1626 1669 1719 1724 ille
1766 1669 1950 1724 adhuc
2003 1669 2074 1723 de

2170 446 2307 500 ditio
2350 447 2717 518 congruebat.
2765 449 2842 502 Ex
2883 448 3007 504 viro
3048 451 3107 502 et
3145 449 3355 503 femina
3393 451 3631 506 solemnis
3665 460 3734 509 est

2167 545 2384 609 partus,
2414 557 2519 594 nec
2546 541 2878 596 incredibile
2907 540 3072 596 debet
3095 541 3289 608 videri,
3311 542 3402 596 ubi
3425 548 3610 598 natura
3626 562 3737 601 cou-

2168 633 2386 687 cordat.
2437 634 2581 688 Cum
2627 635 2781 689 enim
2832 637 2969 689 atas
3015 637 3234 690 natura
3285 636 3369 704 sit,
3415 653 3522 691 non
3563 643 3740 693 natura

2167 727 2367 795 atatis,
2382 725 2446 781 ﬁt
2464 728 2806 800 plerumque
2826 734 2891 784 ut
2909 734 3040 784 atas
3061 728 3334 799 impediat
3353 732 3622 797 naturam;
3641 747 3740 787 non

2170 823 2254 874 est
2273 824 2465 876 tamen
2489 821 2878 877 irrationabile
2898 829 2960 877 ut
2983 822 3171 877 minor
3191 821 3348 877 cedat
3367 839 3523 878 causa
3545 825 3742 894 majori,

2170 918 2228 968 et
2254 915 2441 984 potior
2469 916 2844 987 praerogativa
2867 922 3089 971 natura
3119 932 3283 970 usum
3301 916 3571 971 inferioris
3590 918 3746 972 exclu-

2171 1006 2266 1061 dat
2295 1008 2492 1063 atatis.
2516 1010 2631 1064 Huc
2651 1009 2868 1064 accedit
2891 1010 3041 1079 quod
3067 1009 3352 1064 Abraham
3378 1013 3433 1063 et
3451 1011 3577 1066 Sara
3594 1010 3747 1064 ﬁlium

2170 1100 2228 1154 in
2260 1106 2552 1156 senectute
2578 1108 2962 1173 susceperant,
2994 1109 3050 1155 et
3076 1103 3283 1173 Joseph
3309 1102 3450 1156 ﬁlius
3479 1104 3748 1158 senectutis

2171 1197 2275 1249 est.
2307 1195 2466 1259 Quod
2504 1195 2570 1260 si,
2615 1197 2747 1266 quia
2787 1195 2908 1250 risit
2944 1196 3104 1264 Sara,
3142 1195 3569 1266 reprehenditur
3598 1198 3748 1262 (Gen.,

2171 1304 2321 1357 xvm,
2354 1290 2458 1357 i3),
2478 1288 2688 1358 justius
2719 1290 3130 1343 condemnatur
3157 1289 3254 1361 qui
3285 1305 3387 1342 nec
3411 1288 3622 1342 oraculo
3647 1305 3750 1343 cre-

2173 1381 2335 1449 didit,
2363 1398 2468 1436 nec
2511 1382 2792 1452 exemplo.
2833 1382 3007 1436 Maria
3041 1386 3234 1437 autem
3270 1398 3398 1436 cum
3439 1382 3604 1436 dicit:
3633 1382 3751 1447 Quo-

2171 1475 2328 1529 modo
2351 1477 2439 1543 ﬁet
2465 1477 2634 1537 istud,
2672 1478 2927 1545 quoniam
2963 1477 3144 1530 virum
3176 1491 3286 1530 non
3326 1478 3539 1545 cognovi
3565 1476 3755 1544 (Supra,

2173 1583 2310 1623 vers.
2353 1568 2478 1638 34)?
2518 1585 2634 1623 non
2675 1569 2898 1623 videtur
2935 1569 3219 1624 dubitasse
3262 1569 3330 1624 de
3369 1569 3532 1636 facto,
3574 1570 3663 1623 sed
3697 1569 3756 1622 de

2175 1661 2306 1716 facti
2329 1661 2602 1732 qualitate
2619 1663 2906 1733 quasisse.
2926 1662 3124 1733 Liquet
3147 1661 3304 1716 enim
3320 1661 3451 1732 quia
3471 1661 3758 1716 faciendum

448 1764 650 1818 nuntio
699 1763 941 1818 dubitat.
990 1763 1169 1834 Negat
1213 1764 1308 1817 ille
1360 1779 1416 1818 se
1455 1763 1704 1832 credere,
1753 1762 1849 1832 qui
1899 1741 2150 1834 negatB
2176 1771 2296 1810 esse
2329 1754 2666 1821 crediderat,
2699 1771 2825 1826 qua
2863 1755 3148 1826 quomodo
3187 1755 3370 1821 ﬁeret,
3401 1754 3758 1824 interrogavit.

451 1856 616 1923 scire,
669 1861 724 1911 et
771 1856 934 1927 quasi
983 1855 1120 1910 ﬁdei
1174 1855 1360 1910 adhuc
1403 1856 1576 1910 alium
1626 1856 1830 1926 quarit
1882 1859 2070 1910 aucto-

449 1965 594 2015 rem,
623 1949 729 2003 ista
755 1965 813 2003 se
849 1950 1037 2004 facere
1075 1948 1394 2019 proﬁtetur,
1435 1966 1540 2003 nec
1581 1950 1802 2003 dubitat
1837 1966 1957 2003 esse
1999 1949 2076 2003 fa-

450 2041 739 2110 ciendum,
787 2043 938 2112 quod
1003 2042 1289 2112 quomodo
1351 2043 1478 2096 ﬁeri
1543 2042 1747 2113 possit,
1801 2041 2073 2112 inquirit;

450 2135 530 2189 sic
558 2135 709 2189 enim
740 2135 914 2189 habes
944 2151 957 2188 :
988 2136 1258 2202 Quomodo
1282 2138 1372 2204 ﬁet
1396 2136 1568 2200 istud,
1598 2137 1856 2205 quoniam
1898 2138 2077 2189 virum

449 2244 556 2283 non
617 2231 876 2298 cognovi?
938 2227 1288 2282 Incredibilis
1346 2234 1404 2282 et
1465 2229 1722 2283 inaudita
1786 2227 2075 2300 generatio

452 2326 585 2376 ante
632 2320 817 2375 audiri
862 2320 1078 2387 debuit,
1125 2325 1190 2374 ut
1233 2321 1588 2376 crederetur.
1643 2321 1929 2391 Virginem
1975 2337 2073 2391 pa-

451 2430 599 2482 rere,
628 2413 802 2468 divini
833 2418 918 2468 est
955 2414 1184 2485 signum
1225 2414 1504 2484 mysterii,
1534 2431 1652 2469 non
1683 2413 1940 2469 humani.
1972 2415 2074 2468 De-

452 2507 650 2579 nique,
699 2528 726 2556 «
754 2506 976 2578 Accipe,
1030 2507 1234 2578 inquit,
1277 2506 1381 2562 tibi
1421 2508 1646 2576 signum
1681 2524 1694 2561 :
1739 2508 1878 2562 Ecce
1919 2507 2079 2578 virgo

456 2600 516 2655 in
549 2605 711 2655 utero
747 2599 1002 2670 accipiet,
1043 2602 1100 2654 et
1139 2599 1323 2671 pariet
1365 2600 1546 2654 ﬁlium
1583 2600 1736 2670 (Isa.,
1774 2617 1868 2667 vn,
1913 2602 2018 2669 14).
2049 2621 2076 2650 ››

453 2694 697 2766 Legerat
724 2693 828 2748 hoc
851 2693 1045 2762 Maria,
1074 2692 1206 2747 ideo
1234 2693 1473 2748 credidit
1495 2693 1788 2758 futurum;
1822 2693 1921 2749 sed
1947 2711 2081 2765 quo-

455 2786 628 2842 modo
652 2788 835 2855 ﬁeret,
864 2790 998 2842 ante
1037 2803 1154 2842 non
1193 2786 1442 2857 legerat;
1474 2803 1590 2841 non
1616 2788 1771 2841 enim
1802 2788 2078 2857 quemad-

457 2880 694 2936 modum
714 2880 896 2948 ﬁeret,
920 2881 1010 2934 vel
1034 2883 1189 2934 tanto
1211 2880 1509 2951 propheta
1535 2881 1718 2935 fuerat
1738 2881 2080 2934 revelatum.

459 2974 622 3030 Tanti
671 2990 922 3045 namque
967 2973 1225 3028 mandati
1273 2973 1612 3043 mysterium
1665 2989 1780 3027 non
1835 2973 2083 3027 hominis

459 3068 586 3134 fuit,
617 3067 718 3121 sed
743 3066 930 3136 angeli
956 3081 1051 3120 ore
1081 3064 1483 3135 promendum.
1507 3064 1680 3120 Hodie
1708 3065 1964 3135 primum
1992 3082 2088 3119 au-

461 3160 617 3215 ditur
645 3177 656 3212 :
692 3159 934 3229 Spiritus
958 3163 1175 3212 sanctus
1211 3160 1548 3228 supmeniet
1571 3159 1634 3212 in
1660 3162 1730 3213 te.
1763 3160 1831 3212 Et
1856 3157 2086 3212 auditur

461 3258 522 3306 et
545 3251 815 3307 creditur.
848 3251 1099 3322 Denique
1131 3267 1143 3304 :

537 3346 707 3416 (Vers.
739 3342 850 3415 36.)
877 3347 1028 3408 Ecce,
1069 3343 1274 3415 inquit,
1315 3346 1516 3400 ancilla
1545 3347 1776 3409 Domini,
1811 3348 2088 3414 contingat

459 3439 596 3496 mihi
621 3438 910 3494 secundum
935 3439 1155 3492 verbum
1188 3444 1366 3494 tuum.

538 3535 622 3587 16.
671 3530 809 3586 Vide
855 3530 1258 3598 humilitatem,
1304 3531 1426 3586 vide
1465 3531 1846 3588 devotionem.
1890 3531 2084 3586 Ancil-

461 3625 580 3683 lam
625 3642 682 3679 se
733 3624 870 3679 dicit
903 3623 1148 3693 Domini,
1191 3640 1319 3694 qua
1356 3627 1540 3679 mater
1583 3625 1834 3696 eligitur,
1861 3641 1966 3680 nec
2004 3643 2088 3681 re-

447 3719 700 3792 pentino
731 3718 968 3772 exaltata
1009 3717 1289 3788 promisso
1338 3722 1440 3772 est.
1489 3717 1665 3773 Simul
1705 3718 1969 3774 ancillam
2001 3719 2085 3774 di-

463 3813 667 3879 cendo,
697 3811 915 3866 nullam
947 3811 1050 3865 sibi
1077 3811 1513 3882 prarogativam
1538 3815 1714 3867 tanta
1741 3812 1937 3882 gratia
1966 3812 2085 3867 vin-

465 3907 689 3975 dicavit,
729 3921 857 3977 qua
905 3906 1124 3960 faceret
1167 3904 1320 3976 quod
1357 3904 1680 3975 juberetur.
1712 3906 1901 3960 Mitem
1933 3906 2090 3959 enim

462 4000 856 4069 humilemque
911 3998 1187 4068 paritura,
1244 3997 1624 4052 humilitatem
1675 3997 1871 4053 debuit
1918 3997 2088 4053 etiam

462 4091 585 4162 ipsa
627 4091 916 4162 praeferre.
958 4092 1088 4145 Ecce
1126 4091 1332 4144 ancilla
1373 4092 1604 4152 Domini,
1644 4093 1921 4158 contingat
1957 4093 2092 4146 mihi

463 4185 758 4240 secundum
799 4184 1018 4237 verbum
1069 4189 1240 4237 tuum.
1304 4183 1482 4238 Habes
1534 4183 1892 4254 obsequium,
1938 4183 2091 4239 vides

464 4281 685 4333 votum.
724 4280 854 4333 Ecce
895 4276 1052 4330 enim
1085 4277 1286 4331 ancilla
1319 4278 1554 4339 Domini,
1588 4283 1891 4347 apparatus
1921 4277 2092 4332 ofﬁcii

466 4376 550 4427 est
579 4388 592 4426 :
627 4373 902 4439 contingat
924 4370 1060 4425 mihi
1081 4369 1373 4425 secundum
1397 4371 1617 4425 verbum
1649 4377 1823 4434 tuum,
1850 4386 2088 4443 concep-

466 4469 558 4521 tus
585 4470 668 4520 est
696 4464 827 4519 voti.

541 4563 626 4613 17.
659 4559 837 4621 Quam
871 4557 982 4612 cito
1015 4572 1151 4628 ergo
1185 4557 1357 4612 etiam
1392 4557 1462 4612 de
1499 4557 1701 4629 impari
1731 4557 1836 4629 (69)
1857 4575 2091 4630 concep—

465 4651 625 4706 tione
661 4651 898 4705 credidit
937 4650 1136 4705 Marial
1166 4651 1315 4714 Quid
1357 4651 1510 4706 enim
1547 4657 1663 4706 tam
1695 4653 1878 4722 impar
1919 4668 2091 4723 quam

469 4745 711 4817 Spiritus
755 4749 1000 4810 sanctus,
1035 4747 1091 4797 et
1133 4745 1378 4814 corpus?
1415 4744 1556 4808 Quid
1599 4751 1717 4800 tam
1744 4745 2089 4816 inauditum,

465 4855 638 4911 quam
661 4838 819 4908 virgo
846 4852 1154 4908 praegnans
1178 4841 1373 4891 contra
1404 4839 1614 4909 legem,
1636 4845 1834 4894 contra
1861 4857 2094 4895 consue-

465 4932 749 4999 tudinem,
791 4936 989 4984 contra
1035 4929 1335 5000 pudorem,
1369 4931 1528 5002 cujus
1566 4932 1794 4987 charior
1835 4949 1969 4987 cura
2011 4938 2095 4988 est

465 5025 712 5097 virgini?
729 5023 1030 5078 Zacharias
1059 5026 1250 5078 autem
1270 5024 1484 5079 non-de
1513 5024 1717 5097 impari
1746 5027 2092 5096 conditione,

525 5204 623 5266 (69)
655 5203 734 5254 Ita
769 5203 959 5253 cuncti
997 5215 1128 5253 mss.
1162 5207 1217 5254 et
1252 5208 1359 5254 vet.
1402 5204 1530 5255 edit.
1574 5205 1629 5255 in
1674 5219 1919 5270 corpore.
1967 5207 2090 5257 Era.

464 5277 649 5324 autem
681 5287 745 5324 ac
775 5274 902 5326 Gill.
933 5275 989 5324 in
1027 5288 1201 5340 marg.
1229 5279 1283 5324 et
1320 5275 1477 5326 Rom.
1511 5276 1568 5325 in
1611 5290 1760 5339 corp.
1792 5277 1856 5326 de
1899 5279 2098 5342 impari

465 5345 763 5396 conditione
789 5362 808 5396 :
831 5346 980 5409 quod
1019 5347 1184 5397 etiam
1219 5346 1438 5396 videtur
1476 5360 1541 5396 eo
1576 5348 1907 5410 conﬁrmari,
1949 5349 2098 5412 quod

466 5416 609 5467 infra
638 5430 769 5466 mss.
798 5421 854 5468 et
891 5416 1020 5468 edit.
1054 5417 1262 5482 legunt,
1288 5431 1398 5468 non
1435 5417 1496 5468 de
1537 5419 1737 5482 impari
1770 5420 2097 5484 conditione;

464 5498 581 5534 uno
605 5489 819 5536 tantum
845 5487 965 5538 cod.
1000 5493 1254 5552 excepto,
1286 5488 1382 5538 ubi
1421 5503 1538 5552 pro,
1579 5489 1898 5542 cond-itione.
1925 5489 2100 5541 habe-

468 5558 557 5603 tur
582 5559 933 5620 conceptione.

533 5626 629 5688 (70)
655 5627 739 5675 Ex
768 5629 874 5679 hoc
910 5632 1032 5680 loco
1061 5631 1414 5682 manifestum
1438 5636 1523 5681 est
1549 5645 1658 5682 non
1689 5633 1875 5682 minus
1901 5631 2097 5683 .Chris-

469 5697 587 5767 tum
628 5710 756 5746 cum
804 5703 1034 5761 peccata
1082 5712 1156 5751 ne
1190 5702 1342 5763 ﬁant,
1388 5703 1579 5766 gratia
1621 5701 1878 5767 prasidio
1922 5704 2098 5766 impe-

465 5765 573 5828 dit,
622 5780 788 5829 quam
842 5779 970 5815 cum
1022 5767 1250 5820 dimittit
1308 5765 1642 5834 perpetrata,
1684 5765 2094 5837 redemptorem

2178 1848 2333 1903 Unde
2359 1852 2417 1902 et
2444 1847 2655 1902 meruit
2685 1848 2882 1904 audire
2912 1865 2925 1903 :
2954 1850 3122 1904 Beata
3150 1864 3274 1917 qua
3296 1848 3570 1902 credidisti
3589 1847 3761 1917 (Infra,

2173 1956 2308 1995 vers.
2337 1941 2447 2012 45).
2481 1943 2548 1996 Et
2567 1957 2696 1996 vere
2720 1941 2902 2010 beata,
2934 1958 3063 2013 qua
3089 1941 3380 2021 sacerdote
3409 1939 3761 2010 praestantior,

2176 2051 2307 2089 cum
2357 2034 2618 2088 sacerdos
2672 2041 2956 2106 negasset,
3009 2034 3170 2104 virgo
3223 2036 3466 2090 correxit
3517 2049 3762 2090 errorem.

2177 2129 2289 2182 Nec
2316 2127 2524 2182 mirum
2555 2128 2600 2182 si
2625 2127 2892 2182 Dominus
2918 2129 3322 2200 redempturus
3347 2128 3636 2196 mundum,
3657 2143 3768 2197 ope-

2178 2220 2461 2276 rationem
2489 2237 2648 2275 suam
2683 2221 2965 2275 inchoavit
2987 2238 3018 2276 a
3043 2222 3213 2277 Maria
3243 2224 3346 2292 (70)
3366 2240 3382 2291 ;
3415 2227 3479 2276 ut
3496 2237 3594 2293 per
3619 2236 3768 2292 quam

2179 2314 2328 2368 salus
2375 2315 2637 2369 omnibus
2688 2315 3012 2386 parabatur,
3061 2316 3264 2371 eadem
3313 2315 3496 2388 prima
3548 2315 3768 2369 fructum

2181 2407 2377 2461 salutis
2400 2407 2657 2464 hauriret
2681 2424 2749 2463 ex
2774 2409 3037 2480 pignore.

2255 2502 2338 2555 18.
2395 2501 2464 2555 Et
2515 2501 2658 2556 bene
2714 2501 2975 2572 quasivit
3019 2501 3312 2572 quomodo
3354 2501 3539 2570 ﬁeret;
3583 2501 3772 2572 legerat

2183 2593 2334 2649 enim
2389 2593 2522 2664 quia
2564 2595 2722 2666 virgo
2770 2601 3064 2665 generaret
3109 2597 3237 2666 (71),
3291 2596 3384 2650 sed
3429 2611 3538 2650 non
3581 2595 3772 2664 legerat

2185 2687 2674 2757 quemadmodum
2706 2691 3022 2758 generaret.
3053 2689 3315 2760 Legerat,
3340 2695 3400 2742 ut
3431 2687 3541 2742 dixi
3571 2704 3582 2742 :
3609 2686 3772 2740 «Ecce

2184 2780 2343 2851 virgo
2381 2781 2438 2834 in
2484 2783 2644 2836 utero
2686 2781 2922 2852 accipiet
2965 2781 3116 2844 (Isa.,
3153 2798 3252 2849 vn,
3303 2784 3420 2851 14);
3454 2803 3482 2831 ››
3513 2779 3773 2852 quomodo

2182 2881 2372 2928 autem
2397 2875 2694 2945 acciperet,
2723 2874 2784 2928 in
2822 2875 3128 2946 Evangelio
3163 2875 3419 2946 primum
3452 2874 3677 2946 angelus
3704 2878 3775 2927 est

2183 2967 2420 3022 locutus.

2258 3062 2436 3130 (Vers.
2465 3063 2554 3128 39,
2597 3062 2709 3132 40.)
2751 3063 3058 3132 Εωεανσεηε
3091 3067 3273 3118 autem
3309 3064 3491 3119 Maria
3527 3063 3585 3116 in
3619 3061 3778 3116 diebus

2184 3153 2319 3216 illis,
2353 3154 2487 3208 abiit
2514 3156 2575 3208 in
2610 3161 2872 3210 montana
2908 3171 3026 3210 cum
3064 3158 3416 3223 festinatione
3451 3159 3510 3210 in
3536 3157 3778 3209 civitatem

2184 3247 2359 3310 Juda,
2399 3252 2449 3302 et
2489 3251 2724 3303 intravit
2759 3252 2819 3303 in
2862 3249 3078 3304 domum
3120 3251 3415 3315 Zacharia,
3453 3255 3503 3305 et
3542 3247 3780 3303 salutavit

2186 3341 2484 3396 Elizabeth.

2260 3437 2344 3488 19.
2391 3434 2598 3490 Morale
2644 3440 2729 3490 est
2773 3435 3058 3503 omnibus,
3105 3439 3167 3490 ut
3204 3436 3307 3507 qui
3343 3435 3512 3492 ﬁdem
3546 3434 3778 3506 exigunt,

2186 3527 2361 3582 ﬁdem
2407 3531 2679 3584 astruant.
2731 3529 2798 3582 Et
2843 3529 2970 3585 ideo
3023 3529 3265 3600 angelus
3311 3546 3442 3585 cum
3485 3526 3781 3584 abscondita

2187 3621 2492 3691 nuntiaret,
2547 3627 2607 3676 ut
2649 3621 2787 3676 ﬁdes
2828 3626 3178 3678 astrueretur
3221 3624 3522 3694 exemplo,
3571 3618 3782 3676 senioris

2186 3714 2410 3769 femina
2451 3715 2770 3786 sterilisque
2809 3721 3150 3788 conceptum
3188 3717 3402 3789 virgini
3437 3716 3619 3771 Maria
3657 3728 3781 3767 nun-

2189 3808 2364 3877 tiavit,
2413 3812 2476 3862 ut
2522 3809 2788 3879 possibile
2832 3811 2946 3864 Deo
2995 3826 3163 3865 omne
3209 3811 3366 3882 quod
3414 3811 3462 3865 ei
3513 3805 3782 3880 placuerit,

2190 3905 2482 3956 assereret.
2517 3901 2619 3956 Ubi
2659 3902 2873 3957 audivit
2909 3903 3018 3958 hoc
3050 3903 3247 3970 Maria,
3278 3920 3394 3958 non
3437 3902 3595 3975 quasi
3622 3902 3783 3956 incre-

2189 3994 2324 4049 dula
2353 3995 2421 4050 de
2462 3996 2713 4063 oraculo,
2746 4012 2850 4050 nec
2887 3995 3050 4067 quasi
3086 3997 3302 4052 incerta
3347 3997 3418 4052 de
3451 3995 3666 4062 nuntio,
3696 4006 3785 4046 nec

2190 4088 2352 4161 quasi
2397 4087 2663 4143 dubitans
2713 4089 2784 4143 de
2837 4089 3120 4161 exemplo;
3181 4091 3284 4146 sed
3341 4090 3501 4163 quasi
3543 4091 3666 4144 lata
3701 4100 3788 4157 pro

2189 4185 2337 4250 voto,
2378 4181 2644 4252 religiosa
2688 4199 2792 4253 pro
2831 4182 3033 4250 ofﬁcio,
3082 4183 3288 4239 festina
3335 4201 3438 4255 pro
3487 4181 3702 4255 gaudio,
3739 4179 3786 4231 in

2190 4278 2466 4331 montana
2495 4276 2762 4347 perrexit.
2805 4277 2923 4340 Quo
2963 4275 3117 4331 enim
3155 4278 3280 4348 jam
3329 4279 3443 4333 Deo
3489 4279 3671 4348 plena,
3696 4271 3788 4327 nisi

2193 4369 2265 4424 ad
2293 4371 2582 4441 superiora
2625 4387 2756 4425 cum
2789 4370 3153 4426 festinatione
3196 4371 3606 4426 contenderet?
3628 4364 3789 4423 Nescit

2110 4468 2168 4540 1)
2191 4464 2355 4518 tarda
2381 4463 2680 4518 molimina
2708 4463 2882 4518 sancti
2905 4464 3147 4535 Spiritus
3179 4464 3384 4536 gratia.

2263 4560 2349 4613 20.
2381 4557 2584 4613 Discite
2624 4561 2681 4612 et
2717 4573 2832 4624 vos,
2871 4561 3078 4612 sancta
3122 4559 3416 4626 mulieres,
3455 4556 3787 4612 sedulitatem

2193 4667 2362 4721 quam
2414 4651 2843 4722 pragnantibus
2897 4650 3143 4706 debeatis
3206 4650 3474 4706 exhibere
3539 4645 3785 4719 cognatis.

2190 4744 2442 4812 Mariam,
2473 4761 2601 4815 qua
2627 4748 2759 4800 ante
2789 4744 2910 4799 sola
2935 4744 2995 4798 in
3025 4744 3243 4798 intimis
3272 4743 3652 4815 penetralibus
3683 4753 3788 4793 ver-

2193 4838 2442 4908 sabatur,
2481 4855 2597 4893 non
2643 4856 2673 4892 a
2718 4838 2942 4909 publico
2981 4838 3323 4910 virginitatis
3359 4838 3565 4908 pudor,
3592 4849 3700 4889 non
3734 4829 3792 4883 ab

2195 4933 2380 4987 studio
2429 4933 2700 5003 asperitas
2745 4931 3052 4995 montium,
3095 4947 3212 4986 non
3258 4930 3329 4984 ab
3376 4930 3558 4985 ofﬁcio
3591 4921 3793 4999 prolixi-

2194 5031 2277 5081 tas
2301 5025 2523 5081 itineris
2549 5025 2877 5080 retardavit.
2909 5027 2973 5079 In
3004 5029 3272 5080 montana
3304 5024 3467 5096 virgo
3495 5038 3623 5078 cum
3659 5015 3790 5073 festi-

2195 5217 2335 5255 esse.
2361 5205 2616 5270 Namque
2645 5220 2676 5255 a
2704 5209 2879 5255 matre
2913 5205 3117 5276 dicitur
3159 5203 3454 5276 inchoasse
3491 5193 3792 5276 redemptio:

2196 5289 2345 5338 nem,
2376 5279 2639 5340 quoniam
2667 5291 2737 5327 ne
2762 5275 3046 5327 incredula
3076 5279 3224 5326 esset
3255 5275 3438 5339 angeli
3465 5271 3660 5328 verbis,
3693 5271 3792 5340 ipse

2196 5334 2492 5410 prohibuit.
2524 5348 2648 5409 Quo
2678 5347 2902 5412 quidem
2931 5361 3109 5398 cuneo
3141 5334 3461 5409 eorum—qui
3495 5334 3790 5416 immacula-

2197 5421 2311 5467 tam
2361 5419 2614 5481 Deipara
2663 5410 3085 5483 conceptionem
3141 5419 3472 5482 impugnant
3526 5410 3790 5483 nodosiaglf

2197 5501 2380 5548 mum,
2436 5473 2496 5537 ut
2539 5489 2646 5552 ipsi
2693 5473 2915 5552 putant,
2973 5473 3363 5554 argumentum
3410 5484 3554 5535 facili
3597 5473 3792 5540 negotio

2199 5557 2534 5622 diﬁ‘ringitur
2559 5564 2726 5623 atque
2750 5560 3044 5623 disjicitur.

2264 5631 2360 5693 (71)
2411 5629 2618 5681 Omnes
2677 5630 2828 5693 edit,
2885 5632 3015 5694 quia
3059 5632 3212 5696 virgo
3257 5627 3579 5690 conciperet;
3621 5625 3790 5669 omnes

2200 5714 2352 5765 mss,
2380 5703 2510 5766 quia
2538 5702 2687 5766 virgo
2708 5708 2996 5765 generaret.
