3972 6174
173 265 266 320 1641
1213 257 1677 313 EXPOSITIONIS
1718 256 1736 308 I

1875 257 2048 313 UCAM
2090 257 2216 312 LIB.
2263 258 2329 311 ll.
3313 259 3443 312 1642

162 387 353 450 natione,
374 383 517 453 virgo
541 381 714 437 ofﬁcii
741 397 983 448 memor,
1008 380 1230 452 injuriae
1255 381 1364 450 (72)
1386 381 1710 446 immemor,
1738 395 1796 465 Α
1817 382 1949 448 lilii,
2011 397 2230 435 merces
2279 381 2493 434 fructus
2543 379 2752 434 ventris
2808 381 2972 446 (Psal.
3026 397 3206 447 cxxvx,
3263 381 3366 453 3)?
3420 403 3447 430 ››

157 481 309 534 affectu
331 478 556 548 vigente,
585 493 700 531 non
725 492 878 544 sexu,
915 476 1104 530 relicta
1131 477 1386 546 perrexit
1415 475 1603 529 domo.
1818 476 1926 528 lloc
1974 479 2077 541 est,
2129 474 2427 528 haereditas
2474 473 2704 527 Domini
2749 473 2846 526 ﬁlii
2895 477 3046 538 sunt,
3093 475 3188 544 qui
3234 491 3448 530 merces

205 576 272 626 21.
329 569 535 635 Discite,
599 569 877 639 virgines,
938 586 1049 622 non
1115 569 1555 622 circumcursare
1614 583 1716 637 per
1816 574 1946 622 sunt
1989 570 2202 622 fructus
2245 568 2392 621 illius
2440 567 2538 638 qui
2581 567 2649 621 de
2695 567 2884 622 Mariae
2915 573 3108 620 ventre
3154 569 3444 637 processit.

155 666 313 719 alienas
333 663 487 728 aedes,
520 679 634 716 non
667 663 953 718 demorari
992 661 1052 716 in
1093 662 1311 733 plateis,
1344 677 1457 715 non
1499 660 1715 731 aliquos
1817 664 1938 732 Ipse
1979 663 2198 716 fructus
2243 661 2455 715 ventris
2497 666 2600 727 est,
2649 661 2753 715 flos
2798 660 3021 726 radicis,
3052 661 3118 713 de
3158 677 3269 731 quo
3307 661 3449 714 bene

155 762 193 812 in
219 758 405 828 publico
437 756 676 811 miscere
713 772 1024 810 sermones.
1053 756 1227 810 Maria
1256 756 1315 809 in
1345 755 1514 808 domo
1548 755 1712 819 seria,
1816 755 2178 826 prophetavit
2215 755 2384 808 Isaias
2423 755 2616 808 dicens
2656 772 2668 808 :
2703 776 2729 801 ‹‹
2771 754 2925 808 Exiet
2957 754 3109 825 virga
3149 755 3216 808 de
3262 755 3451 809 radice

152 852 305 905 festina
331 851 381 904 in
411 850 653 920 publico,
687 849 897 903 mansit
925 849 1073 920 apud
1113 851 1417 919 cognatam
1457 845 1714 919 1289
1814 851 1988 916 Jesse,
2023 853 2079 903 et
2113 849 2215 902 ﬂos
2251 865 2314 901 ex
2345 850 2528 903 radice
2566 849 2685 918 ejus
2715 849 2987 902 ascendet
3019 850 3167 917 (Is/1.,
3200 866 3273 914 xr,
3319 852 3388 917 l);
3423 870 3450 898 ››

149 962 269 999 suam
288 945 449 999 tribus
477 944 785 998 mensibus.
812 943 1036 999 Etenim
1061 960 1185 1013 quas
1212 948 1443 1014 propter
1463 943 1716 996 officium
1817 942 1979 996 radix
2033 943 2188 996 enim
2243 945 2323 994 est
2369 942 2581 995 familia
2636 941 2996 1008 Iudaeorum,
3046 941 3206 1012 virga
3256 943 3451 1010 Maria,

150 1046 342 1104 venerat,
387 1039 698 1092 inhiarebat
744 1038 949 1092 ofﬁcio.
1003 1038 1200 1092 Mansit
1244 1053 1380 1107 ergo
1425 1036 1717 1091 mensibus
1819 1035 1920 1088 ﬂos
1962 1035 2151 1089 Mariae
2196 1034 2477 1102 Christus;
2521 1035 2618 1104 qui
2648 1035 2820 1088 veluti
2859 1034 3023 1089 bonae
3055 1034 3268 1088 arboris
3301 1035 3452 1089 fruc-

147 1133 310 1198 iribus,
353 1147 458 1184 non
508 1132 656 1202 quod
705 1132 910 1185 domus
962 1147 1088 1184 eam
1146 1130 1455 1184 delectaret
1499 1129 1714 1196 aliena,
1818 1134 1907 1182 tus
1949 1144 2050 1198 pro
2089 1132 2296 1182 nostra
2329 1127 2552 1181 virtutis
2595 1144 2860 1198 processu
2903 1144 3052 1182 nunc
3092 1128 3272 1193 ﬂoret,
3302 1144 3454 1182 nunc

147 1225 216 1279 sed
239 1225 356 1295 quia
391 1225 747 1294 frequentius
784 1224 965 1278 videri
1005 1223 1063 1277 in
1100 1223 1325 1293 publico
1367 1222 1714 1292 displicebat.
1819 1220 2120 1275 fructiﬁcat
2169 1221 2224 1274 in
2275 1221 2456 1288 nobis,
2500 1237 2650 1274 nunc
2687 1221 2932 1275 rediviva
2974 1223 3229 1292 corporis
3273 1237 3456 1274 resur~

194 1322 262 1371 22.
296 1318 580 1384 Didicistis,
621 1318 891 1388 virgines,
937 1317 1213 1387 pudorem
1261 1317 1478 1383 Mariae;
1524 1315 1718 1370 discite
1821 1315 2072 1369 rectione
2104 1318 2418 1385 reparatur.

145 1411 483 1465 humilitatem.
515 1411 678 1465 Venit
706 1411 1028 1481 propinqua
1058 1410 1127 1464 ad
1155 1409 1494 1480 proximam,
1520 1409 1720 1480 junior
1892 1411 1958 1463 Et
2017 1409 2159 1462 unde
2198 1408 2290 1461 hoc
2335 1409 2486 1469 mihi,
2542 1413 2602 1462 ut
2651 1411 2830 1463 veniat
2879 1418 3051 1464 mater
3105 1413 3314 1463 Domini
3354 1414 3459 1464 mei

142 1506 190 1557 ad
231 1505 527 1569 seniorem;
579 1522 686 1558 nec
738 1505 918 1558 solum
970 1503 1142 1568 venit.
1195 1503 1296 1556 sed
1346 1502 1520 1558 etiam
1567 1502 1721 1572 prior
1820 1501 1893 1555 ad
1922 1504 2043 1555 me?

142 1597 376 1664 salutavit;
411 1597 574 1652 decet
605 1597 760 1652 enim
787 1603 849 1652 ut
874 1603 1091 1668 quanto
1119 1596 1329 1652 castior
1353 1596 1533 1666 virgo,
1559 1599 1718 1649 tanto
1893 1593 2148 1667 1290
2193 1599 2278 1648 25.
2315 1597 2431 1648 Non
2463 1596 2622 1666 quasi
2663 1597 2931 1667 ignorans
2961 1596 3132 1664 dicit;
3168 1597 3270 1651 scit
3300 1599 3456 1651 enim

141 1691 358 1745 humilior
395 1691 485 1746 sit.
535 1691 762 1746 Noverit
804 1691 1085 1745 honorem
1125 1690 1346 1745 deferre
1384 1689 1715 1745 senioribus.
1821 1705 1940 1743 esse
1995 1688 2238 1759 Spiritus
2292 1688 2469 1742 sancti
2519 1689 2760 1760 gratiam
2806 1693 2862 1743 et
2914 1690 3341 1759 Operationem,
3395 1696 3457 1745 ut

141 1784 198 1837 Sit
222 1785 461 1855 magistra
502 1784 856 1852 humilitatis,
895 1784 955 1839 in
997 1801 1107 1854 qua
1139 1789 1222 1838 est
1253 1783 1524 1854 professio
1552 1783 1717 1837 casti-
1740 1762 1796 1833 B
1820 1786 2002 1835 mater
2029 1782 2325 1852 Prophetas
2363 1799 2396 1835 a
2426 1786 2604 1836 matre
2643 1782 2864 1836 Domini
2907 1783 2978 1835 ad
3011 1783 3334 1853 profectum
3366 1785 3452 1838 sui

138 1880 250 1932 tatis.
281 1879 368 1932 Est
408 1881 464 1932 et
509 1893 678 1933 causa
722 1878 965 1949 pietatis,
997 1884 1080 1932 est
1128 1878 1301 1931 etiam
1340 1893 1544 1931 norma
1586 1876 1716 1930 doc-
1820 1875 2073 1946 pignoris
2129 1875 2448 1941 salutetur;
2506 1876 2600 1928 sed
2655 1875 2813 1946 quasi
2875 1893 2986 1929 non
3049 1877 3286 1931 humani
3351 1879 3456 1933 hoc

140 1972 282 2025 trinae.
309 1973 710 2028 Contuendum
739 1975 823 2026 est
848 1971 1001 2027 enim
1032 1972 1167 2043 quia
1194 1971 1452 2042 superior
1478 1971 1720 2025 venitad
1819 1968 2028 2036 meriti,
2074 1968 2176 2022 sed
2217 1968 2420 2024 divina?
2474 1969 2672 2040 gratiae
2717 1987 2924 2024 munus
2968 1987 3087 2025 esse
3132 1978 3454 2042 cognoscat,

140 2066 432 2132 inferiorem,
478 2072 542 2120 ut
573 2066 817 2120 inferior
846 2065 1148 2136 adjuvetur
1185 2082 1196 2119 :
1234 2065 1405 2121 Maria
1441 2065 1513 2118 ad
1549 2065 1720 2118 Eliza-
1821 2065 1898 2118 ita
1955 2064 2091 2117 dicit
2143 2079 2155 2117 :
2231 2063 2376 2118 Unde
2437 2063 2530 2117 hoc
2592 2065 2773 2118 mihi?
2827 2065 2936 2118 hoc
3004 2069 3126 2132 est,
3181 2070 3459 2136 quantum

138 2158 252 2225 beth,
278 2159 524 2214 Christus
563 2159 635 2213 ad
671 2161 970 2214 Joannem.
1007 2159 1253 2230 Denique
1289 2159 1465 2214 etiam
1499 2163 1718 2230 postea,
1820 2159 2033 2212 bonum
2086 2156 2228 2210 mihi
2280 2156 2481 2210 accidit
2535 2157 2664 2228 (73),
2716 2163 2777 2210 ut
2830 2163 3017 2212 mater
3063 2159 3290 2213 Domini
3346 2160 3458 2214 mei

139 2254 182 2303 ut
207 2253 561 2307 sanctiﬁcaret
590 2251 940 2322 baptismum
969 2251 1217 2318 Joannis,
1257 2252 1530 2306 Dominus
1571 2252 1723 2307 venit
1823 2252 2009 2306 veniat
2036 2251 2106 2304 ad
2139 2250 2269 2304 me?
2296 2251 2416 2303 Non
2445 2266 2722 2321 cognosco
2759 2268 2972 2306 meum.
3008 2255 3155 2308 Unde
3180 2255 3275 2308 hoc
3302 2256 3460 2318 mihi,

138 2346 186 2398 ad
227 2345 580 2415 baptismum.
632 2345 751 2400 Cito
799 2362 1026 2417 quoque
1077 2345 1350 2400 adventus
1395 2345 1614 2413 Mariae,
1668 2351 1722 2398 et
1822 2362 1935 2418 qua
1978 2345 2224 2416 justitia,
2281 2343 2484 2414 quibus
2532 2345 2722 2411 factis,
2773 2362 2874 2415 pro
2925 2346 3134 2416 quibus
3187 2349 3459 2402 meritis?

136 2441 397 2507 praesentiae
426 2438 750 2494 Dominica:
780 2439 1056 2494 beneﬁcia
1089 2439 1474 2493 declarantur.
1824 2441 1943 2493 Non
2009 2439 2214 2492 usitata
2278 2438 2401 2491 haec
2463 2437 2643 2492 officia
2719 2440 3068 2494 feminarum
3133 2447 3264 2495 sunt
3318 2460 3330 2495 :
3394 2444 3460 2496 Ut

185 2533 330 2598 (Vers.
379 2535 502 2599 41.)
556 2534 729 2588 Simul
779 2536 919 2587 enim
969 2540 1030 2586 ut
1084 2533 1297 2587 audivit
1341 2533 1724 2586 salutationem
1822 2536 2005 2588 veniat
2038 2539 2212 2586 mater
2245 2535 2460 2587 Domini
2495 2536 2600 2587 mei
2629 2534 2702 2586 ad
2739 2550 2840 2588 me.
2875 2534 3206 2588 Miraculum
3253 2536 3460 2604 sentio,

134 2624 280 2680 Mariae
316 2628 621 2688 Elizabeth,
662 2629 928 2682 exultavit
968 2629 1160 2693 infans
1200 2629 1258 2680 in
1302 2632 1452 2680 utero
1492 2627 1622 2694 ejus.
1655 2627 1724 2680 Et
1825 2643 2101 2697 cognosco
2154 2627 2524 2696 mysterium;
2575 2629 2756 2680 mater
2801 2627 3028 2680 Domini
3076 2629 3256 2682 Verbo
3306 2630 3459 2696 faeta,

135 2720 295 2787 repleta
319 2729 388 2775 est
415 2723 635 2792 Spiritu
664 2725 866 2775 sancto.
1829 2721 1944 2774 Deo
1970 2720 2143 2789 plena
2176 2722 2279 2772 est.

189 2815 257 2867 23.
286 2815 410 2870 Vide
442 2814 889 2882 distinctionem,
923 2814 1390 2884 singulorumque
1421 2812 1723 2866 verborum
1898 2815 2093 2883 (Vers.
2160 2814 2249 2877 44,
2314 2814 2431 2878 45.)
2489 2815 2618 2866 Ecce
2678 2815 2817 2866 enim
2880 2818 2938 2866 ut
3003 2816 3157 2880 facta
3219 2824 3295 2870 est
3359 2833 3465 2870 vos;

137 2907 469 2976 proprietates.
521 2909 734 2961 Vocem
780 2907 936 2978 prior
987 2907 1275 2961 Elizabeth
1328 2906 1577 2971 audivit,
1631 2906 1725 2959 sed
1823 2909 2173 2961 salutationis
2222 2913 2328 2960 tua:
2383 2909 2439 2958 in
2491 2907 2715 2960 auribus
2768 2909 2914 2968 meis,
2971 2910 3266 2962 exsultavit
3320 2927 3460 2979 gau-

134 2999 330 3055 Joannes
374 3002 536 3073 prior
583 3001 824 3073 gratiam
872 3001 1082 3069 sensit;
1133 3001 1226 3055 illa
1269 3006 1489 3055 natura:
1528 2999 1726 3053 ordine
1827 3002 1916 3054 dio
1978 3003 2167 3066 infans
2226 3003 2283 3053 in
2341 3007 2493 3053 utero
2546 3015 2703 3064 meo;
2768 3007 2818 3053 et
2884 3001 3041 3054 beata
3104 3018 3225 3071 qua:
3285 3005 3462 3058 credi-

137 3092 323 3161 andivit,
355 3095 458 3150 iste
492 3095 803 3151 exsultavit
832 3095 1048 3148 ratione
1076 3094 1360 3165 mysterii;
1392 3093 1482 3146 illa
1516 3092 1724 3158 Mariae,
1749 3130 1800 3165 ρ
1829 3096 1978 3149 disti.

135 3185 210 3240 iste
244 3189 455 3244 Domini
501 3189 686 3244 sensit
723 3189 1070 3243 adventum:
1110 3187 1328 3242 femina
1357 3186 1630 3254 mulieris,
1671 3190 1727 3238 et
1753 3185 1802 3203 υ
1901 3191 1989 3242 26.
2023 3187 2186 3241 Vides
2232 3204 2343 3242 non
2387 3187 2674 3242 dubitasse
2707 3188 2961 3257 Mariam,
3007 3190 3103 3243 sed
3133 3189 3462 3259 credidisse,

135 3279 302 3349 pignus
332 3281 612 3354 pignoris.
654 3284 780 3336 Istae
821 3282 1068 3352 gratiam
1100 3283 1428 3351 loquuntur,
1462 3279 1542 3334 illi
1575 3279 1728 3334 intus
1828 3288 1884 3336 et
1933 3281 2062 3335 ideo
2109 3282 2356 3335 fructum
2400 3281 2535 3335 fidei
2587 3287 2967 3337 consecutam.
3018 3285 3207 3344 Beata.
3257 3283 3460 3356 inquit,

134 3379 424 3443 operantur,
479 3375 825 3447 pietatisque
887 3375 1222 3445 mysterium
1269 3373 1544 3427 maternis
1587 3374 1724 3427 ado-
1829 3392 1948 3445 qua
1994 3376 2294 3430 credidisti.
2347 3374 2458 3429 Sed
2511 3380 2566 3428 et
2614 3391 2712 3429 vos
2764 3375 2932 3443 beati,
2987 3377 3084 3446 qui
3128 3377 3362 3431 audistis
3409 3382 3468 3432 et

137 3465 316 3522 riuntur
357 3469 738 3540 profectibus;
791 3467 1118 3539 duplicique
1163 3467 1436 3521 miraculo
1477 3466 1724 3537 prophe-
1829 3469 2186 3536 credidistis;
2249 3484 2609 3539 quascunque
2678 3469 2832 3522 enim
2906 3470 3209 3524 crediderit
3271 3472 3465 3526 anima

135 3563 226 3613 tant
257 3569 454 3618 matres
496 3562 708 3634 spiritu
753 3564 1142 3632 parvulorum.
1175 3559 1484 3615 Exsultavit
1517 3561 1724 3627 infans,
1828 3569 1884 3618 et
1923 3562 2172 3632 concipit
2208 3568 2262 3615 et
2305 3566 2546 3632 generat
2586 3563 2685 3616 Dei
2727 3562 2996 3629 Verbum,
3036 3568 3092 3617 et
3130 3580 3302 3634 opera
3341 3566 3465 3635 ejus

137 3655 307 3722 repleta
343 3661 427 3711 est
455 3661 674 3711 mater.
707 3656 830 3710 Non
870 3656 1025 3726 prius
1063 3658 1246 3709 mater
1286 3655 1524 3725 repleta,
1556 3670 1726 3725 quam
1828 3657 2099 3727 agnoscit.
2133 3656 2216 3709 Sit
2255 3656 2314 3708 in
2355 3655 2592 3726 singulis
2627 3656 2815 3710 Marias
2858 3656 3066 3722 anima,
3096 3660 3160 3710 ut
3195 3659 3462 3728 magnifi-

137 3744 270 3810 ﬁlius;
306 3751 399 3804 sed
437 3766 579 3805 cum
610 3749 759 3803 filius
795 3755 940 3804 esset
978 3749 1228 3820 repletus
1269 3747 1482 3819 Spiritu
1510 3753 1724 3814 sancto,
1828 3757 1916 3804 cet
1968 3749 2300 3818 Dominum;
2349 3750 2419 3803 sit
2464 3749 2523 3802 in
2569 3749 2812 3818 singulis
2861 3749 3091 3819 spiritus
3134 3751 3353 3818 Mariae,
3401 3754 3465 3806 ut

138 3841 326 3908 replevit
365 3849 420 3898 et
458 3848 732 3898 matrem.
772 3842 1078 3897 Exsultavit
1113 3844 1383 3907 Joannes,
1428 3839 1728 3895 exsultavit
1831 3843 2076 3899 exsultet
2118 3843 2177 3897 in
2217 3843 2346 3897 Deo.
2395 3842 2454 3896 Si
2494 3843 2812 3897 secundum
2857 3859 3087 3896 carnem
3120 3859 3237 3896 una
3278 3851 3466 3898 mater

135 3937 173 3984 et
202 3934 362 3990 Mariae
402 3937 664 4007 spiritus.
702 3937 1025 3990 Exsultante
1061 3937 1298 4000 Joanne,
1334 3936 1585 4005 repletur
1615 3935 1726 3987 Eli-
1830 3941 1918 3992 est
1944 3936 2173 4001 Christi,
2215 3935 2534 3990 secundum
2580 3935 2754 3990 ﬁdem
2797 3939 2987 3990 tamen
3017 3937 3274 3990 omnium
3311 3938 3462 3991 fruc-

135 4025 334 4083 zabeth:
381 4031 623 4084 Mariam
677 4035 868 4084 tamen
917 4046 1033 4082 non
1095 4029 1300 4098 repleri
1349 4028 1583 4098 Spiritu,
1630 4028 1728 4081 sed
1830 4034 1922 4084 tus
1985 4037 2066 4085 est
2141 4029 2414 4086 Christus.
2483 4030 2682 4084 Omnis
2762 4030 2915 4083 enim
2998 4030 3186 4084 anima
3263 4031 3466 4102 accipit

134 4117 359 4188 Spiritum
415 4125 546 4193 ejus
603 4124 884 4177 exsultare
943 4123 1344 4193 cognovimus;
1399 4122 1725 4191 incompre-
1829 4124 1928 4179 Dei
1979 4123 2264 4190 Verbum,
2321 4123 2366 4176 si
2422 4129 2612 4178 tamen
2662 4122 3029 4178 immaculata
3083 4130 3138 4178 et
3190 4124 3466 4178 immunis

135 4209 382 4270 hensibilis
413 4213 1264 4286 enim'incomprehensibiliter
1296 4215 1639 4286 operabatur
1666 4215 1728 4267 in
1830 4235 1863 4271 a
1916 4217 2086 4285 vitiis,
2152 4217 2495 4272 intemerato
2545 4217 2942 4271 castimoniam
3007 4219 3224 4288 pudore
3283 4222 3467 4273 custo-

139 4312 299 4362 matre.
343 4312 409 4365 Et
447 4310 547 4365 illa
590 4316 715 4382 post
756 4314 1094 4380 conceptum
1133 4310 1408 4381 repletur,
1451 4308 1558 4363 ista
1599 4311 1728 4362 ante
1830 4312 1964 4366 diat.

137 4407 452 4473 conceptum.
1900 4409 1989 4460 27.
2029 4406 2392 4475 Quaecunque
2434 4404 2610 4475 igitur
2647 4405 2770 4458 talis
2801 4420 2922 4459 esse
2969 4405 3220 4477 potuerit
3251 4407 3464 4474 anima,

187 4495 338 4559 (Vers.
386 4500 479 4568 42,
539 4498 650 4567 43.)
704 4499 989 4554 Benedicta
1043 4503 1101 4551 tu
1157 4499 1301 4552 inter
1354 4498 1633 4560 mulieres,
1685 4498 2167 4578 etDmagniﬁcat
2225 4499 2551 4564 Dominum,
2606 4499 2751 4551 sicut
2805 4498 2998 4552 anima
3057 4497 3243 4552 Marias
3302 4515 3467 4569 mag-

138 4585 390 4645 tmedictus
426 4594 648 4658 fructus
683 4594 888 4646 ventris
932 4595 1030 4645 tui.
1076 4593 1148 4645 Et
1187 4592 1330 4646 unde
1368 4593 1462 4647 hoc
1506 4591 1640 4645 mihi
1669 4596 1731 4643 ut
1833 4594 2082 4648 nificavit
2133 4593 2453 4658 Dominum,
2500 4596 2555 4644 et
2602 4591 2900 4645 exsultavit
2949 4591 3182 4663 spiritus
3231 4593 3352 4663 ejus
3408 4595 3467 4647 in

138 4686 278 4736 veniat
301 4691 473 4740 mater
504 4687 720 4740 Domini
742 4689 849 4740 mei
866 4686 940 4739 ad
965 4688 1091 4739 me?
1834 4691 1946 4741 Deo
1996 4686 2250 4740 salutari.
2303 4684 2693 4755 Magnificatur
2748 4686 2900 4739 enim
2954 4686 3268 4755 Dominus,
3322 4689 3466 4742 sicut

189 4775 259 4830 24.
309 4779 473 4833 Novit
539 4795 866 4833 sermonem
929 4795 1096 4832 suum
1163 4779 1404 4850 Spiritus
1468 4784 1727 4846 sanctus,
1832 4787 1887 4835 et
1932 4781 2064 4834 alibi
2122 4779 2263 4848 legis
2317 4795 2328 4831 :
2385 4801 2411 4826 ‹‹
2466 4778 2816 4849 Magnificate
2875 4780 3179 4835 Dominum
3239 4797 3463 4836 mecum

139 4880 213 4920 nec
247 4887 487 4943 unquam
540 4872 909 4927 obliviscitur.
951 4874 1017 4926 Et
1067 4873 1365 4943 prophetia
1401 4889 1512 4926 non
1548 4874 1731 4927 solum
1837 4875 2002 4941 (Psal.
2043 4889 2234 4937 xxxm,
2279 4873 2363 4940 4);
2405 4894 2431 4922 »
2473 4888 2586 4925 non
2631 4873 2782 4943 quod
2822 4874 3063 4928 Domino
3107 4875 3321 4945 aliquid
3357 4875 3464 4927 hu-

142 4973 292 5016 remm
331 4967 654 5037 completur
690 4966 999 5033 miraculis,
1035 4967 1129 5020 sed
1170 4967 1341 5020 etiam
1383 4967 1731 5037 proprietate
1833 4985 2004 5022 mana
2056 4983 2186 5020 voce
2240 4965 2416 5036 possit
2467 4965 2734 5036 adjungi,
2795 4966 2895 5020 sed
2951 4969 3086 5038 quia
3138 4968 3464 5038 magniﬁca-

141 5054 417 5112 Verborum.
475 5059 614 5123 Quis
661 5063 743 5114 est
789 5060 892 5114 iste
942 5059 1157 5114 fructus
1211 5060 1435 5126 ventris,
1483 5061 1589 5113 nisi
1639 5059 1733 5114 ille
1835 5067 1926 5115 tur
1980 5061 2039 5114 in
2092 5060 2276 5114 nobis.
2332 5063 2529 5129 Imago
2575 5061 2732 5113 enim
2782 5061 2881 5114 Dei
2939 5061 3192 5115 Christus
3237 5067 3358 5126 est;
3412 5064 3471 5114 et

145 5137 195 5192 de
241 5161 342 5215 quo
393 5147 613 5202 dictum
668 5151 753 5201 est
807 5165 820 5202 :
884 5168 912 5196 «
967 5149 1102 5202 Ecce
1158 5149 1457 5203 hereditas
1510 5149 1730 5202 Domini
1834 5151 1962 5204 ideo
2000 5150 2045 5202 si
2085 5149 2221 5221 quid
2259 5149 2480 5218 justum
2518 5149 2714 5203 fecerit
2751 5150 2944 5203 anima
2986 5156 3082 5204 aut
3115 5150 3468 5219 religiosum,

188 5311 269 5371 (ΤΞ)
311 5317 547 5379 Injuriaa,
590 5331 698 5380 qua
742 5316 1005 5366 nimirum
1056 5317 1285 5381 virginis
1327 5316 1508 5380 pudor
1559 5315 1736 5366 afﬂei-
1837 5317 1963 5368 dem
2001 5317 2057 5366 in
2102 5317 2283 5382 glossa
2325 5316 2580 5367 indicans
2623 5317 2916 5380 legendum
2963 5329 3084 5366 esse
3127 5330 3268 5375 sera,
3295 5315 3471 5377 addit,

149 5385 227 5441 ιω,
249 5383 371 5436 dum
406 5389 622 5451 cogitur
662 5387 879 5451 prodire
918 5389 975 5437 in
1016 5389 1323 5452 publicum.
1368 5388 1738 5452 Consequen—
1837 5390 1894 5438 id
1939 5393 2012 5438 est
2055 5387 2237 5446 tarda,
2286 5402 2453 5451 quam
2497 5389 2914 5448 correctionem,
2969 5388 3060 5436 alii
3108 5389 3244 5438 forte
3297 5387 3475 5438 secuti

152 5453 209 5498 ter
231 5462 401 5507 autem
440 5459 601 5509 Rom.
630 5460 757 5509 edit.
789 5460 977 5524 a/fectu
1016 5466 1246 5524 urgente.
1293 5460 1455 5519 Alias,
1501 5474 1566 5510 ac
1602 5473 1734 5508 mss.
1839 5463 1985 5508 sunt.
2017 5458 2124 5508 Sed
2151 5462 2337 5508 tamen
2367 5459 2544 5521 magis
2572 5459 2756 5521 placet
2787 5459 2952 5513 seria,
2983 5457 3090 5507 hoc
3120 5463 3219 5516 est,
3260 5459 3439 5522 gravis
3461 5473 3477 5519 ;

156 5531 321 5598 Omnes,
369 5530 558 5592 affectu
612 5533 822 5595 vigente.
881 5532 1077 5595 Aptius
1131 5544 1282 5592 sane,
1343 5536 1404 5578 ut
1456 5529 1739 5579 charitatis
1840 5545 1968 5581 nam
1999 5531 2254 5594 gravitati
2282 5531 2446 5580 etiam
2474 5531 2748 5580 contraria
2779 5533 2840 5577 ut
2869 5528 3173 5591 plurimum
3216 5533 3476 5580 censetur

160 5600 271 5654 "80?
337 5601 568 5662 puellari
638 5602 909 5652 debilitati
987 5607 1312 5666 Opponatur.
1392 5601 1541 5649 Infra
1611 5614 1740 5650 vero
1841 5604 2140 5654 festinatio.

158 5670 307 5733 mnes
331 5671 456 5720 edit.
487 5685 615 5721 cum
654 5675 848 5735 majori
884 5679 1038 5736 parte
1076 5688 1206 5722 mss.
1244 5671 1521 5735 legebant,
1561 5673 1742 5721 Maria
1907 5675 2001 5736 (73)
2027 5672 2172 5724 Edit.
2203 5674 2360 5724 Rom.
2393 5673 2530 5734 sola,
2562 5685 2666 5735 quo
2696 5676 2900 5722 tantum
2941 5671 3133 5722 bonum
3174 5673 3299 5722 mihi
3343 5673 3483 5723 acci-

161 5743 200 5776 "I
222 5736 356 5788 domo
383 5755 547 5800 sera;
574 5743 668 5793 ubi
707 5757 737 5793 e
782 5744 904 5794 cod.
950 5744 1098 5804 Vat.,
1139 5743 1285 5793 Corb
1348 5747 1403 5792 et
1442 5742 1564 5791 aliis
1606 5756 1743 5793 non—
1841 5745 1937 5803 dit,
1968 5748 2074 5795 etc.

162 5804 292 5855 nullis
329 5813 689 5875 reposuimus,
719 5815 898 5864 Maria
938 5815 994 5863 in
1033 5814 1184 5864 domo
1227 5815 1388 5864 seria.
1418 5811 1584 5863 Corb.
1612 5815 1742 5876 qui-

439 5891 711 5959 Paraon.
759 5893 889 5960 XV.
933 5893 1116 5976 (XIV,
1167 5913 1320 5960 rans
1367 5893 1473 5982 ll.)
3085 5903 3159 5964 52
