3926 6168
548 222 683 275 1643
2016 222 2074 277 S.
2116 222 2172 277 Α]

2292 221 2429 277 LOSII
3544 224 3547 227 ’
3701 238 3807 291 1644

542 343 699 397 illam
745 342 1060 414 imaginem
1109 343 1240 412 Dei,
1288 343 1361 399 ad
1405 344 1566 415 cujus
1614 347 1700 399 est
1742 343 2176 400 similitudinem
2200 350 2445 429 Arante
2497 345 2775 416 signatur.
2830 346 3075 402 Pulchra
3116 351 3311 403 autem
3362 351 3561 420 tempus
3599 369 3691 423 quo
3731 357 3814 412 fuit

546 440 758 505 creata,
802 436 1154 508 magnificat.
1203 439 1269 492 Et
1306 438 1436 493 ideo
1477 437 1616 493 dum
1661 437 1987 510 magniﬁcat
2024 454 2175 505 eum,
2277 440 2337 493 in
2375 442 2538 494 utero
2584 440 2886 511 Propheta,
2920 439 3281 509 describitur,
3319 457 3387 496 ne
3422 443 3585 499 Mariae
3615 462 3812 516 presen-

545 530 964 601 magnitudinis
988 531 1111 601 ejus
1141 531 1388 603 quadam
1421 532 1855 604 participatione
1882 531 2179 586 sublimior
2278 531 2355 585 tia
2385 536 2671 600 taceatur;
2711 532 2809 587 sed
2848 536 3074 604 tempus
3113 532 3309 589 siletur
3342 533 3587 604 infantia,
3614 554 3673 593 eo
3703 543 3819 611 quod

544 623 638 689 ﬁt;
683 627 749 677 ut
787 623 942 679 illam
980 623 1296 696 imaginem
1338 625 1633 696 splendido
1670 625 1953 681 bonorum
1988 625 2177 681 colore
2277 626 2576 696 praesentia
2610 626 2857 696 Domini,
2896 627 3089 682 matris
3127 627 3187 681 in
3240 631 3395 682 utero
3437 629 3710 699 roboratur,
3745 635 3818 704 qui

546 716 843 786 factorum,
897 722 955 773 et
1006 718 1259 789 quadam
1314 719 1678 775 aemulatione
1730 719 1955 774 virtutis
2006 718 2067 773 in
2119 734 2178 773 se
2277 718 2531 773 infantiae
2579 719 2992 791 impedimenta
3052 719 3289 776 nescivit
3349 722 3468 791 (77).
3518 724 3580 777 Et
3624 723 3732 779 ideo
3778 727 3824 780 in

544 810 802 866 videatur
875 812 1220 884 exprimere.
1307 812 1627 885 Magnificat
1711 818 1902 869 autem
1983 813 2178 868 anima
2278 812 2581 885 Evangelio
2611 813 2755 868 nihil
2791 829 2960 885 super
2986 830 3055 869 eo
3094 814 3359 885 legimus,
3387 817 3485 870 nisi
3519 822 3688 872 ortum
3710 819 3819 889 ejus,

544 904 733 961 Maria:
794 905 1101 962 Dominum
1130 949 1144 975 ,
1209 910 1268 962 et
1341 907 1583 963 exsultat
1642 907 1873 977 spiritus
1940 907 2061 978 ejus
2115 907 2177 962 in
2278 910 2334 961 et
2388 908 2711 975 oraculum,
2769 906 3204 962 exsultationem
3247 908 3307 962 in
3357 914 3531 977 utero,
3577 926 3746 965 vocem
3780 912 3827 966 in

547 998 705 1066 Deo;
761 1015 828 1054 eo
880 1000 1038 1072 quod
1085 1004 1143 1056 et
1190 1000 1381 1056 anima
1431 1006 1489 1056 et
1537 999 1737 1073 spiritu
1795 1001 1947 1056 Patri
2002 999 2174 1056 Filio-
2277 999 2520 1056 deserto.
2549 1001 2743 1071 Neque
2768 1000 2923 1055 enim
2955 1001 3129 1055 ullam
3161 1000 3413 1057 infantiae
3447 1003 3607 1057 sentit
3630 1006 3827 1067 aetatem,

547 1109 659 1164 que
700 1076 922 1163 devota,
964 1110 1145 1149 unum
1182 1096 1360 1150 Deum
1400 1111 1466 1149 ex
1503 1112 1616 1167 quo
1647 1095 1857 1163 omnia,
1906 1098 1963 1149 et
1995 1110 2176 1150 unum
2276 1093 2375 1165 qui
2415 1110 2584 1165 supra
2630 1097 2924 1162 naturam,
2971 1111 3141 1166 supra
3183 1096 3408 1150 aetatem
3450 1096 3504 1149 in
3545 1098 3690 1150 utero
3726 1098 3833 1151 situs

549 1186 855 1242 Dominum
909 1203 1018 1259 per
1069 1203 1240 1259 quem
1308 1187 1528 1257 omnia,
1583 1187 1678 1260 pio
1729 1191 2037 1244 veneretur
2088 1188 2174 1243 af-
2276 1187 2490 1253 matris,
2533 1204 2567 1241 a
2605 1204 2873 1243 mensura
2914 1187 3179 1259 perfectae
3224 1188 3389 1260 cmpit
3426 1189 3594 1244 astatis
3631 1189 3833 1259 plenitu-

548 1280 720 1336 fectu.
2278 1280 2427 1336 dinis
2455 1281 2661 1339 Christi
2690 1283 2818 1353 (78).

616 1389 705 1441 28.
755 1387 1022 1457 Sequitur
1063 1387 1271 1458 Mariae,
1326 1405 1440 1461 quo
1495 1388 1609 1461 (74)
1659 1405 1900 1460 persona
1955 1389 2172 1458 melior,
2350 1390 2528 1459 (Vers.
2569 1389 2778 1459 60-64.)
2818 1392 2887 1445 Et
2925 1390 3200 1460 respondit
3236 1393 3409 1445 mater
3441 1388 3570 1458 ejus,
3610 1393 3654 1444 et
3689 1389 3838 1444 duit:

549 1497 618 1534 eo
658 1480 957 1551 prOphetia
988 1481 1231 1552 plenior.
1264 1482 1374 1537 Nec
1410 1483 1651 1538 otiosum
1682 1483 1902 1539 videtur
1933 1484 2091 1555 quod
2120 1487 2177 1540 et
2276 1485 2413 1545 Non,
2464 1483 2558 1538 sed
2617 1482 2898 1537 vocabitur
2962 1485 3210 1539 Joannes.
3267 1485 3337 1538 Et
3392 1483 3745 1553 responderunt
3787 1484 3842 1536 ad

547 1577 680 1627 ante
719 1573 1002 1628 Joannem
1040 1574 1331 1631 Elizabeth
1375 1577 1701 1649 prophetat,
1744 1583 1799 1631 et
1838 1577 2007 1633 Maria
2046 1581 2175 1633 ante
2274 1577 2429 1632 illam
2480 1596 2496 1630 :
2548 1578 2712 1633 Nemo
2762 1582 2839 1632 est
2902 1578 2962 1631 in
3024 1579 3340 1645 cognatione
3389 1581 3483 1632 tua
3533 1579 3623 1646 qui
3672 1582 3845 1631 vocetur

548 1666 777 1722 Domini
823 1669 1299 1738 generationem;
1351 1676 1588 1741 serpunt
1632 1670 1787 1726 enim
1819 1672 1944 1742 jam
1991 1674 2173 1727 tenta-
2196 1727 2250 1742 ἢ
2274 1671 2370 1726 hoc
2404 1673 2631 1726 nomine.
2662 1671 3003 1725 Annuebant
3038 1685 3162 1740 ergo
3200 1672 3357 1741 patri
3390 1671 3519 1739 ejus,
3559 1685 3701 1739 quem
3722 1670 3846 1724 uellet

548 1764 743 1814 menta
798 1759 997 1815 salutis
1047 1761 1336 1817 humanae.
1402 1764 1545 1818 Nam
1596 1764 1739 1819 sicut
1797 1767 2098 1835 peccatum
2144 1759 2460 1820 aDuocari
2523 1781 2664 1820 eum.
2726 1768 2795 1821 Et
2859 1767 3066 1834 accepit
3129 1765 3474 1834 pugillares,
3535 1768 3585 1818 et
3639 1764 3845 1832 scripsit,

546 1852 878 1908 mulieribus
930 1856 1128 1926 coepit,
1187 1855 1265 1909 ita
1322 1857 1495 1912 etiam
1545 1858 1699 1913 bona
1751 1874 1785 1913 a
1843 1859 2179 1915 mulieribus
2278 1860 2456 1915 dicens
2498 1875 2516 1913 :
2560 1861 2792 1915 Joannes
2852 1864 2927 1913 est
2978 1873 3171 1913 nomen
3223 1858 3355 1927 ejus.
3406 1860 3475 1913 Et
3532 1859 3704 1911 mirati
3753 1860 3848 1910 sunt

544 1944 919 2015 inchoantur;
979 1951 1041 2002 ut
1088 1949 1314 2004 femina
1368 1967 1597 2023 quoque
1655 1951 1955 2008 muliebria
2005 1968 2177 2024 opera
2277 1970 2472 2009 omnes.
2531 1956 2792 2011 Continuo
2853 1957 3033 2008 autem
3092 1952 3331 2008 resoluta
3393 1957 3468 2006 est
3527 1951 3699 2018 lingua
3743 1949 3851 2017 ejus,

546 2039 914 2111 deponentes,
958 2041 1275 2098 infirmitati
1315 2045 1684 2116 renuntient;
1730 2051 1787 2101 et
1824 2046 2013 2101 anima
2049 2064 2177 2118 quae
2278 2053 2328 2103 et
2376 2054 2628 2117 apertum
2679 2053 2755 2102 est
2815 2063 2871 2103 os
2927 2047 3057 2115 ejus,
3120 2051 3171 2101 et
3229 2045 3548 2116 loquebatur
3600 2043 3854 2098 benedicens

542 2150 662 2189 non
705 2134 881 2190 habet
923 2152 1145 2205 sexum,
1195 2140 1256 2191 ut
1297 2138 1468 2193 Maria
1509 2156 1638 2211 quae
1679 2140 1855 2196 nescit
1897 2157 2174 2212 errorem,
2282 2146 2463 2197 Deum.

541 2227 808 2299 religioso
839 2228 1094 2284 imitetur
1121 2230 1308 2287 studio
1342 2232 1682 2289 castitatem.

2345 2252 2436 2305 31.
2498 2248 2631 2303 Mire
2711 2252 2936 2303 sanctus
3014 2246 3365 2318 Evangelista
3442 2242 3856 2316 prmmittendum

2277 2342 2519 2415 putavit,
2585 2342 2738 2414 quod
2804 2341 3035 2412 plurimi
3092 2341 3376 2395 infantem
3442 2338 3612 2410 patris
3666 2335 3856 2391 nomine

2279 2436 2565 2491 Zachariae
2620 2435 3032 2507 appellandum
3095 2434 3467 2505 putaverint,
3532 2438 3594 2488 ut
3648 2430 3858 2485 advertas

2279 2529 2449 2585 matri
2495 2546 2614 2585 non
2661 2545 2873 2584 nomen
2913 2529 3149 2600 alicujus
3197 2527 3551 2600 displicuisse
3590 2523 3861 2597 degeneris,

2281 2623 2378 2679 sed
2433 2623 2492 2677 id
2552 2627 2745 2678 sancto
2802 2622 3055 2676 infusum
3115 2621 3327 2693 Spiritu
3378 2620 3534 2692 quod
3590 2618 3657 2674 ab
3702 2614 3862 2687 angelo

621 2331 791 2401 (Vers.
834 2333 947 2403 56.)
988 2334 1189 2389 Mansit
1235 2340 1416 2390 autem
1464 2338 1645 2393 Maria
1691 2354 1811 2393 cum
1849 2340 1951 2394 illa
1989 2341 2179 2395 mensi-

545 2425 640 2480 bus
664 2426 866 2493 tribus;
896 2430 945 2481 et
966 2441 1183 2483 reversa
1208 2433 1285 2484 est
1314 2432 1372 2484 in
1400 2430 1618 2486 domum
1644 2448 1818 2488 suam.

618 2525 865 2600 1291
928 2531 1017 2584 29.
1070 2530 1219 2585 Bene
1282 2531 1569 2588 inducitur
1623 2541 1812 2591 sancta
1866 2536 2067 2605 Maria,
2122 2541 2181 2591 et

545 2621 866 2677 exhibuisse
898 2622 1171 2692 officium,
1211 2630 1267 2680 et
1305 2627 1607 2697 mysticum
1654 2646 1961 2685 numerum
1990 2635 2175 2685 custo-
2281 2623 2378 2679 sed
2433 2623 2492 2677 id
2552 2627 2745 2678 sancto
2802 2622 3055 2676 infusum
3115 2621 3327 2693 Spiritu
3378 2621 3534 2692 (Ῑιιοά
3590 2621 3657 2674 ab
3702 2633 3759 2719 ηιξ

548 2715 694 2770 disse
740 2715 877 2786 (75).
923 2717 1048 2771 Non
1091 2717 1244 2773 enim
1289 2720 1411 2775 sola
1450 2722 1853 2778 familiaritatis
1889 2730 1973 2779 est
2015 2741 2179 2779 causa
2278 2721 2409 2772 ante
2461 2716 2740 2771 Zachariae
2792 2715 2976 2770 fuerat
3037 2715 3512 2809 praenuntiatum.
3564 2708 3865 2809 lit-quidem

544 2810 695 2881 quod
732 2809 828 2865 diu
865 2811 1096 2880 mansit,
1141 2812 1241 2868 sed
1286 2814 1461 2869 etiam
1501 2815 1640 2871 tanti
1685 2816 1828 2871 vatis
1874 2818 2176 2890 profectus.
2280 2811 2372 2867 ille
2406 2815 2597 2866 mutus
2633 2810 2901 2865 intimare
2930 2808 3262 2863 vocabulum
3306 2808 3407 2863 ﬁlii
3438 2805 3687 2879 nequivit
3710 2805 3863 2858 uxori:

545 2904 688 2958 Nam
733 2902 778 2957 si
832 2905 1017 2975 primo
1060 2905 1322 2978 ingressu
1370 2910 1561 2963 tantus
1607 2926 1898 2981 processus
1944 2912 2177 2979 exstitit,
2281 2905 2380 2962 sed
2422 2922 2524 2977 per
2562 2904 2920 2975 prophetiam
2963 2903 3253 2958 Elizabeth
3304 2901 3541 3000 didicit,
3596 2898 3740 2971 quod
3785 2910 3869 3000 non

545 3001 612 3050 ut
671 2995 744 3050 ad
806 2997 1204 3054 salutationem
1264 3001 1453 3056 Mariae
1510 3004 1812 3060 exsultaret
1870 3006 2056 3060 infans
2123 3007 2180 3061 in
2281 2998 2613 3055 didicerata
2640 2998 2841 3053 marito
2870 3012 2884 3051 :
2913 3001 3147 3053 Joannes
3177 3000 3272 3060 est,
3310 2995 3524 3067 inquit.
3563 2995 3868 3095 nomen-ejus:

549 3096 731 3158 utero,
787 3092 1105 3162 repleretur
1157 3091 1373 3164 Spiritu
1423 3099 1616 3151 sancto
1669 3101 1851 3153 mater
1898 3099 2135 3154 infantis
2161 3143 2175 3169 ,
2199 3097 2254 3172 ί]
2279 3094 2385 3148 hoc
2425 3096 2527 3162 est,
2569 3109 2681 3146 non
2726 3109 2830 3147 nos
2862 3091 2915 3146 ei
2952 3107 3166 3146 nomen
3204 3089 3584 3162 imponimus,
3612 3089 3703 3159 qui
3728 3089 3825 3156 jam
3850 3097 3873 3133 θ

548 3186 830 3255 quantum
871 3188 1141 3255 putamus
1186 3203 1289 3242 usu
1327 3189 1470 3243 tanti
1513 3191 1786 3261 temporis
1819 3195 2027 3248 sanctae
2061 3195 2176 3249 Ma-
2280 3188 2396 3242 Deo
2418 3201 2628 3241 nomen
2651 3185 2888 3257 εοοθρίῑ.
2912 3184 3090 3239 Habet
3110 3183 3454 3239 vo(3511311111111
3477 3176 3725 3255 1292
3744 3190 3871 3231 suum

551 3276 651 3331 riae
704 3276 987 3333 addidisse
1048 3279 1407 3351 praesentiam
1435 3281 1463 3336 ‘I
1514 3284 1717 3339 Mansit
1769 3292 1948 3342 autem
1998 3289 2181 3343 Maria
2282 3281 2436 3353 quod
2473 3279 2829 3352 agnovimus,
2873 3295 2988 3334 non
3027 3277 3195 3374 quod
3220 3278 3523 3350 elegimus.
3560 3270 3872 3374 Habent.holc

551 3387 674 3426 cum
733 3372 834 3427 illa
895 3374 1166 3430 mensibus
1221 3376 1414 3431 tribus.
1471 3377 1800 3448 Ungebatur
1851 3380 2069 3452 itaque,
2126 3387 2182 3438 et
2280 3375 2489 3432 merita
2542 3379 2896 3443 sanctorum,
2952 3377 3015 3426 ut
3073 3389 3106 3426 a
3167 3372 3279 3427 Deo
3349 3386 3563 3426 nomen
3626 3366 3871 3462 accipiant.

550 3464 713 3538 quasi
766 3465 945 3522 bonus
998 3467 1209 3523 athleta
1255 3468 1628 3526 exercebatur
1674 3473 1733 3528 in
1772 3479 1936 3530 utero
1982 3476 2181 3531 matris
2281 3470 2373 3526 Sic
2427 3468 2597 3525 Iacob
2654 3467 2820 3521 Israel
2840 3465 3084 3563 #dici‘tur
3135 3464 3315 3536 (θθηο,
3382 3481 3568 3563 ξΧΧιῐ,
3629 3462 3744 3563 28h

549 3560 867 3632 propheta;
909 3561 1259 3633 amplissimo
1300 3563 1455 3619 enim
1502 3564 1677 3621 virtus
1717 3567 1840 3639 ejus
1886 3570 2181 3625 certamini
2283 3564 2461 3619 Deum
2500 3562 2658 3616 vidit.
2705 3561 2794 3616 Sic
2839 3558 3112 3614 Dominus
3160 3563 3358 3615 noster
3392 3560 3557 3614 Jesus
3604 3552 3875 3610 nominatus

551 3652 875 3724 parabatur.
912 3655 1168 3727 Denique
1208 3656 1412 3713 tandiu
1448 3659 1657 3715 mansit
1699 3661 1890 3731 Maria,
1928 3664 2182 3735 quandiu
2284 3660 2388 3724 est,
2430 3658 2733 3728 antequam
2773 3655 2984 3710 natus:
3018 3653 3107 3709 cui
3144 3669 3276 3751 non
3308 3653 3580 3751 angelus,
3621 3652 3713 3751 sed
3750 3652 3827 3745 Pal

551 3746 843 3802 Elizabeth
883 3749 1145 3820 pariendi
1188 3752 1411 3823 tempus
1451 3751 1737 3825 impleret.
1778 3756 1937 3820 Quod
1978 3758 2025 3812 si
2064 3758 2184 3814 dili-
2281 3766 2489 3807 nomen
2554 3748 2846 3820 imposuit.
2924 3767 2950 3795 ‹‹
3015 3746 3384 3846 Revelabitur
3446 3746 3601 3801 enim
3627 3786 3661 3846 ,.
3695 3742 3875 3846 inquit,

549 3846 754 3912 genter
793 3842 1073 3914 advertas,
1126 3845 1378 3900 invenies
1430 3847 1534 3902 hoc
1583 3865 1867 3921 nusquam
1910 3853 2179 3923 positum,
2284 3845 2433 3900 ﬁlius
2484 3860 2645 3899 meus
2694 3844 2852 3897 Jesus
2904 3857 3033 3896 cum
3082 3840 3150 3895 iis
3197 3841 3295 3911 (Illi
3348 3856 3487 3895 cum
3539 3855 3607 3894 80
3642 3828 3878 3937 jucllndi:

551 3935 659 3990 nisi
718 3936 778 3989 in
844 3938 1214 4006 generatione
1273 3939 1588 4009 justorum.
1646 3921 1925 4016 Denique“
1961 3946 2185 4019 impleti
2284 3939 2517 4005 buntur.
2552 3937 2648 4008 (Ιιιί
2678 3936 2858 3991 relicti
2897 3938 3030 3989 sunt
3065 3934 3123 3989 in
3162 3935 3331 3989 annis
3374 3921 3880 4025 quadringenti?Et

552 4033 686 4084 sunt
723 4028 840 4083 dies
884 4035 945 4084 ut
983 4037 1207 4100 pareret
1253 4033 1450 4102 Maria;
1492 4035 1794 4107 impletum
1836 4045 1919 4095 est
1962 4043 2185 4113 tempus
2286 4032 2397 4087 erit
2425 4036 2550 4103 post
2577 4046 2756 4085 annos
2790 4030 2912 4096 hos,
2943 4034 3000 4083 et
3028 4028 3306 4084 morietur
3336 4028 3519 4083 Filius
3552 4040 3710 4081 meus

556 4125 618 4177 ut
660 4125 887 4193 pareret
936 4122 1245 4192 Elizabeth;
1290 4126 1592 4199 impletum
1638 4137 1723 4185 est
1768 4132 1895 4188 vitae
1930 4110 2181 4207 temp—us,
2285 4131 2375 4181 tus
2424 4126 2670 4180 lesus...
2731 4127 2787 4178 et
2838 4125 3201 4220 convertatur
3250 4118 3688 4220 saeculumhmi
3725 4110 3880 4220 lEsdt:

557 4231 688 4270 cum
719 4216 895 4271 sancti
925 4217 1030 4271 viri
1067 4234 1131 4271 ex
1166 4218 1272 4273 hoc
1301 4220 1430 4275 vitae
1460 4223 1737 4279 curriculo
1767 4225 2181 4297 demigrarunt.
2286 4236 2381 4286 VII,
2428 4219 2619 4273 23-30-
2672 4238 2700 4265 δ’
2748 4215 2914 4271 Vides
2963 4216 3215 4287 3088103,
3265 4231 3401 4286 quae
3455 4211 3759 4274 audierint,
3798 4215 3883 4258 non

554 4308 977 4366 Plenitudinem
1016 4310 1154 4381 justi
1197 4312 1307 4368 vita
1351 4314 1542 4386 habet,
1585 4317 1782 4374 inanes
1827 4326 2023 4376 autem
2064 4323 2185 4378 dies
2286 4328 2412 4386 quae
2440 4310 2864 4383 usurpaverint,
2904 4309 3187 4365 ηυηίίθτθ·
3222 4309 3337 4363 Nec
3375 4307 3609 4362 mireris
3644 4304 3687 4399 ῗί
3714 4309 3881 4399 nimie.”

557 4407 690 4459 sunt
715 4404 1046 4476 impiorum.
2206 4472 2248 4477 μ
2286 4406 2493 4463 mulier
2527 4404 2683 4477 quod
2721 4420 2834 4458 non
2879 4402 3111 4472 audivit,
3155 4401 3435 4470 asseruit,
3475 4396 3703 4473 quando
3743 4393 3881 4464 Spiri-

630 4513 715 4564 30.
762 4472 984 4582 Peperit
1023 4529 1161 4584 ergo
1205 4513 1387 4570 ﬁlium
1435 4516 1743 4587 Elizabeth,
1786 4523 1844 4574 et
1882 4472 2380 4594 congratu-Dtus
2420 4501 2471 4556 ei
2514 4472 2740 4555 Sancum
2785 4497 2882 4596 Qui
2928 4497 3134 4596 @5910
3180 4482 3886 4596 mandaverat’_.revelaﬂ

556 4601 822 4657 labantur
859 4604 1044 4659 vicini.
1092 4607 1269 4663 Habet
1312 4613 1634 4666 sanctorum
1676 4612 1783 4685 (76)
1831 4588 2186 4672 editio'lzeti-
2288 4597 2480 4695 Νθίίυξδ
2518 4596 2746 4695 Pomm}
2765 4590 3019 4695 Poln‘ini
3049 4591 3313 4662 ignorare
3353 4588 3768 4661 ΡΓεΒῐιιιηίίιιω,
3794 4588 3890 4649 fi“az

558 4696 694 4751 tiam
758 4696 1170 4768 plurimorum,
1229 4702 1365 4773 quia
1430 4720 1735 4763 commune
1796 4711 1882 4764 est
1933 4708 2187 4778 bonum;
2290 4689 2737 4761 prophetaverat
2759 4686 3071 4742 Christum.
3520 4704 3523 4707 ν
3772 4784 3799 4795 Δ,

549 4790 773 4862 justitia
809 4791 965 4846 enim
993 4796 1311 4849 communis
1341 4803 1426 4851 est
1468 4799 1665 4855 virtus.
1701 4802 1768 4856 Et
1805 4802 1932 4858 ideo
1965 4803 2024 4858 in
2061 4810 2191 4861 ortu
2362 4804 2451 4856 32.
2494 4801 2561 4855 Et
2603 4800 2747 4854 bene
2794 4797 3026 4853 additur
3068 4796 3205 4868 quia
3252 4812 3437 4851 nemo
3484 4795 3547 4850 in
3592 4790 3888 4864 cognatione

548 4886 712 4957 justi,
762 4884 968 4940 futurae
1007 4886 1140 4941 vitae
1188 4888 1415 4962 insigne
1463 4894 1852 4967 praemittitur,
1903 4901 1960 4952 et
2004 4899 2191 4970 gratia
2291 4895 2414 4966 ejus
2461 4893 2768 4949 vocabatur
2813 4892 2918 4946 hoc
2961 4889 3226 4959 nomine;
3276 4895 3346 4945 ut
3390 4889 3684 4959 intelligas
3724 4888 3895 4935 nomen

559 4983 839 5034 secuturae
881 4979 1102 5036 virtutis
1145 4983 1523 5040 exsultatione
1566 4987 1880 5047 vicinorum
1918 4992 2187 5064 praefigu-
2291 5004 2405 5045 non
2438 4988 2664 5060 generis
2694 5002 2833 5056 esse,
2863 4986 2958 5040 sed
2996 4984 3152 5040 vatis.
3190 4982 3497 5038 Zacharias
3531 4991 3751 5054 quoque
3784 4972 3891 5026 aut“

2284 3660 2388 3724 est,
2430 3658 2733 3728 antequam
2773 3655 2984 3710 natus:
3018 3653 3107 3709 cui
3144 3669 3263 3708 non
3308 3653 3580 3725 angelus,
3621 3649 3713 3705 sed
3750 3647 3877 3701 Pater

621 5149 733 5224 (74)”
762 5147 1205 5224 Editsomnes:
1248 5151 1349 5224 Sed
1392 5154 1584 5204 Maria
1625 5168 1747 5219 quo.
1789 5157 1918 5208 Mss.
1958 5159 2189 5224 aliquot,

555 5219 812 5292 Sequitur
850 5221 988 5271 enim
1031 5226 1088 5271 ut
1125 5221 1333 5281 Mariae,
1375 5237 1497 5289 quo.
1541 5226 1671 5287 Alii,
1711 5230 1807 5292 qui
1845 5233 1901 5279 et
1947 5219 2191 5283 melioris

560 5292 755 5352 astatis,
787 5291 1038 5355 Sequitur
1058 5293 1266 5349 Mariae,
1297 5306 1423 5357 quo,
1449 5299 1578 5358 etc.,
1606 5300 1667 5346 ut
1694 5291 1796 5348 nos
1820 5301 1878 5349 in
1909 5305 2082 5352 textu.

622 5363 720 5423 (75)
773 5362 959 5412 Albin.
1009 5362 1204 5425 codex,
1251 5369 1300 5413 et
1347 5364 1586 5429 implesse
1626 5370 1936 5431 mysterium
1980 5386 1997 5419 :
2042 5377 2100 5422 ut
2146 5377 2192 5423 et

559 5435 835 5493 parentem
871 5433 1026 5492 (forte
1049 5434 1357 5497 parientem
1382 5436 1473 5487 vel
1507 5440 1922 5503 parturientem)
1958 5454 2067 5492 non
2102 5442 2193 5492 de-

2290 5157 2587 5222 pedimenta
2613 5154 2844 5205 nescivit.
2878 5152 2991 5204 Cur
3019 5156 3204 5203 tamen
3234 5152 3547 5215 interjectm
3574 5157 3733 5200 voces
3760 5143 3890 5205 jugu'

2293 5230 2495 5289 lentur,
2527 5226 2668 5277 nihil
2698 5239 2883 5276 causa:
2907 5229 3009 5275 est.

2355 5298 2450 5361 (78)
2483 5281 2639 5369 Unus
2667 5309 2697 5346 e
2741 5295 2919 5369 (3011).,
2963 5294 3171 5369 Christi.
3204 5295 3267 5369 Et
3309 5287 3723 5369 πρεαραράμς
3757 5281 3892 5369 {inq-

2292 5353 2376 5420 nis
2398 5353 2646 5418 vocabulo
2675 5372 2791 5417 erat
2815 5353 3113 5416 vicinorum
3140 5365 3422 5416 haesitatio.
3633 5353 3896 5439 indultum:

2294 5447 2371 5490 ter
2421 5441 2632 5497 scimus,
2683 5440 2813 5503 quia
2864 5438 3020 5501 cujus
3070 5449 3255 5487 nomen
3300 5436 3507 5499 angelo
3554 5430 3813 5503 nuntiante
3846 5429 3896 5503 rt"

558 5508 772 5557 sereret,
803 5508 849 5553 et
872 5506 1147 5567 mysticum
1177 5519 1457 5557 numerum
1485 5509 1784 5560 custodiret.

628 5572 723 5645 (7d)
776 5572 920 5624 Vict.
977 5576 1123 5637 cod.,
1171 5579 1353 5627 vicini.
1402 5578 1465 5628 In
1512 5579 1606 5629 illo
1648 5586 1876 5645 tempore
1916 5582 2191 5634 Elizabeth

562 5641 828 5703 impIetum
853 5650 926 5695 est
959 5650 1158 5710 tempus
1186 5649 1458 5712 pariendi,
1486 5655 1533 5699 et
1572 5641 1776 5715 peperit
1816 5653 1999 5716 ﬁlium.
2028 5656 2194 5706 Habet

563 5717 888 5775 sanctorum,
915 5720 1016 5766 etc.

623 5786 717 5849 (77)
752 5783 908 5834 Rom.
937 5786 1090 5850 edit.,
1119 5789 1305 5838 siletur
1344 5790 1605 5853 infantia,
1643 5794 1775 5858 quia
1808 5794 2048 5861 infantiae
2087 5799 2194 5846 im—

2292 5510 2482 5575 templo
2533 5500 2869 5574 cognoverat,
2917 5500 3149 5572 ejusdem
3189 5506 3513 5557 vocabulum
3565 5500 3775 5566 spiritus
3796 5500 3896 5575 prio;

2292 5565 2475 5646 phetiw
2497 5565 2770 5632 EliEabeth
2794 5565 2957 5630 matri
2985 5578 3328 5650 revelaverat.
3371 5575 3521 5626 Unde
3554 5565 3896 5650 conquertn‘lff

2294 5637 2495 5709 dicunt,
2536 5653 2666 5716 quia
2702 5664 2853 5701 nemo
2889 5656 2963 5701 est
3006 5651 3065 5700 in
3101 5648 3415 5714 cognatione
3454 5653 3553 5696 tua
3590 5645 3681 5707 qui
3720 5637 3896 5716 uocetur

2294 5725 2387 5774 hoc
2414 5713 2636 5774 nomine.
2662 5725 2733 5773 Et
2760 5721 3045 5786 respondit,
3078 5725 3190 5771 etc.
3222 5717 3329 5773 Sed
3369 5717 3499 5767 haec
3524 5726 3634 5765 non
3660 5716 3762 5760 tam
3784 5713 3896 5753 auc-

2295 5797 2429 5847 toris
2457 5795 2644 5860 verba,
2671 5808 2840 5862 quam
2868 5793 3233 5860 paraphrasis.
