3972 6174
185 294 285 347 1615
1242 294 1703 351 EXPOSITIONIS
1744 299 1759 351 1

1869 298 2076 355 ’ᾸἘΑΜ
2117 300 2244 353 LIB.
2294 300 2357 352 11.
3350 306 3481 359 1646

180 417 535 484 interrogatur;
568 413 665 467 sed
706 414 836 484 quia
876 413 1242 470 incredulitas
1283 417 1335 471 ei
1374 417 1606 472 aﬁ‘atum
1651 420 1753 473 cri-
1780 426 2032 505 Aretur,
2083 423 2319 475 audivit.
2371 422 2593 476 Sciebat
2638 423 2915 493 prepheta
2960 425 3094 477 alias
3147 442 3265 479 esse
3314 444 3481 482 aures

176 511 343 579 puerat
375 512 424 560 et
456 505 730 573 auditum,
766 508 917 577 quod
957 525 1091 563 voce
1133 527 1247 564 non
1292 516 1535 580 poterat,
1578 530 1752 567 manu
1853 517 2169 586 propheta),
2202 534 2327 586 qum
2356 515 2567 585 Spiritu
2610 516 2729 581 Dei,
2764 532 2878 569 non
2904 517 3158 587 corporis
3190 526 3353 574 aelate
3388 538 3478 575 rc-

176 608 217 655 et
264 600 446 654 litteris
504 605 588 654 est
648 602 907 669 locutus;
972 603 1193 674 scripsit
1258 606 1412 659 enim
1491 606 1681 660 dicens
1735 622 1748 661 :
1855 613 2134 663 serantur.
2180 609 2430 662 Habebat
2474 608 2830 680 intelligendi
2873 626 3123 676 sensum,
3154 612 3253 680 qui
3298 614 3477 666 exsul-

169 698 359 749 Jounnes
397 699 468 747 est
513 709 703 749 nomen
746 695 877 764 ejus.
913 697 977 750 Et
1024 697 1127 751 hoc
1167 714 1378 752 nomen
1418 715 1533 753 non
1570 700 1753 772 impo-
1852 702 2011 759 taudi
2042 702 2287 756 habebat
2312 702 2597 757 alfectum.

170 790 305 851 nitur,
346 787 438 841 sed
481 789 777 856 astruitur;
824 790 1144 862 meritoque
1186 792 1459 847 continuo
1508 795 1749 848 resoluta
1926 800 2013 850 35.
2050 795 2229 851 Simul
2272 795 2413 849 illud
2456 796 2689 850 adverte
2728 812 2899 866 quam
2942 797 3132 867 paucis
3170 798 3480 869 Elizabeth,

170 884 231 935 est
266 880 445 950 lingua
484 882 623 951 ejus,
670 883 805 952 quia
846 900 1017 953 quam
1063 884 1321 943 vinxerat
1365 887 1748 955 incredulitas,
1856 906 2023 961 quam
2090 890 2284 943 multis
2357 890 2649 943 Zacharias
2721 891 3055 961 prophetet;
3120 894 3177 944 et
3245 898 3482 962 uterque

168 975 273 1027 ﬁdes
302 974 472 1028 solvit.
507 975 818 1031 Credamus
853 981 909 1032 et
951 994 1054 1032 nos
1091 979 1285 1049 igitur,
1320 983 1383 1033 ut
1422 980 1749 1051 loquamur,
1855 986 2043 1037 sancto
2068 982 2337 1053 impletus
2379 983 2592 1052 Spiritu
2634 983 3004 1053 loquebatur;
3047 985 3144 1037 sed
3181 985 3481 1055 disciplina

168 1074 209 1120 ut
251 1067 429 1138 lingua
476 1076 668 1123 nostra
730 1087 857 1141 quae
910 1071 1324 1128 incredulitatis
1380 1075 1615 1128 vinculis
1669 1080 1754 1129 est
1855 1082 2129 1145 servatur,
2170 1082 2231 1130 ut
2262 1076 2468 1130 mulier
2497 1076 2716 1130 discere
2747 1077 2929 1147 magis
2969 1093 3097 1147 quae
3131 1077 3324 1131 divina
3350 1084 3483 1135 sunt

165 1162 324 1231 ligata,
378 1163 615 1223 rationis
666 1180 803 1218 voce
857 1166 1121 1221 solvatur.
1168 1167 1494 1221 Scribamus
1549 1169 1751 1239 spiritu
1854 1170 2093 1235 studeat,
2148 1186 2321 1240 quam
2375 1170 2593 1224 docere.
2647 1172 2757 1224 Nec
2807 1170 2973 1224 facile
3014 1171 3192 1224 ullam
3235 1173 3478 1242 prophe-

164 1255 406 1325 mysteria,
453 1257 499 1309 si
548 1258 812 1311 volumus
866 1259 1059 1329 loqui;
1117 1259 1430 1314 scribamus
1480 1278 1750 1331 praenun-
1852 1268 1997 1317 tasse
2044 1263 2279 1317 uberius
2330 1280 2501 1333 quam
2564 1268 2807 1317 matrem
2859 1264 3085 1317 Domini
3135 1266 3477 1335 reperimus.

164 1348 273 1401 lium
304 1348 503 1403 Christi
542 1366 656 1404 non
696 1352 753 1405 in
785 1352 994 1406 tabulis
1032 1352 1291 1423 lapideis,
1324 1354 1416 1407 sed
1454 1354 1513 1408 in
1546 1355 1753 1409 tabulis
1852 1357 2214 1427 Prophetissa
2278 1358 2397 1427 ipsa
2458 1357 2625 1411 Maria
2676 1372 2833 1410 soror
2886 1359 3075 1411 Aaron
3139 1375 3309 1427 quam
3368 1360 3477 1413 cito

160 1441 306 1495 cordis
356 1444 687 1498 carnalibus.
739 1445 961 1499 Etenim
1010 1446 1107 1516 qui
1154 1449 1433 1502 Joannem
1485 1450 1749 1520 loquitur,
1853 1450 2052 1505 cantici
2099 1451 2268 1505 verba
2324 1450 2601 1505 conclusit
2645 1451 2862 1519 (Erod.,
2908 1466 2994 1515 xv,
3050 1454 3138 1515 20,
3194 1453 3310 1518 ‘21)!
3369 1455 3475 1507 Ea-

157 1536 402 1589 Cliristum
478 1537 808 1608 prophetat.
879 1540 1201 1610 Loquamur
1275 1543 1595 1611 Joannem,
1671 1545 1748 1597 lo-
1854 1546 2101 1615 denique
2171 1545 2265 1598 ubi
2330 1544 2595 1615 prolixius
2669 1550 2754 1597 est
2819 1545 3008 1598 locuta
3071 1562 3201 1599 cum
3266 1547 3475 1615 fratre,

159 1644 364 1698 quamur
422 1636 478 1684 et
543 1631 870 1698 Christum,
940 1636 1003 1685 ut
1067 1640 1325 1689 nostrum
1393 1652 1620 1707 quoque
1691 1654 1753 1691 os
1851 1654 2214 1709 nequaquam
2244 1638 2329 1692 sui
2354 1654 2579 1709 pamam
2624 1638 2900 1692 sermonis
2932 1638 3106 1692 evasit
3135 1639 3470 1707 (Num.,xu,

158 1723 298 1790 possit
347 1723 575 1792 aperiri,
633 1725 785 1795 quod
845 1725 905 1779 in
957 1727 1256 1781 sacerdote
1320 1732 1477 1782 tanto
1526 1729 1749 1783 irratio-
1857 1733 2047 1801 1,10).

160 1814 325 1868 nabilis
366 1816 540 1871 modo
589 1818 819 1888 pecudis
862 1819 1025 1874 frena
1064 1821 1316 1875 nutantis
1360 1821 1491 1876 ﬁdei
1533 1804 1828 1877 coerce-B
1927 1827 2081 1895 (Cap.
2108 1827 2174 1880 11,
2209 1856 2277 1864 --
2308 1826 2458 1880 Vers.
2498 1827 2567 1896 1.)
2597 1827 2814 1880 Factum
2850 1832 2926 1879 est
2965 1830 3166 1888 autem,
3193 1830 3251 1881 in
3289 1829 3474 1883 diebus

158 1907 283 1962 bant.
1849 1922 1964 1974 illis
1990 1921 2123 1973 exiit
2145 1920 2376 1973 edictum
2397 1935 2427 1971 (ι
2459 1921 2662 1973 Caesare
2702 1921 2964 1987 Augusto,
2996 1925 3056 1973 ut
3093 1936 3307 1975 censum
3343 1938 3472 1991 pro-

212 2030 361 2085 (Vers.
406 2032 525 2095 67.)
564 2034 635 2086 Et
677 2033 967 2088 Zacharias
1000 2039 1161 2103 pater
1210 2036 1325 2104 ejus
1372 2037 1620 2106 impletus
1672 2044 1751 2091 est

1869 2017 2088 2068 iteratur
2114 2014 2392 2066 universus
2415 2012 2556 2066 orbis
2587 2017 2762 2067 terrae.

155 2123 326 2191 Spiritu
347 2131 561 2188 sancto,
596 2128 1033 2196 etpmphetabat
1057 2129 1259 2183 dicens.
1925 2110 2012 2161 36.
2081 2106 2158 2161 De
2211 2108 2342 2160 ortu
2394 2106 2689 2160 Salvatoris
2739 2107 2974 2177 dicturi,
3032 2125 3145 2162 non
3211 2114 3479 2179 putamus

1854 2201 2107 2256 alienum
2156 2202 2221 2252 ut
2262 2216 2376 2270 quo
2424 2206 2592 2255 natus
2640 2201 2712 2253 sit
2763 2207 3048 2272 tempore,
3100 2204 3477 2274 requiramus,

1850 2294 1993 2358 Quid
2027 2294 2182 2347 enim
2222 2294 2493 2363 professio
2534 2294 2895 2347 sazcularium
2940 2295 3008 2348 ad
3048 2298 3477 2365 generationem

1853 2388 2079 2443 Domini
2114 2388 2446 2457 pertineret,
2477 2386 2584 2440 nisi
2622 2391 2683 2440 ut
2707 2387 3067 2441 advertamus
3102 2390 3209 2443 hoc
3249 2407 3477 2461 quoque

1854 2484 2107 2537 divinum
2172 2498 2290 2535 esse
2364 2481 2733 2551 mysterium;
2801 2482 2936 2550 quia
3001 2482 3136 2536 dum
3202 2484 3477 2553 professio

1852 2577 2137 2631 saecularis
2180 2575 2523 2641 obtenditur,
2569 2574 2835 2644 spiritalis
2879 2575 3166 2645 impletur,
3208 2592 3320 2631 non
3360 2583 3477 2631 ter-

1852 2687 2045 2724 rarum
2087 2671 2207 2739 regi
2253 2669 2511 2736 dicenda,
2558 2669 2649 2721 sed
2698 2668 2864 2722 coeli?
2904 2669 3180 2723 Professio
3224 2670 3330 2724 ista
3370 2671 3481 2741 (82)

283 2803 295 2811 .
945 2761 1031 2764 “““
1066 2761 1299 2816 τ”””””,’“
1551 2761 1718 2785 ““”²’”
1853 2762 2004 2830 ﬁdei,
2026 2779 2227 2816 census
2250 2767 2335 2815 est
2362 2761 2715 2829 animorum;
2743 2761 2952 2815 abolito
2980 2762 3136 2816 enim
3161 2764 3480 2835 Synagogae

155 2802 407 2855 ret.'.\0v1t
438 2805 720 2857 Dominus
762 2810 981 2858 mutare
1012 2810 1451 2873 sententiam,51
1493 2814 1551 2860 tu
1584 2824 1748 2861 nove-
2144 2864 2151 2873 ι
2234 2860 2244 2873 ,
2847 2857 2907 2873 π
2934 2856 2963 2873 ν,
3036 2857 3044 2865 ,
3297 2858 3308 2873 ,
3371 2863 3380 2873 ,

179 2898 213 2951 is
234 2901 526 2956 emendare
551 2902 938 2961 delictumwe
1406 2856 1551 2961 "ea";
1584 2856 1754 2961 ἅθ’ὶῶ
1854 2874 2022 2910 censu
2070 2860 2307 2921 vetusto,
2363 2871 2539 2907 novus
2587 2872 2784 2908 census
2846 2856 3101 2909 Ecclesiae
3153 2858 3480 2927 parabatur,

179 2903 186 2905 -
653 2903 662 2911 .
1097 2905 1107 2915 .
1246 2904 1255 2913 .
1606 2922 1609 2923 ν
1721 2908 1730 2919 ,
1857 2903 2022 2910 Nu.--
2592 2903 2781 2908 “mw
2846 2903 3098 2909 --η---η
3155 2903 3480 2927 μαψ---Ἴ

154 2903 526 3065 ἓὲηῗέἲξὲᾱᾶω
551 2903 824 2956 demtum
846 2903 938 2973 (De
962 2909 1174 2972 poma"
1205 2905 1330 2958 dlSt'
1360 2908 1408 2964 ¹’
1438 2920 1560 2974 cap'
1592 2907 1754 2961 Non“
1854 2952 1950 3021 qui
1981 2952 2266 3005 tormenta
2307 2966 2425 3003 non
2465 2949 2737 3017 exigeret,
2782 2948 2877 3002 sed
2909 2949 3191 3017 auferret;
3229 2956 3285 3005 et
3325 2952 3483 3022 spiri-

395 3037 406 3048 ‘
1858 3044 2038 3065 1-111-..
2066 3044 2115 3065 ε.-
2154 3047 2283 3065 1..--
2322 3042 2477 3065 _.I..L-
2529 3059 2621 3065 ---..
2672 3043 2778 3065 :-_
2828 3042 3046 3065 ρι...;-ιμ
3084 3044 3308 3065 _..___:_._
3351 3060 3444 3065 Αμ-

1858 3044 2040 3098 taliter
2066 3044 2123 3097 in
2154 3047 2288 3115 typo
2322 3042 2479 3114 plebs
2528 3059 2628 3096 sua
2663 3043 2785 3112 jam
2827 3042 3052 3097 Christo
3084 3044 3317 3097 nomina
3345 3060 3480 3099 cou-

1856 3138 2091 3193 ferebat.
2149 3139 2269 3191 Non
2326 3137 2417 3190 hic
2468 3136 2649 3206 spatia
2700 3139 3006 3204 terrarum,
3052 3137 3152 3190 sed
3203 3124 3511 3193 mentiumr

1858 3232 2301 3303 animorumque
2329 3234 2671 3297 censentur;
2696 3246 2800 3284 nec
2821 3230 3228 3284 describuntur
3252 3230 3485 3300 limites,

209 2242 283 2293 33.
306 2239 436 2294 Vide
480 2258 661 2312 quam
700 2242 885 2297 bonus
929 2245 1094 2312 Deus,
1130 2248 1187 2298 et
1227 2244 1405 2299 facilis
1448 2246 1750 2318 indulgere

155 2335 383 2401 peccatis;
429 2352 554 2389 non
610 2336 795 2391 solum
850 2337 1035 2390 ablata
1091 2339 1365 2406 restituit,
1424 2340 1525 2393 sed
1579 2342 1748 2395 etiam

155 2426 396 2497 insperata
436 2429 729 2483 concedit.
779 2430 875 2484 llle
912 2431 1130 2485 dudum
1175 2435 1365 2485 mutus
1411 2434 1747 2504 prophetat;

154 2520 246 2573 haec
272 2522 413 2575 enim
443 2523 640 2591 gratia
670 2522 765 2576 Dei
797 2524 1064 2589 maxima,
1093 2526 1242 2595 quod
1276 2541 1408 2579 eum
1440 2527 1537 2598 qui
1564 2545 1747 2599 nega-

154 2620 332 2681 verant,
358 2616 717 2671 confitentur
754 2617 884 2687 (79).
915 2619 1090 2672 Nemo
1122 2634 1259 2689 ergo
1299 2620 1538 2686 difﬁdat,
1579 2638 1752 2675 nemo

154 2712 371 2762 veterum
402 2710 666 2763 conscius
698 2710 1299 2781 delictorum-praemia
1329 2712 1517 2766 divina
1548 2714 1748 2785 despe-

209 3110 363 3177 (Vers.
406 3114 518 3181 76.)
561 3115 633 3168 Et
682 3119 759 3175 tu,
786 3128 945 3183 puer,
982 3113 1251 3183 prapheta
1294 3114 1573 3169 Altissimi
1593 3131 1749 3170 voca-

158 3200 285 3258 beris.

209 3320 281 3374 34.
320 3323 565 3377 Pulchre
613 3338 746 3377 cum
797 3323 867 3377 de
924 3323 1166 3378 Domino
1212 3324 1318 3393 (80)
1364 3325 1754 3396 prophetaret,
1858 3326 1959 3380 sed
2005 3326 2398 3397 proferuntur;
2448 3340 2553 3378 nec
2603 3329 2736 3378 tetas
2792 3324 2906 3378 ulla
2950 3324 3339 3395 distinguitur,
3388 3325 3487 3380 sed

154 3411 208 3465 ad
231 3416 558 3487 prophetam
606 3433 706 3471 sua
747 3417 917 3471 verba
956 3419 1250 3484 convertit,
1281 3420 1345 3472 ut
1383 3419 1490 3472 hoc
1531 3435 1755 3490 quoque
1860 3420 2048 3475 omnis
2090 3417 2422 3481 ascribitur;
2468 3418 2657 3471 nullus
2711 3417 2870 3471 enim
2923 3417 2995 3471 ab
3051 3419 3158 3472 hoc
3210 3418 3487 3473 immunis

154 3504 455 3563 beneﬁcium
513 3526 643 3565 esse
690 3510 914 3565 Domini
964 3511 1312 3583 designaret,
1359 3528 1432 3566 ne
1481 3528 1611 3566 cum
1652 3529 1755 3583 pu-
1860 3517 1948 3567 est
1986 3528 2152 3567 censu
2190 3512 2319 3581 (83),
2363 3510 2498 3581 quia
2542 3510 2725 3565 omnis
2769 3514 2905 3565 tetas
2951 3511 3223 3565 muniﬁca
3264 3512 3486 3567 Christo

155 3596 267 3655 blice
292 3609 663 3658 enumeraret
702 3620 824 3673 sua,
857 3604 1017 3675 quasi
1056 3605 1311 3677 ingratus
1348 3606 1594 3660 tacuisse
1633 3622 1759 3677 quae
1859 3609 1962 3672 est,
2005 3621 2179 3676 quem
2236 3604 2524 3674 vagientes
2580 3604 2746 3673 pueri
2799 3604 3073 3674 martyrio
3119 3604 3485 3673 conﬁtentur,

154 3700 406 3765 acceperat
448 3697 742 3751 beneﬁcia
780 3697 1090 3767 videretur,
1141 3715 1267 3770 quae
1310 3699 1653 3770 agnoscebat
1700 3700 1758 3754 in
1859 3715 2031 3772 quem
2080 3700 2233 3752 intra
2284 3702 2511 3751 uterum
2563 3696 2730 3768 positi
2778 3697 3145 3752 exsultatione
3192 3701 3487 3753 testantur.

157 3784 265 3840 tilio.
296 3789 401 3844 Sed
428 3791 674 3845 fortasse
704 3790 880 3863 aliqui
924 3792 1087 3862 quasi
1118 3792 1566 3847 irrationabilem
1596 3810 1755 3849 men-
1859 3793 2011 3847 Nihil
2058 3792 2115 3845 in
2171 3791 2279 3846 hoc
2330 3807 2502 3845 censu
2552 3806 2784 3844 vereare
2846 3790 3128 3855 terribile,
3184 3791 3325 3843 nihil
3376 3792 3485 3844 im-

160 3877 210 3930 tis
232 3896 509 3938 excessum
550 3886 777 3954 putent,
814 3885 969 3955 quod
1013 3887 1140 3940 octo
1187 3885 1413 3940 dierum
1454 3886 1761 3957 alloquitur
1861 3887 2020 3955 mite,
2056 3885 2197 3940 nihil
2237 3885 2413 3950 triste,
2445 3886 2559 3938 sola
2598 3899 3071 3954 unumquemque
3104 3884 3244 3937 ﬁdes
3277 3884 3486 3954 signat.

157 3970 414 4030 infantem.
477 3979 692 4031 Verum
744 3978 790 4031 si
843 3984 1141 4032 teneamus
1199 3980 1329 4050 (8|),
1384 3980 1760 4051 intelligimus
1862 3980 1951 4035 Vis
2012 3980 2220 4035 Christi
2284 3979 2479 4033 audire
2543 3978 2853 4032 censores?
2917 3977 3194 4030 iubentur
3256 3992 3486 4031 censere

157 4067 369 4133 profecto
404 4072 562 4143 quod
612 4071 795 4142 potuit
841 4087 1032 4126 vocem
1075 4073 1247 4143 patris
1297 4078 1460 4128 natus
1501 4072 1758 4146 1293
1861 4075 1980 4130 sine
2024 4074 2197 4144 virgis
2242 4073 2348 4143 (84)
2398 4072 2639 4139 (Matth.,
2686 4088 2740 4137 x,
2794 4073 2906 4141 lO);
2961 4087 3062 4124 nec
3108 4076 3345 4137 terrore,
3388 4070 3489 4124 sed

156 4160 338 4231 audire,
384 4165 485 4235 qui
526 4164 713 4219 Mariae
764 4163 1161 4219 salutationem
1212 4170 1520 4237 antequam
1564 4182 1756 4222 nasce-
1861 4167 2042 4240 gratia
2078 4167 2305 4240 plebem
2355 4182 2657 4237 quaerere:
2704 4165 3009 4219 recondere
3053 4164 3327 4235 gladium,
3377 4180 3489 4218 non

204 4282 283 4345 (‘79)
335 4285 483 4335 Edit.
546 4284 676 4335 Era.
724 4289 778 4335 et
844 4299 958 4350 seq.
1024 4300 1087 4335 ac
1153 4288 1317 4349 pauci
1388 4301 1540 4349 mss,
1602 4288 1759 4352 qui:
1861 4292 1995 4339 satis
2056 4292 2241 4352 aperte
2301 4288 2539 4347 indicat,
2604 4301 2732 4337 cum
2795 4286 2874 4335 illi
2935 4299 3221 4350 opponens
3287 4286 3493 4336 Christi

155 4351 229 4400 alii
272 4356 481 4417 plures,
533 4370 690 4420 quem
735 4362 1045 4420 negaverat,
1096 4358 1389 4421 conﬁtetur.
1431 4351 1658 4409 Amerb.
1704 4363 1759 4410 et
1862 4351 2155 4411 censuram
2206 4358 2340 4410 dicit
2390 4374 2401 4406 :
2450 4358 2593 4409 Nihil
2638 4360 2694 4407 in
2738 4358 2830 4407 hoc
2877 4370 3035 4406 censu
3080 4370 3294 4406 vereare
3339 4357 3494 4406 terri-

157 4423 253 4471 Cod.
297 4426 461 4477 Corb.
512 4441 645 4477 cum
694 4429 819 4478 aliis
875 4428 1204 4492 probatioris
1251 4433 1418 4491 nota,
1470 4431 1561 4495 qui
1606 4444 1761 4495 nega-
1862 4431 1981 4491 bile,
2031 4431 2171 4480 nihil
2218 4431 2432 4490 immite,
2494 4429 2626 4479 nihil
2682 4430 2848 4485 triste,
2901 4427 3017 4476 sola
3070 4440 3492 4490 unmnquemque

158 4502 343 4566 perant,
392 4498 726 4562 conﬁtentur.
776 4500 845 4548 Et
895 4500 1003 4550 hoc
1046 4512 1180 4549 sane
1225 4513 1338 4550 non
1387 4506 1499 4551 tam
1557 4501 1985 4566 diciturnﬁdes
2025 4504 2221 4565 signat,
2270 4507 2375 4550 etc.
2431 4502 2533 4549 His
2583 4505 2770 4549 autem
2821 4498 3030 4547 ultimis
3080 4496 3264 4547 verbis
3310 4497 3491 4546 innui-

158 4562 209 4647 ξὶε
228 4542 506 4631 Zacharia:
535 4583 703 4633 quam
735 4572 853 4632 ejus
883 4570 1178 4621 occasione
1206 4573 1511 4622 universim
1540 4542 1840 4636 colligi—D
1861 4542 1953 4623 'tur
2009 4542 2102 4623 ille
2177 4576 2337 4623 vetus
2394 4584 2691 4647 censpru‘m
2743 4571 2900 4618 'ritus
2924 4606 2947 4647 ,_
3006 4581 3139 4647 quo.
3191 4566 3490 4647 nonnullos

160 4636 243 4683 in"
1863 4644 2182 4707 ignominiae
2265 4656 2432 4692 causa
2515 4642 2761 4692 Ceritum
2838 4641 3015 4699 ceris,
3096 4639 3213 4689 sive
3292 4638 3494 4689 tabulis

208 4709 293 4780 (80)
327 4712 457 4762 Mss.
510 4711 702 4773 Corb.,
744 4713 807 4763 de
848 4712 1037 4777 domo;
1087 4714 1180 4764 alii
1229 4715 1460 4780 aliquot,
1501 4716 1564 4764 de
1604 4715 1759 4765 dono.
1862 4715 2214 4765 ascribebant
2257 4729 2267 4761 :
2322 4727 2433 4776 quo
2487 4717 2700 4775 spectat
2756 4711 2898 4760 illud
2949 4711 3184 4770 Horatii,
3236 4711 3392 4773 epist.
3441 4710 3491 4771 6,

162 4774 344 4844 Reliqui
386 4797 540 4833 cum.
581 4788 691 4833 ant.
735 4784 864 4834 edit.
904 4787 961 4834 in
1000 4774 1299 4837 lectionem
1324 4774 1588 4837 'nostram
1628 4800 1762 4837 con-
1863 4787 1958 4835 lib.
1989 4800 2007 4836 ι
2040 4801 2050 4833 :

162 4854 372 4905 sentiunt
415 4872 426 4905 :
472 4858 587 4906 nisi
639 4856 787 4920 quod
834 4858 891 4906 in
931 4870 1046 4907 uno
1082 4871 1113 4908 e
1160 4858 1281 4908 Vat.
1329 4857 1451 4908 cod.
1500 4863 1555 4908 et
1603 4858 1761 4908 Rom.

162 4920 264 4971 an.
316 4904 895 4991 dardaniam;
941 4904 1552 4992 auuwruanagz
1590 4904 1765 4990 (3.1.;
2021 4905 2409 4992 εξξιίάμεξξτςθει»
2438 4904 2571 4969 ειυίά
2769 4904 2922 4955 obliti
2958 4920 2970 4965 ς
3008 4904 3191 4955 Cerne
3215 4916 3338 4954 cera

164 4989 264 5042 dam
309 4997 437 5046 edit.
484 4999 661 5048 Paris.
707 4978 881 5048 ﬁnem
943 4978 1269 5062 loci'hujus
1319 4978 1762 5060 iminutavdraiit,
2022 4978 2208 5041 Digni:
2237 4982 2339 5026 θία-

164 5068 221 5189 ?“
240 5077 346 5127 qua
395 5074 674 5133 acceperat
734 5069 999 5132 beneﬁcia,
1048 5072 1319 5121 uideretur
1378 5084 1659 5135 agnoscere
1709 5072 1759 5120 in

223 5148 264 5183 ο.

1869 5100 1990 5221 Qoua
2012 5100 2090 5220 (cile
2131 5100 2492 5220 rglparoemia
2533 5100 2717 5149 exstat
2745 5098 2891 5163 apud
2932 5100 3084 5149 Eras.
3118 5098 3244 5149 cliil.
3278 5112 3312 5157 ῐ,
3346 5102 3492 5148 cent.

1870 5174 1886 5221 1
1932 5209 1946 5221 .
1976 5185 2006 5220 a
2051 5185 2134 5221 an.
2232 5208 2241 5218 .

254 5172 264 5182 η

324 5210 443 5235 ΠΑΛᾹ
474 5224 667 5235 «Anam
706 5216 968 5235 ,Αυιηι-..Αμιιι
1016 5226 1126 5235 οιΑ-ιι
1156 5212 1315 5235 λιιι-ιιιῖ
1359 5212 1565 5235 ..Ωιι-...ιι
1610 5227 1731 5235 Α...Α-

1870 5172 1946 5231 10,
1976 5172 2134 5235 adag.
2163 5172 2241 5220 81.

214 5205 294 5270 (Si)
324 5210 447 5261 Post
474 5224 671 5262 vocem
703 5216 989 5271 teneamus,
1016 5226 1130 5263 non
1156 5212 1318 5278 pauci
1357 5212 1569 5263 addunt
1605 5227 1764 5276 supe-

168 5276 320 5339 riora;
343 5295 512 5341 unus,
547 5296 661 5346 quae
688 5283 925 5345 legimus.

216 5347 317 5411 (82),
354 5352 512 5402 Rom.
573 5354 722 5413 edit,
767 5359 891 5417 post
942 5366 1105 5404 voces
1153 5354 1414 5415 Professio
1469 5355 1599 5415 ista,
1645 5355 1766 5407 loco

174 5428 379 5473 moverat
424 5425 727 5476 dictionem
773 5426 914 5489 ﬁdei,
961 5440 1087 5489 quae
1128 5430 1312 5476 tamen
1360 5428 1614 5477 omnium
1656 5435 1765 5478 vet.

175 5488 271 5560 edit.
343 5508 407 5544 ae
483 5508 614 5544 mss.
683 5488 1010 5547 anetoritate
1088 5502 1483 5560 propugnatur.
1564 5500 1767 5549 lterum

179 5559 332 5611 eadem
366 5565 523 5624 edit.,
572 5581 665 5629 pro
714 5568 810 5632 qui
852 5559 1110 5617 tormenta
1152 5559 1261 5617 non
1279 5559 1288 5560 '7
1312 5570 1560 5631 erigeret,
1607 5582 1767 5632 repo-

182 5638 342 5702 suerat,
386 5638 485 5699 qui
529 5637 725 5686 tributa
764 5651 871 5686 non
911 5640 1155 5700 exigeret.
1200 5639 1529 5702 Perperam;
1564 5641 1769 5689 etenim

183 5698 433 5754 Obscurum
488 5719 599 5755 non
648 5713 732 5757 est.
781 5698 1110 5757 allusionem
1157 5698 1392 5759 ﬁeri-ad
1456 5698 1767 5760 censoriam

188 5762 515 5841 Romanarum
603 5778 979 5841 disciplinam,
1055 5793 1223 5841 quam
1305 5785 1520 5829 constat
1599 5780 1769 5829 fuisse

188 5833 314 5904 longe
354 5833 774 5899 severissimaui.
817 5833 1434 5915 Ipseque-Ambrosius
1475 5850 1583 5900 hoc
1628 5849 1771 5898 infra

1929 5242 2026 5303 (83)
2061 5242 2263 5292 Matres
2306 5244 2433 5291 ante
2473 5255 2681 5291 annum
2718 5242 2795 5300 M,
2832 5241 3053 5290 femina:
3096 5246 3221 5290 ante
3260 5241 3347 5301 12,
3386 5253 3500 5291 non

1868 5313 2212 5377 cogebantur
2239 5313 2386 5374 apud
2419 5325 2680 5362 censores
2723 5311 2990 5373 proﬁteri,
3032 5325 3161 5361 cum
3188 5316 3314 5360 ante
3346 5312 3499 5361 illam

1867 5388 2086 5435 aetatem
2119 5383 2389 5433 tributum
2420 5383 2489 5432 ab
2516 5383 2724 5433 eisdem
2752 5395 2861 5431 non
2892 5382 3222 5444 exigeretur.
3257 5381 3500 5432 Consule

1870 5470 2037 5519 super
2061 5455 2172 5504 hoc
2195 5456 2241 5503 J.
2274 5455 2545 5517 Lipsium,
2576 5454 2671 5503 lib.
2704 5467 2739 5502 ιι
2772 5454 2847 5501 De
2877 5467 3013 5515 mag.
3048 5455 3208 5508 Rom.,
3232 5465 3351 5515 cap.
3378 5455 3425 5502 3.

1934 5528 2026 5589 (84)
2081 5526 2174 5576 Sic
2217 5538 2412 5575 omnes
2460 5538 2590 5574 mss.
2643 5524 2847 5575 Contra
2907 5536 3036 5572 vero
3081 5529 3299 5573 cuncter
3346 5524 3496 5586 edit,

1868 5598 2136 5647 labentur
2176 5610 2403 5654 censere,
2434 5597 2524 5645 sed
2561 5608 2668 5645 non
2708 5595 2896 5658 virgis.
2943 5596 3126 5644 Minus
3168 5595 3329 5656 bene,
3371 5610 3498 5645 cum

1869 5670 2165 5719 manifesta
2190 5670 2281 5719 ﬁat
2313 5669 2513 5718 allusio
2549 5668 2616 5716 ad
2657 5670 2811 5729 Luc.,
2854 5681 2934 5729 IX,
2966 5669 3014 5727 3,
3058 5668 3153 5717 ubi
3191 5668 3501 5731 prohiben-

1872 5747 1960 5791 tur
2006 5742 2239 5805 apostoli
2289 5755 2359 5791 ne
2405 5742 2615 5803 virgam
2658 5740 2855 5803 ferant,
2899 5740 2968 5790 ad
3010 5741 3499 5805 proseminandum

1870 5811 2235 5876 Evangelium
2266 5811 2704 5875 proﬁciscentes.
