3972 6174
512 277 643 331 1647

1982 277 2035 330 S.
2079 276 2392 332 AMBROSII

3679 289 3694 338 l
3704 289 3788 341 648

504 397 790 469 possidere
825 412 1029 452 aurum
1069 397 1250 468 (Ibid.,
1291 399 1362 468 9).
1401 396 1625 453 Talibus
1666 397 1993 454 censoribus
2039 415 2130 452 ac-
2157 400 2378 483 Alibro
2444 398 2803 471 Evangelista
2870 397 3189 470 ascripsisse
3254 397 3513 454 videatur.
3576 404 3698 459 Nam
3758 411 3794 462 si

508 492 746 562 quisitus
772 495 858 546 est
887 492 1059 548 orbis.

577 589 662 640 37.
696 584 950 656 Denique
984 590 1049 640 ut
1086 585 1225 640 scias
1266 601 1501 639 censum
1545 602 1660 640 non
1705 586 1945 657 Augusti
1987 601 2129 654 esse,

508 679 605 734 sed
648 677 872 740 Christi,
910 681 1060 734 totus
1105 679 1256 734 orbis
1301 679 1560 750 proﬁteri
1592 679 1845 750 jubetur.
1895 679 2131 744 Quando

508 773 757 828 nascitur
825 772 1107 840 Christus,
1187 789 1384 828 omnes
1451 774 1828 845 profitentur;
1903 773 2132 844 quando

508 867 755 923 mundus
789 868 1162 934 concluditur,
1192 883 1388 922 omnes
1428 867 1843 938 periclitantur.
1877 865 2133 940 1294

506 963 640 1026 Quis
686 977 820 1032 ergo
867 965 1094 1032 poterat
1132 961 1553 1033 professionem
1606 961 1777 1015 totius
1827 960 1979 1015 orbis
2028 961 2134 1016 exi-

508 1071 670 1126 gere,
723 1055 832 1110 nisi
885 1055 983 1126 qui
1037 1055 1208 1110 totius
1275 1055 1520 1110 habebat
1573 1054 1727 1110 orbis
1790 1054 2135 1126 imperium?

507 1149 626 1203 Non
654 1149 806 1204 enim
836 1149 1094 1220 Augusti,
1123 1149 1221 1204 sed
1255 1169 1282 1198 ‹‹
1313 1148 1538 1203 Domini
1565 1153 1649 1203 est
1674 1154 1848 1216 terra,
1877 1152 1935 1203 et
1959 1148 2136 1219 pleni-

507 1243 644 1298 tudo
676 1243 814 1314 ejus,
847 1243 995 1297 orbis
1024 1247 1328 1312 terrarum,
1361 1245 1418 1295 et
1453 1242 1697 1296 universi
1737 1242 1837 1314 qui
1871 1241 2134 1297 habitant

506 1337 564 1390 in
618 1353 685 1391 eo
739 1337 899 1407 (Psal.
956 1351 1105 1406 xxm,
1163 1336 1230 1407 l).
1289 1357 1316 1386 »
1371 1336 1567 1390 Gothis
1630 1352 1747 1390 non
1812 1335 2135 1406 imperabat

503 1432 814 1501 Augustus,
874 1445 988 1484 non
1052 1429 1373 1501 imperabat
1428 1430 1690 1484 Armenis
1748 1445 1760 1483 :
1816 1428 2136 1500 imperabat

502 1523 773 1580 Christus.
810 1527 1160 1594 Acceperunt
1201 1523 1395 1594 utique
1433 1523 1640 1579 Christi
1682 1538 1992 1592 censorem,
2036 1521 2136 1594 qui

501 1617 707 1672 Christi
759 1621 1038 1689 martyres
1084 1617 1413 1672 ediderunt.
1458 1618 1526 1671 Et
1570 1617 1700 1672 ideo
1742 1617 1981 1672 fortasse
2029 1632 2135 1671 nos

2234 493 2492 548 consules
2553 492 2912 547 ascribuntur
2973 490 3177 546 tabulis
3239 492 3555 562 emptionis,
3613 503 3796 566 quanto

2235 587 2414 657 magis
2437 585 2816 657 redemptioni
2847 585 3106 641 omnium
3134 583 3326 640 debuit
3350 588 3562 656 tempus
3583 590 3801 645 ascribi?

2233 680 2412 734 Habes
2433 697 2568 751 ergo
2597 680 2793 735 omnia
2817 696 2944 750 quae
2971 681 3030 734 in
3059 678 3433 734 contractibus
3459 696 3571 735 esse
3596 697 3799 738 consue-

2234 779 2439 829 verunt
2472 791 2483 829 :
2523 774 2860 828 vocabulum
2901 789 3189 828 summam
3230 772 3343 826 illic
3375 777 3686 844 potestatem
3724 793 3800 847 ge-

2235 868 2428 934 rentis,
2470 868 2643 936 diem,
2673 869 2882 937 locum,
2923 883 3170 922 causam.
3212 867 3399 920 Testes
3424 883 3632 939 quoque
3669 869 3802 923 adhi-

2233 962 2355 1018 beri
2384 962 2591 1030 solent;
2621 961 2722 1017 hos
2759 977 2982 1034 quoque
3021 959 3303 1015 nativitati
3343 977 3473 1026 sum,
3510 965 3564 1015 et
3600 975 3804 1031 genera-

2233 1056 2377 1111 tioni
2433 1055 2751 1111 secundum
2806 1071 3036 1110 carnem
3092 1053 3345 1110 Christus
3406 1053 3681 1122 adhibuit,
3729 1056 3809 1124 qui

2233 1150 2528 1221 signarent
2575 1149 2959 1220 Evangelium,
3007 1148 3197 1203 dicens
3237 1165 3249 1202 :
3299 1169 3326 1197 ‹‹
3368 1149 3472 1202 Vos
3509 1147 3652 1202 eritis
3691 1147 3810 1200 mihi

2232 1248 2405 1298 testes
2433 1243 2489 1297 in
2510 1245 2821 1299 Jerusalem
2846 1243 3017 1314 (Act.,
3048 1259 3082 1310 1,
3117 1242 3192 1313 8).
3226 1263 3252 1290 ››

2306 1349 2474 1417 (Vers.
2521 1352 2573 1416 6,
2622 1349 2702 1419 7.)
2748 1349 2970 1402 Factum
3013 1354 3089 1403 est
3133 1350 3335 1409 autem,
3376 1360 3490 1400 cum
3533 1351 3690 1399 essent
3730 1344 3808 1406 ibi,

2234 1444 2443 1513 impleti
2501 1449 2627 1497 sunt
2683 1443 2798 1498 dies
2863 1447 2925 1496 ut
2981 1446 3217 1512 pareret.
3281 1440 3349 1494 Et
3407 1441 3610 1509 peperit
3670 1438 3814 1507 filium

2231 1539 2671 1607 primogenitum,
2724 1541 2774 1590 et
2825 1539 3026 1606 pannis
3086 1551 3204 1590 eum
3265 1533 3510 1595 involvit,
3564 1537 3609 1586 et
3660 1533 3816 1600 posuit

2231 1633 2294 1685 in
2340 1633 2638 1701 praesepio;
2685 1632 2817 1700 quia
2863 1645 2970 1685 non
3029 1634 3146 1684 erat
3204 1629 3347 1684 locus
3407 1629 3465 1681 in
3513 1641 3567 1681 eo
3615 1625 3816 1680 diverso-

500 1712 757 1780 vincunt,
801 1715 865 1766 ut
906 1712 1208 1783 praesentia
1247 1711 1473 1779 docent,
1512 1711 1782 1782 quoniam
1829 1727 1999 1781 quem
2050 1709 2133 1765 illi
2235 1727 2317 1779 τέο
2344 1726 2482 1793 (86),

504 1805 789 1860 oblatione
819 1804 1114 1875 sanguinis
1155 1804 1505 1871 fatebantur,
1547 1805 1680 1858 huic
1720 1803 1910 1861 Ariani
1952 1820 2129 1875 quaas-
2151 1793 2207 1864 B
2306 1828 2560 1902 1295
2588 1829 2677 1885 4ο.
2709 1829 2958 1885 Breviter
2985 1831 3206 1884 sanctus
3239 1827 3417 1883 Lucas
3458 1830 3515 1881 et
3549 1823 3818 1896 quomodo,

502 1900 718 1954 tionem
746 1898 970 1970 generis
997 1897 1341 1953 inferebant.

575 2004 749 2065 (Vers.
785 2003 858 2072 2.)
885 2004 1030 2064 Haec,
1060 2002 1262 2073 inquit,
1281 2004 1545 2072 professio
1567 2005 1748 2073 prima
1779 2004 1937 2068 facta
1961 2007 2057 2057 est.

572 2108 658 2160 38.
706 2105 874 2176 Atqui
917 2106 1215 2176 plerasque
1252 2105 1375 2176 jam
1428 2110 1621 2176 partes
1660 2111 1940 2161 terrarum
1979 2121 2130 2176 saepe

501 2199 673 2254 fuisse
702 2199 1006 2270 descriptas
1045 2199 1365 2270 loquuntur
1397 2199 1668 2254 historiae.
1710 2201 1836 2254 Haec
1875 2204 1959 2255 est
1991 2215 2129 2270 ergo

500 2293 774 2365 professio
833 2292 1050 2364 prima,
1102 2293 1198 2348 sed
1250 2292 1530 2347 mentium
1587 2292 1725 2364 (85);
1777 2293 1866 2347 cui
1928 2309 2126 2347 omnes

500 2386 860 2458 proﬁtentur,
910 2387 1044 2458 quia
1101 2386 1286 2441 nullus
1333 2387 1632 2458 excipitur,
1684 2403 1802 2441 non
1855 2387 2130 2457 praeconis

501 2483 849 2548 evocatione,
900 2481 1000 2557 sed
1052 2480 1193 2535 vatis
1243 2481 1341 2553 qui
1389 2480 1567 2535 multo
1618 2483 1750 2535 ante
1803 2481 2066 2552 praedixit
2113 2497 2124 2534 :

503 2599 530 2624 ‹‹
569 2576 777 2630 Omnes
825 2579 1046 2646 gentes,
1093 2573 1349 2646 plaudite
1393 2575 1691 2641 manibus;
1727 2575 1969 2646 jubilate
2018 2575 2128 2629 Deo

500 2669 557 2724 in
621 2686 754 2724 voce
820 2668 1247 2734 exsultationis,
1315 2668 1590 2740 quoniam
1648 2669 1798 2724 Deus
1848 2685 2125 2738 summus,

497 2763 787 2832 terribilis,
829 2780 925 2818 rex
964 2778 1212 2834 magnus
1252 2779 1426 2834 super
1448 2779 1680 2818 omnem
1721 2767 1933 2818 terram
1961 2763 2124 2833 (Psal.

496 2873 644 2927 XLVI,
671 2860 726 2925 2,
767 2857 844 2928 3).
876 2877 902 2908 ››
944 2857 1196 2928 Denique
1232 2859 1298 2911 ut
1337 2857 1476 2911 scias
1527 2873 1760 2912 censum
1802 2872 1922 2911 esse
1955 2856 2126 2926 justi-

495 2953 610 3019 tiae,
656 2950 894 3005 veniunt
953 2949 1025 3004 ad
1075 2966 1207 3004 eum
1256 2950 1465 3021 Joseph
1516 2953 1571 3004 et
1616 2949 1805 3017 Maria,
1861 2950 1966 3003 hoc
2019 2951 2125 3015 est,

488 3045 678 3116 justus
716 3048 772 3098 et
819 3043 980 3113 virgo
1016 3059 1028 3096 :
1073 3042 1182 3110 ille,
1226 3043 1324 3114 qui
1366 3043 1610 3098 Verbum
1663 3047 1942 3110 servaret;
1995 3043 2123 3108 ista,

496 3153 623 3208 qua:
661 3138 913 3208 pareret.
952 3135 1059 3189 Ubi
1093 3133 1436 3205 proﬁtentur
1463 3135 1650 3206 justus
1691 3139 1747 3189 et
1791 3135 1972 3205 virgo,
2019 3134 2127 3188 nisi
2150 3172 2204 3245 Ο

496 3229 597 3284 ubi
641 3229 896 3284 nascitur
935 3228 1225 3282 Christus?
1267 3247 1294 3279 ‹‹
1328 3227 1524 3283 Omnis
1566 3227 1720 3283 enim
1762 3227 1990 3298 spiritus
2030 3228 2129 3298 qui

497 3323 803 3378 confitetur
853 3323 1044 3377 Jesum
1096 3320 1383 3376 Christum
1435 3321 1495 3376 in
1546 3337 1718 3377 carne
1768 3321 2007 3388 venisse,
2061 3321 2130 3376 de

495 3419 607 3472 Deo
653 3419 736 3471 est
779 3416 822 3487 (Ι
869 3418 1053 3478 Joan.,
1101 3431 1176 3485 1v,
1223 3415 1298 3487 2).
1347 3436 1374 3466 »
1420 3415 1521 3470 Ubi
1571 3418 1765 3470 autem
1814 3413 2131 3470 secundum

499 3511 755 3566 altiorem
797 3509 1073 3564 rationem
1114 3509 1365 3564 nascitur
1403 3508 1676 3580 Christus,
1715 3509 1824 3563 nisi
1858 3508 1917 3562 in
1959 3508 2128 3563 corde

494 3609 619 3674 tuo,
661 3610 716 3659 et
751 3604 811 3658 in
852 3606 1080 3674 pectore
1116 3604 1257 3658 tuo?
1300 3624 1328 3653 «
1358 3605 1538 3675 Prope
1567 3608 1652 3658 est
1685 3603 1843 3658 enim
1885 3602 2130 3658 Verbum

496 3700 556 3754 in
594 3714 688 3754 ore
727 3701 845 3766 tuo,
885 3700 941 3753 et
983 3696 1040 3750 in
1080 3697 1249 3752 corde
1282 3699 1381 3752 tuo
1419 3697 1624 3767 (Deut.,
1655 3713 1782 3766 xxx,
1824 3698 1920 3765 ii;
1951 3700 2127 3759 Rom.,

497 3808 552 3861 x,
579 3793 654 3864 8).
688 3815 714 3842 n

567 3896 654 3952 39.
697 3893 936 3950 Pulchre
965 3898 1160 3948 autem
1201 3893 1353 3964 quod
1390 3895 1446 3947 et
1486 3892 1746 3964 praesidis
1785 3907 1998 3947 nomen
2028 3891 2126 3946 ad-

497 3990 658 4056 didit,
725 3994 789 4043 ut
853 3988 1062 4043 seriem
1131 3986 1405 4058 temporis
1465 3985 1812 4058 designaret.
1863 3986 2126 4048 Prmside,

497 4082 704 4152 inquit,
733 4082 906 4149 Syria
944 4080 1142 4150 Cyrino
1176 4082 1331 4147 facta
1370 4085 1446 4135 est
1486 4080 1594 4135 haec
1623 4083 1807 4150 prima
1843 4082 2124 4150 professio.

498 4177 566 4230 Ut
611 4174 766 4246 quasi
822 4173 1111 4228 consulem
1155 4173 1482 4244 quemdam,
1537 4173 1686 4244 signi
1735 4173 1938 4244 gratia,
1997 4172 2129 4227 huic

561 4348 657 4411 (85)
687 4345 833 4396 Edit.
881 4359 1097 4408 omnes,
1139 4346 1400 4410 professio
1437 4346 1642 4410 prima,
1685 4359 1794 4396 non
1839 4350 2126 4406 terrarum,

494 4419 583 4470 sed
607 4418 875 4467 mentium.
905 4420 1148 4481 Apertus
1178 4430 1401 4468 sensus.
1432 4417 1640 4467 Verum
1683 4416 1814 4480 quia
1852 4416 1910 4465 in
1950 4429 2129 4466 cunc-

497 4492 568 4539 tis
609 4493 662 4538 et
705 4487 902 4539 Gallic.
956 4492 1012 4539 et
1065 4488 1186 4538 Vat.
1235 4487 1355 4538 cod.
1412 4487 1635 4549 desunt,
1683 4501 1793 4538 non
1839 4493 2128 4548 terrarum,

496 4566 550 4610 et
592 4559 798 4624 alioqui
833 4562 1016 4623 potest
1062 4560 1340 4610 sententia
1379 4541 1634 4610 constare
1669 4559 1780 4608 illis
1819 4541 2208 4622 expunctis,D
2231 4558 2465 4610 vocibus
2516 4573 2526 4605 :

495 4635 550 4681 in
603 4631 712 4680 hoc
765 4643 897 4679 mss.
944 4644 1280 4682 consensum
1330 4632 1491 4696 sequi
1543 4631 1860 4681 maluimus.
1917 4631 2133 4681 Dicitur

498 4706 704 4762 autem,
762 4701 1018 4765 professio
1075 4705 1273 4766 prima,
1319 4716 1432 4753 non
1475 4703 1758 4765 absolute,
1806 4702 1905 4753 sed
1953 4704 2131 4766 prima

496 4773 603 4824 sub
663 4771 900 4836 Cyrino,
954 4779 1012 4822 ut
1077 4778 1385 4838 opponatur
1439 4774 1703 4826 secundas
1764 4774 1870 4824 sub
1935 4774 2130 4825 eodem

495 4847 762 4908 peracta,
820 4849 884 4893 ut
939 4843 1102 4895 docet
1163 4846 1462 4908 Baronius,
1513 4849 1719 4911 Appar.
1777 4846 1849 4895 ad
1899 4845 2130 4896 Annales

493 4914 689 4974 cccles.,
730 4929 852 4980 pag.
897 4915 984 4975 29;
1030 4916 1183 4966 Jans.
1227 4916 1402 4967 Gand.
1459 4918 1668 4982 aliique
1708 4917 2033 4979 interpretes
2071 4917 2127 4966 in

498 4988 650 5038 hunc
705 4987 913 5037 locum.
966 4986 1077 5038 Sed
1130 4988 1422 5040 litteralem
1469 5003 1695 5040 sensum
1745 4989 1894 5039 unde
1934 5003 2128 5051 parum

496 5060 751 5108 utilitatis
789 5058 969 5110 redire
1012 5062 1227 5122 poterat
1268 5059 1338 5108 ad
1375 5074 1507 5110 suos
1552 5062 1804 5121 lectores,
1853 5059 1961 5110 hoc
2004 5061 2128 5110 loco

495 5144 608 5180 non
666 5130 874 5180 excutit
930 5130 989 5180 B.
1043 5129 1388 5181 Ambrosius.
1439 5131 1600 5194 Quod
1651 5145 1813 5195 porro
1853 5131 2125 5194 subditur,

494 5214 602 5251 nou
649 5201 910 5265 praeconis
961 5202 1283 5260 evocatione,
1343 5201 1450 5252 hoc
1503 5203 1636 5252 satis
1697 5201 1941 5253 declarat
1995 5215 2127 5252 suos

493 5285 780 5336 praecones
826 5272 1000 5322 fuisse
1053 5271 1402 5335 censoribus,
1460 5273 1591 5324 licet
1645 5273 1752 5324 hoc
1811 5278 2046 5338 negetur
2097 5288 2127 5324 a

495 5344 798 5393 nonnullis.
855 5342 965 5404 Qui
1015 5342 1083 5394 de
1145 5357 1402 5406 censura,
1447 5346 1683 5408 ejusque
1732 5344 1917 5395 ofﬁcio
1970 5346 2126 5408 plura

493 5415 751 5474 voluerit,
801 5413 963 5463 adeat
1013 5412 1108 5463 lib.
1162 5426 1262 5464 xm
1321 5413 1459 5465 Cod.
1511 5415 1743 5478 Theod.,
1790 5416 1873 5464 tit.
1929 5415 2006 5476 lO,
2064 5415 2128 5466 de

499 5483 682 5545 Censu,
737 5489 793 5536 et
835 5486 914 5534 tit.
967 5485 1046 5545 ll,
1088 5483 1155 5534 de
1196 5484 1410 5549 Gemit;
1458 5485 1667 5548 Rosin.,
1723 5487 1904 5550 Antiq.
1957 5487 2124 5546 Rom,

493 5555 589 5606 lib.
622 5569 718 5619 vn,
751 5569 871 5620 cap.
901 5555 993 5616 10;
1023 5555 1185 5607 Laur.
1220 5556 1455 5621 Polym,
1490 5556 1584 5607 lib.
1634 5571 1709 5615 lli,
1753 5556 1888 5620 Syn.
1930 5557 1976 5617 4,
2012 5557 2042 5618 §
2076 5559 2123 5619 4,

494 5630 548 5676 et
572 5625 722 5677 alibi.

559 5698 656 5760 (86)
707 5697 912 5748 Omnes
962 5698 1090 5749 edit.
1150 5713 1214 5750 ac
1261 5700 1599 5750 recentiores
1644 5712 1796 5760 mss.,
1842 5699 1972 5762 quia
2018 5711 2126 5748 non

496 5773 608 5817 erat
654 5769 701 5816 ei
749 5767 890 5818 locus
933 5769 989 5816 in
1035 5769 1344 5819 diversorio.
1392 5770 1633 5834 Reliqui,
1685 5771 1816 5834 quia
1859 5783 1964 5820 non
2009 5775 2125 5819 erat

497 5841 639 5890 locus
676 5841 730 5887 in
763 5853 820 5888 eo
855 5838 1146 5889 diversorio
1172 5855 1186 5887 :
1219 5852 1344 5905 qua
1379 5841 1543 5894 lectlo
1587 5841 1752 5892 etiam
1804 5855 1869 5892 eo
1915 5840 2124 5894 conﬁr-

2233 1929 2288 1978 et
2340 1940 2454 1995 quo
2500 1927 2782 1994 tempore,
2831 1927 2887 1979 et
2934 1939 3046 1994 quo
3097 1923 3220 1977 loco
3266 1920 3577 1976 secundum
3618 1931 3816 1972 carnem

2234 2017 2488 2073 Christus
2526 2021 2693 2072 natus
2739 2016 2828 2084 sit,
2873 2016 3188 2089 explicavit.
3231 2019 3306 2070 At
3353 2030 3485 2069 vero
3527 2013 3593 2067 de
3641 2009 3821 2065 ccelesti

2233 2111 2600 2183 generatione
2666 2111 2711 2164 si
2771 2109 3000 2182 quaeris,
3063 2109 3192 2180 lege
3254 2107 3616 2179 Evangelium
3669 2100 3819 2158 sancti

2229 2205 2476 2275 Joannis,
2519 2205 2614 2276 qui
2657 2221 2692 2259 a
2727 2203 3046 2259 coelestibus
3082 2218 3319 2258 exorsus
3355 2202 3426 2257 ad
3467 2203 3682 2256 terrena
3715 2195 3819 2249 des-

2231 2299 2436 2354 cendit.
2477 2298 2594 2353 Illic
2630 2297 2883 2352 invenies
2923 2303 2980 2352 et
3015 2296 3248 2369 quando
3296 2298 3440 2362 erat,
3479 2299 3533 2348 et
3573 2288 3821 2363 quomodo

2229 2396 2371 2458 erat,
2417 2398 2473 2447 et
2517 2391 2656 2462 quid
2700 2397 2841 2459 erat,
2886 2391 3024 2462 quid
3069 2395 3296 2463 egerat,
3351 2388 3488 2460 quid
3535 2385 3742 2458 agebat,
3780 2384 3824 2435 et

2228 2487 2327 2542 ubi
2371 2491 2514 2554 erat,
2545 2492 2600 2542 et
2640 2503 2752 2558 quo
2794 2486 3030 2554 venerit,
3061 2490 3117 2540 et
3157 2483 3454 2555 quomodo
3483 2479 3704 2543 venerit,
3729 2490 3821 2547 quo

2229 2588 2485 2652 tempore
2515 2580 2750 2647 venerit,
2779 2596 2893 2652 qua
2932 2595 3100 2634 causa
3125 2578 3376 2633 venerit.
3408 2598 3434 2626 ‹‹
3467 2578 3530 2632 In
3557 2569 3820 2645 principio,

2230 2677 2436 2747 inquit,
2468 2679 2591 2730 erat
2628 2674 2874 2730 Verbum
2915 2674 3116 2744 (Joan.,
3163 2689 3200 2742 ι,
3234 2674 3318 2742 l);
3348 2693 3375 2721 »
3417 2669 3587 2724 habes
3627 2662 3822 2737 quando

2230 2773 2352 2826 erat
2383 2787 2396 2823 :
2431 2791 2456 2818 ‹‹
2486 2771 2551 2825 Et
2587 2768 2835 2823 Verbum
2862 2773 2985 2823 erat
3017 2766 3167 2838 apud
3194 2767 3414 2833 Deum;
3445 2785 3472 2813 »
3505 2761 3674 2817 habes
3703 2771 3823 2829 quo-

2229 2865 2396 2919 modo
2435 2869 2572 2918 erat.
2610 2862 2787 2917 Habes
2827 2861 3000 2916 etiam
3036 2859 3172 2932 quid
3209 2864 3337 2914 erat
3369 2875 3382 2913 :
3427 2858 3547 2911 «Et
3585 2855 3733 2918 Deus,
3759 2851 3826 2901 in-

2227 2958 2370 3030 quit,
2415 2960 2537 3012 erat
2585 2956 2849 3011 Verbum.
2884 2975 2911 3004 ››
2957 2954 3101 3018 Quid
3145 2957 3350 3024 egerat
3390 2969 3403 3006 :
3446 2972 3474 2999 ‹‹
3511 2948 3706 3006 Omnia
3742 2958 3826 3015 per

2227 3053 2416 3122 ipsum
2453 3052 2600 3105 facta
2635 3053 2769 3104 sunt
2804 3049 2988 3119 (Ibid.,
3028 3050 3098 3118 3).
3131 3070 3158 3096 ››
3197 3047 3348 3110 Quid
3392 3044 3632 3116 egebat:
3673 3039 3826 3092 «Erat

2229 3145 2327 3200 lux
2361 3161 2493 3200 vera
2532 3160 2659 3215 qua:
2695 3142 2983 3198 illuminat
3019 3157 3250 3196 omnem
3290 3139 3592 3195 hominem
3629 3132 3823 3190 venien-

2229 3244 2347 3295 tem
2391 3239 2450 3292 in
2487 3237 2640 3292 hunc
2690 3236 2972 3292 mundum
3012 3235 3202 3306 (Ibid.,
3243 3238 3321 3304 9).
3357 3253 3385 3286 ››
3423 3235 3491 3288 Et
3535 3231 3624 3285 ubi
3670 3230 3775 3282 erat
3814 3240 3824 3274 :

2235 3356 2262 3384 ‹‹
2301 3334 2364 3388 In
2408 3332 2516 3387 hoc
2557 3331 2772 3386 mundo
2816 3333 2938 3385 erat
2980 3329 3166 3399 (Ibid.,
3210 3329 3324 3399 lO).
3369 3349 3396 3378 »
3437 3328 3556 3392 Quo
3599 3319 3823 3378 venerit:

2232 3449 2259 3478 «
2302 3428 2359 3482 ln
2390 3442 2490 3482 sua
2530 3425 2763 3497 propria
2805 3424 2956 3480 venit
2995 3423 3181 3492 (Ibid.,
3214 3425 3325 3493 Η).
3363 3444 3391 3473 ››
3428 3416 3714 3486 Quomodo
3748 3428 3824 3464 ve-

2229 3522 2394 3587 nerit,
2458 3542 2483 3568 ‹‹
2529 3518 2782 3573 Verbum
2837 3534 2968 3572 caro
3026 3517 3238 3571 factum
3295 3522 3381 3572 est
3437 3513 3620 3586 (1bid.,
3679 3506 3766 3577 14).
3805 3524 3825 3550 ι)

2231 3615 2466 3680 Quando
2528 3613 2766 3680 venerit,
2832 3613 3075 3667 Joannes
3139 3610 3540 3666 testimonium
3602 3599 3828 3677 perhibet

2230 3710 2298 3765 de
2343 3709 2468 3781 ipso
2522 3707 2718 3762 dicens
2757 3723 2769 3761 :
2811 3725 2840 3758 α
2870 3705 2969 3759 Hic
3018 3709 3102 3759 est
3148 3705 3218 3759 de
3261 3721 3377 3776 quo
3417 3700 3555 3769 dixi,
3599 3696 3687 3771 qui
3727 3696 3830 3765 post

2228 3819 2320 3859 me
2355 3801 2528 3867 venit,
2570 3803 2703 3855 ante
2748 3815 2844 3854 me
2882 3799 3062 3853 factus
3101 3801 3204 3867 est,
3251 3799 3395 3870 quia
3431 3795 3589 3868 prior
3623 3806 3708 3846 me
3733 3788 3830 3842 erat

2229 3896 2412 3965 (Ibid.,
2446 3897 2553 3964 30).
2588 3915 2614 3944 »
2658 3893 2778 3957 Qua
2813 3908 2982 3946 causa
3017 3890 3256 3957 venerit,
3304 3892 3556 3945 Joannes
3595 3885 3706 3956 ipse
3741 3887 3828 3933 tes-

2228 3994 2380 4045 tatur
2420 4008 2430 4043 :
2481 3990 2674 4043 «Ecce
2719 3991 2911 4058 Agnus
2952 3985 3075 4053 Dei,
3123 4001 3252 4040 ecce
3301 3984 3402 4055 qui
3450 3981 3592 4037 tollit
3631 3978 3828 4050 peccata

2230 4083 2430 4139 mundi
2457 4082 2639 4154 (lbid.,
2669 4081 2781 4151 29).
2815 4101 2843 4129 »
2877 4079 2931 4136 Si
2960 4079 3140 4150 igitur
3167 4076 3612 4149 generationem
3640 4076 3827 4127 utram-

2229 4194 2338 4250 que
2380 4177 2774 4249 cognovimus,
2815 4180 2870 4230 et
2925 4174 3217 4245 utriusque
3267 4188 3479 4228 munus
3521 4169 3628 4239 (87)
3661 4175 3828 4221 unum,

2228 4348 2426 4406 matur,
2477 4343 2629 4409 quod
2677 4342 2819 4392 infra
2875 4355 3006 4391 mss.
3057 4345 3113 4390 et
3159 4339 3292 4390 edit.
3343 4351 3549 4403 magno
3589 4339 3828 4409 consensu

2227 4429 2342 4481 pra
2365 4429 2424 4467 se
2458 4406 2654 4478 ferant,
2685 4413 2774 4464 ille
2812 4413 2980 4464 alium
3026 4412 3193 4463 locum
3228 4413 3288 4461 in
3329 4426 3389 4461 eo
3428 4406 3716 4481 diversorio
3743 4408 3827 4481 "of

2231 4475 2433 4538 habuit.
2509 4475 2668 4537 Unde
2734 4485 3008 4547 intelligas
3076 4482 3442 4533 Ambrosium
3519 4483 3574 4531 in
3651 4475 3828 4547 Graecis

2589 4558 2636 4605 ἐν
2699 4571 2765 4625 τῷ
2835 4544 3129 4617 κατῖιλύματι
3190 4555 3481 4618 accepisse
3539 4544 3828 4625 particulae}

2229 4640 2294 4694 τῷ
2350 4641 2461 4678 non
2517 4643 2616 4693 pro
2668 4612 2922 4690 articulo,
2977 4612 3074 4678 sed
3127 4639 3224 4690 pro
3285 4612 3753 4694 demonstrativo,
3781 4612 3830 4694 ui

2231 4688 2344 4752 non
2397 4688 2535 4750 raro.
2570 4702 2733 4750 etiam
2784 4716 2814 4750 a
2869 4688 3494 4763 probatis—auctoribus
3545 4688 3828 4763 usurpatur,-

2230 4773 2378 4823 Hinc
2439 4775 2703 4835 praeterea
2767 4760 3019 4822 advertas
3083 4768 3216 4818 licet
3281 4766 3550 4818 eumdem
3608 4760 3830 4835 sanctum

2230 4832 2584 4894 Ambrosium
2615 4843 2684 4892 ab
2724 4843 2989 4907 opinione
3022 4839 3273 4900 Eusebii,
3323 4840 3592 4889 Demonst.
3637 4832 3828 4907 Ευαη9-;

2230 4915 2324 4965 lib.
2376 4927 2472 4975 vn,
2531 4928 2648 4977 cap.
2694 4904 3094 4977 5,_Epiphan.,
3133 4911 3335 4960 haeres.
3388 4909 3482 4966 20;
3534 4904 3826 4978 Hierouym1

2229 4988 2388 5051 epist.
2443 4987 2532 5047 28,
2585 4975 2656 5036 ad
2713 4975 3053 5042 Marceilam,
3105 4988 3161 5032 et
3221 4981 3465 5031 aliorum
3533 4975 3825 5051 dissentiret

2229 5037 2679 5122 quandoquidem
2713 5057 2771 5107 hi
2815 5070 3010 5108 omnes
3035 5037 3338 5105 ’Christum
3387 5066 3504 5102 non
3547 5052 3602 5100 in
3641 5037 3827 5122 stabuli)

2229 5116 2428 5181 domus
2471 5116 2804 5193 cujuspiam,
2851 5127 2950 5178 sed
3001 5127 3057 5175 in
3109 5138 3277 5176 saxea
3341 5124 3611 5193 spelunca
3665 5116 3823 5193 natu?

2227 5202 2439 5252 volunt.
2493 5184 2685 5264 Neque
2741 5184 2926 5250 tamen
2979 5198 3184 5247 desunt
3237 5196 3336 5260 qui
3371 5184 3610 5244 —doctorl
3653 5184 3826 5264 nostro

2226 5261 2655 5337 patrocinentur,
2715 5285 2854 5335 quos
2911 5269 3099 5320 videre
3153 5271 3314 5332 potes
3379 5265 3527 5330 apud
3591 5261 3821 5317 interim"

2227 5351 2386 5480 tes(87)
2440 5413 2533 5464 Sic
2580 5427 2711 5463 mss.
2763 5412 2975 5476 aliquot
3023 5410 3266 5460 melioris
3320 5412 3491 5459 notas.
3547 5403 3663 5480 Alii
3699 5408 3824 5480 pou;

2227 5461 2384 5537 nulli
2412 5461 2874 5549 pritermittunt]
2889 5483 3210 5543 dictionem,
3249 5492 3476 5549 munus,
3524 5471 3667 5549 quod
3699 5461 3823 5549 haud

2226 5544 2504 5607 dubie—in
2562 5553 2896 5619 quibusdam
2947 5548 3355 5603 recentioribus
3414 5544 3698 5599 emendare
3739 5548 3824 5587 GO-

2226 5629 2342 5680 nati
2389 5632 2519 5678 sunt
2563 5628 2659 5691 qui
2701 5629 3087 5691 reposuerunt,
3130 5629 3176 5674 et
3217 5623 3502 5686 utriusque
3542 5628 3694 5668 unam
3735 5619 3826 5691 εεξς

2225 5713 2460 5760 causam,
2509 5688 2635 5760 eté.,
2677 5688 2844 5761 quam
2889 5697 3186 5749 lectionem
3227 5697 3441 5744 secuta
3482 5693 3613 5741 sunt
3653 5688 3823 5734 omnes

2224 5771 2351 5822 edit.
