3972 6174
191 276 298 330 1649

1263 265 1724 322 ΕΧΡο81Τ1οΝ18
1763 266 1828 323 ΙΝ
1872 266 2097 322 LUCAM
2136 266 2260 322 LIB.
2304 266 2364 318 Il.

3359 271 3495 324 1650

185 408 229 456 et
271 412 481 453 causam
539 411 650 468 qua
717 394 869 450 venit
933 393 1306 462 advertimus,
1359 398 1420 448 ut
1471 395 1764 465 pereuntis
1788 398 2024 479 Asunt,
2076 398 2140 447 ut
2188 392 2435 464 propriis
2490 395 2821 458 uterentur,
2879 397 3090 464 quanto
3140 395 3320 467 magis
3385 412 3490 452 nos

181 491 350 548 mundi
387 492 603 561 peccata
650 489 983 560 suscipiens,
1025 487 1241 560 peccati
1284 487 1496 557 labem,
1539 492 1595 542 et
1637 504 1760 542 om-

180 587 310 640 nium
335 588 568 638 mortem
600 583 659 637 in
692 599 771 648 se,
803 581 900 653 qui
927 580 1074 636 vinci
1101 598 1218 635 non
1239 584 1449 651 posSet,
1473 581 1722 636 aboleret
1747 597 1759 634 :

177 693 486 748 consequens
547 679 632 729 est
701 677 761 730 ut
814 692 965 729 nunc
1017 691 1248 746 quoque
1303 680 1524 729 sanctus
1589 675 1764 728 Lucas

176 770 476 842 evangelista
518 785 622 824 nos
667 769 880 836 doceat,
927 772 986 822 et
1024 768 1140 823 vias
1181 767 1404 823 Domini
1442 768 1762 824 secundum

174 881 370 920 carnem
399 862 698 918 crescentis
735 862 1016 918 ostendat.

227 960 300 1012 41.
343 958 451 1012 Nec
499 973 841 1028 quemquam
887 972 1120 1012 movere
1175 956 1340 1012 debet
1383 956 1535 1028 quod
1575 956 1762 1011 altiori

171 1050 373 1106 consilio
401 1050 633 1105 Joannis
671 1051 975 1105 infantiam
1006 1050 1259 1105 diximus
1294 1049 1760 1121 praetermissam,

167 1145 340 1202 Christi
399 1160 531 1198 vero
594 1144 891 1198 infantiam
959 1143 1267 1198 asserimus
1326 1159 1447 1198 esse
1511 1143 1759 1214 descrip-

169 1243 260 1292 tam
285 1238 418 1309 (88);
463 1253 580 1291 non
619 1239 768 1292 enim
813 1237 1069 1292 omnium
1111 1243 1196 1292 est
1234 1237 1462 1292 dicere:
1506 1256 1535 1289 (ι
1567 1238 1762 1291 Factus

167 1348 267 1386 sum
314 1330 550 1385 inﬁrmis
598 1330 876 1400 inﬁrmus,
933 1336 995 1386 ut
1042 1330 1295 1386 inﬁrmos
1343 1329 1691 1386 lucrifaciam
1747 1351 1757 1383 :

166 1423 397 1481 omnibus
439 1424 633 1479 omnia
677 1424 854 1479 factus
893 1441 1017 1479 sum
1063 1427 1106 1495 (Ι
1146 1427 1289 1488 Cor.,
1330 1442 1406 1492 ix,
1449 1425 1564 1492 22);
1597 1446 1625 1473 η
1655 1440 1759 1478 ne-

165 1537 254 1591 que
278 1520 340 1574 de
365 1535 655 1590 quoquam
681 1519 792 1573 alio
833 1519 911 1573 ita
948 1518 1056 1573 dici
1099 1522 1299 1590 potest,
1329 1519 1461 1590 quia
1493 1538 1518 1568 «
1555 1517 1759 1572 Vulne-

165 1619 292 1667 ratus
317 1616 398 1666 est
439 1615 672 1683 propter
712 1611 1072 1683 iniquitatem
1103 1617 1377 1682 nostram,
1418 1616 1476 1666 et
1506 1611 1758 1666 inﬁrma-

167 1714 235 1760 tus
268 1711 344 1760 est
383 1709 624 1777 propter
658 1711 891 1777 peccata
930 1709 1119 1759 nostra
1151 1707 1307 1776 (Isa.,
1343 1721 1455 1772 un,
1497 1707 1567 1776 5).
1598 1728 1626 1755 ››
1667 1705 1762 1761 Ille

165 1801 310 1871 igitur
367 1799 655 1870 parvulus,
719 1799 812 1852 ille
879 1798 1191 1853 infantulus
1249 1798 1388 1866 fuit,
1439 1805 1502 1853 ut
1561 1805 1620 1854 tu
1679 1779 1838 1853 virB

166 1894 311 1963 possis
347 1909 465 1947 esse
516 1893 833 1962 perfectus;
887 1892 981 1946 ille
1023 1892 1307 1947 involutus
1339 1893 1398 1947 in
1439 1892 1663 1964 pannis,
1701 1896 1765 1947 ut

165 1991 209 2040 tu
247 1986 434 2040 mortis
484 1986 708 2057 laqueis
753 1986 826 2040 sis
873 1986 1190 2054 absolutus;
1248 1985 1341 2041 ille
1385 1986 1444 2040 in
1488 1987 1760 2058 praesepi-

161 2079 258 2145 bus,
300 2085 358 2134 ut
405 2083 466 2134 tu
517 2080 581 2134 in
625 2079 891 2134 altaribus
943 2079 1080 2149 (89);
1135 2079 1226 2134 ille
1263 2080 1319 2133 in
1369 2080 1554 2147 terris,
1599 2086 1659 2134 ut
1699 2085 1761 2134 tu

163 2173 204 2225 in
245 2173 409 2239 caelis;
462 2173 562 2228 ille
617 2173 792 2228 alium
823 2173 1014 2227 locum
1062 2173 1122 2227 in
1172 2189 1238 2228 eo
1286 2173 1590 2228 diversorio
1643 2190 1760 2228 non

162 2267 386 2334 habebat,
417 2274 478 2322 ut
519 2271 587 2321 tu
630 2267 824 2338 plures
865 2267 1111 2321 haberes
1150 2267 1210 2320 in
1251 2266 1570 2322 coelestibus
1610 2267 1758 2322 sedi-

159 2360 241 2412 bus
285 2361 633 2415 mansiones.
681 2381 709 2409 ‹‹
752 2360 860 2424 Qui
912 2377 1043 2414 cum
1100 2360 1274 2427 dives,
1324 2361 1531 2431 inquit,
1588 2365 1758 2429 esset,

159 2461 357 2524 propter
410 2471 513 2508 vos
568 2469 785 2525 pauper
837 2454 1018 2508 factus
1071 2459 1175 2521 est,
1225 2459 1290 2509 ut
1354 2453 1503 2508 illius
1565 2455 1761 2526 inopia

159 2562 232 2599 vos
271 2547 600 2603 ditaremini
649 2548 713 2619 (II
771 2549 926 2610 Cor.,
981 2563 1105 2614 vui,
1159 2547 1234 2618 9).
1289 2570 1316 2597 »
1374 2548 1558 2603 Meum
1619 2564 1758 2619 ergo

159 2644 420 2711 paupertas
458 2642 566 2695 illa
609 2640 1019 2712 patrimonium
1068 2645 1172 2707 est,
1213 2643 1270 2696 et
1306 2641 1606 2696 inﬁrmitas
1650 2643 1756 2697 Do-

159 2733 270 2786 mini
294 2749 415 2789 mea
443 2740 534 2790 est
563 2735 756 2790 virtus.
785 2733 984 2789 Maluit
1019 2734 1124 2788 sibi
1163 2750 1352 2805 egere,
1393 2739 1454 2789 ut
1491 2735 1760 2789 omnibus

159 2825 459 2883 abundaret.
518 2829 609 2882 Me
666 2828 815 2882 illius
872 2828 1126 2882 infantia:
1181 2827 1460 2899 vagientis
1517 2828 1760 2884 abluunt

157 2919 309 2986 ﬂetus,
357 2938 486 2976 mea
557 2922 821 2992 lacrymae
877 2921 992 2976 illae
1044 2921 1243 2976 delicta
1291 2923 1572 2978 laverunt.
1627 2923 1758 2978 Plus

156 3015 313 3084 igitur,
374 3015 624 3070 Domine
687 3016 838 3083 Jesu,
892 3015 1118 3086 injuriis
1183 3016 1293 3070 tuis
1357 3016 1540 3071 debeo
1605 3017 1758 3087 quod

159 3107 448 3180 redemptus
515 3124 686 3175 sum,
755 3125 925 3179 quam
991 3109 1259 3180 operibus
1323 3110 1474 3180 quod
1534 3115 1758 3165 creatus

158 3217 276 3256 sum.
328 3204 449 3258 Non
498 3201 809 3274 prodesset
859 3202 1031 3269 nasci,
1089 3203 1195 3256 nisi
1253 3202 1457 3258 redimi
1509 3204 1752 3274 profuis-

157 3298 236 3347 set.

211 3389 282 3442 l2.
330 3389 436 3445 Sed
497 3404 680 3443 nemo
745 3388 894 3443 intra
962 3404 1127 3442 usum
1192 3390 1441 3461 corporis
1508 3390 1753 3445 formam

161 3496 349 3536 omnem
375 3482 696 3538 divinitatis
731 3481 1004 3537 includat.
1034 3482 1156 3536 Alia
1196 3488 1401 3537 natura
1436 3483 1620 3538 carnis
1648 3489 1752 3551 est,

158 3575 240 3629 alia
263 3576 576 3632 divinitatis
615 3576 809 3647 gloria.
852 3577 1092 3647 Propter
1133 3580 1189 3631 te
1237 3576 1559 3644 inﬁrmitas,
1597 3577 1656 3631 in
1695 3595 1756 3634 se

159 3671 402 3740 potentia;
448 3675 691 3742 propter
729 3675 783 3724 te
826 3669 1038 3740 inopia,
1083 3669 1142 3724 in
1185 3687 1245 3725 se
1287 3671 1598 3742 opulentia.
1632 3671 1754 3726 Noli

160 3761 238 3816 hoc
259 3765 540 3820 aestimare
573 3763 726 3835 quod
755 3763 964 3831 cernis,
993 3764 1091 3818 sed
1132 3765 1284 3837 quod
1311 3763 1568 3837 1296
1600 3765 1750 3820 redi-

159 3857 311 3923 meris,
356 3872 632 3930 agnosce.
682 3857 825 3921 Quia
867 3857 925 3911 in
970 3857 1174 3928 pannis
1229 3863 1331 3925 est,
1385 3858 1568 3926 vides;
1623 3857 1755 3928 quia

159 3947 199 4002 in
242 3952 376 4006 caelis
421 3956 530 4021 est,
580 3966 697 4004 non
753 3950 907 4004 vides
951 3969 965 4005 :
1017 3951 1249 4006 infantis
1297 3951 1457 4006 audis
1510 3952 1752 4023 vagitus,

160 4059 247 4096 non
279 4046 434 4100 audis
477 4045 646 4100 bovis
694 4045 1005 4099 Dominum
1051 4046 1416 4117 agnoscentis
1455 4045 1750 4118 mugitus:

159 4159 177 4182 ί(
211 4139 429 4208 Agnovit
479 4138 642 4193 enim
691 4139 792 4192 bos
837 4155 1218 4210 possessorem
1265 4157 1449 4208 suum,
1496 4143 1553 4195 et
1595 4138 1756 4193 asina

160 4246 370 4305 praesepe
413 4232 642 4289 domini
687 4233 773 4287 sui
819 4233 974 4302 (Isa.,
1016 4250 1052 4300 ι,
1089 4235 1168 4304 3);
1207 4254 1233 4283 ››
1279 4233 1396 4288 imo
1434 4234 1755 4304 prasepium

164 4323 386 4394 dixerim,
435 4328 589 4382 sicut
637 4326 861 4398 scripsit
903 4327 1002 4398 qui
1045 4327 1360 4394 transtulit;
1408 4327 1550 4381 nihil
1601 4326 1753 4381 enim

162 4420 282 4487 apud
309 4438 393 4476 me
423 4423 600 4477 distat
627 4420 682 4474 in
710 4419 900 4490 verbo,
936 4421 1090 4492 quod
1117 4437 1234 4476 non
1273 4420 1440 4476 distat
1467 4421 1526 4474 in
1559 4438 1747 4476 sensu.

1864 486 2158 558 negligere
2197 485 2368 540 verba
2409 485 2704 556 debemus,
2742 489 2995 557 spectare
3032 488 3321 558 mysteria,
3365 489 3488 561 qui-

1863 581 1969 636 bus
1998 580 2170 634 vincit
2209 580 2488 635 sermonis
2521 580 2726 647 vilitas,
2756 580 2912 652 quod
2951 597 3191 651 operum
3222 581 3493 638 miracula

1864 673 2182 730 divinorum
2242 673 2411 728 nullis
2468 676 2762 728 venustata
2812 673 3190 742 sermonibus,
3247 675 3494 730 veritatis

1865 785 1979 822 sua:
2044 767 2262 822 lumine
2319 767 2701 822 refulserunt?
2755 766 3009 837 Denique
3071 765 3289 821 asinam
3337 767 3495 824 illam

1867 860 2316 915 irrationabilem
2396 876 2509 914 non
2581 859 2710 915 fuco
2782 859 3114 914 deliciarum
3189 860 3338 932 (90),
3406 863 3494 916 vel

1865 971 2028 1008 succo
2081 953 2351 1008 naturalis
2399 953 2685 1008 alimoniae
2756 952 3034 1024 praesepia
3085 959 3276 1009 sancta
3325 971 3491 1026 pave-

1865 1052 2019 1102 runt.

1934 1143 2023 1196 43.
2070 1141 2167 1196 Hic
2213 1144 2298 1196 est
2349 1141 2646 1208 Dominus,
2696 1141 2806 1197 hoc
2850 1159 3123 1214 praesepe,
3171 1159 3286 1215 quo
3331 1144 3496 1199 nobis

1865 1234 2122 1289 divinum
2174 1234 2506 1306 mysterium
2554 1234 2861 1290 revelatum
2903 1240 3032 1290 est:
3076 1235 3495 1292 irrationabiles

1864 1331 2081 1400 gentes,
2140 1329 2426 1400 pecudum
2481 1328 2628 1383 intra
2680 1329 2956 1401 praesepia
3009 1346 3171 1385 more
3224 1330 3491 1397 viventes,

1863 1422 2149 1477 alimonia:
2192 1439 2361 1477 sacra:
2407 1422 2663 1477 ubertate
2707 1423 3040 1493 pascendas.
3069 1424 3314 1494 Agnovit
3355 1440 3492 1496 ergo

1864 1516 2040 1585 asina,
2071 1517 2284 1587 species
2319 1515 2532 1571 scilicet
2560 1520 2616 1572 et
2653 1517 2834 1571 forma
2872 1517 3202 1588 gentilium,
3233 1534 3490 1589 praesepe

1863 1610 2079 1665 domini
2107 1610 2212 1664 sui.
2249 1612 2314 1664 Et
2339 1610 2466 1665 ideo
2497 1610 2632 1665 dicit
2661 1627 2674 1664 :
2713 1632 2740 1659 «
2768 1610 3040 1666 Dominus
3077 1610 3257 1684 pascit
3291 1628 3404 1679 me,
3436 1617 3494 1666 et

1862 1703 2002 1758 nihil
2031 1703 2173 1758 mihi
2213 1703 2396 1758 deerit
2433 1705 2600 1775 (Psal.
2639 1720 2770 1774 χχιι,
2816 1705 2886 1774 1).
2919 1724 2947 1755 ››
2983 1708 3065 1759 An
3114 1705 3492 1760 mediocribus

1863 1797 2041 1868 signis
2103 1798 2248 1852 Deus
2312 1797 2605 1869 probatur,
2661 1797 2817 1870 quod
2885 1798 3070 1869 angeli
3139 1797 3490 1867 ministrant,

1863 1891 2013 1962 quod
2058 1891 2215 1963 magi
2271 1891 2533 1959 adorant,
2581 1892 2734 1964 quod
2786 1895 3069 1963 martyres
3115 1893 3492 1948 conﬁtentur?

1862 1987 1943 2040 Ex
1982 1989 2142 2040 utero
2186 1985 2464 2055 funditur,
2497 1986 2598 2041 sed
2639 1990 2896 2041 coruscat
2934 2003 2964 2040 e
3007 1987 3142 2042 coelo
3187 1986 3324 2056 (9i);
3375 1989 3490 2040 ter-

1861 2095 2003 2134 reno
2032 2080 2092 2134 in
2137 2079 2444 2134 diversorio
2481 2081 2651 2151 jacet,
2687 2081 2782 2135 sed
2822 2080 3030 2135 cmlesti
3069 2080 3284 2135 lumine
3319 2079 3487 2152 viget.

1862 2173 2049 2244 Nupta
2092 2173 2336 2245 peperit,
2387 2174 2480 2229 sed
2531 2174 2692 2245 virgo
2732 2175 3022 2245 concepit;
3077 2179 3254 2246 nupta
3291 2190 3487 2230 conce-

1863 2266 1963 2337 pit,
1993 2267 2090 2321 sed
2119 2267 2280 2338 virgo
2327 2267 2633 2340 generavit.
2679 2267 2878 2322 Docuit
2920 2269 3078 2322 enim
3117 2285 3221 2323 nos
3263 2273 3491 2322 sanctus

1860 2361 2156 2416 Matthaaus
2205 2378 2320 2416 non
2376 2361 2661 2416 mediocre
2712 2362 3068 2432 mysterium,
3125 2363 3275 2432 quod
3333 2378 3492 2416 sanc-

1861 2457 1951 2508 tus
2008 2455 2213 2522 Lucas,
2266 2455 2398 2526 quia
2450 2456 2618 2525 plene
2667 2455 2790 2525 jam
2846 2460 2968 2510 erat
3015 2456 3360 2526 expositum,
3415 2455 3486 2509 si-

1861 2548 2091 2602 lendum
2147 2548 2383 2619 putavit,
2438 2548 2576 2602 satis
2630 2565 2690 2602 se
2755 2546 2985 2603 divitem
3052 2548 3171 2603 fore
3228 2548 3485 2615 credens,

1861 2643 1906 2695 si
1969 2657 2223 2713 praesepe
2289 2642 2516 2696 Domini
2582 2641 2687 2697 sibi
2754 2659 2822 2698 ex
2884 2641 3149 2697 omnibus
3213 2641 3484 2697 vindicas-

1861 2739 1964 2790 set.

1930 2830 2018 2884 44.
2067 2830 2241 2884 Istum
2291 2828 2468 2900 igitur
2515 2830 2834 2900 parvulum,
2884 2844 3055 2900 quem
3094 2835 3156 2884 tu
3199 2831 3360 2901 quasi
3407 2831 3486 2884 vi-

1860 2923 1994 2990 lem,
2043 2922 2142 2993 qui
2187 2921 2430 2977 inﬁdelis
2477 2938 2556 2990 es,
2602 2923 2910 2991 arbitraris,
2955 2923 3098 2993 Magi
3142 2939 3211 2977 ex
3257 2922 3486 2978 Oriente

1860 3016 2166 3086 venientes,
2213 3021 2332 3070 tam
2378 3017 2554 3087 longo
2597 3017 2780 3087 spatio
2824 3020 3158 3088 sequuntur,
3205 3021 3261 3071 et
3300 3017 3484 3087 proci-

1860 3111 2058 3166 dentes
2108 3109 2367 3177 adorant,
2411 3116 2468 3164 et
2510 3127 2706 3181 regem
2753 3109 3067 3181 appellant,
3111 3113 3170 3165 et
3214 3127 3489 3165 resurrec~

1860 3210 2051 3260 turum
2083 3204 2354 3272 fatentur,
2386 3203 2689 3260 oﬁ‘erentes
2710 3204 2780 3259 de
2806 3203 3089 3259 thesauris
3115 3204 3229 3258 suis
3259 3221 3488 3272 aurum,

1858 3299 2010 3368 thus,
2046 3303 2103 3353 et
2133 3298 2425 3370 myrrham
2455 3299 2698 3370 (Matth.,
2731 3315 2787 3366 ιι,
2821 3301 2839 3353 1
2877 3301 3033 3368 seq.).
3064 3299 3200 3362 Quae
3227 3301 3358 3352 sunt
3385 3298 3490 3352 ista

1858 3409 2007 3447 verae
2035 3393 2166 3448 ﬁdei
2193 3394 2474 3447 munera?
2501 3396 2712 3448 Aurum
2741 3392 2886 3462 regi,
2921 3392 3052 3446 thus
3083 3392 3218 3458 Deo,
3252 3391 3489 3462 myrrha

1861 3486 2160 3554 defuncto;
2198 3486 2350 3540 aliud
2387 3485 2543 3540 enim
2592 3486 2742 3556 regis
2785 3485 3032 3556 insigne,
3080 3485 3234 3539 aliud
3282 3485 3488 3541 divina

1860 3578 2196 3634 sacriﬁcium
2238 3578 2534 3650 potestatis
2563 3578 2702 3649 (92);
2745 3578 2901 3632 aliud
2943 3577 3132 3633 honor
3175 3583 3260 3633 est
3296 3580 3487 3650 sepul-

1858 3678 2020 3742 turae,
2077 3689 2205 3744 quae
2259 3689 2375 3727 non
2431 3677 2764 3744 corrumpat
2823 3688 3028 3742 corpus
3089 3673 3324 3740 mortui,
3389 3674 3487 3728 sed

1860 3771 2126 3822 reservet.
2157 3767 2267 3820 Nos
2302 3781 2528 3837 quoque
2568 3765 2666 3836 qui
2695 3765 2813 3820 haac
2845 3765 3107 3819 audimus
3134 3769 3191 3818 et
3220 3765 3485 3836 legimus,

1861 3864 1918 3914 et
1946 3859 2221 3915 thesauris
2259 3858 2465 3914 nostris
2502 3859 2653 3925 talia,
2692 3859 2915 3925 fratres,
2954 3873 3194 3912 munera
3231 3858 3482 3927 profera-

1857 3971 1984 4009 mus
2022 3971 2034 4008 :
2091 3953 2426 4008 «Habemus
2474 3952 2628 4007 enim
2672 3951 3002 4006 thesaurum
3050 3951 3108 4005 in
3157 3949 3303 4005 vasis
3339 3950 3482 4004 ﬁcti-

1855 4047 1998 4102 libus
2049 4048 2109 4118 (II
2159 4051 2300 4109 Cor.,
2352 4063 2423 4114 IV,
2475 4044 2547 4118 7).
2590 4066 2618 4094 ››
2675 4045 2729 4100 Si
2774 4045 2949 4115 igitur
2995 4045 3053 4099 in
3098 4045 3281 4115 teipso
3331 4044 3482 4116 quod

1854 4158 1933 4208 es,
1981 4157 2097 4196 non
2146 4158 2217 4195 ex
2271 4143 2324 4195 te
2379 4139 2550 4194 debes
2597 4138 2903 4207 aestimare,
2949 4139 3048 4193 sed
3094 4154 3160 4194 ex
3204 4138 3427 4194 Christo
3469 4155 3480 4192 :

1853 4237 2063 4306 quanto
2103 4233 2284 4306 magis
2321 4233 2377 4288 in
2413 4233 2632 4288 Christo
2671 4249 2790 4287 non
2820 4236 2920 4287 tua
2964 4232 3134 4289 debes
3177 4232 3486 4299 aestimare,

1854 4328 1954 4383 sed
1982 4327 2209 4385 Christi.

1923 4425 2010 4478 45.
2040 4424 2189 4494 Ergo
2218 4422 2362 4493 Magi
2389 4422 2458 4476 de
2491 4421 2767 4476 thesauris
2794 4421 2909 4475 suis
2939 4420 3186 4474 offerunt
3221 4436 3483 4475 munera.

159 4510 264 4567 κείω
291 4517 332 4568 si
357 4518 556 4570 orator
584 4514 811 4568 illorum
836 4513 1166 4585 (Demosth.,
1192 4515 1344 4570 Orat.
1368 4531 1472 4585 pro
1498 4516 1747 4586 Ctesiph.)
1771 4517 1830 4588 D
1853 4517 2028 4572 Vultis
2060 4517 2201 4572 scire
2233 4532 2404 4588 quam
2441 4515 2660 4570 bonum
2700 4515 2972 4569 meritum
3000 4512 3291 4568 habeant?
3317 4512 3484 4568 Stella

160 4606 233 4674 qui
268 4609 527 4679 phaleras
570 4624 903 4664 sermonum
947 4611 1286 4679 sequuntur,
1333 4613 1503 4680 neget
1544 4609 1604 4663 in
1648 4609 1754 4664 hoc

161 4700 331 4766 positas
387 4719 510 4759 esse
570 4703 822 4757 fortunas
867 4702 1117 4771 Graeciae,
1163 4702 1271 4756 hoc
1325 4719 1398 4756 an
1444 4703 1540 4757 illo
1585 4703 1753 4758 verbo

164 4806 264 4846 usus
285 4796 381 4865 sit;
417 4797 516 4852 sed
565 4813 689 4851 rem
732 4795 1096 4868 spectandam
1138 4799 1306 4867 putat
1340 4813 1353 4850 :
1395 4797 1442 4850 si
1479 4797 1589 4868 ipsi
1625 4796 1752 4867 phi-

164 4883 344 4959 losophi
369 4907 572 4946 eorum
600 4890 698 4963 qui
743 4893 894 4945 totos
939 4890 1055 4945 dies
1094 4890 1153 4944 in
1195 4889 1584 4961 disputatione
1620 4907 1751 4945 con-

164 4989 375 5051 sumunt,
417 4986 613 5040 minus
652 4984 864 5039 Latinis
903 4988 959 5039 et
997 4983 1236 5054 receptis
1279 4984 1362 5038 usi
1403 4984 1755 5040 sermonibus

168 5187 178 5228 1
211 5117 292 5177 (88)
316 5119 468 5170 Rom.
493 5119 649 5181 edit.,
681 5119 878 5170 Christi
917 5132 1041 5170 vero
1083 5124 1324 5183 oportere
1366 5133 1472 5170 esse
1513 5118 1756 5183 descrip—

181 5197 261 5228 am-

181 5197 262 5236 am.

216 5258 312 5321 (89)·
340 5263 396 5312 Ut
440 5269 497 5312 tu
541 5263 596 5312 in
646 5261 935 5320 altaribus,
980 5277 1183 5328 nempe
1234 5263 1304 5314 ad
1359 5262 1752 5327 accipiendum

172 5331 376 5392 corporis
411 5334 691 5384 Dominici
729 5338 1157 5385 sacramentum.
1201 5334 1325 5396 Quo
1372 5334 1512 5384 illud
1560 5333 1756 5384 simili-

176 5398 233 5469 ter
276 5404 527 5465 pertinet,
583 5404 733 5469 quod
788 5404 884 5455 lib.
941 5407 1016 5455 De
1059 5405 1202 5464 lnit.,
1250 5418 1370 5469 cap.
1425 5406 1482 5466 8,
1533 5404 1754 5466 dicitur,

177 5466 240 5517 His
285 5471 458 5524 abluta
508 5466 749 5538 plebs..."
806 5475 1070 5526 contendit
1125 5477 1198 5527 ad
1246 5466 1468 5527 altaria.
1519 5475 1591 5526 Et
1644 5489 1755 5526 non

179 5539 314 5611 “tullo
365 5551 503 5608 post,
566 5548 711 5596 Venit
764 5547 960 5611 igitur,
1008 5552 1056 5597 ct
1115 5548 1300 5598 videns
1356 5552 1758 5599 sacrosanctum

185 5607 315 5682 altare
355 5607 704 5678 compositum.
756 5607 863 5669 [ibi
907 5618 1067 5682 plura
1109 5619 1334 5670 dicendi
1377 5618 1444 5668 de
1491 5620 1602 5669 ritu
1644 5633 1756 5684 quo

189 5685 406 5758 m_p_risca
438 5688 684 5740 Ecclesia
723 5690 1136 5741 divinissimum
1171 5690 1310 5741 illud
1345 5695 1756 5741 sacramentum

190 5754 563 5834 mipistrahatur,
589 5762 745 5834 locus
770 5762 876 5812 erit
903 5763 1279 5826 opportunior.

237 5823 310 5886 ἔθα)
349 5827 570 5886 Cuncta
611 5833 741 5890 edit.
792 5847 858 5889 ac
899 5823 1031 5888 mss.
1077 5847 1189 5888 non
1231 5833 1414 5902 pauci,
1456 5845 1566 5886 non
1605 5845 1758 5886 succo

1854 4612 1924 4666 ab
1964 4612 2052 4666 his
2097 4611 2340 4677 videtur,
2385 4613 2441 4664 et
2489 4607 2584 4662 ubi
2624 4607 2870 4662 Herodes
2911 4611 3015 4676 est,
3057 4623 3171 4661 non
3211 4605 3482 4662 videtur:

1853 4706 1953 4760 ubi
1984 4705 2234 4760 Christus
2267 4709 2350 4758 est
2385 4717 2581 4757 rursus
2622 4699 2864 4769 videtur,
2901 4705 2957 4756 et
3000 4700 3148 4754 viam
3184 4704 3483 4755 monstrat.

1856 4801 2004 4870 Ergo
2050 4798 2207 4852 stella
2251 4797 2373 4850 haec
2411 4796 2502 4849 via
2537 4800 2642 4862 est,
2680 4797 2739 4848 et
2775 4794 2866 4848 via
2903 4793 3163 4868 129⁸7
3210 4795 3484 4858 Christus,

1857 4891 1992 4964 quia
2030 4890 2344 4946 secundum
2387 4887 2805 4944 [ncarnationis
2849 4888 3184 4959 mysterium
3231 4884 3484 4942 Christus

1855 4989 1939 5042 est
1986 4985 2147 5040 stella
2199 5001 2211 5038 :
2275 5004 2301 5031 «
2341 4983 2570 5038 Orietur
2625 4981 2822 5055 (enim)
2877 4983 3030 5038 stella
3075 4999 3143 5036 ex
3190 4981 3382 5048 Iacob,
3429 4983 3486 5034 et

1855 5121 2185 5172 deliciarum.
2219 5118 2355 5170 Cod.
2389 5131 2520 5169 vero
2544 5118 2789 5169 melioris
2815 5117 2939 5180 avi,
2966 5128 3073 5166 non
3107 5115 3226 5178 fuco
3259 5112 3486 5164 delicia-

1857 5205 1997 5253 rum,
2022 5190 2076 5240 id
2114 5193 2218 5252 est,
2254 5189 2508 5240 laute‘ac
2547 5190 2773 5254 opipare
2812 5187 3048 5240 conditis
3081 5185 3238 5237 cibis.
3276 5183 3486 5246 Quidni

1856 5264 2005 5316 enim
2039 5261 2305 5313 delicatas
2349 5262 2474 5312 illas
2513 5261 2798 5326 cupedias,
2841 5260 3095 5312 ciborum
3138 5258 3328 5308 fucum
3373 5269 3485 5305 non

1856 5336 2021 5386 liceat
2044 5333 2319 5398 appellare
2338 5334 2366 5381 ?

1921 5405 2015 5470 (91)
2040 5405 2208 5466 Edit.,
2234 5405 2324 5455 sed
2353 5403 2542 5455 caelesti
2568 5402 2764 5453 lumine
2787 5399 2965 5465 fulget.

1920 5467 2013 5539 (92)
2055 5477 2263 5528 Omnes
2301 5475 2454 5537 edit.,
2498 5477 2890 5525 sacramentum
2927 5475 3001 5521 est
3032 5467 3334 5533 potestatis;
3368 5480 3486 5539 om-

1857 5537 1957 5601 nes
1978 5537 2132 5608 mss,
2159 5547 2477 5610 sacriﬁcium
2506 5544 2794 5610 potestatis.
2827 5543 3137 5605 Utrumque
3172 5537 3484 5590 commode.

1859 5619 2138 5672 Cmterum
2164 5619 2399 5683 mystica
2435 5617 2529 5668 illa
2569 5627 2866 5667 munerum
2906 5628 2937 5664 a
2976 5611 3151 5683 magis
3194 5611 3487 5661 allatorum

1857 5682 2233 5755 interpretatio
2277 5689 2567 5741 decantata
2616 5687 2721 5736 fuit
2769 5700 2800 5735 a
2843 5688 2924 5735 tot
2964 5682 3237 5745 Patribus,
3275 5686 3336 5732 ut
3373 5695 3488 5734 non

1857 5764 2110 5816 videatur
2129 5764 2187 5814 in
2214 5762 2281 5814 iis
2309 5759 2666 5814 recensendis
2694 5757 3120 5814 immorandum.
