3926 6168
538 241 663 293 1651

2007 238 2062 292 S.
2104 236 2419 291 AMBROSII

3694 244 3797 298 1652

535 366 797 430 exsurget
825 362 998 415 homo
1027 378 1091 413 ex
1120 360 1286 414 Israel
1313 360 1522 431 (Num,
1548 376 1689 425 xxxv,
1718 361 1825 427 l7).
1854 382 1879 409 ››
1909 360 2161 429 Denique
2184 371 2240 442 Α
2263 360 2562 414 tummodo
2605 359 2993 414 credidissent.
3035 360 3232 430 Magus
3275 374 3407 429 ergo
3442 359 3680 430 intelligit
3708 380 3807 417 suas

536 454 631 508 ubi
673 455 945 521 Christus,
1000 460 1053 508 et
1107 455 1266 508 stella
1317 458 1431 521 est;
1489 454 1607 524 ipse
1665 454 1822 507 enim
1875 460 1958 507 est
2001 454 2161 507 stella

534 548 833 619 splendida
885 552 941 602 et
993 547 1290 603 matutina.
1345 550 1453 603 Sua
1504 548 1679 618 igitur
1728 548 1847 619 ipse
1912 549 2036 601 luce
2100 564 2159 600 se

536 641 746 712 signat.

606 737 695 791 46.
746 735 947 805 Accipe
1003 736 1154 790 aliud
1210 736 1644 790 documentum.
1708 735 1829 789 Alia
1887 739 2162 790 venerunt

534 829 625 882 via
664 830 839 899 magi,
881 830 992 883 alia
1028 830 1297 897 redeunt;
1346 830 1444 899 qui
1488 830 1641 883 enim
1685 829 1971 884 Christum
2013 828 2161 882 vide—

535 926 700 988 rant,
766 923 1053 978 Christum
1130 924 1555 990 intellexerant,
1620 922 1886 977 meliores
1959 923 2159 993 utique

538 1034 713 1087 quam
765 1023 1069 1083 venerant,
1126 1019 1504 1071 revertuntur.
1566 1017 1697 1070 Duae
1759 1016 1971 1086 quippe
2033 1021 2161 1070 sunt

536 1110 640 1165 viai
675 1128 686 1164 :
719 1128 830 1165 una
871 1128 995 1182 qua:
1033 1111 1187 1166 ducit
1225 1111 1295 1164 ad
1334 1110 1645 1177 interitum,
1686 1110 1867 1163 altera
1896 1126 2025 1180 quin
2054 1109 2157 1163 du-

537 1203 614 1258 cit
665 1206 734 1257 ad
788 1220 1065 1273 regnum;
1123 1205 1218 1257 illa
1261 1209 1622 1273 peccatorum
1676 1209 1779 1271 est,
1827 1220 1954 1273 quin
2008 1202 2163 1256 ducit

536 1298 606 1352 ad
652 1299 959 1366 Herodem,
1012 1299 1133 1351 haec
1179 1298 1269 1351 via
1313 1297 1565 1353 Christus
1629 1302 1731 1365 est,
1782 1314 1891 1367 qua
1946 1296 2162 1351 reditur

537 1391 609 1444 ad
658 1392 897 1461 patriam
950 1408 962 1444 :
1018 1392 1108 1445 hic
1158 1390 1314 1444 enim
1370 1391 1693 1461 temporalis
1739 1393 1824 1445 est
1864 1391 2157 1457 incolatus,

538 1485 679 1539 Sicut
734 1484 1005 1555 scriptum
1064 1490 1147 1539 est
1207 1508 1215 1537 :
1269 1508 1293 1534 ‹‹
1352 1485 1584 1540 Multum
1642 1485 1826 1539 incola
1881 1486 2030 1538 facta
2078 1488 2163 1539 est

537 1578 726 1632 anima
779 1595 907 1632 mea
961 1579 1128 1647 (Psul.
1197 1594 1357 1646 crux,
1411 1580 1482 1647 6).
1540 1601 1565 1627 ››
1625 1578 1932 1632 Caveamus
1983 1578 2162 1647 igitur

534 1671 813 1726 Herodem
845 1672 1151 1727 mundana:
1194 1673 1263 1726 ad
1311 1679 1534 1742 tempus
1577 1671 1881 1742 praesulem
1911 1674 2157 1741 potesta-

518 1764 625 1830 ‘tis,
657 1769 722 1819 ut
747 1765 946 1835 patria:
973 1765 1215 1819 caelestis
1246 1769 1523 1819 aeternum
1552 1781 1971 1835 consequamur
2004 1763 2162 1818 habi-

534 1858 812 1913 taculum.

606 1952 695 2006 47.
749 1953 868 2005 Non
920 1952 1113 2006 electis
1168 1955 1387 2006 tantum
1438 1952 1673 2023 praemia
1725 1952 1831 2007 ista
1880 1951 2163 2023 proposita

534 2049 685 2110 sunt,
744 2046 843 2099 sed
892 2046 1064 2100 etiam
1120 2046 1407 2114 omnibus,
1462 2046 1732 2117 quoniam
1785 2066 1812 2097 ι(
1856 2046 2062 2100 Omnia
2107 2052 2161 2100 et

534 2138 593 2191 in
622 2139 888 2193 omnibus
926 2140 1180 2193 Christus
1211 2142 1446 2209 (001033.,
1483 2157 1560 2206 ni,
1608 2141 1712 2209 11).
1744 2162 1771 2189 ››
1804 2139 1964 2193 Vides
2007 2140 2163 2195 enim

536 2232 669 2301 quia
706 2248 819 2285 non
859 2233 1058 2299 otiose,
1091 2233 1175 2286 vel
1219 2233 1287 2286 de
1324 2233 1621 2298 Chaldmis,
1651 2233 1749 2304 qui
1780 2233 2077 2303 peritiores
2102 2232 2161 2287 in

534 2325 791 2380 numeris
840 2326 1155 2392 habentur,
1205 2327 1484 2381 Abraham
1544 2328 1656 2380 Deo
1715 2326 1954 2380 credidit
2006 2346 2017 2379 :
2074 2327 2163 2381 vel

532 2420 706 2487 magi,
742 2420 838 2489 qui
878 2419 1009 2474 licet
1045 2420 1279 2489 magicis
1314 2419 1526 2473 artibus
1568 2420 1698 2490 (93),
1735 2437 1863 2473 cum
1904 2420 2157 2473 reconci~

530 2513 739 2566 liandae
784 2512 889 2566 sibi
930 2513 1215 2567 Divinitati
1262 2513 1511 2567 studium
1560 2513 1924 2583 impendunt,
1973 2518 2160 2567 ortum

531 2606 593 2660 in
627 2607 790 2660 terris
821 2607 1043 2661 Domini
1074 2607 1470 2674 crediderunt;
1503 2624 1638 2672 non,
1668 2608 1926 2677 inquam,
1960 2606 2157 2669 otiose.

534 2700 633 2754 sed
685 2704 749 2753 ut
799 2718 861 2753 ex
915 2700 1250 2754 adversariis
1296 2701 1558 2769 gentibus
1608 2705 1817 2754 sanctae
1872 2700 2163 2772 religionis

531 2794 923 2848 testimonium
973 2799 1320 2862 sumeretur,
1369 2798 1425 2849 et
1481 2793 1653 2848 divini
1702 2795 1919 2849 timoris
1969 2811 2158 2849 exem-

530 2888 713 2959 plum.

603 2983 691 3035 48.
738 2982 847 3037 Sed
893 2988 1083 3036 tamen
1124 2980 1219 3051 qui
1269 2987 1402 3036 sunt
1448 2981 1535 3035 isti
1576 2980 1748 3052 magi,
1792 2982 1900 3035 nisi
1936 2983 2055 3053 qui,
2098 2986 2163 3036 ut

530 3074 761 3131 historia
806 3075 1066 3144 quaedam
1114 3074 1291 3141 docet,
1341 3092 1375 3129 a
1426 3076 1648 3129 Balaam
1697 3091 1876 3145 genus
1924 3074 2156 3144 ducunt,

531 3185 565 3221 a
592 3184 706 3237 quo
734 3167 1139 3237 prophetatum
1165 3173 1250 3222 est
1273 3184 1286 3221 :
1314 3189 1341 3216 ‹‹
1365 3168 1592 3223 Orietur
1618 3168 1781 3221 stella
1803 3184 1868 3221 ex
1897 3168 2105 3221 Jacob?
2129 3188 2155 3219 ››

530 3262 629 3317 Isti
659 3276 794 3330 ergo
823 3264 957 3314 sunt
992 3277 1108 3315 non
1151 3261 1342 3314 minus
1383 3261 1529 3323 ﬁdei,
1576 3278 1747 3331 quam
1794 3262 2159 3315 successionis

532 3355 812 3409 haeredes.
844 3354 935 3407 llle
978 3354 1195 3408 stellam
1240 3354 1379 3408 vidit
1418 3354 1476 3408 in
1521 3354 1739 3423 spiritu,
1771 3353 1859 3408 isti
1899 3355 2161 3409 viderunt

534 3447 729 3513 oculis,
787 3453 843 3501 et
893 3447 1274 3502 crediderunt.
1330 3448 1607 3502 Viderunt
1656 3464 1861 3501 novam
1913 3449 2156 3515 stellam,

533 3558 663 3612 quas
712 3558 831 3595 non
887 3544 1009 3595 erat
1057 3541 1175 3596 visa
1227 3559 1257 3595 a
1312 3547 1567 3596 creatura
1622 3542 1845 3596 mundi.
1891 3542 2160 3596 Viderunt

534 3651 737 3690 novam
790 3640 1147 3700 creaturam,
1204 3641 1259 3689 et
1309 3652 1421 3690 non
1477 3635 1662 3689 solum
1722 3636 1779 3689 in
1832 3641 2004 3703 terra,
2062 3636 2158 3690 sed

535 3729 709 3784 etiam
746 3728 804 3783 in
845 3728 984 3783 ccelo
1029 3729 1271 3797 gratiam
1312 3728 1442 3783 novi
1479 3728 1731 3783 hominis
1770 3729 2157 3800 requirebant,

532 3823 845 3877 secundum
893 3822 1043 3893 quod
1102 3823 1317 3893 Moyses
1378 3823 1710 3893 prophetice
1764 3824 1977 3893 posuit,
2027 3824 2161 3893 quia

532 3938 562 3965 «
603 3917 827 3971 Orietur
880 3917 1037 3970 stella
1083 3932 1153 3969 ex
1206 3916 1395 3982 Jacob,
1442 3919 1498 3970 et
1550 3923 1819 3987 exsurget
1868 3917 2042 3970 homo
2090 3932 2160 3971 ex

531 4011 719 4066 Israel.
761 4031 788 4057 υ
839 4012 904 4065 Et
947 4015 1338 4079 cognoverunt
1387 4010 1532 4064 hanc
1581 4028 1700 4064 esse
1750 4011 1990 4079 stellam,
2032 4027 2159 4080 quia

532 4103 819 4157 hominem
866 4105 1159 4171 Deumque
1205 4103 1505 4173 significat.
1545 4103 1939 4159 Adoraverunt
1965 4122 2162 4176 parvu-

531 4195 655 4250 lum
702 4212 715 4249 :
770 4195 963 4267 utique
1011 4211 1129 4250 non
1180 4196 1531 4263 adorassent,
1588 4197 1631 4250 si
1682 4200 1980 4267 parvulum
2033 4206 2156 4254 tan-

596 4375 694 4437 (93)
735 4374 882 4424 Edit.
933 4385 1146 4433 omnes,
1198 4386 1265 4423 ac
1306 4374 1480 4435 major
1522 4386 1789 4423 numerus
1834 4390 1988 4437 mss.,
2034 4391 2158 4428 ma-

531 4446 657 4509 gicis
698 4445 904 4494 artibus
948 4444 1292 4495 concilianda:
1325 4445 1428 4494 sibi
1471 4444 1783 4495 divinitatis.
1826 4447 1983 4497 Rom.
2026 4449 2154 4499 edit.

529 4517 820 4567 divinitati.
854 4516 987 4566 Cod.
1020 4530 1148 4565 vero
1183 4515 1368 4577 Corb.,
1402 4516 1567 4577 Prat.,
1597 4516 1783 4577 Carn.,
1812 4532 1878 4569 ac
1912 4518 2067 4569 Gem.
2099 4524 2160 4570 ut

532 4588 589 4637 in
616 4590 794 4637 textu.
826 4588 1043 4648 Melius,
1073 4601 1202 4638 cum
1229 4588 1479 4651 superior
1510 4588 1674 4638 lectio
1714 4590 2158 4651 aequivocatione

530 4672 644 4707 non
688 4663 887 4707 careat.
930 4658 1206 4708 Caeterum
1251 4658 1400 4723 quod
1440 4660 1520 4709 illi
1558 4660 1703 4724 magi
1742 4665 1924 4710 ortum
1962 4676 1992 4710 a
2033 4675 2157 4725 pro-

530 4730 698 4794 pheta
746 4729 969 4778 Balaam
1013 4728 1241 4780 duxisse
1289 4735 1685 4789 memorantur,
1732 4731 1839 4782 hoc
1890 4746 2001 4781 non
2052 4732 2158 4781 ob-

530 4814 692 4851 scure
726 4799 1079 4862 desumptum
1128 4806 1211 4850 est
1254 4814 1320 4850 ex
1361 4802 1507 4862 Orig.
1555 4802 1704 4850 hom.
1756 4805 1831 4865 t3,
1880 4804 1935 4851 in
1971 4806 2159 4853 Nume-

532 4886 651 4934 ros;
699 4871 847 4935 quod
903 4874 1088 4920 autem
1142 4873 1373 4935 magicis
1426 4872 1637 4921 artibus
1690 4874 1889 4923 imbuti
1947 4875 2157 4936 signiﬁ-

531 4948 745 5003 cantur,
772 4943 879 4992 hoc
912 4955 1024 4991 non
1061 4942 1244 4991 solum
1282 4942 1497 4993 videtur
1531 4944 1761 5005 petitum
1799 4958 1867 4994 ex
1906 4945 2156 5007 ejusdem

530 5014 847 5064 Adamanlii
873 5013 995 5063 loco
1034 5013 1201 5062 citato
1236 5028 1249 5071 ;
1284 5013 1380 5061 sed
1422 5015 1584 5063 etiam
1631 5016 1918 5065 manifeste
1958 5016 2157 5080 legitur

529 5087 703 5149 ipsius
757 5085 851 5135 lib.
911 5099 947 5143 1,
1003 5089 1136 5133 cont.
1209 5084 1439 5143 Celsum,
1497 5086 1553 5134 in
1610 5099 1721 5149 quo
1768 5088 1926 5136 illum
1978 5089 2156 5137 secuti

530 5162 663 5205 sunt
717 5157 970 5206 Justinus
1022 5160 1244 5219 martyr,
1305 5155 1449 5203 Dial.
1498 5160 1630 5204 cont.
1696 5157 1906 5219 Tryph.;
1960 5159 2153 5220 lgnat.,

527 5228 693 5289 Epist.
740 5228 810 5277 ad
842 5227 1127 5291 Ephesios;
1160 5228 1329 5286 Hier.,
1376 5226 1434 5274 in
1472 5227 1687 5284 Isaiam,
1725 5241 1842 5290 cap.
1885 5230 1940 5277 19
1981 5233 2036 5278 et
2073 5230 2153 5287 47,

526 5311 631 5348 nec
679 5311 790 5348 non
833 5300 943 5348 alii.
996 5298 1159 5361 Quod
1199 5312 1328 5348 vero
1368 5298 1435 5346 ad
1470 5299 1841 5359 cognitionem
1886 5313 2156 5349 numero-

527 5383 672 5431 rum,
702 5385 869 5434 quam
901 5371 1151 5435 proxime
1185 5375 1312 5420 ante
1345 5369 1625 5420 Chaldaeis
1666 5369 1946 5433 adjudicat
1986 5386 2156 5422 sanc—

527 5444 617 5489 tus
667 5440 876 5502 doctor,
922 5442 979 5491 id
1024 5442 1257 5505 intelligi
1303 5444 1514 5505 Oportet
1560 5440 1629 5491 de
1676 5443 1924 5492 numeris
1980 5446 2155 5491 astro-

525 5509 740 5573 logicis,
798 5525 864 5561 ex
922 5512 1126 5577 quibus
1196 5512 1529 5577 genethliaci
1599 5512 1789 5561 futura
1854 5513 2155 5575 praedicere

525 5583 827 5700 pgsspisibi
864 5583 1195 5634 videbantur
1226 5600 1237 5633 :
1268 5585 1420 5635 unde
1463 5587 1545 5633 est
1584 5583 1722 5633 illud
1766 5582 1951 5634 Flacci
1990 5583 2083 5633 lib.
2118 5598 2152 5647 ι,

602 5664 633 5700 e
742 5667 755 5698 :

602 5664 633 5700 Θ
657 5664 710 5700 11
742 5667 755 5698 ἶ

838 5772 915 5821 Ne
939 5772 1274 5838 Babylonios
1298 5780 1522 5830 tentaris
1557 5791 1837 5832 numeros.

2183 1740 2236 1811 B

2181 3106 2236 3179 C

2178 4475 2236 4545 D

2261 469 2481 507 cessare
2528 457 2702 520 artes,
2752 457 2812 507 tu
2857 470 2974 508 non
3020 452 3291 522 intelligis
3326 454 3430 523 (94)
3466 456 3551 506 tua
3581 452 3707 509 dona
3736 474 3806 510 ve-

2260 547 2452 601 nisse?
2498 548 2595 603 Ille
2640 547 2853 602 fatetur
2890 548 3160 612 alienum,
3199 552 3259 599 tu
3293 562 3404 600 non
3448 547 3674 617 agnoscis
3706 565 3808 618 pro-

2262 642 2498 696 missum
2538 641 2687 713 (95)?
2720 642 2818 696 Ille
2856 644 3054 695 contra
3098 658 3155 695 se
3202 639 3400 709 credit,
3438 647 3495 695 tu
3525 657 3616 711 pro
3646 645 3692 697 te
3724 660 3810 697 non

2260 741 2423 807 putas
2448 752 2567 791 esse
2594 734 2984 790 credendum?

2332 882 2418 933 49.
2452 880 2656 933 Natum
2686 896 2822 949 ergo
2850 878 3001 949 magi
3036 878 3303 931 nuntiant
3328 893 3514 948 regem
3541 894 3552 931 :
3580 880 3814 948 perturba-

2260 977 2354 1027 tur
2380 973 2647 1039 Herodes,
2689 977 2999 1042 congregat
3024 972 3236 1025 scribas
3276 974 3333 1025 et
3371 970 3634 1041 principes
3673 988 3816 1025 sacer-

2263 1067 2481 1133 dotum,
2539 1070 2595 1119 et
2645 1067 2952 1137 interrogat
2998 1066 3093 1119 ubi
3142 1064 3392 1119 Christus
3441 1063 3655 1118 oriatur.
3702 1066 3817 1134 Magi

2262 1160 2663 1214 tantummodo
2709 1176 2905 1231 regem
2959 1159 3251 1223 nuntiant;
3302 1158 3545 1212 Herodes
3586 1157 3842 1211 Christum'

2262 1253 2519 1324 requirit.
2564 1256 2752 1324 Ipsum
2802 1254 2979 1324 igitur
3031 1269 3225 1324 regem
3275 1252 3344 1306 de
3390 1268 3497 1323 quo
3548 1250 3821 1322 interrogat,

2262 1347 2581 1401 conﬁtetur.
2615 1347 2823 1402 Deinde
2864 1364 2993 1401 cum
3036 1347 3133 1400 ubi
3171 1346 3325 1401 nasci
3365 1346 3589 1399 haberet
3630 1345 3823 1415 inquiri-

2264 1446 2375 1509 tur,
2417 1441 2613 1511 utiqne
2659 1441 3070 1512 praenuntiatus
3111 1440 3454 1505 ostenditur;
3499 1455 3667 1509 neque
3705 1438 3823 1491 enim

2262 1534 2438 1605 quaeri
2474 1540 2716 1605 poterat,
2754 1533 2850 1605 qui
2892 1550 3005 1587 non
3046 1538 3165 1587 erat
3205 1532 3512 1586 nuntiatus.
3541 1532 3581 1586 Ο
3622 1536 3829 1585 amentes

2261 1628 2458 1693 Judaei,
2490 1627 2706 1681 venisse
2739 1644 2855 1681 non
2894 1626 3145 1693 creditis,
3189 1642 3363 1696 quem
3398 1625 3619 1693 videtis;
3653 1624 3830 1677 venisse

2262 1738 2373 1775 non
2404 1720 2651 1787 creditis,
2686 1736 2858 1791 quem
2887 1717 3143 1792 1298
3171 1718 3358 1773 dicitis
3394 1734 3513 1772 esse
3542 1717 3829 1771 venturum!

2263 1814 2546 1882 Nuntiate,
2575 1814 2781 1885 inquit,
2811 1813 2975 1881 mihi,
3009 1817 3073 1867 ut
3108 1812 3356 1878 veniam,
3385 1816 3441 1867 et
3474 1812 3689 1866 adorem
3722 1828 3829 1880 pue-

2263 1925 2391 1963 rum
2439 1909 2681 1975 (Matth,
2733 1925 2788 1973 ιι,
2843 1908 2916 1976 8).
2966 1906 3272 1961 lnsidiatur
3326 1905 3562 1977 quidem
3608 1903 3832 1967 Herodes,

2263 2001 2359 2056 sed
2389 2002 2571 2055 Deum
2600 2018 2716 2055 non
2744 2005 2936 2070 negat,
2975 2016 3145 2071 quem
3188 2005 3476 2054 memorat
3504 1996 3833 2051 adorandum.

2262 2095 2478 2150 Deinde
2528 2095 2773 2149 infantes
2817 2094 2992 2148 occidi
3039 2094 3208 2164 jubet
3252 2094 3439 2161 (Ιὸὶιῖυ
3492 2095 3590 2161 16).
3635 2091 3725 2146 Cui
3763 2089 3834 2142 alii

2263 2189 2370 2243 nisi
2400 2192 2510 2243 Deo
2542 2188 2667 2242 talis
2704 2187 2932 2241 victima
2971 2186 3322 2241 debebatur?
3352 2189 3563 2257 Expers
3604 2185 3715 2238 licet
3740 2200 3833 2236 sen-

2263 2300 2355 2337 sus
2414 2282 2672 2347 infantia,
2725 2283 2907 2335 Deum
2959 2284 3153 2334 tamen
3203 2297 3306 2351 pro
3358 2296 3472 2350 quo
3524 2277 3835 2339 interimitur,

2262 2376 2581 2432 conﬁtetur.
2634 2377 2759 2429 Haec
2802 2374 2871 2428 de
2915 2374 3174 2428 Matthan
3219 2389 3402 2443 pauca
3450 2372 3756 2435 libavimus;
3796 2373 3836 2421 ut

2263 2472 2501 2525 clareret
2552 2469 2808 2523 infantia:
2860 2473 3119 2539 tempora
3170 2484 3201 2520 a
3267 2466 3575 2520 divinitatis
3622 2462 3837 2534 operibus

2263 2581 2379 2619 non
2407 2580 2654 2618 vacasse.
2687 2562 2849 2627 Quod
2886 2562 2928 2614 si
2959 2565 3091 2615 aetas
3119 2562 3301 2615 carnis
3332 2560 3541 2631 ignava
3570 2558 3737 2629 cperis
3759 2557 3833 2609 fuit

2264 2659 2393 2727 (96),
2439 2657 2686 2728 profecto
2732 2657 2876 2709 Deus
2922 2660 3061 2723 erat,
3111 2655 3207 2725 qui
3258 2653 3567 2707 divinitatis
3614 2650 3835 2722 operibus

2262 2751 2561 2805 exercebat
2598 2750 2780 2803 carnis
2804 2752 3048 2815 aetatem,
3088 2748 3185 2819 qui
3224 2748 3397 2802 etiam
3438 2753 3676 2817 pastores
3700 2744 3836 2798 facie-

2262 2844 2357 2898 bat
2399 2845 2459 2897 in
2504 2844 2603 2897 illa
2658 2842 2891 2912 regione
2936 2840 3193 2912 vigilare,
3240 2839 3624 2894 custodientes
3665 2835 3838 2907 vigilias

2262 2937 2442 2991 noctis
2470 2952 2641 3007 supra
2669 2952 2901 3007 gregem
2932 2951 3117 2989 suum.

2335 3077 2419 3129 50.
2464 3074 2657 3129 Videte
2696 3073 2957 3129 Ecclesia:
3005 3072 3286 3143 surgentis
3323 3072 3659 3128 exordium:
3697 3067 3839 3126 Chris-

2262 3173 2351 3223 tus
2397 3168 2663 3236 nascitur,
2713 3173 2770 3221 et
2820 3171 3069 3238 pastores
3122 3166 3358 3236 vigilare
3415 3169 3697 3237 coeperunt
3737 3164 3836 3232 (97}.

2260 3263 2358 3333 qui
2386 3261 2643 3331 gentium
2675 3276 2904 3331 greges,
2934 3260 3219 3330 pecudum
3261 3260 3432 3313 modo
3470 3262 3597 3313 ante
3634 3257 3839 3310 viventes

2261 3356 2319 3409 in
2350 3355 2540 3410 aulam
2578 3354 2796 3408 Domini
2835 3353 2945 3423 (98)
2988 3355 3432 3423 congregarent,
3476 3370 3547 3406 ne
3590 3367 3719 3422 quos
3754 3348 3834 3417 spi.

2260 3449 2512 3503 ritalium
2562 3448 2870 3502 bestiarum
2917 3462 3019 3517 per
3058 3446 3264 3501 offusas
3316 3446 3573 3501 noctium
3627 3443 3839 3498 tenebras

2262 3545 2591 3615 paterentur
2642 3542 2921 3596 incursus.
2975 3542 3042 3595 Et
3091 3541 3241 3595 bene
3302 3544 3559 3611 pastores
3616 3536 3835 3608 vigilant,

2261 3653 2403 3708 quos
2445 3637 2632 3691 bonus
2671 3642 2865 3705 pastor
2905 3635 3192 3689 informat.
3230 3635 3380 3689 Grex
3416 3634 3590 3704 igitur
3624 3630 3836 3704 populus.

2258 3747 2371 3785 nox
2447 3731 2753 3799 saeculum,
2830 3734 3080 3800 pastores
3162 3734 3291 3781 sunt
3367 3727 3693 3782 sacerdotes.
3757 3724 3839 3774 Aut

2260 3825 2502 3879 fortasse
2579 3824 2755 3877 etiam
2832 3822 2927 3877 ille
3002 3822 3073 3876 sit
3148 3824 3372 3892 pastor,
3439 3822 3530 3875 cui
3601 3818 3835 3873 dicitur:

2264 3942 2289 3965 ‹‹
2331 3919 2461 3972 Esto
2513 3917 2785 3987 vigilans,
2845 3920 2902 3971 et
2963 3916 3237 3970 confirma
3290 3916 3523 3986 (Apoc,
3576 3931 3657 3979 ιιι,
3705 3914 3773 3975 2);
3818 3932 3835 3949 ιι

2261 4012 2394 4084 quia
2464 4027 2577 4066 non
2644 4011 2825 4065 solum
2891 4010 3186 4080 episcopos
3253 4008 3328 4062 ad
3404 4008 3673 4063 tuendum
3738 4017 3835 4072 gre-

2263 4123 2393 4178 gem
2432 4104 2708 4160 Dominus
2746 4104 3046 4173 ordinavit,
3082 4102 3183 4157 sed
3221 4102 3397 4157 etiam
3438 4101 3667 4173 angelos
3707 4094 3836 4150 desti-

2260 4201 2433 4255 navit.

2262 4378 2422 4427 Hanc
2464 4374 2753 4425 scientiam
2793 4373 2863 4423 ab
2904 4372 3221 4423 Abrahamo
3254 4372 3323 4422 ad
3360 4370 3638 4435 Egyptios
3670 4367 3834 4417 illatam

2261 4446 2535 4503 scribunt;
2592 4458 2693 4493 nos
2746 4448 2931 4493 tamen
2984 4456 3094 4491 non
3149 4444 3588 4505 superstitiosam
3642 4439 3770 4488 illam
3814 4444 3835 4477 τι

2260 4516 2570 4581 patriarcha
2601 4515 2856 4564 traditam
2881 4518 3256 4575 autumamus,
3284 4513 3379 4562 sed
3426 4518 3632 4563 tantum
3671 4511 3835 4557 recmm

2260 4592 2424 4653 atque
2449 4588 2741 4637 honestam
2766 4586 3011 4637 siderum
3041 4586 3412 4648 disciplinam,
3444 4584 3606 4649 quam
3636 4583 3835 4645 postmo-

2260 4652 2393 4709 dum
2436 4659 2683 4723 inquieta
2727 4658 3019 4708 hominum
3066 4658 3359 4707 curiositas
3401 4656 3469 4706 ad
3512 4665 3695 4720 pravas
3724 4652 3835 4698 artes

2258 4731 2488 4782 detorsit
2518 4743 2582 4779 ac
2609 4729 2868 4779 traduxit.

2320 4803 2414 4863 (91)
2452 4799 2641 4850 Codex
2683 4800 2914 4862 Remig,
2954 4801 3141 4861 Mugus
3178 4811 3304 4863 ergo
3346 4797 3589 4862 intelligit
3620 4806 3706 4859 per
3738 4797 3834 4839 suas

2259 4879 2419 4930 artes,
2442 4877 2515 4927 tu,
2547 4876 2654 4921 etc.

2321 4945 2415 5005 (93)
2450 4944 2605 4992 Rom.
2642 4941 2795 5002 edit,
2823 4948 2876 4992 tu
2906 4954 3015 4991 non
3042 4943 3283 5005 agnoscis
3308 4942 3599 5006 proprium.
3687 5006 3694 5012 _

2324 5016 2419 5075 (96)
2446 5013 2591 5063 Edit.
2628 5013 2805 5063 Rom.
2838 5026 2966 5062 cum
3009 5026 3122 5061 uno
3160 5018 3257 5061 aut
3291 5013 3462 5063 altero
3500 5022 3644 5068 mss.,
3679 5010 3827 5075 ig'jﬂm

2257 5072 2430 5150 operis
2464 5086 2580 5145 fuit.
2621 5085 2779 5144 Aliae,
2811 5097 2876 5133 ac
2916 5084 3117 5147 reliqui
3154 5098 3306 5140 mss.,
3336 5087 3554 5145 ignava,
3594 5082 3686 5129 etc.
3720 5072 3827 5150 Cof?

2257 5138 2513 5215 cinnius;
2564 5158 2644 5206 sic
2689 5138 2839 5205 enim
2886 5138 3235 5218 signiﬁcatur
3280 5138 3507 5204 infantia
3550 5163 3651 5227 non
3699 5138 3826 5227 inqqu

2256 5229 2390 5294 quid
2441 5214 2651 5293 agatur,
2704 5214 2988 5292 ignorare,
3039 5226 3138 5277 sed
3185 5228 3351 5277 etiam
3417 5222 3610 5288 agendi
3663 5214 3823 5265 virtute

2258 5301 2498 5351 destitui.

2319 5374 2414 5430 (97)
2470 5372 2576 5421 Hic
2630 5371 2795 5434 pauci
2848 5383 2978 5419 mss.
3037 5370 3188 5433 iique
3246 5369 3573 5420 recentiores
3621 5353 3821 5411 insel'll"l

2257 5448 2467 5493 textum
2514 5442 2813 5505 Scriptura:
2857 5457 2868 5489 :
2924 5443 2987 5490 Et
3030 5446 3268 5504 pastores
3319 5444 3489 5497 erant,
3532 5441 3646 5493 etc.,
3687 5436 3821 5509 queui

2255 5514 2411 5563 Rom.
2441 5513 2567 5563 edit.
2600 5496 2764 5576 paulo
2795 5496 3049 5575 superius
3080 5511 3323 5571 exhibet,
3354 5496 3479 5560 cum
3522 5508 3575 5557 in
3609 5496 3821 5553 omnibus

2254 5589 2368 5634 ant.
2403 5584 2531 5634 edit.
2561 5589 2617 5634 et
2645 5584 2768 5633 aliis
2796 5597 2923 5632 mss.
2952 5583 3306 5633 desideretur.

2318 5657 2415 5716 (98)
2457 5656 2601 5706 Edit.
2652 5669 2781 5706 cum
2828 5669 2942 5706 uno
3003 5654 3092 5706 vel
3146 5656 3335 5716 altero,
3388 5652 3443 5700 in
3494 5645 3684 5699 caulam
3736 5641 3819 5688 Do-

2254 5740 2408 5776 1n1n1.
