3972 6174
193 273 304 324 1653
1268 269 1668 327 EXPOSITION
1680 271 1736 326 IS

1878 272 2108 330 LUCAM
2150 275 2273 329 LIB.
2316 276 2378 328 ll.
3372 281 3504 335 1654

235 400 393 467 (Vers.
470 397 546 466 9.)
617 400 744 452 Ecce
819 398 1046 466 angelus
1121 400 1336 454 Domini
1419 402 1566 455 stetit
1639 407 1768 457 ante
1791 406 2278 487 Acongregatur;
2307 404 2496 457 mirati
2521 401 2674 457 enim
2702 408 2829 458 sunt
2857 405 2922 457 de
2948 406 3162 473 iisquae
3188 405 3506 462 dicebantur

175 495 292 547 illos.
1869 512 1902 548 (ι
1927 498 2237 566 pastoribus
2265 497 2339 550 ad
2362 499 2522 565 ipsos.

229 613 304 662 51.
366 607 557 661 Videte
614 607 1100 677 quemadmodum
1154 625 1290 664 cura
1347 610 1536 665 divina
1592 611 1765 665 tidem

1939 591 2093 655 (Vera
2143 591 2249 654 19.)
2291 592 2473 645 Maria
2517 595 2695 645 autem
2736 593 3080 646 conservabat
3124 595 3302 647 omnia
3344 596 3506 649 verba

171 706 412 758 astruat:
461 701 694 770 angelus
749 701 1014 769 Mariam,
1076 705 1314 774 angelus
1370 706 1608 776 .Ioseph,
1665 722 1765 758 an-
1868 685 1997 745 ἡδο»
2029 686 2381 751 Con/"ensi"
2407 684 2564 738 corde
2591 700 2708 739 suo.

169 796 304 867 gelus
345 796 598 865 pastores
643 795 858 849 edocet.
912 797 1036 850 Non
1090 797 1224 852 satis
1271 803 1354 853 est
1397 799 1575 853 semel
1626 799 1764 854 mis-
1939 778 2026 832 ⁵4·
2071 776 2366 832 Discamus
2409 781 2620 832 33mm
2661 777 2904 849 Virginis
2936 778 2992 832 in
3034 778 3299 834 omnibus
3340 781 3504 835 casm

167 906 302 956 sum;
345 888 563 943 duobus
604 887 758 942 enim
802 889 887 943 vel
937 889 1116 944 tribus
1163 891 1396 948 testibus
1441 896 1553 947 stat
1596 909 1766 948 omne
1867 874 2063 938 tatem:
2097 887 2245 942 (Ιυων
2292 889 2404 926 non
2434 872 2624 926 minus
2658 888 2754 927 ore
2785 872 2988 942 Ρυάίοδ
3025 888 3201 944 quam
3240 890 3502 945 corpore:

166 983 370 1036 verbum
1869 970 2211 1036 argumenta
2254 965 2384 1020 ﬁdei
2429 965 2763 1020 conferebat
2807 967 2866 1020 in
2915 966 3103 1020 corde.
3152 967 3206 1021 Si
3254 968 3429 1022 Maria
3473 987 3505 1024 a

1867 1058 2183 1132 pastoribus
2229 1059 2424 1126 discit,
2465 1075 2565 1112 cur
2609 1065 2670 1113 tu
2717 1059 2966 1114 declinas
3004 1059 3223 1114 discere
3255 1077 3290 1114 a
3317 1077 3501 1116 sacer-

1868 1153 2134 1208 dotibus?
2172 1153 2231 1206 Si
2273 1153 2443 1206 Maria
2485 1158 2616 1208 ante
2660 1157 2940 1224 praecepta
2981 1155 3291 1225 apostolica
3333 1160 3504 1227 tacet,

1867 1264 1968 1301 cur
1997 1251 2057 1300 tu
2088 1251 2213 1316 post
2243 1247 2552 1317 apostolica
2581 1253 2866 1318 prazcepta
2901 1247 3086 1317 magis
3113 1248 3270 1320 cupis
3301 1249 3504 1305 docere

1867 1357 2036 1412 quam
2092 1341 2347 1396 discere?
2403 1341 2557 1396 Disce
2607 1341 2808 1395 vitium
2862 1357 2982 1396 esse
3041 1358 3334 1412 personae,
3386 1360 3501 1398 non

1868 1451 2065 1504 sexus;
2095 1451 2260 1489 sexus
2289 1435 2444 1488 enim
2482 1441 2726 1489 sanctus.
2758 1434 3011 1505 Denique
3045 1436 3216 1492 Maria
3247 1453 3500 1508 praecep-

1867 1535 1988 1583 tum
2019 1546 2130 1583 non
2159 1529 2395 1598 accepit,
2421 1528 2754 1598 exemplum
2783 1528 2990 1583 edidit.

221 1095 374 1158 (Vers.
410 1097 495 1160 13,
537 1095 642 1164 lli.)
682 1098 752 1151 Et
786 1099 936 1163 facta
978 1102 1055 1151 est
1084 1114 1204 1151 cum
1245 1101 1438 1168 angelo
1474 1101 1766 1155 multitudo

162 1191 396 1242 exercitus
431 1190 720 1242 ccelestium
747 1190 1095 1244 laudantium
1135 1193 1318 1253 Deum,
1349 1197 1398 1246 et
1427 1193 1717 1248 dicentium
1748 1214 1764 1249 :

163 1283 317 1337 Gloria
346 1283 404 1334 in
449 1283 732 1337 altissimis
769 1286 892 1345 Deo,
938 1290 987 1337 et
1029 1287 1088 1337 in
1131 1289 1273 1339 terra
1313 1302 1430 1355 pas:
1466 1287 1768 1344 hominibus

163 1377 286 1429 bona
313 1376 633 1429 voluntatis.

215 1490 292 1541 5'2.
343 1489 490 1542 Bene
544 1489 879 1559 angelorum
934 1490 1264 1546 nominatur
1311 1493 1616 1559 exercitus,
1671 1494 1767 1566 qui

160 1581 1019 1693 άυεεω,φίξξιίω,εετιιιεδειιεξυτ-
1050 1585 1150 1693 cii
1190 1584 1365 1688 igitur
1410 1587 1636 1693 laniem
1675 1605 1768 1691 εςιη-
1933 1581 2515 1677 abstemia...
2563 1581 2754 1693 itaque
2804 1581 3144 1693 ρυριςᾳρηίε
3194 1622 3287 1678 ω.
3339 1640 3502 1693 puer,

161 1675 268 1788 geli,
305 1692 410 1788 nisi
455 1676 719 1788 Domino)
743 1693 845 1788 suo
863 1677 1153 1788 ἐιοθςθῐη,
1191 1685 1354 1788 ltum
1395 1679 1559 1788 ‘ll‘Od‘
1590 1697 1764 1788 scf‘?’
1871 1715 1978 1771 nisi
2003 1716 2098 1770 ille
2127 1716 2195 1770 de
2223 1732 2335 1788 quo
2367 1715 2582 1770 dictum
2610 1718 2696 1769 est
2726 1736 2736 1770 :
2770 1738 2796 1764 ‹‹
2828 1717 2974 1770 Puer
3010 1720 3172 1771 natus
3203 1722 3288 1771 est
3317 1717 3498 1784 nobis,

297 1773 379 1871 est
423 1788 436 1820 =
489 1769 1170 1878 «ξειυίξειεμξοιηίηυηι
1212 1771 1283 1825 de
1329 1773 1498 1842 σακε»
1546 1775 1844 1878 laudere
1870 1769 2257 1864 aegida;
2297 1769 2382 1863 ..ι
2426 1769 2586 1862 ηοω.
2627 1812 2776 1878 με..
2828 1810 3038 1878 ..θη
3083 1769 3498 1865 metussi

303 1863 945 1974 ‘Déxcelsfs'ffud?te
977 1881 1134 1974 im.an
1175 1882 1376 1974 amnes
1415 1868 1607 1974 an‘gél}
1643 1884 1764 1974 8395
1866 1903 2022 1957 enim
2060 1903 2167 1957 sub
2196 1904 2344 1974 lege,
2379 1907 2439 1957 ut
2467 1918 2566 1957 eos
2595 1901 2691 1974 qui
2723 1903 2827 1957 sub
2872 1903 2999 1973 lege
3041 1910 3248 1971 essent,
3278 1903 3504 1958 lucrifa-

160 1957 295 2021 (Psal.
327 1972 552 2024 CXLVIII,
592 1960 639 2021 1,
668 1957 765 2027 2)?
792 1979 818 2004 ››
855 1959 1093 2028 lmpleta
1121 1958 1298 2030 igitur
1325 1961 1626 2032 prophetia
1659 1968 1759 2017 est.
1864 2002 2034 2052 ceret.

159 2048 405 2161 Eaudatur
449 2050 521 2104 de
571 2049 724 2161 caelis
768 2050 1062 2154 Dominus,
1105 2057 1161 2106 et
1204 2052 1426 2108 videtur
1472 2055 1530 2108 in
1577 2057 1760 2111 terris.
2080 2090 2312 2146 Sistimr
2363 2094 2554 2145 autem
2607 2091 2663 2144 in
2711 2091 3023 2145 Jerusalem
3080 2091 3170 2161 (3).
3228 2091 3374 2155 Quid
3428 2093 3499 2146 sit

159 2143 214 2195 De
259 2159 362 2212 quo
415 2146 650 2197 sanctus
703 2144 917 2198 Marcus
966 2143 1063 2211 ait,
1119 2146 1249 2216 quia
1303 2168 1330 2195 «
1379 2148 1520 2201 Cum
1573 2148 1764 2204 bestiis

1867 2189 2056 2239 autem
2110 2184 2167 2238 in
2222 2186 2534 2239 Jerusalem
2585 2184 2702 2238 sisti
2755 2185 3010 2253 Domino,
3062 2184 3334 2252 dicerem,
3387 2185 3495 2239 nisi

159 2240 272 2296 erat
311 2240 363 2290 et
403 2237 603 2307 angeli
642 2237 1041 2292 minisuabam
1085 2239 1134 2292 ei
1182 2239 1395 2307 (Μανθυ
1429 2258 1464 2308 ¹²
1500 2243 1665 2311 13);”
1701 2247 1765 2297 ut
1863 2237 2133 2332 innisaiai
2187 2279 2524 2332 commentis
2586 2281 2716 2332 ante
2779 2237 3064 2332 dixissem.
3121 2237 3500 2333 Circumcisus

156 2329 872 2442 ijlieronféénfordwe
919 2349 1173 2442 mSIng’
1223 2351 1278 2386 ω
1329 2335 1508 2442 auem
1558 2335 1761 2442 d‘l‘ima)’
1862 2373 2016 2427 enim
2060 2371 2226 2440 vitiis,
2260 2372 2556 2426 Dominico
2606 2371 2817 2442 dignus
2855 2372 3224 2442 judicabatur
3263 2373 3495 2441 obtutu;

158 2423 395 2523 indicium
425 2424 730 2494 potestatis
771 2441 1061 2496 agnoscas.
1099 2427 1283 2481 Tuum
1326 2432 1409 2481 est
1449 2430 1602 2498 quod
1638 2430 1760 2484 bes-
1861 2464 1995 2535 quia
2049 2486 2074 2516 α
2130 2423 2284 2520 Οοξώ
2335 2465 2562 2519 Domini
2617 2423 2788 2535 suoper
2829 2423 3015 2535 jilstos
3069 2467 3234 2533 (Psal.
3290 2423 3494 2533 xm”:

159 2515 236 2617 tias
271 2519 496 2629 patitur,
539 2534 710 2572 suum
747 2519 894 2589 quod
937 2519 1006 2572 ab
1041 2520 1264 2590 angelis
1300 2521 1662 2591 praedicatur.
1697 2525 1762 2578 Et
1865 2515 1995 2626 :6)?
2026 2515 2061 2606 ἦ
2321 2515 2562 2614 0—
2605 2515 2778 2629 1:82;

158 2617 328 2665 aiunt:
1859 2657 2059 2722 typum
2113 2652 2323 2718 futuri;
2381 2669 2514 2705 nam
2574 2658 2630 2706 et
2684 2651 3040 2706 circumcisio
3096 2650 3494 2721 purgationem

215 2723 366 2786 γει-ε.
431 2728 517 2792 15,
586 2725 693 2793 16.)
750 2726 1106 2779 Transeamus
1158 2740 1326 2795 usque
1377 2727 1657 2791 Bethleem,
1712 2735 1761 2784 et

1867 2745 2141 2815 significat
2176 2745 2516 2800 delictorum
2549 2743 2807 2817 1300
2849 2745 2960 2799 Sed
3000 2744 3274 2814 quoniam
3315 2761 3495 2814 prona

157 2817 391 2870 rideamus
419 2819 518 2871 hoc
571 2818 801 2871 Verbum
845 2818 990 2886 quod
1028 2821 1242 2884 factum
1287 2825 1384 2881 est,
1419 2823 1557 2874 sicut
1592 2824 1761 2876 Domi-
1861 2838 2111 2909 quadam
2173 2838 2482 2908 cupiditate
2543 2838 2810 2909 peccandi
2874 2838 3145 2892 humana
3206 2839 3388 2891 carnis
3439 2842 3495 2892 et

157 2925 235 2962 ""5
256 2912 474 2964 οδίθηίλίί
503 2911 678 2965 ηοδίδ·
707 2913 777 2964 Et
802 2918 1063 2966 υεηθνῖληί
1089 2915 1437 2978 Ῑθδίίηαηίθδο
1860 2932 2066 2986 mentis
2103 2932 2382 3003 fragilitas
2425 2931 2907 2986 inextricabilibus
2950 2931 3098 2985 vitiis
3145 2931 3489 3001 implicatur,

210 3025 283 3075 53.
330 3022 488 3077 Vides
537 3022 805 3076 festinare
862 3026 1148 3092 pastores;
1199 3041 1371 3080 nemo
1422 3025 1577 3080 enim
1624 3043 1758 3082 cum
1861 3043 1928 3079 eo
1981 3043 2083 3096 per
2136 3032 2398 3080 octavum
2458 3025 2899 3080 circumcisionis
2959 3025 3110 3080 diem
3164 3026 3345 3095 culpae
3405 3028 3486 3078 to-

157 3114 332 3169 desidia
379 3116 673 3172 Christum
733 3116 991 3187 requirit.
1041 3117 1204 3172 Vides
1258 3124 1507 3189 pastores
1553 3122 1834 3224 angeloc
1860 3119 1972 3174 tius
2015 3120 2202 3174 futura
2239 3119 2500 3190 purgatio
2539 3119 2974 3174 resurrectionis
3016 3117 3491 3189 praeﬁgurabatur

157 3209 420 3264 credidisse
482 3227 496 3264 :
564 3213 620 3263 et
675 3215 732 3264 tu
788 3210 967 3276 Patri,
1028 3210 1200 3278 Filio,
1257 3211 1489 3282 Spiritui
1530 3219 1756 3281 sancto,
1787 3209 1834 3224 ν
1861 3217 2052 3282 aetate;
2097 3214 2202 3268 hoc
2239 3219 2320 3267 est
2359 3213 2511 3267 enim
2553 3213 2692 3267 illud
2723 3230 2736 3266 :
2771 3213 2964 3276 «Quia
3011 3228 3178 3267 omne
3222 3213 3486 3266 masculi-

158 3300 374 3375 1299
413 3303 656 3374 angelis,
695 3304 1009 3374 prophetis,
1041 3307 1098 3358 et
1129 3306 1395 3375 apostolis
1431 3306 1598 3362 crede
1630 3308 1756 3378 (99).
1861 3325 1999 3362 num
2024 3307 2366 3378 adaperiens
2387 3308 2637 3375 vulvam,
2657 3311 2913 3361 sanctum
2936 3307 3178 3360 Domino
3201 3305 3492 3359 vocabitur

158 3395 262 3448 Vide
315 3413 485 3468 quam
550 3397 772 3466 signate
829 3397 1119 3466 Scriptura
1177 3398 1535 3469 singulorum
1589 3400 1762 3456 libret
1862 3402 2082 3468 (Emod.,
2126 3417 2244 3466 xui,
2282 3402 2364 3470 2);
2395 3423 2421 3449 ››
2459 3401 2645 3454 verbis
2683 3401 2838 3454 enim
2875 3399 3017 3470 legis
3055 3401 3490 3470 promittebatur

160 3496 411 3545 momenta
459 3490 770 3545 verborum
817 3509 830 3544 :
886 3490 1197 3557 Festinant,
1253 3492 1457 3563 inquit,
1515 3494 1759 3548 Verbum
1859 3495 2108 3565 Virginis
2143 3495 2366 3564 partus.
2411 3494 2475 3547 Et
2510 3509 2640 3547 vere
2684 3498 2926 3562 sanctus,
2971 3493 3105 3563 quia
3147 3493 3485 3548 immacula-

158 3583 330 3638 n'dere.
382 3585 615 3638 Etenim
670 3600 799 3638 cum
853 3600 984 3638 caro
1038 3585 1260 3640 Domini
1319 3586 1569 3655 videtur,
1635 3589 1760 3642 Ver-
1860 3591 1968 3643 tus.
2022 3587 2274 3658 Denique
2327 3587 2515 3656 ipsum
2569 3602 2685 3640 esse
2743 3586 2840 3656 qui
2893 3587 3018 3656 lege
3077 3586 3369 3655 signetur,
3429 3587 3486 3641 in

158 3676 263 3730 bum
298 3679 542 3744 videtur,
585 3677 738 3748 quod
769 3682 853 3732 est
889 3677 1080 3732 Filius.
1128 3680 1248 3734 Non
1297 3681 1585 3736 mediocre
1624 3680 1755 3736 ﬁdei
1858 3681 2126 3736 eumdem
2164 3680 2402 3734 modum
2437 3680 2505 3734 ab
2549 3680 2750 3750 angelo
2793 3680 3040 3750 repetita
3080 3679 3251 3734 verba
3291 3679 3482 3734 decla-

159 3769 234 3822 tibi
281 3773 378 3825 hoc
432 3771 700 3825 videatur
752 3772 1115 3842 exemplum,
1172 3790 1285 3827 non
1338 3773 1460 3827 vilis
1515 3792 1757 3845 persona
1858 3780 1988 3829 rant
2039 3791 2052 3828 :
2103 3776 2244 3842 Quia
2289 3774 2430 3844 quod
2473 3779 2754 3835 nascetur,
2805 3772 3020 3843 inquit,
3068 3778 3342 3834 sanctum,
3392 3790 3485 3827 vo-

158 3868 407 3930 pastorum
452 3867 554 3934 (l).
595 3867 756 3921 Certe
801 3882 912 3935 quo
951 3865 1117 3920 vilior
1158 3867 1228 3920 ad
1269 3867 1656 3938 prudentiam,
1687 3886 1755 3924 eo
1857 3870 2072 3923 cabitu-r
2134 3869 2304 3923 Filius
2365 3870 2463 3921 Dei
2521 3868 2691 3936 (Luc.,
2749 3883 2784 3933 ι,
2842 3869 2954 3935 35).
3011 3866 3133 3919 Non
3191 3865 3344 3919 enim
3409 3867 3487 3918 vi-

161 3958 415 4022 pretiosior
456 3959 535 4013 ad
574 3958 767 4012 ﬁdem.
812 3961 933 4012 Non
977 3960 1274 4029 gymnasia
1312 3961 1501 4016 choris
1545 3963 1757 4017 referta
1857 3962 1975 4016 rilis
2017 3962 2197 4016 coitus
2241 3962 2419 4015 vulvae
2461 3960 2751 4032 virginalis
2787 3964 3002 4014 secreta
3037 3959 3335 4026 reseravit;
3384 3958 3482 4011 sed

159 4049 456 4122 sapientum,
495 4052 598 4106 sed
641 4052 862 4122 plebem
901 4052 1172 4107 Dominus
1209 4055 1522 4124 simplicem
1560 4057 1753 4128 requi-
1855 4057 2290 4110 immaculatum
2365 4070 2562 4109 semen
2634 4051 2946 4108 inviolabili
3007 4058 3174 4106 utero
3243 4051 3483 4123 Spiritus

159 4143 280 4212 sivit,
329 4163 450 4218 quae
509 4145 807 4217 phalerare
853 4146 1077 4215 audita,
1131 4153 1186 4202 et
1245 4148 1433 4202 fucare
1492 4150 1751 4205 nesciret.
1855 4155 2078 4205 sanctus
2127 4149 2339 4204 infudit
2388 4149 2455 4219 (4)
2516 4166 2528 4203 :
2582 4148 2733 4203 solus
2792 4147 2948 4202 enim
3007 4163 3106 4217 per
3159 4146 3350 4200 omnia
3411 4163 3480 4200 ex

160 4234 457 4308 Simplicitas
503 4241 661 4295 enim
707 4239 1001 4311 quaeritur,
1032 4257 1148 4295 non
1189 4241 1424 4296 ambitio
1468 4243 1749 4299 desidera-
1853 4242 1999 4298 natis
2062 4243 2132 4297 de
2198 4242 2414 4297 femina
2482 4246 2707 4296 sanctus
2776 4240 3051 4297 Dominus
3115 4242 3306 4305 Jesus,
3384 4239 3479 4310 qui

162 4334 246 4384 tur.
295 4334 398 4388 Nec
455 4335 887 4389 contemnenda
947 4342 1110 4406 putes
1174 4336 1333 4406 quasi
1396 4336 1523 4390 vilia
1587 4337 1753 4391 verba
1854 4344 2098 4392 terrena:
2160 4337 2428 4408 contagia
2481 4336 2817 4406 corruptela:
2883 4333 3227 4388 immaculati
3290 4338 3482 4403 partus

162 4426 530 4496 prephetarum
570 4429 641 4499 (2)
685 4445 763 4482 :a
800 4428 1119 4499 pastoribus
1159 4429 1331 4484 etiam
1368 4429 1538 4483 Maria
1581 4430 1753 4485 ﬁdem
1853 4431 2098 4485 novitate
2160 4448 2276 4486 non
2337 4430 2598 4497 senserit,
2658 4434 2717 4483 et
2767 4428 2979 4484 cazlesti
3044 4427 3335 4496 majestate
3389 4426 3480 4479 de-

157 4518 360 4590 colligit;
408 4540 441 4578 a
478 4522 798 4594 pastoribus
836 4522 1078 4593 populus
1117 4523 1189 4576 ad
1230 4522 1330 4578 Dei
1374 4523 1828 4594 reverentiaml)
1852 4525 2078 4596 pulerit.

207 4685 283 4746 (99)
325 4689 403 4738 Ita
441 4702 637 4738 omnes
681 4702 810 4738 mss.
856 4690 928 4738 At
971 4702 1040 4739 ex
1083 4688 1316 4740 adverso
1359 4690 1488 4740 edit.
1531 4705 1745 4753 omnes,
1849 4698 2034 4756 roget,
2085 4692 2256 4742 semel
2297 4691 2405 4740 hoc
2455 4691 2781 4740 observasse
2828 4688 3087 4739 sufﬁciat.
3137 4686 3301 4749 Quod
3350 4701 3481 4740 vero

159 4757 327 4807 credere
354 4774 459 4810 non
488 4761 616 4809 vis."
1848 4762 2387 4812 Commentariorum
2427 4774 2651 4810 suorum
2689 4761 2746 4809 in
2787 4760 2984 4811 Isaiam
3030 4759 3282 4810 meminit
3319 4773 3484 4809 sane--

205 4829 254 4886 (ll
316 4830 455 4881 Edit.
537 4831 690 4882 Rom.
761 4831 912 4891 sola,
975 4832 1118 4895 quod
1186 4833 1309 4883 vilis
1385 4835 1453 4885 sit
1516 4848 1748 4898 persona
1851 4839 1938 4882 tus
1989 4834 2210 4896 praesul,
2265 4846 2327 4883 ea
2395 4833 2623 4896 quidem
2693 4832 3000 4895 reperimus
3049 4832 3117 4882 ab
3174 4832 3315 4895 Aug.
3367 4844 3478 4879 non

162 4904 406 4955 pastorum.
456 4903 617 4954 Certe
664 4917 775 4953 non
819 4917 943 4954 esse
997 4907 1369 4955 necessariam
1425 4907 1568 4956 hanc
1622 4921 1746 4956 mu—
1848 4907 2020 4956 semel
2051 4906 2301 4967 allegata,
2335 4905 2432 4955 sed
2465 4918 2531 4954 eo
2561 4905 2736 4968 magis
2765 4904 3021 4954 dolemus
3057 4904 3151 4952 illa
3190 4902 3480 4961 interiisse,

164 4971 377 5022 tationem
452 4975 659 5038 patebit
735 4975 923 5025 locum
1005 4977 1268 5026 attentius
1348 4977 1742 5027 consideranti.
1849 4976 1999 5040 quod
2030 4977 2084 5026 in
2115 4977 2290 5040 pretio
2322 4976 2490 5026 fuisse
2516 4975 2664 5039 apud
2695 4979 2910 5024 tantum
2951 4973 3236 5024 doctorem
3274 4971 3477 5021 intelli-

168 5039 216 5086 Αἱ
250 5050 354 5103 post
402 5047 499 5095 tria
547 5047 713 5097 verba
753 5047 874 5097 cod.
929 5045 1092 5097 Corb.
1134 5052 1188 5097 et
1229 5048 1391 5097 Mich.
1436 5049 1648 5111 legunt,
1690 5064 1747 5099 eo
1849 5039 2049 5111 gimus.

167 5113 406 5169 prudentia
445 5120 740 5181 pretiosior,
779 5119 877 5168 ubi
919 5119 1012 5168 alii
1057 5123 1111 5169 et
1148 5119 1298 5180 edit.,
1341 5134 1398 5170 eo
1444 5121 1746 5184 pretiosior,
1911 5121 1977 5179 (4)
2035 5120 2137 5168 His
2200 5119 2381 5168 verbis
2440 5132 2551 5168 non
2615 5119 2796 5168 solum
2861 5117 3049 5168 cuncti
3119 5129 3247 5164 mss.
3315 5118 3481 5178 atque

170 5184 247 5230 etc.
1849 5190 1978 5240 edit.
2023 5191 2175 5241 hunc
2219 5191 2405 5241 locum
2444 5191 2730 5249 exhibent,
2776 5202 2969 5240 verum
3011 5188 3177 5237 etiam
3219 5187 3478 5250 August,

217 5253 267 5326 (ξ)
294 5256 440 5326 Cod.
494 5259 620 5323 Reg.
675 5265 728 5309 et
788 5260 948 5311 Rom.
1006 5259 1160 5322 edit.,
1219 5261 1378 5312 verba
1436 5267 1746 5324 pastorum;
1848 5262 1942 5312 lib.
1973 5276 2006 5311 ιι
2039 5264 2112 5312 De
2144 5268 2353 5326 peccato
2385 5262 2542 5324 orig.,
2584 5275 2704 5324 cap.
2743 5261 2824 5320 41,
2869 5265 2925 5309 et
2966 5259 3062 5308 lib.
3112 5273 3127 5307 ι
3175 5258 3321 5309 Cont.
3366 5257 3475 5307 Jul.

173 5322 243 5370 Sed
292 5325 374 5398 hic
413 5322 618 5379 mutato
663 5330 804 5378 nihil
852 5333 937 5379 est
988 5344 1160 5393 opus,
1218 5345 1346 5382 cum
1403 5322 1515 5382 non
1573 5322 1747 5382 ambi—
1850 5335 2049 5398 Petag..
2097 5322 2218 5396 cap.
2270 5334 2317 5383 3.
2367 5322 2670 5384 Garnerius
2716 5335 2899 5381 tamen
2948 5331 3005 5378 in
3057 5329 3364 5392 appendice
3409 5329 3478 5378 ad

175 5402 252 5467 tuo
289 5396 383 5458 ipsi
423 5405 666 5462 pastores
719 5415 751 5450 a
796 5400 851 5451 S.
898 5402 1124 5453 doctore
1167 5403 1451 5467 propheta
1501 5403 1742 5454 vociten-
1849 5418 1865 5454 ι
1912 5396 2122 5467 partem
2165 5404 2320 5454 Marii
2365 5404 2700 5464 Mercatoris,
2747 5416 2868 5466 pag.
2909 5401 3021 5462 379,
3066 5399 3353 5451 contendit
3397 5402 3479 5449 in-

179 5463 254 5534 m":
1170 5463 1186 5465 _
1271 5463 1287 5467 -
1850 5463 2144 5526 serendam
2193 5475 2448 5525 voculam
2501 5489 2554 5524 se
2600 5463 3009 5524 ante—verbum
3051 5471 3268 5534 infudit,
3313 5487 3343 5520 (ι
3388 5471 3481 5521 Fit

183 5533 270 5604 _l3l
308 5539 507 5590 Sistitur
541 5548 715 5593 autem
760 5545 817 5592 in
867 5544 1193 5607 Jerusalem;
1237 5545 1360 5596 haec
1402 5545 1570 5596 verba
1620 5560 1745 5610 quia
1851 5547 2034 5608 enim,
2094 5547 2296 5609 inquit,
2351 5546 2550 5595 allusio
2613 5545 2682 5595 ad
2741 5557 2936 5594 vocem
3012 5533 3194 5606 angeli
3243 5558 3253 5590 :
3305 5541 3478 5606 Spiri-

182 5613 218 5680 ξιξ
247 5613 334 5655 ant.
369 5612 487 5661 edit.
530 5619 766 5674 exstant,
806 5616 904 5666 sed
955 5616 1155 5666 absunt
1199 5617 1268 5667 ab
1308 5617 1568 5667 omnibus
1613 5631 1741 5668 mss.
1849 5623 1939 5668 tus
1968 5621 2192 5668 sanctus
2222 5618 2574 5680 superveniet
2615 5618 2671 5666 in
2708 5621 2778 5667 te.
2821 5631 2852 5663 »
2895 5616 3104 5666 Verum
3144 5627 3210 5664 eo
3249 5615 3477 5664 minime

184 5669 301 5752 Rom.
345 5683 466 5733 edit.
512 5669 826 5745 sustulerat,
884 5693 1318 5752 reposueratque
1373 5701 1567 5740 eorum
1622 5690 1745 5740 loco
1849 5691 2122 5740 evincitur
2159 5669 2439 5738 additione
2470 5689 2584 5738 ulla
2620 5688 2712 5738 hic
2751 5701 2890 5751 Opus
2930 5700 3070 5747 esse,
3109 5700 3240 5737 cum
3284 5685 3476 5736 videa-

188 5744 349 5825 ‘fxlltm
395 5754 703 5821 Scriptum,
747 5760 844 5823 qui
884 5744 964 5809 in-
984 5771 1114 5809 mss.
1161 5744 1367 5809 et-vet.
1409 5759 1537 5809 edit.
1587 5774 1747 5825 asque
1848 5766 1938 5811 tur
1985 5761 2312 5811 Ambrosius
2365 5763 2549 5810 noster
2595 5773 2717 5810 eam
2761 5744 3001 5825 Spiritus
3057 5744 3236 5809 sancti
3280 5771 3481 5822 opera—

190 5810 634 5889 desideraturfsed
679 5810 812 5883 cuin
853 5831 947 5883 illa
989 5831 1197 5896 passim
1238 5831 1297 5883 id
1336 5830 1476 5895 juris
1522 5810 1629 5883 sibi
1654 5810 1746 5882 ‘ar-
1846 5810 2052 5886 tionem
2087 5810 2416 5898 signiﬁcare,
2444 5846 2554 5898 qua
2593 5810 2854 5886 effectum
2900 5835 2986 5884 est
3022 5833 3082 5884 ut
3119 5810 3479 5896 purissimum
