  <div class='ocr_page' id='page_1' title='image "/cluster/home/n/w/nwhite01/storage/ocr_20150623/15/hvd.32044048207278/209.png"; bbox 0 0 3972 6174; ppageno 0'>
   <div class='ocr_carea' id='block_1_1' title="bbox 498 242 635 293">
    <p class='ocr_par' dir='ltr' id='par_1_1' title="bbox 498 242 635 293">
     <span class='ocr_line' id='line_1_1' title="bbox 498 242 635 293; baseline -0.015 0"><span class='ocrx_word' id='word_1_1' title='bbox 498 242 635 293; x_wconf 79' lang='grc'>1655</span> 
     </span>
    </p>
   </div>
   <div class='ocr_carea' id='block_1_2' title="bbox 562 359 2201 442">
    <p class='ocr_par' dir='ltr' id='par_1_2' title="bbox 562 359 2201 442">
     <span class='ocr_line' id='line_1_2' title="bbox 562 359 2201 442; baseline -0.002 -27"><span class='ocrx_word' id='word_1_2' title='bbox 562 366 648 415; x_wconf 84' lang='grc'>57.</span> <span class='ocrx_word' id='word_1_3' title='bbox 691 363 828 415; x_wconf 84' lang='lat' dir='ltr'>Nam</span> <span class='ocrx_word' id='word_1_4' title='bbox 858 361 902 414; x_wconf 91' lang='lat' dir='ltr'>si</span> <span class='ocrx_word' id='word_1_5' title='bbox 930 359 1180 414; x_wconf 84' lang='lat' dir='ltr'>litteram</span> <span class='ocrx_word' id='word_1_6' title='bbox 1225 375 1546 430; x_wconf 78' lang='lat' dir='ltr'>sequamur,</span> <span class='ocrx_word' id='word_1_7' title='bbox 1580 359 1866 429; x_wconf 89' lang='lat' dir='ltr'>quomodo</span> <span class='ocrx_word' id='word_1_8' title='bbox 1893 363 2121 412; x_wconf 90' lang='lat' dir='ltr'>sanctus</span> <span class='ocrx_word' id='word_1_9' title='bbox 2145 370 2201 442; x_wconf 75' lang='grc' dir='ltr'><strong>Α</strong></span> 
     </span>
    </p>
   </div>
   <div class='ocr_carea' id='block_1_3' title="bbox 491 451 2122 519">
    <p class='ocr_par' dir='ltr' id='par_1_3' title="bbox 491 451 2122 519">
     <span class='ocr_line' id='line_1_3' title="bbox 491 451 2122 519; baseline -0.003 -10"><span class='ocrx_word' id='word_1_10' title='bbox 491 454 676 509; x_wconf 89' lang='lat' dir='ltr'>omnis</span> <span class='ocrx_word' id='word_1_11' title='bbox 706 454 1005 519; x_wconf 83' lang='lat' dir='ltr'>masculus,</span> <span class='ocrx_word' id='word_1_12' title='bbox 1034 469 1164 506; x_wconf 90' lang='lat' dir='ltr'>cum</span> <span class='ocrx_word' id='word_1_13' title='bbox 1197 453 1407 507; x_wconf 89' lang='lat' dir='ltr'>multos</span> <span class='ocrx_word' id='word_1_14' title='bbox 1447 452 1908 507; x_wconf 87' lang='lat' dir='ltr'>sceleratissimos</span> <span class='ocrx_word' id='word_1_15' title='bbox 1947 451 2122 505; x_wconf 89' lang='lat' dir='ltr'>fuisse</span> 
     </span>
    </p>
   </div>
   <div class='ocr_carea' id='block_1_4' title="bbox 487 544 2120 616">
    <p class='ocr_par' dir='ltr' id='par_1_4' title="bbox 487 544 2120 616">
     <span class='ocr_line' id='line_1_4' title="bbox 487 544 2120 616; baseline -0.002 -14"><span class='ocrx_word' id='word_1_16' title='bbox 487 564 603 602; x_wconf 91' lang='lat' dir='ltr'>non</span> <span class='ocrx_word' id='word_1_17' title='bbox 654 547 868 601; x_wconf 81' lang='lat' dir='ltr'>lateat?</span> <span class='ocrx_word' id='word_1_18' title='bbox 923 546 1211 616; x_wconf 87' lang='lat' dir='ltr'>Numquid</span> <span class='ocrx_word' id='word_1_19' title='bbox 1269 551 1492 600; x_wconf 90' lang='lat' dir='ltr'>sanctus</span> <span class='ocrx_word' id='word_1_20' title='bbox 1544 545 1775 599; x_wconf 84' lang='lat' dir='ltr'>Achab?</span> <span class='ocrx_word' id='word_1_21' title='bbox 1830 544 2120 615; x_wconf 82' lang='lat' dir='ltr'>Numquid</span> 
     </span>
    </p>
   </div>
   <div class='ocr_carea' id='block_1_5' title="bbox 491 638 2126 710">
    <p class='ocr_par' dir='ltr' id='par_1_5' title="bbox 491 638 2126 710">
     <span class='ocr_line' id='line_1_5' title="bbox 491 638 2126 710; baseline -0.002 -15"><span class='ocrx_word' id='word_1_22' title='bbox 491 640 669 695; x_wconf 86' lang='lat' dir='ltr'>sancti</span> <span class='ocrx_word' id='word_1_23' title='bbox 706 640 1218 710; x_wconf 67' lang='lat' dir='ltr'>pseudOprOphetaa</span> <span class='ocrx_word' id='word_1_24' title='bbox 1262 655 1406 709; x_wconf 86' lang='lat' dir='ltr'>quos</span> <span class='ocrx_word' id='word_1_25' title='bbox 1444 638 1516 692; x_wconf 93' lang='lat' dir='ltr'>ad</span> <span class='ocrx_word' id='word_1_26' title='bbox 1555 639 1691 693; x_wconf 86' lang='lat' dir='ltr'>Eliae</span> <span class='ocrx_word' id='word_1_27' title='bbox 1735 654 1928 708; x_wconf 86' lang='lat' dir='ltr'>preces</span> <span class='ocrx_word' id='word_1_28' title='bbox 1970 638 2126 691; x_wconf 91' lang='lat' dir='ltr'>ultor</span> 
     </span>
    </p>
   </div>
   <div class='ocr_carea' id='block_1_6' title="bbox 491 732 2121 803">
    <p class='ocr_par' dir='ltr' id='par_1_6' title="bbox 491 732 2121 803">
     <span class='ocr_line' id='line_1_6' title="bbox 491 732 2121 803; baseline -0.004 -13"><span class='ocrx_word' id='word_1_29' title='bbox 491 735 733 790; x_wconf 72' lang='lat' dir='ltr'>cmlestis</span> <span class='ocrx_word' id='word_1_30' title='bbox 757 733 980 802; x_wconf 71' lang='lat' dir='ltr'>injuriae</span> <span class='ocrx_word' id='word_1_31' title='bbox 1017 733 1164 802; x_wconf 84' lang='lat' dir='ltr'>ignis</span> <span class='ocrx_word' id='word_1_32' title='bbox 1204 733 1547 803; x_wconf 82' lang='lat' dir='ltr'>assumpsit?</span> <span class='ocrx_word' id='word_1_33' title='bbox 1584 733 1698 786; x_wconf 92' lang='lat' dir='ltr'>Sed</span> <span class='ocrx_word' id='word_1_34' title='bbox 1735 732 1828 785; x_wconf 90' lang='lat' dir='ltr'>ille</span> <span class='ocrx_word' id='word_1_35' title='bbox 1875 736 2121 796; x_wconf 89' lang='lat' dir='ltr'>sanctus,</span> 
     </span>
    </p>
   </div>
   <div class='ocr_carea' id='block_1_7' title="bbox 489 819 2120 897">
    <p class='ocr_par' dir='ltr' id='par_1_7' title="bbox 489 819 2120 897">
     <span class='ocr_line' id='line_1_7' title="bbox 489 819 2120 897; baseline -0.004 -19"><span class='ocrx_word' id='word_1_36' title='bbox 489 841 598 897; x_wconf 87' lang='lat' dir='ltr'>per</span> <span class='ocrx_word' id='word_1_37' title='bbox 620 839 789 894; x_wconf 89' lang='lat' dir='ltr'>quem</span> <span class='ocrx_word' id='word_1_38' title='bbox 817 823 1062 891; x_wconf 86' lang='lat' dir='ltr'>figuram</span> <span class='ocrx_word' id='word_1_39' title='bbox 1095 821 1274 874; x_wconf 87' lang='lat' dir='ltr'>futuri</span> <span class='ocrx_word' id='word_1_40' title='bbox 1311 821 1570 892; x_wconf 85' lang='lat' dir='ltr'>mysterii</span> <span class='ocrx_word' id='word_1_41' title='bbox 1610 822 1679 889; x_wconf 81' lang='lat'>(5)</span> <span class='ocrx_word' id='word_1_42' title='bbox 1723 820 1817 890; x_wconf 93' lang='lat' dir='ltr'>pia</span> <span class='ocrx_word' id='word_1_43' title='bbox 1845 819 1989 890; x_wconf 80' lang='lat' dir='ltr'>legis</span> <span class='ocrx_word' id='word_1_44' title='bbox 2038 819 2120 872; x_wconf 92' lang='lat' dir='ltr'>di-</span> 
     </span>
    </p>
   </div>
   <div class='ocr_carea' id='block_1_8' title="bbox 490 914 2124 986">
    <p class='ocr_par' dir='ltr' id='par_1_8' title="bbox 490 914 2124 986">
     <span class='ocr_line' id='line_1_8' title="bbox 490 914 2124 986; baseline -0.002 -16"><span class='ocrx_word' id='word_1_45' title='bbox 490 917 638 971; x_wconf 84' lang='lat' dir='ltr'>vinae</span> <span class='ocrx_word' id='word_1_46' title='bbox 676 915 1007 986; x_wconf 82' lang='lat' dir='ltr'>praescripta</span> <span class='ocrx_word' id='word_1_47' title='bbox 1044 914 1374 984; x_wconf 84' lang='lat' dir='ltr'>signabant;</span> <span class='ocrx_word' id='word_1_48' title='bbox 1424 930 1489 968; x_wconf 93' lang='lat' dir='ltr'>eo</span> <span class='ocrx_word' id='word_1_49' title='bbox 1530 914 1686 983; x_wconf 89' lang='lat' dir='ltr'>quod</span> <span class='ocrx_word' id='word_1_50' title='bbox 1727 914 1876 968; x_wconf 91' lang='lat' dir='ltr'>solus</span> <span class='ocrx_word' id='word_1_51' title='bbox 1917 916 2124 967; x_wconf 85' lang='lat' dir='ltr'>sanctae</span> 
     </span>
    </p>
   </div>
   <div class='ocr_carea' id='block_1_9' title="bbox 491 1005 2126 1077">
    <p class='ocr_par' dir='ltr' id='par_1_9' title="bbox 491 1005 2126 1077">
     <span class='ocr_line' id='line_1_9' title="bbox 491 1005 2126 1077; baseline -0.004 -13"><span class='ocrx_word' id='word_1_52' title='bbox 491 1008 753 1064; x_wconf 68' lang='lat' dir='ltr'>Ecclesia:</span> <span class='ocrx_word' id='word_1_53' title='bbox 783 1007 1016 1077; x_wconf 78' lang='lat' dir='ltr'>virginis</span> <span class='ocrx_word' id='word_1_54' title='bbox 1044 1008 1112 1060; x_wconf 89' lang='lat' dir='ltr'>ad</span> <span class='ocrx_word' id='word_1_55' title='bbox 1147 1007 1506 1077; x_wconf 90' lang='lat' dir='ltr'>generandos</span> <span class='ocrx_word' id='word_1_56' title='bbox 1537 1007 1770 1077; x_wconf 90' lang='lat' dir='ltr'>populos</span> <span class='ocrx_word' id='word_1_57' title='bbox 1803 1005 1898 1060; x_wconf 90' lang='lat' dir='ltr'>Dei</span> <span class='ocrx_word' id='word_1_58' title='bbox 1927 1006 2126 1060; x_wconf 91' lang='lat' dir='ltr'>imma-</span> 
     </span>
    </p>
   </div>
   <div class='ocr_carea' id='block_1_10' title="bbox 492 1100 2126 1171">
    <p class='ocr_par' dir='ltr' id='par_1_10' title="bbox 492 1100 2126 1171">
     <span class='ocr_line' id='line_1_10' title="bbox 492 1100 2126 1171; baseline -0.003 -14"><span class='ocrx_word' id='word_1_59' title='bbox 492 1103 692 1158; x_wconf 83' lang='lat' dir='ltr'>culatae</span> <span class='ocrx_word' id='word_1_60' title='bbox 719 1101 1082 1155; x_wconf 76' lang='lat' dir='ltr'>fecunditatis</span> <span class='ocrx_word' id='word_1_61' title='bbox 1118 1101 1370 1171; x_wconf 89' lang='lat' dir='ltr'>aperiret</span> <span class='ocrx_word' id='word_1_62' title='bbox 1409 1100 1658 1170; x_wconf 80' lang='lat' dir='ltr'>genitale</span> <span class='ocrx_word' id='word_1_63' title='bbox 1697 1104 2000 1154; x_wconf 90' lang='lat' dir='ltr'>secretum.</span> <span class='ocrx_word' id='word_1_64' title='bbox 2031 1100 2126 1152; x_wconf 88' lang='lat' dir='ltr'>Hic</span> 
     </span>
    </p>
   </div>
   <div class='ocr_carea' id='block_1_11' title="bbox 495 1193 2128 1266">
    <p class='ocr_par' dir='ltr' id='par_1_11' title="bbox 495 1193 2128 1266">
     <span class='ocr_line' id='line_1_11' title="bbox 495 1193 2128 1266; baseline -0.004 -14"><span class='ocrx_word' id='word_1_65' title='bbox 495 1211 631 1266; x_wconf 88' lang='lat' dir='ltr'>ergo</span> <span class='ocrx_word' id='word_1_66' title='bbox 675 1196 828 1250; x_wconf 90' lang='lat' dir='ltr'>solus</span> <span class='ocrx_word' id='word_1_67' title='bbox 874 1194 1098 1264; x_wconf 88' lang='lat' dir='ltr'>aperuit</span> <span class='ocrx_word' id='word_1_68' title='bbox 1145 1193 1250 1247; x_wconf 89' lang='lat' dir='ltr'>sibi</span> <span class='ocrx_word' id='word_1_69' title='bbox 1292 1194 1536 1247; x_wconf 86' lang='lat' dir='ltr'>vulvam.</span> <span class='ocrx_word' id='word_1_70' title='bbox 1585 1195 1697 1248; x_wconf 85' lang='lat' dir='ltr'>Nec</span> <span class='ocrx_word' id='word_1_71' title='bbox 1741 1193 1980 1259; x_wconf 89' lang='lat' dir='ltr'>mirum;</span> <span class='ocrx_word' id='word_1_72' title='bbox 2029 1193 2128 1263; x_wconf 89' lang='lat' dir='ltr'>qui</span> 
     </span>
    </p>
   </div>
   <div class='ocr_carea' id='block_1_12' title="bbox 495 1287 2128 1357">
    <p class='ocr_par' dir='ltr' id='par_1_12' title="bbox 495 1287 2128 1357">
     <span class='ocr_line' id='line_1_12' title="bbox 495 1287 2128 1357; baseline -0.002 -14"><span class='ocrx_word' id='word_1_73' title='bbox 495 1289 651 1343; x_wconf 90' lang='lat' dir='ltr'>enim</span> <span class='ocrx_word' id='word_1_74' title='bbox 674 1288 894 1342; x_wconf 83' lang='lat' dir='ltr'>dixerat</span> <span class='ocrx_word' id='word_1_75' title='bbox 917 1289 985 1341; x_wconf 90' lang='lat' dir='ltr'>ad</span> <span class='ocrx_word' id='word_1_76' title='bbox 1016 1287 1359 1357; x_wconf 83' lang='lat' dir='ltr'>prophetam</span> <span class='ocrx_word' id='word_1_77' title='bbox 1388 1304 1400 1340; x_wconf 91' lang='lat'><strong>:</strong></span> <span class='ocrx_word' id='word_1_78' title='bbox 1429 1305 1450 1337; x_wconf 87' lang='grc'><strong>‹</strong></span> <span class='ocrx_word' id='word_1_79' title='bbox 1478 1287 1818 1357; x_wconf 87' lang='lat' dir='ltr'>Priusquam</span> <span class='ocrx_word' id='word_1_80' title='bbox 1845 1291 1900 1341; x_wconf 92' lang='lat' dir='ltr'>te</span> <span class='ocrx_word' id='word_1_81' title='bbox 1925 1287 2128 1340; x_wconf 88' lang='lat' dir='ltr'>forma-</span> 
     </span>
    </p>
   </div>
   <div class='ocr_carea' id='block_1_13' title="bbox 494 1380 2128 1446">
    <p class='ocr_par' dir='ltr' id='par_1_13' title="bbox 494 1380 2128 1446">
     <span class='ocr_line' id='line_1_13' title="bbox 494 1380 2128 1446; baseline -0.002 -9"><span class='ocrx_word' id='word_1_82' title='bbox 494 1399 623 1438; x_wconf 88' lang='lat' dir='ltr'>rem</span> <span class='ocrx_word' id='word_1_83' title='bbox 666 1382 724 1436; x_wconf 91' lang='lat' dir='ltr'>in</span> <span class='ocrx_word' id='word_1_84' title='bbox 763 1387 946 1444; x_wconf 86' lang='lat' dir='ltr'>utero,</span> <span class='ocrx_word' id='word_1_85' title='bbox 986 1381 1128 1435; x_wconf 74' lang='lat' dir='ltr'>novi.</span> <span class='ocrx_word' id='word_1_86' title='bbox 1163 1387 1238 1446; x_wconf 91' lang='lat' dir='ltr'>te,</span> <span class='ocrx_word' id='word_1_87' title='bbox 1281 1386 1339 1434; x_wconf 92' lang='lat' dir='ltr'>et</span> <span class='ocrx_word' id='word_1_88' title='bbox 1369 1381 1425 1434; x_wconf 93' lang='lat' dir='ltr'>in</span> <span class='ocrx_word' id='word_1_89' title='bbox 1469 1381 1629 1434; x_wconf 91' lang='lat' dir='ltr'>vulva</span> <span class='ocrx_word' id='word_1_90' title='bbox 1659 1381 1854 1434; x_wconf 86' lang='lat' dir='ltr'>matris</span> <span class='ocrx_word' id='word_1_91' title='bbox 1889 1380 2128 1434; x_wconf 82' lang='lat' dir='ltr'>sanctiﬁ-</span> 
     </span>
    </p>
   </div>
   <div class='ocr_carea' id='block_1_14' title="bbox 495 1474 2128 1545">
    <p class='ocr_par' dir='ltr' id='par_1_14' title="bbox 495 1474 2128 1545">
     <span class='ocr_line' id='line_1_14' title="bbox 495 1474 2128 1545; baseline -0.002 -14"><span class='ocrx_word' id='word_1_92' title='bbox 495 1475 615 1531; x_wconf 90' lang='lat' dir='ltr'>cavi</span> <span class='ocrx_word' id='word_1_93' title='bbox 642 1479 695 1529; x_wconf 92' lang='lat' dir='ltr'>te</span> <span class='ocrx_word' id='word_1_94' title='bbox 726 1476 962 1545; x_wconf 83' lang='lat' dir='ltr'>(Jerem.,</span> <span class='ocrx_word' id='word_1_95' title='bbox 992 1492 1028 1540; x_wconf 81' lang='grc' dir='ltr'>Ι,</span> <span class='ocrx_word' id='word_1_96' title='bbox 1060 1479 1134 1538; x_wconf 77' lang='lat'>5;.</span> <span class='ocrx_word' id='word_1_97' title='bbox 1168 1494 1196 1526; x_wconf 89' lang='lat'>»</span> <span class='ocrx_word' id='word_1_98' title='bbox 1233 1475 1338 1538; x_wconf 87' lang='lat' dir='ltr'>Qui</span> <span class='ocrx_word' id='word_1_99' title='bbox 1384 1490 1523 1545; x_wconf 88' lang='lat' dir='ltr'>ergo</span> <span class='ocrx_word' id='word_1_100' title='bbox 1564 1475 1785 1528; x_wconf 88' lang='lat' dir='ltr'>vulvam</span> <span class='ocrx_word' id='word_1_101' title='bbox 1821 1474 2128 1528; x_wconf 86' lang='lat' dir='ltr'>sanctiﬁca-</span> 
     </span>
    </p>
   </div>
   <div class='ocr_carea' id='block_1_15' title="bbox 494 1567 2126 1639">
    <p class='ocr_par' dir='ltr' id='par_1_15' title="bbox 494 1567 2126 1639">
     <span class='ocr_line' id='line_1_15' title="bbox 494 1567 2126 1639; baseline 0.001 -19"><span class='ocrx_word' id='word_1_102' title='bbox 494 1568 574 1622; x_wconf 91' lang='lat' dir='ltr'>vit</span> <span class='ocrx_word' id='word_1_103' title='bbox 613 1568 876 1635; x_wconf 91' lang='lat' dir='ltr'>alienam,</span> <span class='ocrx_word' id='word_1_104' title='bbox 922 1574 986 1621; x_wconf 91' lang='lat' dir='ltr'>ut</span> <span class='ocrx_word' id='word_1_105' title='bbox 1031 1571 1361 1623; x_wconf 89' lang='lat' dir='ltr'>nasceretur</span> <span class='ocrx_word' id='word_1_106' title='bbox 1404 1568 1716 1639; x_wconf 88' lang='lat' dir='ltr'>propheta,</span> <span class='ocrx_word' id='word_1_107' title='bbox 1767 1568 1860 1622; x_wconf 92' lang='lat' dir='ltr'>hic</span> <span class='ocrx_word' id='word_1_108' title='bbox 1905 1573 1988 1622; x_wconf 88' lang='lat' dir='ltr'>est</span> <span class='ocrx_word' id='word_1_109' title='bbox 2029 1567 2126 1638; x_wconf 91' lang='lat' dir='ltr'>qui</span> 
     </span>
    </p>
   </div>
   <div class='ocr_carea' id='block_1_16' title="bbox 494 1661 2122 1733">
    <p class='ocr_par' dir='ltr' id='par_1_16' title="bbox 494 1661 2122 1733">
     <span class='ocr_line' id='line_1_16' title="bbox 494 1661 2122 1733; baseline -0.001 -18"><span class='ocrx_word' id='word_1_110' title='bbox 494 1661 716 1733; x_wconf 89' lang='lat' dir='ltr'>aperuit</span> <span class='ocrx_word' id='word_1_111' title='bbox 746 1661 946 1716; x_wconf 89' lang='lat' dir='ltr'>matris</span> <span class='ocrx_word' id='word_1_112' title='bbox 972 1678 1088 1716; x_wconf 67' lang='lat' dir='ltr'>sum</span> <span class='ocrx_word' id='word_1_113' title='bbox 1117 1661 1362 1727; x_wconf 88' lang='lat' dir='ltr'>vulvam,</span> <span class='ocrx_word' id='word_1_114' title='bbox 1394 1665 1456 1714; x_wconf 90' lang='lat' dir='ltr'>ut</span> <span class='ocrx_word' id='word_1_115' title='bbox 1487 1661 1888 1716; x_wconf 87' lang='lat' dir='ltr'>immaculatus</span> <span class='ocrx_word' id='word_1_116' title='bbox 1925 1661 2122 1715; x_wconf 86' lang='lat' dir='ltr'>exiret.</span> 
     </span>
    </p>
   </div>
   <div class='ocr_carea' id='block_1_17' title="bbox 572 1737 2205 1831">
    <p class='ocr_par' dir='ltr' id='par_1_17' title="bbox 572 1737 2205 1831">
     <span class='ocr_line' id='line_1_17' title="bbox 572 1737 2205 1831; baseline 0 -15"><span class='ocrx_word' id='word_1_117' title='bbox 572 1763 742 1829; x_wconf 89' lang='lat' dir='ltr'>(Vers.</span> <span class='ocrx_word' id='word_1_118' title='bbox 796 1764 908 1831; x_wconf 81' lang='lat'>25.)</span> <span class='ocrx_word' id='word_1_119' title='bbox 953 1766 1021 1817; x_wconf 85' lang='lat' dir='ltr'>Et</span> <span class='ocrx_word' id='word_1_120' title='bbox 1065 1778 1174 1817; x_wconf 90' lang='lat' dir='ltr'>ecce</span> <span class='ocrx_word' id='word_1_121' title='bbox 1222 1764 1372 1817; x_wconf 87' lang='lat' dir='ltr'>homo</span> <span class='ocrx_word' id='word_1_122' title='bbox 1416 1767 1533 1817; x_wconf 85' lang='lat' dir='ltr'>erat</span> <span class='ocrx_word' id='word_1_123' title='bbox 1574 1765 1633 1815; x_wconf 84' lang='lat' dir='ltr'>in</span> <span class='ocrx_word' id='word_1_124' title='bbox 1672 1764 1990 1824; x_wconf 80' lang='lat' dir='ltr'>Jerusalem,</span> <span class='ocrx_word' id='word_1_125' title='bbox 2042 1737 2205 1816; x_wconf 83' lang='lat' dir='ltr'>cuiB</span> 
     </span>
    </p>
   </div>
   <div class='ocr_carea' id='block_1_18' title="bbox 497 1856 2128 1924">
    <p class='ocr_par' dir='ltr' id='par_1_18' title="bbox 497 1856 2128 1924">
     <span class='ocr_line' id='line_1_18' title="bbox 497 1856 2128 1924; baseline -0.001 -12"><span class='ocrx_word' id='word_1_126' title='bbox 497 1872 688 1912; x_wconf 86' lang='lat' dir='ltr'>nomen</span> <span class='ocrx_word' id='word_1_127' title='bbox 738 1857 986 1920; x_wconf 86' lang='lat' dir='ltr'>Simeon;</span> <span class='ocrx_word' id='word_1_128' title='bbox 1035 1861 1085 1910; x_wconf 90' lang='lat' dir='ltr'>et</span> <span class='ocrx_word' id='word_1_129' title='bbox 1127 1856 1279 1910; x_wconf 83' lang='lat' dir='ltr'>homo</span> <span class='ocrx_word' id='word_1_130' title='bbox 1326 1859 1429 1910; x_wconf 82' lang='lat' dir='ltr'>iste</span> <span class='ocrx_word' id='word_1_131' title='bbox 1460 1856 1673 1924; x_wconf 82' lang='lat' dir='ltr'>justus.</span> <span class='ocrx_word' id='word_1_132' title='bbox 1723 1862 1773 1910; x_wconf 86' lang='lat' dir='ltr'>et</span> <span class='ocrx_word' id='word_1_133' title='bbox 1827 1859 2128 1919; x_wconf 85' lang='lat' dir='ltr'>timoratus,</span> 
     </span>
    </p>
   </div>
   <div class='ocr_carea' id='block_1_19' title="bbox 499 1950 1466 2019">
    <p class='ocr_par' dir='ltr' id='par_1_19' title="bbox 499 1950 1466 2019">
     <span class='ocr_line' id='line_1_19' title="bbox 499 1950 1466 2019; baseline 0 -16"><span class='ocrx_word' id='word_1_134' title='bbox 499 1955 812 2019; x_wconf 69' lang='lat' dir='ltr'>exspectans</span> <span class='ocrx_word' id='word_1_135' title='bbox 838 1950 1254 2004; x_wconf 75' lang='lat' dir='ltr'>consolationem</span> <span class='ocrx_word' id='word_1_136' title='bbox 1282 1951 1466 2004; x_wconf 81' lang='lat' dir='ltr'>Israel.</span> 
     </span>
    </p>
   </div>
   <div class='ocr_carea' id='block_1_20' title="bbox 573 2051 2130 2123">
    <p class='ocr_par' dir='ltr' id='par_1_20' title="bbox 573 2051 2130 2123">
     <span class='ocr_line' id='line_1_20' title="bbox 573 2051 2130 2123; baseline 0.002 -19"><span class='ocrx_word' id='word_1_137' title='bbox 573 2056 658 2107; x_wconf 82' lang='lat'>58.</span> <span class='ocrx_word' id='word_1_138' title='bbox 704 2053 826 2105; x_wconf 89' lang='lat' dir='ltr'>Non</span> <span class='ocrx_word' id='word_1_139' title='bbox 865 2051 1048 2105; x_wconf 90' lang='lat' dir='ltr'>solum</span> <span class='ocrx_word' id='word_1_140' title='bbox 1084 2051 1152 2104; x_wconf 91' lang='lat' dir='ltr'>ab</span> <span class='ocrx_word' id='word_1_141' title='bbox 1196 2052 1414 2122; x_wconf 87' lang='lat' dir='ltr'>angelis</span> <span class='ocrx_word' id='word_1_142' title='bbox 1452 2057 1510 2106; x_wconf 90' lang='lat' dir='ltr'>et</span> <span class='ocrx_word' id='word_1_143' title='bbox 1549 2052 1860 2122; x_wconf 88' lang='lat' dir='ltr'>prophetis,</span> <span class='ocrx_word' id='word_1_144' title='bbox 1889 2070 1920 2106; x_wconf 88' lang='lat' dir='ltr'>a</span> <span class='ocrx_word' id='word_1_145' title='bbox 1949 2058 2130 2123; x_wconf 87' lang='lat' dir='ltr'>pasto-</span> 
     </span>
    </p>
   </div>
   <div class='ocr_carea' id='block_1_21' title="bbox 497 2144 2118 2218">
    <p class='ocr_par' dir='ltr' id='par_1_21' title="bbox 497 2144 2118 2218">
     <span class='ocr_line' id='line_1_21' title="bbox 497 2144 2118 2218; baseline 0 -18"><span class='ocrx_word' id='word_1_146' title='bbox 497 2146 653 2200; x_wconf 90' lang='lat' dir='ltr'>ribus</span> <span class='ocrx_word' id='word_1_147' title='bbox 681 2151 736 2199; x_wconf 88' lang='lat' dir='ltr'>et</span> <span class='ocrx_word' id='word_1_148' title='bbox 763 2144 1114 2216; x_wconf 88' lang='lat' dir='ltr'>parentibus,</span> <span class='ocrx_word' id='word_1_149' title='bbox 1139 2145 1236 2199; x_wconf 91' lang='lat' dir='ltr'>sed</span> <span class='ocrx_word' id='word_1_150' title='bbox 1259 2146 1431 2199; x_wconf 90' lang='lat' dir='ltr'>etiam</span> <span class='ocrx_word' id='word_1_151' title='bbox 1461 2162 1495 2199; x_wconf 88' lang='lat' dir='ltr'>a</span> <span class='ocrx_word' id='word_1_152' title='bbox 1521 2145 1842 2200; x_wconf 83' lang='lat' dir='ltr'>senioribus</span> <span class='ocrx_word' id='word_1_153' title='bbox 1866 2145 1913 2218; x_wconf 75' lang='grc'><strong>1</strong></span> <span class='ocrx_word' id='word_1_154' title='bbox 1933 2145 2118 2218; x_wconf 81' lang='grc'>301</span> 
     </span>
    </p>
   </div>
   <div class='ocr_carea' id='block_1_22' title="bbox 491 2238 2131 2310">
    <p class='ocr_par' dir='ltr' id='par_1_22' title="bbox 491 2238 2131 2310">
     <span class='ocr_line' id='line_1_22' title="bbox 491 2238 2131 2310; baseline -0.001 -16"><span class='ocrx_word' id='word_1_155' title='bbox 491 2239 663 2310; x_wconf 89' lang='lat' dir='ltr'>justis</span> <span class='ocrx_word' id='word_1_156' title='bbox 688 2239 980 2309; x_wconf 83' lang='lat' dir='ltr'>generatio</span> <span class='ocrx_word' id='word_1_157' title='bbox 1011 2238 1238 2292; x_wconf 88' lang='lat' dir='ltr'>Domini</span> <span class='ocrx_word' id='word_1_158' title='bbox 1269 2239 1474 2309; x_wconf 90' lang='lat' dir='ltr'>accipit</span> <span class='ocrx_word' id='word_1_159' title='bbox 1497 2239 1911 2294; x_wconf 89' lang='lat' dir='ltr'>testimonium.</span> <span class='ocrx_word' id='word_1_160' title='bbox 1935 2239 2131 2294; x_wconf 89' lang='lat' dir='ltr'>Omnis</span> 
     </span>
    </p>
   </div>
   <div class='ocr_carea' id='block_1_23' title="bbox 499 2333 2132 2403">
    <p class='ocr_par' dir='ltr' id='par_1_23' title="bbox 499 2333 2132 2403">
     <span class='ocr_line' id='line_1_23' title="bbox 499 2333 2132 2403; baseline 0 -16"><span class='ocrx_word' id='word_1_161' title='bbox 499 2339 665 2397; x_wconf 71' lang='lat' dir='ltr'>tetas,</span> <span class='ocrx_word' id='word_1_162' title='bbox 720 2338 776 2386; x_wconf 90' lang='lat' dir='ltr'>et</span> <span class='ocrx_word' id='word_1_163' title='bbox 826 2335 1064 2401; x_wconf 89' lang='lat' dir='ltr'>uterque</span> <span class='ocrx_word' id='word_1_164' title='bbox 1115 2347 1306 2397; x_wconf 88' lang='lat' dir='ltr'>sexus,</span> <span class='ocrx_word' id='word_1_165' title='bbox 1358 2336 1806 2403; x_wconf 87' lang='lat' dir='ltr'>eventorumque</span> <span class='ocrx_word' id='word_1_166' title='bbox 1852 2333 2132 2388; x_wconf 87' lang='lat' dir='ltr'>miracula</span> 
     </span>
    </p>
   </div>
   <div class='ocr_carea' id='block_1_24' title="bbox 496 2425 2132 2496">
    <p class='ocr_par' dir='ltr' id='par_1_24' title="bbox 496 2425 2132 2496">
     <span class='ocr_line' id='line_1_24' title="bbox 496 2425 2132 2496; baseline -0.002 -15"><span class='ocrx_word' id='word_1_167' title='bbox 496 2426 672 2481; x_wconf 81' lang='lat' dir='ltr'>ﬁdem</span> <span class='ocrx_word' id='word_1_168' title='bbox 708 2427 990 2478; x_wconf 88' lang='lat' dir='ltr'>astruunt.</span> <span class='ocrx_word' id='word_1_169' title='bbox 1022 2425 1190 2494; x_wconf 89' lang='lat' dir='ltr'>Virgo</span> <span class='ocrx_word' id='word_1_170' title='bbox 1221 2429 1478 2494; x_wconf 86' lang='lat' dir='ltr'>generat,</span> <span class='ocrx_word' id='word_1_171' title='bbox 1513 2425 1715 2480; x_wconf 89' lang='lat' dir='ltr'>sterilis</span> <span class='ocrx_word' id='word_1_172' title='bbox 1744 2426 1912 2496; x_wconf 84' lang='lat' dir='ltr'>parit,</span> <span class='ocrx_word' id='word_1_173' title='bbox 1943 2431 2132 2480; x_wconf 88' lang='lat' dir='ltr'>mutus</span> 
     </span>
    </p>
   </div>
   <div class='ocr_carea' id='block_1_25' title="bbox 499 2519 2132 2591">
    <p class='ocr_par' dir='ltr' id='par_1_25' title="bbox 499 2519 2132 2591">
     <span class='ocr_line' id='line_1_25' title="bbox 499 2519 2132 2591; baseline -0.001 -16"><span class='ocrx_word' id='word_1_174' title='bbox 499 2520 772 2591; x_wconf 87' lang='lat' dir='ltr'>loquitur,</span> <span class='ocrx_word' id='word_1_175' title='bbox 808 2519 1094 2574; x_wconf 88' lang='lat' dir='ltr'>Elizabeth</span> <span class='ocrx_word' id='word_1_176' title='bbox 1122 2519 1449 2589; x_wconf 86' lang='lat' dir='ltr'>prephetat,</span> <span class='ocrx_word' id='word_1_177' title='bbox 1484 2535 1691 2589; x_wconf 87' lang='lat' dir='ltr'>magus</span> <span class='ocrx_word' id='word_1_178' title='bbox 1720 2520 1936 2586; x_wconf 90' lang='lat' dir='ltr'>adorat,</span> <span class='ocrx_word' id='word_1_179' title='bbox 1969 2525 2132 2573; x_wconf 89' lang='lat' dir='ltr'>utero</span> 
     </span>
    </p>
   </div>
   <div class='ocr_carea' id='block_1_26' title="bbox 498 2611 2129 2682">
    <p class='ocr_par' dir='ltr' id='par_1_26' title="bbox 498 2611 2129 2682">
     <span class='ocr_line' id='line_1_26' title="bbox 498 2611 2129 2682; baseline 0.001 -16"><span class='ocrx_word' id='word_1_180' title='bbox 498 2615 719 2666; x_wconf 89' lang='lat' dir='ltr'>clausus</span> <span class='ocrx_word' id='word_1_181' title='bbox 760 2613 1020 2680; x_wconf 83' lang='lat' dir='ltr'>exsultat,</span> <span class='ocrx_word' id='word_1_182' title='bbox 1053 2612 1223 2666; x_wconf 91' lang='lat' dir='ltr'>vidua</span> <span class='ocrx_word' id='word_1_183' title='bbox 1249 2611 1570 2679; x_wconf 83' lang='lat' dir='ltr'>conﬁtetur,</span> <span class='ocrx_word' id='word_1_184' title='bbox 1608 2613 1794 2682; x_wconf 87' lang='lat' dir='ltr'>justus</span> <span class='ocrx_word' id='word_1_185' title='bbox 1825 2619 2129 2682; x_wconf 87' lang='lat' dir='ltr'>exspectat.</span> 
     </span>
    </p>
   </div>
   <div class='ocr_carea' id='block_1_27' title="bbox 498 2705 2132 2778">
    <p class='ocr_par' dir='ltr' id='par_1_27' title="bbox 498 2705 2132 2778">
     <span class='ocr_line' id='line_1_27' title="bbox 498 2705 2132 2778; baseline 0 -18"><span class='ocrx_word' id='word_1_186' title='bbox 498 2708 569 2760; x_wconf 88' lang='lat' dir='ltr'>Et</span> <span class='ocrx_word' id='word_1_187' title='bbox 597 2707 743 2760; x_wconf 88' lang='lat' dir='ltr'>bene</span> <span class='ocrx_word' id='word_1_188' title='bbox 778 2706 986 2776; x_wconf 88' lang='lat' dir='ltr'>justus,</span> <span class='ocrx_word' id='word_1_189' title='bbox 1017 2705 1112 2776; x_wconf 91' lang='lat' dir='ltr'>qui</span> <span class='ocrx_word' id='word_1_190' title='bbox 1149 2721 1263 2759; x_wconf 91' lang='lat' dir='ltr'>non</span> <span class='ocrx_word' id='word_1_191' title='bbox 1301 2721 1481 2774; x_wconf 87' lang='lat' dir='ltr'>suam,</span> <span class='ocrx_word' id='word_1_192' title='bbox 1518 2706 1612 2760; x_wconf 93' lang='lat' dir='ltr'>sed</span> <span class='ocrx_word' id='word_1_193' title='bbox 1652 2707 1848 2777; x_wconf 89' lang='lat' dir='ltr'>populi</span> <span class='ocrx_word' id='word_1_194' title='bbox 1887 2706 2132 2778; x_wconf 86' lang='lat' dir='ltr'>gratiam</span> 
     </span>
    </p>
   </div>
   <div class='ocr_carea' id='block_1_28' title="bbox 498 2797 2128 2870">
    <p class='ocr_par' dir='ltr' id='par_1_28' title="bbox 498 2797 2128 2870">
     <span class='ocr_line' id='line_1_28' title="bbox 498 2797 2128 2870; baseline 0.001 -18"><span class='ocrx_word' id='word_1_195' title='bbox 498 2799 858 2870; x_wconf 88' lang='lat' dir='ltr'>requirebat;</span> <span class='ocrx_word' id='word_1_196' title='bbox 891 2799 1126 2870; x_wconf 89' lang='lat' dir='ltr'>cupiens</span> <span class='ocrx_word' id='word_1_197' title='bbox 1165 2797 1285 2870; x_wconf 90' lang='lat' dir='ltr'>ipse</span> <span class='ocrx_word' id='word_1_198' title='bbox 1315 2814 1601 2869; x_wconf 63' lang='lat' dir='ltr'>corporeae</span> <span class='ocrx_word' id='word_1_199' title='bbox 1639 2799 1877 2854; x_wconf 87' lang='lat' dir='ltr'>vinculis</span> <span class='ocrx_word' id='word_1_200' title='bbox 1915 2800 2128 2870; x_wconf 79' lang='lat' dir='ltr'>fragili-</span> 
     </span>
    </p>
   </div>
   <div class='ocr_carea' id='block_1_29' title="bbox 502 2892 2128 2963">
    <p class='ocr_par' dir='ltr' id='par_1_29' title="bbox 502 2892 2128 2963">
     <span class='ocr_line' id='line_1_29' title="bbox 502 2892 2128 2963; baseline 0 -17"><span class='ocrx_word' id='word_1_201' title='bbox 502 2893 632 2947; x_wconf 83' lang='lat' dir='ltr'>tatis</span> <span class='ocrx_word' id='word_1_202' title='bbox 681 2893 925 2958; x_wconf 88' lang='lat' dir='ltr'>absolvi,</span> <span class='ocrx_word' id='word_1_203' title='bbox 975 2893 1072 2947; x_wconf 90' lang='lat' dir='ltr'>sed</span> <span class='ocrx_word' id='word_1_204' title='bbox 1122 2899 1454 2962; x_wconf 86' lang='lat' dir='ltr'>exspectans</span> <span class='ocrx_word' id='word_1_205' title='bbox 1506 2892 1698 2948; x_wconf 91' lang='lat' dir='ltr'>videre</span> <span class='ocrx_word' id='word_1_206' title='bbox 1749 2894 2128 2963; x_wconf 80' lang='lat' dir='ltr'>promissum;</span> 
     </span>
    </p>
   </div>
   <div class='ocr_carea' id='block_1_30' title="bbox 497 2985 2000 3057">
    <p class='ocr_par' dir='ltr' id='par_1_30' title="bbox 497 2985 2000 3057">
     <span class='ocr_line' id='line_1_30' title="bbox 497 2985 2000 3057; baseline 0 -17"><span class='ocrx_word' id='word_1_207' title='bbox 497 2987 706 3041; x_wconf 86' lang='lat' dir='ltr'>sciebat</span> <span class='ocrx_word' id='word_1_208' title='bbox 731 2987 884 3042; x_wconf 90' lang='lat' dir='ltr'>enim</span> <span class='ocrx_word' id='word_1_209' title='bbox 921 2987 1055 3057; x_wconf 83' lang='lat' dir='ltr'>quia</span> <span class='ocrx_word' id='word_1_210' title='bbox 1080 2985 1232 3039; x_wconf 88' lang='lat' dir='ltr'>beati</span> <span class='ocrx_word' id='word_1_211' title='bbox 1260 2988 1407 3040; x_wconf 92' lang='lat' dir='ltr'>oculi</span> <span class='ocrx_word' id='word_1_212' title='bbox 1435 2987 1533 3057; x_wconf 90' lang='lat' dir='ltr'>qui</span> <span class='ocrx_word' id='word_1_213' title='bbox 1561 3003 1690 3041; x_wconf 89' lang='lat' dir='ltr'>eum</span> <span class='ocrx_word' id='word_1_214' title='bbox 1719 2986 2000 3040; x_wconf 86' lang='lat' dir='ltr'>viderent.</span> 
     </span>
    </p>
   </div>
   <div class='ocr_carea' id='block_1_31' title="bbox 570 3087 1997 3158">
    <p class='ocr_par' dir='ltr' id='par_1_31' title="bbox 570 3087 1997 3158">
     <span class='ocr_line' id='line_1_31' title="bbox 570 3087 1997 3158; baseline 0.001 -17"><span class='ocrx_word' id='word_1_215' title='bbox 570 3089 746 3158; x_wconf 88' lang='lat' dir='ltr'>(Vers.</span> <span class='ocrx_word' id='word_1_216' title='bbox 777 3091 890 3157; x_wconf 83' lang='lat'>&#39;29.)</span> <span class='ocrx_word' id='word_1_217' title='bbox 916 3091 1089 3149; x_wconf 88' lang='lat' dir='ltr'>Nunc,</span> <span class='ocrx_word' id='word_1_218' title='bbox 1119 3087 1323 3156; x_wconf 89' lang='lat' dir='ltr'>inquit,</span> <span class='ocrx_word' id='word_1_219' title='bbox 1353 3089 1564 3142; x_wconf 80' lang='lat' dir='ltr'>dimitte</span> <span class='ocrx_word' id='word_1_220' title='bbox 1589 3104 1801 3142; x_wconf 86' lang='lat' dir='ltr'>servum</span> <span class='ocrx_word' id='word_1_221' title='bbox 1828 3093 1997 3142; x_wconf 87' lang='lat' dir='ltr'>tuum.</span> 
     </span>
    </p>
   </div>
   <div class='ocr_carea' id='block_1_32' title="bbox 574 3189 2132 3260">
    <p class='ocr_par' dir='ltr' id='par_1_32' title="bbox 574 3189 2132 3260">
     <span class='ocr_line' id='line_1_32' title="bbox 574 3189 2132 3260; baseline 0.001 -17"><span class='ocrx_word' id='word_1_222' title='bbox 574 3193 658 3244; x_wconf 86' lang='lat'>59.</span> <span class='ocrx_word' id='word_1_223' title='bbox 698 3190 830 3244; x_wconf 91' lang='lat' dir='ltr'>Vide</span> <span class='ocrx_word' id='word_1_224' title='bbox 851 3190 1071 3258; x_wconf 88' lang='lat' dir='ltr'>justum</span> <span class='ocrx_word' id='word_1_225' title='bbox 1099 3189 1257 3243; x_wconf 90' lang='lat' dir='ltr'>velut</span> <span class='ocrx_word' id='word_1_226' title='bbox 1293 3205 1582 3260; x_wconf 68' lang='lat' dir='ltr'>corporea:</span> <span class='ocrx_word' id='word_1_227' title='bbox 1610 3206 1834 3245; x_wconf 88' lang='lat' dir='ltr'>carcere</span> <span class='ocrx_word' id='word_1_228' title='bbox 1861 3190 2025 3244; x_wconf 91' lang='lat' dir='ltr'>molis</span> <span class='ocrx_word' id='word_1_229' title='bbox 2052 3191 2132 3244; x_wconf 92' lang='lat' dir='ltr'>in-</span> 
     </span>
    </p>
   </div>
   <div class='ocr_carea' id='block_1_33' title="bbox 2152 3101 2205 3176">
    <p class='ocr_par' dir='ltr' id='par_1_33' title="bbox 2152 3101 2205 3176">
     <span class='ocr_line' id='line_1_33' title="bbox 2152 3101 2205 3176; baseline 0 0"><span class='ocrx_word' id='word_1_230' title='bbox 2152 3101 2205 3176; x_wconf 90' lang='lat' dir='ltr'><strong>C</strong></span> 
     </span>
    </p>
   </div>
   <div class='ocr_carea' id='block_1_34' title="bbox 500 3357 2132 3419">
    <p class='ocr_par' dir='ltr' id='par_1_34' title="bbox 500 3357 2132 3419">
     <span class='ocr_line' id='line_1_34' title="bbox 500 3357 2132 3419; baseline 0.002 -14"><span class='ocrx_word' id='word_1_231' title='bbox 500 3357 744 3418; x_wconf 81' lang='lat' dir='ltr'>Virginis</span> <span class='ocrx_word' id='word_1_232' title='bbox 785 3369 976 3406; x_wconf 87' lang='lat' dir='ltr'>semen</span> <span class='ocrx_word' id='word_1_233' title='bbox 1021 3358 1076 3406; x_wconf 91' lang='lat' dir='ltr'>in</span> <span class='ocrx_word' id='word_1_234' title='bbox 1128 3358 1249 3419; x_wconf 86' lang='lat' dir='ltr'>ejus</span> <span class='ocrx_word' id='word_1_235' title='bbox 1300 3357 1525 3407; x_wconf 87' lang='lat' dir='ltr'>vulvam</span> <span class='ocrx_word' id='word_1_236' title='bbox 1569 3357 1854 3408; x_wconf 79' lang='lat' dir='ltr'>deﬂueret.</span> <span class='ocrx_word' id='word_1_237' title='bbox 1893 3359 1954 3406; x_wconf 92' lang='lat' dir='ltr'>In</span> <span class='ocrx_word' id='word_1_238' title='bbox 1999 3371 2132 3408; x_wconf 91' lang='lat' dir='ltr'>con-</span> 
     </span>
    </p>
   </div>
   <div class='ocr_carea' id='block_1_35' title="bbox 493 3428 2132 3493">
    <p class='ocr_par' dir='ltr' id='par_1_35' title="bbox 493 3428 2132 3493">
     <span class='ocr_line' id='line_1_35' title="bbox 493 3428 2132 3493; baseline -0.001 -13"><span class='ocrx_word' id='word_1_239' title='bbox 493 3431 726 3493; x_wconf 70' lang='lat' dir='ltr'>jectum</span> <span class='ocrx_word' id='word_1_240' title='bbox 791 3441 908 3477; x_wconf 60' lang='lat' dir='ltr'>sua:</span> <span class='ocrx_word' id='word_1_241' title='bbox 973 3428 1449 3479; x_wconf 87' lang='lat' dir='ltr'>conﬁrmationem</span> <span class='ocrx_word' id='word_1_242' title='bbox 1512 3429 1665 3478; x_wconf 86' lang='lat' dir='ltr'>addit</span> <span class='ocrx_word' id='word_1_243' title='bbox 1728 3428 1876 3480; x_wconf 90' lang='lat' dir='ltr'>idem</span> <span class='ocrx_word' id='word_1_244' title='bbox 1941 3433 2132 3480; x_wconf 87' lang='lat' dir='ltr'>auctor</span> 
     </span>
    </p>
   </div>
   <div class='ocr_carea' id='block_1_36' title="bbox 498 3499 2130 3563">
    <p class='ocr_par' dir='ltr' id='par_1_36' title="bbox 498 3499 2130 3563">
     <span class='ocr_line' id='line_1_36' title="bbox 498 3499 2130 3563; baseline 0 -15"><span class='ocrx_word' id='word_1_245' title='bbox 498 3502 777 3560; x_wconf 85' lang='lat' dir='ltr'>receptam</span> <span class='ocrx_word' id='word_1_246' title='bbox 803 3499 913 3549; x_wconf 92' lang='lat' dir='ltr'>loci</span> <span class='ocrx_word' id='word_1_247' title='bbox 943 3499 1114 3562; x_wconf 90' lang='lat' dir='ltr'>hujus</span> <span class='ocrx_word' id='word_1_248' title='bbox 1144 3499 1441 3550; x_wconf 89' lang='lat' dir='ltr'>lectionem</span> <span class='ocrx_word' id='word_1_249' title='bbox 1469 3515 1504 3550; x_wconf 92' lang='lat' dir='ltr'>a</span> <span class='ocrx_word' id='word_1_250' title='bbox 1531 3500 1788 3551; x_wconf 84' lang='lat' dir='ltr'>malevolo</span> <span class='ocrx_word' id='word_1_251' title='bbox 1830 3501 2130 3563; x_wconf 72' lang='lat' dir='ltr'>interprete,</span> 
     </span>
    </p>
   </div>
   <div class='ocr_carea' id='block_1_37' title="bbox 499 3570 2131 3635">
    <p class='ocr_par' dir='ltr' id='par_1_37' title="bbox 499 3570 2131 3635">
     <span class='ocr_line' id='line_1_37' title="bbox 499 3570 2131 3635; baseline 0.001 -16"><span class='ocrx_word' id='word_1_252' title='bbox 499 3571 557 3619; x_wconf 89' lang='lat' dir='ltr'>in</span> <span class='ocrx_word' id='word_1_253' title='bbox 621 3583 814 3620; x_wconf 91' lang='lat' dir='ltr'>eorum</span> <span class='ocrx_word' id='word_1_254' title='bbox 868 3572 1099 3634; x_wconf 85' lang='lat' dir='ltr'>gratiam</span> <span class='ocrx_word' id='word_1_255' title='bbox 1159 3572 1299 3620; x_wconf 85' lang='lat' dir='ltr'>trahi</span> <span class='ocrx_word' id='word_1_256' title='bbox 1351 3585 1548 3634; x_wconf 92' lang='lat' dir='ltr'>posse,</span> <span class='ocrx_word' id='word_1_257' title='bbox 1604 3573 1700 3635; x_wconf 86' lang='lat' dir='ltr'>qui</span> <span class='ocrx_word' id='word_1_258' title='bbox 1743 3576 1882 3621; x_wconf 90' lang='lat' dir='ltr'>teste</span> <span class='ocrx_word' id='word_1_259' title='bbox 1936 3570 2131 3620; x_wconf 88' lang='lat' dir='ltr'>eodem</span> 
     </span>
    </p>
   </div>
   <div class='ocr_carea' id='block_1_38' title="bbox 497 3640 2133 3706">
    <p class='ocr_par' dir='ltr' id='par_1_38' title="bbox 497 3640 2133 3706">
     <span class='ocr_line' id='line_1_38' title="bbox 497 3640 2133 3706; baseline 0.001 -16"><span class='ocrx_word' id='word_1_260' title='bbox 497 3640 702 3701; x_wconf 88' lang='lat' dir='ltr'>Mario,</span> <span class='ocrx_word' id='word_1_261' title='bbox 755 3641 1154 3692; x_wconf 78' lang='lat' dir='ltr'>sceleratissime</span> <span class='ocrx_word' id='word_1_262' title='bbox 1210 3644 1502 3704; x_wconf 77' lang='lat' dir='ltr'>opinantur</span> <span class='ocrx_word' id='word_1_263' title='bbox 1577 3643 1835 3706; x_wconf 77' lang='lat' dir='ltr'>Spiritum</span> <span class='ocrx_word' id='word_1_264' title='bbox 1892 3647 2133 3691; x_wconf 83' lang='lat' dir='ltr'>sanctum</span> 
     </span>
    </p>
   </div>
   <div class='ocr_carea' id='block_1_39' title="bbox 496 3711 2132 3775">
    <p class='ocr_par' dir='ltr' id='par_1_39' title="bbox 496 3711 2132 3775">
     <span class='ocr_line' id='line_1_39' title="bbox 496 3711 2132 3775; baseline 0.001 -15"><span class='ocrx_word' id='word_1_265' title='bbox 496 3711 658 3773; x_wconf 77' lang='lat' dir='ltr'>fuisse</span> <span class='ocrx_word' id='word_1_266' title='bbox 681 3725 779 3775; x_wconf 88' lang='lat' dir='ltr'>pro</span> <span class='ocrx_word' id='word_1_267' title='bbox 803 3713 1014 3762; x_wconf 83' lang='lat' dir='ltr'>semine.</span> <span class='ocrx_word' id='word_1_268' title='bbox 1046 3714 1117 3761; x_wconf 87' lang='lat' dir='ltr'>At</span> <span class='ocrx_word' id='word_1_269' title='bbox 1142 3713 1188 3762; x_wconf 91' lang='lat' dir='ltr'>si</span> <span class='ocrx_word' id='word_1_270' title='bbox 1213 3714 1288 3762; x_wconf 89' lang='lat' dir='ltr'>ita</span> <span class='ocrx_word' id='word_1_271' title='bbox 1313 3718 1479 3774; x_wconf 88' lang='lat' dir='ltr'>esset,</span> <span class='ocrx_word' id='word_1_272' title='bbox 1511 3713 1645 3763; x_wconf 87' lang='lat' dir='ltr'>huic</span> <span class='ocrx_word' id='word_1_273' title='bbox 1675 3713 1822 3762; x_wconf 87' lang='lat' dir='ltr'>malo</span> <span class='ocrx_word' id='word_1_274' title='bbox 1867 3713 2132 3762; x_wconf 87' lang='lat' dir='ltr'>nonnihi-</span> 
     </span>
    </p>
   </div>
   <div class='ocr_carea' id='block_1_40' title="bbox 497 3782 2130 3843">
    <p class='ocr_par' dir='ltr' id='par_1_40' title="bbox 497 3782 2130 3843">
     <span class='ocr_line' id='line_1_40' title="bbox 497 3782 2130 3843; baseline 0.001 -11"><span class='ocrx_word' id='word_1_275' title='bbox 497 3783 616 3832; x_wconf 90' lang='lat' dir='ltr'>lum</span> <span class='ocrx_word' id='word_1_276' title='bbox 647 3782 876 3833; x_wconf 90' lang='lat' dir='ltr'>remedii</span> <span class='ocrx_word' id='word_1_277' title='bbox 913 3782 1128 3833; x_wconf 79' lang='lat' dir='ltr'>aﬂ&#39;erret</span> <span class='ocrx_word' id='word_1_278' title='bbox 1169 3783 1378 3833; x_wconf 88' lang='lat' dir='ltr'>additio</span> <span class='ocrx_word' id='word_1_279' title='bbox 1415 3784 1536 3843; x_wconf 88' lang='lat' dir='ltr'>illa;</span> <span class='ocrx_word' id='word_1_280' title='bbox 1569 3786 1680 3833; x_wconf 91' lang='lat' dir='ltr'>imo</span> <span class='ocrx_word' id='word_1_281' title='bbox 1723 3797 1852 3834; x_wconf 91' lang='lat' dir='ltr'>vero</span> <span class='ocrx_word' id='word_1_282' title='bbox 1899 3785 2130 3834; x_wconf 89' lang='lat' dir='ltr'>locutio-</span> 
     </span>
    </p>
   </div>
   <div class='ocr_carea' id='block_1_41' title="bbox 496 3853 2132 3918">
    <p class='ocr_par' dir='ltr' id='par_1_41' title="bbox 496 3853 2132 3918">
     <span class='ocr_line' id='line_1_41' title="bbox 496 3853 2132 3918; baseline 0.001 -16"><span class='ocrx_word' id='word_1_283' title='bbox 496 3866 626 3904; x_wconf 91' lang='lat' dir='ltr'>nem</span> <span class='ocrx_word' id='word_1_284' title='bbox 666 3854 949 3904; x_wconf 86' lang='lat' dir='ltr'>calumnia</span> <span class='ocrx_word' id='word_1_285' title='bbox 985 3853 1239 3904; x_wconf 89' lang='lat' dir='ltr'>redderet</span> <span class='ocrx_word' id='word_1_286' title='bbox 1275 3857 1451 3918; x_wconf 89' lang='lat' dir='ltr'>magis</span> <span class='ocrx_word' id='word_1_287' title='bbox 1490 3855 1806 3916; x_wconf 81' lang='lat' dir='ltr'>obnoxiam,</span> <span class='ocrx_word' id='word_1_288' title='bbox 1836 3858 1897 3904; x_wconf 88' lang='lat' dir='ltr'>ut</span> <span class='ocrx_word' id='word_1_289' title='bbox 1939 3855 2132 3905; x_wconf 84' lang='lat' dir='ltr'>fatebi-</span> 
     </span>
    </p>
   </div>
   <div class='ocr_carea' id='block_1_42' title="bbox 495 3925 2129 3989">
    <p class='ocr_par' dir='ltr' id='par_1_42' title="bbox 495 3925 2129 3989">
     <span class='ocr_line' id='line_1_42' title="bbox 495 3925 2129 3989; baseline 0.001 -16"><span class='ocrx_word' id='word_1_290' title='bbox 495 3929 584 3973; x_wconf 88' lang='lat' dir='ltr'>tur</span> <span class='ocrx_word' id='word_1_291' title='bbox 635 3926 890 3989; x_wconf 85' lang='lat' dir='ltr'>quisquis</span> <span class='ocrx_word' id='word_1_292' title='bbox 951 3925 1137 3975; x_wconf 90' lang='lat' dir='ltr'>locum</span> <span class='ocrx_word' id='word_1_293' title='bbox 1192 3925 1357 3987; x_wconf 89' lang='lat' dir='ltr'>paulo</span> <span class='ocrx_word' id='word_1_294' title='bbox 1407 3925 1727 3988; x_wconf 89' lang='lat' dir='ltr'>diligentius</span> <span class='ocrx_word' id='word_1_295' title='bbox 1789 3925 2129 3988; x_wconf 89' lang='lat' dir='ltr'>expenderit.</span> 
     </span>
    </p>
   </div>
   <div class='ocr_carea' id='block_1_43' title="bbox 496 3995 2133 4060">
    <p class='ocr_par' dir='ltr' id='par_1_43' title="bbox 496 3995 2133 4060">
     <span class='ocr_line' id='line_1_43' title="bbox 496 3995 2133 4060; baseline 0 -14"><span class='ocrx_word' id='word_1_296' title='bbox 496 3995 644 4058; x_wconf 88' lang='lat' dir='ltr'>Ergo</span> <span class='ocrx_word' id='word_1_297' title='bbox 672 3997 860 4057; x_wconf 88' lang='lat' dir='ltr'>potius</span> <span class='ocrx_word' id='word_1_298' title='bbox 892 3995 1292 4045; x_wconf 86' lang='lat' dir='ltr'>recurrendum</span> <span class='ocrx_word' id='word_1_299' title='bbox 1319 4000 1465 4045; x_wconf 91' lang='lat' dir='ltr'>esset</span> <span class='ocrx_word' id='word_1_300' title='bbox 1499 3997 1568 4045; x_wconf 89' lang='lat' dir='ltr'>ad</span> <span class='ocrx_word' id='word_1_301' title='bbox 1594 3996 1928 4046; x_wconf 90' lang='lat' dir='ltr'>solutionem</span> <span class='ocrx_word' id='word_1_302' title='bbox 1965 4010 2133 4060; x_wconf 88' lang='lat' dir='ltr'>quam</span> 
     </span>
    </p>
   </div>
   <div class='ocr_carea' id='block_1_44' title="bbox 497 4067 2128 4118">
    <p class='ocr_par' dir='ltr' id='par_1_44' title="bbox 497 4067 2128 4118">
     <span class='ocr_line' id='line_1_44' title="bbox 497 4067 2128 4118; baseline 0 -2"><span class='ocrx_word' id='word_1_303' title='bbox 497 4067 775 4116; x_wconf 86' lang='lat' dir='ltr'>similibus</span> <span class='ocrx_word' id='word_1_304' title='bbox 826 4067 1047 4116; x_wconf 86' lang='lat' dir='ltr'>Patrum</span> <span class='ocrx_word' id='word_1_305' title='bbox 1100 4068 1239 4118; x_wconf 90' lang='lat' dir='ltr'>locis</span> <span class='ocrx_word' id='word_1_306' title='bbox 1287 4067 1662 4118; x_wconf 88' lang='lat' dir='ltr'>adhibendam</span> <span class='ocrx_word' id='word_1_307' title='bbox 1715 4067 1879 4118; x_wconf 91' lang='lat' dir='ltr'>docet</span> <span class='ocrx_word' id='word_1_308' title='bbox 1919 4069 1967 4117; x_wconf 93' lang='lat' dir='ltr'>S.</span> <span class='ocrx_word' id='word_1_309' title='bbox 2028 4069 2128 4117; x_wconf 90' lang='lat' dir='ltr'>Th.</span> 
     </span>
    </p>
   </div>
   <div class='ocr_carea' id='block_1_45' title="bbox 495 4137 2130 4202">
    <p class='ocr_par' dir='ltr' id='par_1_45' title="bbox 495 4137 2130 4202">
     <span class='ocr_line' id='line_1_45' title="bbox 495 4137 2130 4202; baseline 0.001 -15"><span class='ocrx_word' id='word_1_310' title='bbox 495 4150 554 4187; x_wconf 78' lang='grc' dir='ltr'>ΠΙ</span> <span class='ocrx_word' id='word_1_311' title='bbox 585 4141 745 4199; x_wconf 87' lang='lat' dir='ltr'>part.,</span> <span class='ocrx_word' id='word_1_312' title='bbox 774 4141 972 4200; x_wconf 75' lang='lat' dir='ltr'>quaest.</span> <span class='ocrx_word' id='word_1_313' title='bbox 1001 4137 1083 4197; x_wconf 68' lang='lat'>22,</span> <span class='ocrx_word' id='word_1_314' title='bbox 1110 4143 1210 4186; x_wconf 88' lang='lat' dir='ltr'>art.</span> <span class='ocrx_word' id='word_1_315' title='bbox 1253 4139 1283 4187; x_wconf 73' lang='grc' dir='ltr'>Ξ</span> <span class='ocrx_word' id='word_1_316' title='bbox 1326 4138 1394 4186; x_wconf 89' lang='lat' dir='ltr'>ad</span> <span class='ocrx_word' id='word_1_317' title='bbox 1432 4139 1461 4186; x_wconf 71' lang='grc'>2</span> <span class='ocrx_word' id='word_1_318' title='bbox 1505 4154 1516 4186; x_wconf 89' lang='lat'>:</span> <span class='ocrx_word' id='word_1_319' title='bbox 1564 4156 1592 4183; x_wconf 90' lang='lat'><strong><em>«</em></strong></span> <span class='ocrx_word' id='word_1_320' title='bbox 1625 4138 1732 4188; x_wconf 91' lang='lat' dir='ltr'>Sed</span> <span class='ocrx_word' id='word_1_321' title='bbox 1771 4138 1896 4198; x_wconf 91' lang='lat' dir='ltr'>hoc,</span> <span class='ocrx_word' id='word_1_322' title='bbox 1937 4140 2130 4202; x_wconf 88' lang='lat' dir='ltr'>inquit,</span> 
     </span>
    </p>
   </div>
   <div class='ocr_carea' id='block_1_46' title="bbox 499 4207 2132 4273">
    <p class='ocr_par' dir='ltr' id='par_1_46' title="bbox 499 4207 2132 4273">
     <span class='ocr_line' id='line_1_46' title="bbox 499 4207 2132 4273; baseline 0.002 -17"><span class='ocrx_word' id='word_1_323' title='bbox 499 4207 568 4257; x_wconf 92' lang='lat' dir='ltr'>de</span> <span class='ocrx_word' id='word_1_324' title='bbox 612 4207 761 4257; x_wconf 83' lang='lat' dir='ltr'>facili</span> <span class='ocrx_word' id='word_1_325' title='bbox 805 4207 1056 4269; x_wconf 88' lang='lat' dir='ltr'>solvitur,</span> <span class='ocrx_word' id='word_1_326' title='bbox 1103 4210 1232 4270; x_wconf 89' lang='lat' dir='ltr'>quia</span> <span class='ocrx_word' id='word_1_327' title='bbox 1273 4209 1581 4259; x_wconf 90' lang='lat' dir='ltr'>secundum</span> <span class='ocrx_word' id='word_1_328' title='bbox 1626 4209 1773 4273; x_wconf 91' lang='lat' dir='ltr'>quod</span> <span class='ocrx_word' id='word_1_329' title='bbox 1819 4211 1876 4258; x_wconf 90' lang='lat' dir='ltr'>in</span> <span class='ocrx_word' id='word_1_330' title='bbox 1921 4210 2132 4260; x_wconf 91' lang='lat' dir='ltr'>semine</span> 
     </span>
    </p>
   </div>
   <div class='ocr_carea' id='block_1_47' title="bbox 497 4279 2133 4345">
    <p class='ocr_par' dir='ltr' id='par_1_47' title="bbox 497 4279 2133 4345">
     <span class='ocr_line' id='line_1_47' title="bbox 497 4279 2133 4345; baseline 0 -15"><span class='ocrx_word' id='word_1_331' title='bbox 497 4279 831 4344; x_wconf 84' lang='lat' dir='ltr'>intelligitur</span> <span class='ocrx_word' id='word_1_332' title='bbox 855 4280 1033 4328; x_wconf 88' lang='lat' dir='ltr'>virtus</span> <span class='ocrx_word' id='word_1_333' title='bbox 1059 4280 1236 4328; x_wconf 88' lang='lat' dir='ltr'>activa</span> <span class='ocrx_word' id='word_1_334' title='bbox 1263 4284 1585 4343; x_wconf 89' lang='lat' dir='ltr'>comparant</span> <span class='ocrx_word' id='word_1_335' title='bbox 1629 4282 1827 4330; x_wconf 90' lang='lat' dir='ltr'>semini</span> <span class='ocrx_word' id='word_1_336' title='bbox 1866 4280 2133 4345; x_wconf 90' lang='lat' dir='ltr'>Spiritum</span> 
     </span>
    </p>
   </div>
   <div class='ocr_carea' id='block_1_48' title="bbox 499 4351 1528 4412">
    <p class='ocr_par' dir='ltr' id='par_1_48' title="bbox 499 4351 1528 4412">
     <span class='ocr_line' id='line_1_48' title="bbox 499 4351 1528 4412; baseline -0.001 -11"><span class='ocrx_word' id='word_1_337' title='bbox 499 4355 773 4412; x_wconf 85' lang='lat' dir='ltr'>sanctum,</span> <span class='ocrx_word' id='word_1_338' title='bbox 802 4351 886 4401; x_wconf 89' lang='lat' dir='ltr'>vel</span> <span class='ocrx_word' id='word_1_339' title='bbox 913 4351 1083 4400; x_wconf 87' lang='lat' dir='ltr'>etiam</span> <span class='ocrx_word' id='word_1_340' title='bbox 1111 4351 1334 4412; x_wconf 88' lang='lat' dir='ltr'>Filium,</span> <span class='ocrx_word' id='word_1_341' title='bbox 1359 4369 1388 4397; x_wconf 90' lang='lat'><strong>»</strong></span> <span class='ocrx_word' id='word_1_342' title='bbox 1419 4355 1528 4402; x_wconf 87' lang='lat' dir='ltr'>etc.</span> 
     </span>
    </p>
   </div>
   <div class='ocr_carea' id='block_1_49' title="bbox 560 4421 2128 4486">
    <p class='ocr_par' dir='ltr' id='par_1_49' title="bbox 560 4421 2128 4486">
     <span class='ocr_line' id='line_1_49' title="bbox 560 4421 2128 4486; baseline 0.001 -15"><span class='ocrx_word' id='word_1_343' title='bbox 560 4422 624 4484; x_wconf 79' lang='grc'>(5)</span> <span class='ocrx_word' id='word_1_344' title='bbox 659 4421 865 4472; x_wconf 89' lang='lat' dir='ltr'>Omnes</span> <span class='ocrx_word' id='word_1_345' title='bbox 895 4421 1050 4481; x_wconf 91' lang='lat' dir='ltr'>edit.,</span> <span class='ocrx_word' id='word_1_346' title='bbox 1070 4435 1223 4485; x_wconf 84' lang='lat' dir='ltr'>quem</span> <span class='ocrx_word' id='word_1_347' title='bbox 1253 4421 1309 4470; x_wconf 87' lang='lat' dir='ltr'>in</span> <span class='ocrx_word' id='word_1_348' title='bbox 1335 4421 1512 4485; x_wconf 81' lang='lat' dir='ltr'>ﬁgura</span> <span class='ocrx_word' id='word_1_349' title='bbox 1540 4423 1713 4483; x_wconf 83' lang='lat' dir='ltr'>futuri</span> <span class='ocrx_word' id='word_1_350' title='bbox 1742 4423 1997 4486; x_wconf 84' lang='lat' dir='ltr'>mysterii,</span> <span class='ocrx_word' id='word_1_351' title='bbox 2024 4429 2128 4473; x_wconf 89' lang='lat' dir='ltr'>etc.</span> 
     </span>
    </p>
   </div>
   <div class='ocr_carea' id='block_1_50' title="bbox 501 4470 2210 4558">
    <p class='ocr_par' dir='ltr' id='par_1_50' title="bbox 501 4470 2210 4558">
     <span class='ocr_line' id='line_1_50' title="bbox 501 4470 2210 4558; baseline -0.002 -14"><span class='ocrx_word' id='word_1_352' title='bbox 501 4470 706 4544; x_wconf 74' lang='lat' dir='ltr'>contra</span> <span class='ocrx_word' id='word_1_353' title='bbox 751 4507 944 4544; x_wconf 90' lang='lat' dir='ltr'>omnes</span> <span class='ocrx_word' id='word_1_354' title='bbox 985 4470 1139 4552; x_wconf 72' lang='lat' dir='ltr'>mss.,</span> <span class='ocrx_word' id='word_1_355' title='bbox 1179 4507 1272 4557; x_wconf 88' lang='lat' dir='ltr'>per</span> <span class='ocrx_word' id='word_1_356' title='bbox 1315 4470 1467 4557; x_wconf 48' lang='lat' dir='ltr'>q&#39;ulem</span> <span class='ocrx_word' id='word_1_357' title='bbox 1505 4470 1730 4556; x_wconf 49' lang='lat' dir='ltr'>ﬁ&#39;guram</span> <span class='ocrx_word' id='word_1_358' title='bbox 1775 4470 1946 4555; x_wconf 63' lang='lat' dir='ltr'>futuri</span> <span class='ocrx_word' id='word_1_359' title='bbox 1982 4470 2210 4558; x_wconf 45' lang='lat' dir='ltr'>’mys-D</span> 
     </span>
    </p>
   </div>
   <div class='ocr_carea' id='block_1_51' title="bbox 501 4564 2131 4626">
    <p class='ocr_par' dir='ltr' id='par_1_51' title="bbox 501 4564 2131 4626">
     <span class='ocr_line' id='line_1_51' title="bbox 501 4564 2131 4626; baseline -0.001 -11"><span class='ocrx_word' id='word_1_360' title='bbox 501 4565 638 4615; x_wconf 83' lang='lat' dir='ltr'>terii.</span> <span class='ocrx_word' id='word_1_361' title='bbox 702 4565 814 4614; x_wconf 90' lang='lat' dir='ltr'>Nec</span> <span class='ocrx_word' id='word_1_362' title='bbox 867 4565 1028 4615; x_wconf 85' lang='lat' dir='ltr'>male.</span> <span class='ocrx_word' id='word_1_363' title='bbox 1090 4564 1224 4614; x_wconf 90' lang='lat' dir='ltr'>Vult</span> <span class='ocrx_word' id='word_1_364' title='bbox 1289 4566 1440 4615; x_wconf 91' lang='lat' dir='ltr'>enim</span> <span class='ocrx_word' id='word_1_365' title='bbox 1501 4564 1576 4614; x_wconf 90' lang='lat' dir='ltr'>ibi</span> <span class='ocrx_word' id='word_1_366' title='bbox 1635 4570 1858 4615; x_wconf 88' lang='lat' dir='ltr'>sanctus</span> <span class='ocrx_word' id='word_1_367' title='bbox 1922 4565 2131 4626; x_wconf 87' lang='lat' dir='ltr'>doctor,</span> 
     </span>
    </p>
   </div>
   <div class='ocr_carea' id='block_1_52' title="bbox 499 4635 2134 4699">
    <p class='ocr_par' dir='ltr' id='par_1_52' title="bbox 499 4635 2134 4699">
     <span class='ocr_line' id='line_1_52' title="bbox 499 4635 2134 4699; baseline -0.001 -13"><span class='ocrx_word' id='word_1_368' title='bbox 499 4635 785 4686; x_wconf 86' lang='lat' dir='ltr'>Christum</span> <span class='ocrx_word' id='word_1_369' title='bbox 849 4635 1176 4699; x_wconf 86' lang='lat' dir='ltr'>virginalem</span> <span class='ocrx_word' id='word_1_370' title='bbox 1239 4637 1428 4685; x_wconf 88' lang='lat' dir='ltr'>matris</span> <span class='ocrx_word' id='word_1_371' title='bbox 1495 4639 1713 4685; x_wconf 89' lang='lat' dir='ltr'>uterum</span> <span class='ocrx_word' id='word_1_372' title='bbox 1776 4637 2134 4686; x_wconf 88' lang='lat' dir='ltr'>immaculato</span> 
     </span>
    </p>
   </div>
   <div class='ocr_carea' id='block_1_53' title="bbox 495 4706 2132 4770">
    <p class='ocr_par' dir='ltr' id='par_1_53' title="bbox 495 4706 2132 4770">
     <span class='ocr_line' id='line_1_53' title="bbox 495 4706 2132 4770; baseline 0.002 -16"><span class='ocrx_word' id='word_1_373' title='bbox 495 4710 660 4770; x_wconf 87' lang='lat' dir='ltr'>partu</span> <span class='ocrx_word' id='word_1_374' title='bbox 712 4711 1082 4766; x_wconf 88' lang='lat' dir='ltr'>reserantem,</span> <span class='ocrx_word' id='word_1_375' title='bbox 1138 4706 1222 4755; x_wconf 90' lang='lat' dir='ltr'>sui</span> <span class='ocrx_word' id='word_1_376' title='bbox 1275 4707 1448 4769; x_wconf 90' lang='lat' dir='ltr'>ipsius</span> <span class='ocrx_word' id='word_1_377' title='bbox 1501 4707 1802 4769; x_wconf 87' lang='lat' dir='ltr'>spiritalem</span> <span class='ocrx_word' id='word_1_378' title='bbox 1868 4707 2132 4758; x_wconf 76' lang='lat' dir='ltr'>Ecclesiae</span> 
     </span>
    </p>
   </div>
   <div class='ocr_carea' id='block_1_54' title="bbox 495 4777 2130 4841">
    <p class='ocr_par' dir='ltr' id='par_1_54' title="bbox 495 4777 2130 4841">
     <span class='ocr_line' id='line_1_54' title="bbox 495 4777 2130 4841; baseline 0.001 -14"><span class='ocrx_word' id='word_1_379' title='bbox 495 4777 723 4827; x_wconf 88' lang='lat' dir='ltr'>vulvam</span> <span class='ocrx_word' id='word_1_380' title='bbox 767 4777 836 4826; x_wconf 90' lang='lat' dir='ltr'>ad</span> <span class='ocrx_word' id='word_1_381' title='bbox 883 4777 1296 4839; x_wconf 77' lang='lat' dir='ltr'>generationem</span> <span class='ocrx_word' id='word_1_382' title='bbox 1343 4778 1594 4828; x_wconf 86' lang='lat' dir='ltr'>ﬁdelium</span> <span class='ocrx_word' id='word_1_383' title='bbox 1641 4779 1938 4841; x_wconf 87' lang='lat' dir='ltr'>aperientis</span> <span class='ocrx_word' id='word_1_384' title='bbox 1987 4779 2130 4840; x_wconf 86' lang='lat' dir='ltr'>ﬁgu-</span> 
     </span>
    </p>
   </div>
   <div class='ocr_carea' id='block_1_55' title="bbox 498 4848 2134 4912">
    <p class='ocr_par' dir='ltr' id='par_1_55' title="bbox 498 4848 2134 4912">
     <span class='ocr_line' id='line_1_55' title="bbox 498 4848 2134 4912; baseline 0.001 -14"><span class='ocrx_word' id='word_1_385' title='bbox 498 4862 616 4898; x_wconf 88' lang='lat' dir='ltr'>ram</span> <span class='ocrx_word' id='word_1_386' title='bbox 674 4860 814 4897; x_wconf 92' lang='lat' dir='ltr'>esse.</span> <span class='ocrx_word' id='word_1_387' title='bbox 861 4850 933 4897; x_wconf 87' lang='lat' dir='ltr'>At</span> <span class='ocrx_word' id='word_1_388' title='bbox 981 4848 1131 4898; x_wconf 89' lang='lat' dir='ltr'>enim</span> <span class='ocrx_word' id='word_1_389' title='bbox 1173 4861 1375 4898; x_wconf 90' lang='lat' dir='ltr'>verene</span> <span class='ocrx_word' id='word_1_390' title='bbox 1418 4854 1472 4899; x_wconf 91' lang='lat' dir='ltr'>et</span> <span class='ocrx_word' id='word_1_391' title='bbox 1523 4849 1753 4912; x_wconf 87' lang='lat' dir='ltr'>physice</span> <span class='ocrx_word' id='word_1_392' title='bbox 1793 4855 1983 4912; x_wconf 90' lang='lat' dir='ltr'>aperta</span> <span class='ocrx_word' id='word_1_393' title='bbox 2032 4851 2134 4899; x_wconf 77' lang='lat' dir='ltr'>fuit</span> 
     </span>
    </p>
   </div>
   <div class='ocr_carea' id='block_1_56' title="bbox 495 4918 2132 4985">
    <p class='ocr_par' dir='ltr' id='par_1_56' title="bbox 495 4918 2132 4985">
     <span class='ocr_line' id='line_1_56' title="bbox 495 4918 2132 4985; baseline 0.001 -16"><span class='ocrx_word' id='word_1_394' title='bbox 495 4922 553 4970; x_wconf 89' lang='lat' dir='ltr'>in</span> <span class='ocrx_word' id='word_1_395' title='bbox 583 4925 745 4983; x_wconf 87' lang='lat' dir='ltr'>partu</span> <span class='ocrx_word' id='word_1_396' title='bbox 785 4918 952 4968; x_wconf 90' lang='lat' dir='ltr'>vulva</span> <span class='ocrx_word' id='word_1_397' title='bbox 981 4920 1308 4969; x_wconf 58' lang='lat' dir='ltr'>castissima</span> <span class='ocrx_word' id='word_1_398' title='bbox 1353 4919 1596 4985; x_wconf 86' lang='lat' dir='ltr'>Virginis</span> <span class='ocrx_word' id='word_1_399' title='bbox 1616 4923 1642 4969; x_wconf 69' lang='lat' dir='ltr'>‘P</span> <span class='ocrx_word' id='word_1_400' title='bbox 1669 4921 1970 4984; x_wconf 88' lang='lat' dir='ltr'>Negantem</span> <span class='ocrx_word' id='word_1_401' title='bbox 2008 4935 2132 4971; x_wconf 89' lang='lat' dir='ltr'>sen-</span> 
     </span>
    </p>
   </div>
   <div class='ocr_carea' id='block_1_57' title="bbox 496 4989 2132 5054">
    <p class='ocr_par' dir='ltr' id='par_1_57' title="bbox 496 4989 2132 5054">
     <span class='ocr_line' id='line_1_57' title="bbox 496 4989 2132 5054; baseline 0.001 -14"><span class='ocrx_word' id='word_1_402' title='bbox 496 4991 727 5043; x_wconf 89' lang='lat' dir='ltr'>tentiam</span> <span class='ocrx_word' id='word_1_403' title='bbox 762 4991 1173 5054; x_wconf 90' lang='lat' dir='ltr'>amplectuntur</span> <span class='ocrx_word' id='word_1_404' title='bbox 1202 4989 1465 5054; x_wconf 82' lang='lat' dir='ltr'>theologi,</span> <span class='ocrx_word' id='word_1_405' title='bbox 1499 5005 1564 5042; x_wconf 92' lang='lat' dir='ltr'>eo</span> <span class='ocrx_word' id='word_1_406' title='bbox 1589 4992 1802 5042; x_wconf 88' lang='lat' dir='ltr'>scilicet</span> <span class='ocrx_word' id='word_1_407' title='bbox 1833 4993 2132 5043; x_wconf 82' lang='lat' dir='ltr'>innitentes</span> 
     </span>
    </p>
   </div>
   <div class='ocr_carea' id='block_1_58' title="bbox 497 5060 2128 5126">
    <p class='ocr_par' dir='ltr' id='par_1_58' title="bbox 497 5060 2128 5126">
     <span class='ocr_line' id='line_1_58' title="bbox 497 5060 2128 5126; baseline 0.001 -16"><span class='ocrx_word' id='word_1_408' title='bbox 497 5062 648 5126; x_wconf 88' lang='lat' dir='ltr'>quod</span> <span class='ocrx_word' id='word_1_409' title='bbox 687 5060 816 5111; x_wconf 85' lang='lat' dir='ltr'>ﬁdei</span> <span class='ocrx_word' id='word_1_410' title='bbox 865 5062 1067 5125; x_wconf 89' lang='lat' dir='ltr'>dogma</span> <span class='ocrx_word' id='word_1_411' title='bbox 1115 5061 1204 5122; x_wconf 87' lang='lat' dir='ltr'>sit,</span> <span class='ocrx_word' id='word_1_412' title='bbox 1251 5063 1353 5110; x_wconf 88' lang='lat' dir='ltr'>PP.</span> <span class='ocrx_word' id='word_1_413' title='bbox 1399 5064 1666 5124; x_wconf 88' lang='lat' dir='ltr'>omnium,</span> <span class='ocrx_word' id='word_1_414' title='bbox 1716 5064 1931 5113; x_wconf 75' lang='lat' dir='ltr'>Nicaani</span> <span class='ocrx_word' id='word_1_415' title='bbox 1970 5076 2128 5112; x_wconf 92' lang='lat' dir='ltr'>conc.</span> 
     </span>
    </p>
   </div>
   <div class='ocr_carea' id='block_1_59' title="bbox 498 5133 2131 5196">
    <p class='ocr_par' dir='ltr' id='par_1_59' title="bbox 498 5133 2131 5196">
     <span class='ocr_line' id='line_1_59' title="bbox 498 5133 2131 5196; baseline 0 -14"><span class='ocrx_word' id='word_1_416' title='bbox 498 5137 553 5182; x_wconf 92' lang='lat' dir='ltr'>et</span> <span class='ocrx_word' id='word_1_417' title='bbox 593 5134 966 5196; x_wconf 91' lang='lat' dir='ltr'>sequentium,</span> <span class='ocrx_word' id='word_1_418' title='bbox 1017 5137 1293 5196; x_wconf 89' lang='lat' dir='ltr'>quotquot</span> <span class='ocrx_word' id='word_1_419' title='bbox 1335 5133 1510 5196; x_wconf 86' lang='lat' dir='ltr'>fuere,</span> <span class='ocrx_word' id='word_1_420' title='bbox 1551 5136 1883 5184; x_wconf 86' lang='lat' dir='ltr'>auctoritate</span> <span class='ocrx_word' id='word_1_421' title='bbox 1946 5135 2131 5183; x_wconf 90' lang='lat' dir='ltr'>muni-</span> 
     </span>
    </p>
   </div>
   <div class='ocr_carea' id='block_1_60' title="bbox 497 5203 2129 5269">
    <p class='ocr_par' dir='ltr' id='par_1_60' title="bbox 497 5203 2129 5269">
     <span class='ocr_line' id='line_1_60' title="bbox 497 5203 2129 5269; baseline 0.002 -17"><span class='ocrx_word' id='word_1_422' title='bbox 497 5208 634 5264; x_wconf 90' lang='lat' dir='ltr'>tum,</span> <span class='ocrx_word' id='word_1_423' title='bbox 677 5203 905 5254; x_wconf 85' lang='lat' dir='ltr'>Mariam</span> <span class='ocrx_word' id='word_1_424' title='bbox 946 5205 1002 5252; x_wconf 91' lang='lat' dir='ltr'>in</span> <span class='ocrx_word' id='word_1_425' title='bbox 1041 5207 1200 5266; x_wconf 89' lang='lat' dir='ltr'>partu</span> <span class='ocrx_word' id='word_1_426' title='bbox 1251 5219 1474 5268; x_wconf 89' lang='lat' dir='ltr'>quoque</span> <span class='ocrx_word' id='word_1_427' title='bbox 1519 5206 1787 5269; x_wconf 90' lang='lat' dir='ltr'>virginem</span> <span class='ocrx_word' id='word_1_428' title='bbox 1830 5206 2129 5267; x_wconf 86' lang='lat' dir='ltr'>exstitisse,</span> 
     </span>
    </p>
   </div>
   <div class='ocr_carea' id='block_1_61' title="bbox 495 5274 2131 5340">
    <p class='ocr_par' dir='ltr' id='par_1_61' title="bbox 495 5274 2131 5340">
     <span class='ocr_line' id='line_1_61' title="bbox 495 5274 2131 5340; baseline 0.001 -16"><span class='ocrx_word' id='word_1_429' title='bbox 495 5274 646 5338; x_wconf 89' lang='lat' dir='ltr'>quod</span> <span class='ocrx_word' id='word_1_430' title='bbox 701 5288 830 5326; x_wconf 89' lang='lat' dir='ltr'>cum</span> <span class='ocrx_word' id='word_1_431' title='bbox 891 5277 1174 5338; x_wconf 89' lang='lat' dir='ltr'>apertione</span> <span class='ocrx_word' id='word_1_432' title='bbox 1223 5277 1364 5326; x_wconf 91' lang='lat' dir='ltr'>uteri</span> <span class='ocrx_word' id='word_1_433' title='bbox 1422 5278 1726 5327; x_wconf 87' lang='lat' dir='ltr'>consistere</span> <span class='ocrx_word' id='word_1_434' title='bbox 1774 5291 2131 5340; x_wconf 86' lang='lat' dir='ltr'>nequaquam</span> 
     </span>
    </p>
   </div>
   <div class='ocr_carea' id='block_1_62' title="bbox 495 5347 2131 5411">
    <p class='ocr_par' dir='ltr' id='par_1_62' title="bbox 495 5347 2131 5411">
     <span class='ocr_line' id='line_1_62' title="bbox 495 5347 2131 5411; baseline 0.001 -16"><span class='ocrx_word' id='word_1_435' title='bbox 495 5359 660 5408; x_wconf 90' lang='lat' dir='ltr'>posse</span> <span class='ocrx_word' id='word_1_436' title='bbox 706 5347 1041 5396; x_wconf 90' lang='lat' dir='ltr'>existimant.</span> <span class='ocrx_word' id='word_1_437' title='bbox 1093 5347 1219 5410; x_wconf 88' lang='lat' dir='ltr'>Ipse</span> <span class='ocrx_word' id='word_1_438' title='bbox 1271 5347 1499 5411; x_wconf 90' lang='lat' dir='ltr'>quidem</span> <span class='ocrx_word' id='word_1_439' title='bbox 1546 5347 1874 5398; x_wconf 84' lang='lat' dir='ltr'>Ambrosius</span> <span class='ocrx_word' id='word_1_440' title='bbox 1913 5349 2131 5411; x_wconf 84' lang='lat' dir='ltr'>Opinio-</span> 
     </span>
    </p>
   </div>
   <div class='ocr_carea' id='block_1_63' title="bbox 494 5417 2127 5482">
    <p class='ocr_par' dir='ltr' id='par_1_63' title="bbox 494 5417 2127 5482">
     <span class='ocr_line' id='line_1_63' title="bbox 494 5417 2127 5482; baseline 0.003 -19"><span class='ocrx_word' id='word_1_441' title='bbox 494 5428 625 5465; x_wconf 89' lang='lat' dir='ltr'>nem</span> <span class='ocrx_word' id='word_1_442' title='bbox 693 5417 1065 5480; x_wconf 88' lang='lat' dir='ltr'>quorumdam</span> <span class='ocrx_word' id='word_1_443' title='bbox 1130 5420 1456 5482; x_wconf 88' lang='lat' dir='ltr'>negantium</span> <span class='ocrx_word' id='word_1_444' title='bbox 1528 5424 1814 5482; x_wconf 89' lang='lat' dir='ltr'>parentem</span> <span class='ocrx_word' id='word_1_445' title='bbox 1886 5420 2127 5480; x_wconf 86' lang='lat' dir='ltr'>Domini,</span> 
     </span>
    </p>
   </div>
   <div class='ocr_carea' id='block_1_64' title="bbox 494 5487 2131 5552">
    <p class='ocr_par' dir='ltr' id='par_1_64' title="bbox 494 5487 2131 5552">
     <span class='ocr_line' id='line_1_64' title="bbox 494 5487 2131 5552; baseline 0.004 -18"><span class='ocrx_word' id='word_1_446' title='bbox 494 5499 665 5549; x_wconf 89' lang='lat' dir='ltr'>quam</span> <span class='ocrx_word' id='word_1_447' title='bbox 711 5487 982 5550; x_wconf 85' lang='lat' dir='ltr'>virginem</span> <span class='ocrx_word' id='word_1_448' title='bbox 1028 5491 1352 5552; x_wconf 89' lang='lat' dir='ltr'>concepisse</span> <span class='ocrx_word' id='word_1_449' title='bbox 1408 5503 1519 5539; x_wconf 93' lang='lat' dir='ltr'>non</span> <span class='ocrx_word' id='word_1_450' title='bbox 1574 5490 1982 5550; x_wconf 83' lang='lat' dir='ltr'>difﬂtebantur,</span> <span class='ocrx_word' id='word_1_451' title='bbox 2025 5492 2131 5540; x_wconf 91' lang='lat' dir='ltr'>vir-</span> 
     </span>
    </p>
   </div>
   <div class='ocr_carea' id='block_1_65' title="bbox 490 5558 2130 5621">
    <p class='ocr_par' dir='ltr' id='par_1_65' title="bbox 490 5558 2130 5621">
     <span class='ocr_line' id='line_1_65' title="bbox 490 5558 2130 5621; baseline 0.005 -17"><span class='ocrx_word' id='word_1_452' title='bbox 490 5558 680 5619; x_wconf 90' lang='lat' dir='ltr'>ginem</span> <span class='ocrx_word' id='word_1_453' title='bbox 706 5571 1016 5621; x_wconf 85' lang='lat' dir='ltr'>generasse,</span> <span class='ocrx_word' id='word_1_454' title='bbox 1049 5561 1105 5608; x_wconf 93' lang='lat' dir='ltr'>in</span> <span class='ocrx_word' id='word_1_455' title='bbox 1141 5560 1540 5612; x_wconf 85' lang='lat' dir='ltr'>Mediolanensi</span> <span class='ocrx_word' id='word_1_456' title='bbox 1579 5563 1819 5612; x_wconf 88' lang='lat' dir='ltr'>concilio</span> <span class='ocrx_word' id='word_1_457' title='bbox 1860 5562 2130 5612; x_wconf 88' lang='lat' dir='ltr'>damnan-</span> 
     </span>
    </p>
   </div>
   <div class='ocr_carea' id='block_1_66' title="bbox 492 5627 2130 5696">
    <p class='ocr_par' dir='ltr' id='par_1_66' title="bbox 492 5627 2130 5696">
     <span class='ocr_line' id='line_1_66' title="bbox 492 5627 2130 5696; baseline 0.004 -20"><span class='ocrx_word' id='word_1_458' title='bbox 492 5627 622 5676; x_wconf 88' lang='lat' dir='ltr'>dam</span> <span class='ocrx_word' id='word_1_459' title='bbox 661 5629 895 5688; x_wconf 87' lang='lat' dir='ltr'>curavit,</span> <span class='ocrx_word' id='word_1_460' title='bbox 936 5635 1000 5678; x_wconf 88' lang='lat' dir='ltr'>ut</span> <span class='ocrx_word' id='word_1_461' title='bbox 1032 5631 1311 5695; x_wconf 88' lang='lat' dir='ltr'>intelligas</span> <span class='ocrx_word' id='word_1_462' title='bbox 1351 5646 1421 5683; x_wconf 87' lang='lat' dir='ltr'>ex</span> <span class='ocrx_word' id='word_1_463' title='bbox 1458 5633 1576 5696; x_wconf 89' lang='lat' dir='ltr'>ejus</span> <span class='ocrx_word' id='word_1_464' title='bbox 1616 5631 1684 5682; x_wconf 86' lang='lat' dir='ltr'>ad</span> <span class='ocrx_word' id='word_1_465' title='bbox 1729 5631 1990 5683; x_wconf 90' lang='lat' dir='ltr'>Siricium</span> <span class='ocrx_word' id='word_1_466' title='bbox 2033 5647 2130 5696; x_wconf 89' lang='lat' dir='ltr'>pa-</span> 
     </span>
    </p>
   </div>
   <div class='ocr_carea' id='block_1_67' title="bbox 490 5697 2132 5768">
    <p class='ocr_par' dir='ltr' id='par_1_67' title="bbox 490 5697 2132 5768">
     <span class='ocr_line' id='line_1_67' title="bbox 490 5697 2132 5768; baseline 0.005 -24"><span class='ocrx_word' id='word_1_467' title='bbox 490 5710 620 5759; x_wconf 89' lang='lat' dir='ltr'>pam</span> <span class='ocrx_word' id='word_1_468' title='bbox 645 5697 898 5768; x_wconf 84' lang='lat' dir='ltr'>epistola,</span> <span class='ocrx_word' id='word_1_469' title='bbox 927 5699 1023 5748; x_wconf 90' lang='lat' dir='ltr'>ubi</span> <span class='ocrx_word' id='word_1_470' title='bbox 1065 5701 1314 5752; x_wconf 90' lang='lat' dir='ltr'>collectis</span> <span class='ocrx_word' id='word_1_471' title='bbox 1352 5703 1606 5766; x_wconf 89' lang='lat' dir='ltr'>pluribus</span> <span class='ocrx_word' id='word_1_472' title='bbox 1646 5704 1860 5768; x_wconf 89' lang='lat' dir='ltr'>antiqui</span> <span class='ocrx_word' id='word_1_473' title='bbox 1907 5703 2132 5754; x_wconf 70' lang='lat' dir='ltr'>fmderis</span> 
     </span>
    </p>
   </div>
   <div class='ocr_carea' id='block_1_68' title="bbox 493 5765 2131 5842">
    <p class='ocr_par' dir='ltr' id='par_1_68' title="bbox 493 5765 2131 5842">
     <span class='ocr_line' id='line_1_68' title="bbox 493 5765 2131 5842; baseline 0.007 -26"><span class='ocrx_word' id='word_1_474' title='bbox 493 5765 766 5832; x_wconf 84' lang='lat' dir='ltr'>exemplis</span> <span class='ocrx_word' id='word_1_475' title='bbox 809 5779 876 5818; x_wconf 90' lang='lat' dir='ltr'>ac</span> <span class='ocrx_word' id='word_1_476' title='bbox 930 5769 1150 5834; x_wconf 80' lang='lat' dir='ltr'>ﬁguris,</span> <span class='ocrx_word' id='word_1_477' title='bbox 1193 5765 1384 5836; x_wconf 78' lang='lat' dir='ltr'>partus</span> <span class='ocrx_word' id='word_1_478' title='bbox 1429 5775 1665 5842; x_wconf 82' lang='lat' dir='ltr'>virginei</span> <span class='ocrx_word' id='word_1_479' title='bbox 1706 5765 2131 5840; x_wconf 73' lang='lat' dir='ltr'>possibilitatem</span> 
     </span>
    </p>
   </div>
   <div class='ocr_carea' id='block_1_69' title="bbox 1973 233 2392 290">
    <p class='ocr_par' dir='ltr' id='par_1_69' title="bbox 1973 233 2392 290">
     <span class='ocr_line' id='line_1_69' title="bbox 1973 233 2392 290; baseline -0.01 -1"><span class='ocrx_word' id='word_1_480' title='bbox 1973 237 2025 289; x_wconf 91' lang='lat' dir='ltr'>S.</span> <span class='ocrx_word' id='word_1_481' title='bbox 2073 235 2162 290; x_wconf 83' lang='lat' dir='ltr'><strong>AM</strong></span> <span class='ocrx_word' id='word_1_482' title='bbox 2171 233 2392 288; x_wconf 80' lang='lat' dir='ltr'>BROSII</span> 
     </span>
    </p>
   </div>
   <div class='ocr_carea' id='block_1_70' title="bbox 3690 233 3800 285">
    <p class='ocr_par' dir='ltr' id='par_1_70' title="bbox 3690 233 3800 285">
     <span class='ocr_line' id='line_1_70' title="bbox 3690 233 3800 285; baseline 0.018 -2"><span class='ocrx_word' id='word_1_483' title='bbox 3690 233 3800 285; x_wconf 76' lang='lat' dir='ltr'>i656</span> 
     </span>
    </p>
   </div>
   <div class='ocr_carea' id='block_1_71' title="bbox 2222 350 3804 423">
    <p class='ocr_par' dir='ltr' id='par_1_71' title="bbox 2222 350 3804 423">
     <span class='ocr_line' id='line_1_71' title="bbox 2222 350 3804 423; baseline -0.003 -13"><span class='ocrx_word' id='word_1_484' title='bbox 2222 356 2444 410; x_wconf 91' lang='lat' dir='ltr'>clusum</span> <span class='ocrx_word' id='word_1_485' title='bbox 2474 355 2616 410; x_wconf 90' lang='lat' dir='ltr'>velle</span> <span class='ocrx_word' id='word_1_486' title='bbox 2649 355 2897 422; x_wconf 90' lang='lat' dir='ltr'>dissolvi,</span> <span class='ocrx_word' id='word_1_487' title='bbox 2927 357 2990 408; x_wconf 90' lang='lat' dir='ltr'>ut</span> <span class='ocrx_word' id='word_1_488' title='bbox 3015 352 3254 423; x_wconf 89' lang='lat' dir='ltr'>incipiat</span> <span class='ocrx_word' id='word_1_489' title='bbox 3279 366 3396 404; x_wconf 83' lang='lat' dir='ltr'>esse</span> <span class='ocrx_word' id='word_1_490' title='bbox 3428 366 3549 404; x_wconf 89' lang='lat' dir='ltr'>cum</span> <span class='ocrx_word' id='word_1_491' title='bbox 3587 350 3780 406; x_wconf 85' lang='lat' dir='ltr'>Christo</span> <span class='ocrx_word' id='word_1_492' title='bbox 3790 370 3804 420; x_wconf 59' lang='grc' dir='ltr'><strong>ί</strong></span> 
     </span>
    </p>
   </div>
   <div class='ocr_carea' id='block_1_72' title="bbox 2226 443 3806 514">
    <p class='ocr_par' dir='ltr' id='par_1_72' title="bbox 2226 443 3806 514">
     <span class='ocr_line' id='line_1_72' title="bbox 2226 443 3806 514; baseline -0.003 -11"><span class='ocrx_word' id='word_1_493' title='bbox 2226 449 2454 504; x_wconf 89' lang='lat' dir='ltr'>dissolvi</span> <span class='ocrx_word' id='word_1_494' title='bbox 2492 449 2672 514; x_wconf 90' lang='lat' dir='ltr'>enim,</span> <span class='ocrx_word' id='word_1_495' title='bbox 2703 454 2758 503; x_wconf 90' lang='lat' dir='ltr'>et</span> <span class='ocrx_word' id='word_1_496' title='bbox 2791 464 2919 502; x_wconf 91' lang='lat' dir='ltr'>cum</span> <span class='ocrx_word' id='word_1_497' title='bbox 2961 445 3181 500; x_wconf 88' lang='lat' dir='ltr'>Christo</span> <span class='ocrx_word' id='word_1_498' title='bbox 3223 459 3359 510; x_wconf 89' lang='lat' dir='ltr'>esse,</span> <span class='ocrx_word' id='word_1_499' title='bbox 3401 444 3574 497; x_wconf 90' lang='lat' dir='ltr'>multo</span> <span class='ocrx_word' id='word_1_500' title='bbox 3612 443 3806 499; x_wconf 85' lang='lat' dir='ltr'>melius.</span> 
     </span>
    </p>
   </div>
   <div class='ocr_carea' id='block_1_73' title="bbox 2225 536 3810 613">
    <p class='ocr_par' dir='ltr' id='par_1_73' title="bbox 2225 536 3810 613">
     <span class='ocr_line' id='line_1_73' title="bbox 2225 536 3810 613; baseline -0.006 -14"><span class='ocrx_word' id='word_1_501' title='bbox 2225 543 2332 599; x_wconf 87' lang='lat' dir='ltr'>Sed</span> <span class='ocrx_word' id='word_1_502' title='bbox 2369 544 2465 613; x_wconf 92' lang='lat' dir='ltr'>qui</span> <span class='ocrx_word' id='word_1_503' title='bbox 2493 543 2612 596; x_wconf 90' lang='lat' dir='ltr'>vult</span> <span class='ocrx_word' id='word_1_504' title='bbox 2643 541 2875 608; x_wconf 90' lang='lat' dir='ltr'>dimitti,</span> <span class='ocrx_word' id='word_1_505' title='bbox 2908 539 3098 593; x_wconf 88' lang='lat' dir='ltr'>veniat</span> <span class='ocrx_word' id='word_1_506' title='bbox 3131 538 3192 592; x_wconf 89' lang='lat' dir='ltr'>in</span> <span class='ocrx_word' id='word_1_507' title='bbox 3229 536 3522 606; x_wconf 89' lang='lat' dir='ltr'>templum,</span> <span class='ocrx_word' id='word_1_508' title='bbox 3559 537 3731 590; x_wconf 89' lang='lat' dir='ltr'>veniat</span> <span class='ocrx_word' id='word_1_509' title='bbox 3762 537 3810 590; x_wconf 89' lang='lat' dir='ltr'>in</span> 
     </span>
    </p>
   </div>
   <div class='ocr_carea' id='block_1_74' title="bbox 2223 627 3813 704">
    <p class='ocr_par' dir='ltr' id='par_1_74' title="bbox 2223 627 3813 704">
     <span class='ocr_line' id='line_1_74' title="bbox 2223 627 3813 704; baseline -0.005 -12"><span class='ocrx_word' id='word_1_510' title='bbox 2223 636 2568 702; x_wconf 83' lang='lat' dir='ltr'>Jerusalem,</span> <span class='ocrx_word' id='word_1_511' title='bbox 2625 637 2911 704; x_wconf 79' lang='lat' dir='ltr'>exspectet</span> <span class='ocrx_word' id='word_1_512' title='bbox 2965 632 3252 687; x_wconf 90' lang='lat' dir='ltr'>Christum</span> <span class='ocrx_word' id='word_1_513' title='bbox 3306 627 3552 695; x_wconf 89' lang='lat' dir='ltr'>Domini,</span> <span class='ocrx_word' id='word_1_514' title='bbox 3603 628 3813 699; x_wconf 85' lang='lat' dir='ltr'>accipiat</span> 
     </span>
    </p>
   </div>
   <div class='ocr_carea' id='block_1_75' title="bbox 2223 721 3811 793">
    <p class='ocr_par' dir='ltr' id='par_1_75' title="bbox 2223 721 3811 793">
     <span class='ocr_line' id='line_1_75' title="bbox 2223 721 3811 793; baseline -0.006 -9"><span class='ocrx_word' id='word_1_515' title='bbox 2223 731 2284 785; x_wconf 93' lang='lat' dir='ltr'>in</span> <span class='ocrx_word' id='word_1_516' title='bbox 2331 729 2593 783; x_wconf 90' lang='lat' dir='ltr'>manibus</span> <span class='ocrx_word' id='word_1_517' title='bbox 2637 728 2887 782; x_wconf 89' lang='lat' dir='ltr'>Verbum</span> <span class='ocrx_word' id='word_1_518' title='bbox 2916 726 3033 792; x_wconf 93' lang='lat' dir='ltr'>Dei,</span> <span class='ocrx_word' id='word_1_519' title='bbox 3075 730 3131 778; x_wconf 90' lang='lat' dir='ltr'>et</span> <span class='ocrx_word' id='word_1_520' title='bbox 3168 724 3568 793; x_wconf 88' lang='lat' dir='ltr'>complectatur</span> <span class='ocrx_word' id='word_1_521' title='bbox 3607 721 3811 792; x_wconf 83' lang='lat' dir='ltr'>quibus-</span> 
     </span>
    </p>
   </div>
   <div class='ocr_carea' id='block_1_76' title="bbox 2225 814 3817 886">
    <p class='ocr_par' dir='ltr' id='par_1_76' title="bbox 2225 814 3817 886">
     <span class='ocr_line' id='line_1_76' title="bbox 2225 814 3817 886; baseline -0.005 -9"><span class='ocrx_word' id='word_1_522' title='bbox 2225 825 2354 878; x_wconf 89' lang='lat' dir='ltr'>dam</span> <span class='ocrx_word' id='word_1_523' title='bbox 2402 839 2518 876; x_wconf 68' lang='lat' dir='ltr'>sute</span> <span class='ocrx_word' id='word_1_524' title='bbox 2563 821 2692 876; x_wconf 84' lang='lat' dir='ltr'>fidei</span> <span class='ocrx_word' id='word_1_525' title='bbox 2740 820 2989 875; x_wconf 90' lang='lat' dir='ltr'>brachiis</span> <span class='ocrx_word' id='word_1_526' title='bbox 3042 820 3136 886; x_wconf 88' lang='lat'>(6).</span> <span class='ocrx_word' id='word_1_527' title='bbox 3190 819 3342 871; x_wconf 90' lang='lat' dir='ltr'>Tunc</span> <span class='ocrx_word' id='word_1_528' title='bbox 3394 814 3723 883; x_wconf 87' lang='lat' dir='ltr'>dimittetur,</span> <span class='ocrx_word' id='word_1_529' title='bbox 3766 821 3817 869; x_wconf 87' lang='lat' dir='ltr'>ut</span> 
     </span>
    </p>
   </div>
   <div class='ocr_carea' id='block_1_77' title="bbox 2227 909 3440 985">
    <p class='ocr_par' dir='ltr' id='par_1_77' title="bbox 2227 909 3440 985">
     <span class='ocr_line' id='line_1_77' title="bbox 2227 909 3440 985; baseline -0.007 -14"><span class='ocrx_word' id='word_1_530' title='bbox 2227 933 2340 971; x_wconf 91' lang='lat' dir='ltr'>non</span> <span class='ocrx_word' id='word_1_531' title='bbox 2374 915 2558 970; x_wconf 89' lang='lat' dir='ltr'>videat</span> <span class='ocrx_word' id='word_1_532' title='bbox 2582 919 2850 980; x_wconf 90' lang='lat' dir='ltr'>mortem,</span> <span class='ocrx_word' id='word_1_533' title='bbox 2880 914 2977 985; x_wconf 90' lang='lat' dir='ltr'>qui</span> <span class='ocrx_word' id='word_1_534' title='bbox 3015 911 3222 966; x_wconf 91' lang='lat' dir='ltr'>viderit</span> <span class='ocrx_word' id='word_1_535' title='bbox 3245 909 3440 963; x_wconf 89' lang='lat' dir='ltr'>vitam.</span> 
     </span>
    </p>
   </div>
   <div class='ocr_carea' id='block_1_78' title="bbox 2298 1010 3816 1084">
    <p class='ocr_par' dir='ltr' id='par_1_78' title="bbox 2298 1010 3816 1084">
     <span class='ocr_line' id='line_1_78' title="bbox 2298 1010 3816 1084; baseline -0.005 -10"><span class='ocrx_word' id='word_1_536' title='bbox 2298 1023 2384 1074; x_wconf 88' lang='lat'>60.</span> <span class='ocrx_word' id='word_1_537' title='bbox 2418 1018 2581 1073; x_wconf 89' lang='lat' dir='ltr'>Vides</span> <span class='ocrx_word' id='word_1_538' title='bbox 2614 1019 2848 1073; x_wconf 88' lang='lat' dir='ltr'>uberem</span> <span class='ocrx_word' id='word_1_539' title='bbox 2887 1017 2945 1070; x_wconf 90' lang='lat' dir='ltr'>in</span> <span class='ocrx_word' id='word_1_540' title='bbox 2985 1031 3181 1070; x_wconf 90' lang='lat' dir='ltr'>omnes</span> <span class='ocrx_word' id='word_1_541' title='bbox 3219 1013 3464 1084; x_wconf 87' lang='lat' dir='ltr'>gratiam</span> <span class='ocrx_word' id='word_1_542' title='bbox 3500 1010 3708 1066; x_wconf 88' lang='lat' dir='ltr'>Domini</span> <span class='ocrx_word' id='word_1_543' title='bbox 3736 1028 3816 1082; x_wconf 85' lang='lat' dir='ltr'>ge-</span> 
     </span>
    </p>
   </div>
   <div class='ocr_carea' id='block_1_79' title="bbox 2227 1105 3818 1180">
    <p class='ocr_par' dir='ltr' id='par_1_79' title="bbox 2227 1105 3818 1180">
     <span class='ocr_line' id='line_1_79' title="bbox 2227 1105 3818 1180; baseline -0.006 -12"><span class='ocrx_word' id='word_1_544' title='bbox 2227 1112 2522 1168; x_wconf 88' lang='lat' dir='ltr'>neratione</span> <span class='ocrx_word' id='word_1_545' title='bbox 2549 1111 2833 1179; x_wconf 77' lang='lat' dir='ltr'>diffusam,</span> <span class='ocrx_word' id='word_1_546' title='bbox 2868 1117 2924 1164; x_wconf 91' lang='lat' dir='ltr'>et</span> <span class='ocrx_word' id='word_1_547' title='bbox 2950 1108 3313 1180; x_wconf 87' lang='lat' dir='ltr'>prophetiam</span> <span class='ocrx_word' id='word_1_548' title='bbox 3344 1105 3640 1160; x_wconf 90' lang='lat' dir='ltr'>incredulis</span> <span class='ocrx_word' id='word_1_549' title='bbox 3664 1121 3818 1175; x_wconf 85' lang='lat' dir='ltr'>nega-</span> 
     </span>
    </p>
   </div>
   <div class='ocr_carea' id='block_1_80' title="bbox 2226 1197 3819 1275">
    <p class='ocr_par' dir='ltr' id='par_1_80' title="bbox 2226 1197 3819 1275">
     <span class='ocr_line' id='line_1_80' title="bbox 2226 1197 3819 1275; baseline -0.006 -13"><span class='ocrx_word' id='word_1_550' title='bbox 2226 1213 2341 1262; x_wconf 86' lang='lat' dir='ltr'>tam</span> <span class='ocrx_word' id='word_1_551' title='bbox 2377 1223 2514 1272; x_wconf 91' lang='lat' dir='ltr'>esse,</span> <span class='ocrx_word' id='word_1_552' title='bbox 2559 1221 2671 1260; x_wconf 90' lang='lat' dir='ltr'>non</span> <span class='ocrx_word' id='word_1_553' title='bbox 2705 1205 2891 1275; x_wconf 89' lang='lat' dir='ltr'>justis.</span> <span class='ocrx_word' id='word_1_554' title='bbox 2936 1204 3074 1257; x_wconf 89' lang='lat' dir='ltr'>Ecce</span> <span class='ocrx_word' id='word_1_555' title='bbox 3108 1205 3164 1256; x_wconf 91' lang='lat' dir='ltr'>et</span> <span class='ocrx_word' id='word_1_556' title='bbox 3193 1200 3427 1256; x_wconf 90' lang='lat' dir='ltr'>Simeon</span> <span class='ocrx_word' id='word_1_557' title='bbox 3471 1197 3751 1268; x_wconf 88' lang='lat' dir='ltr'>prophetat</span> <span class='ocrx_word' id='word_1_558' title='bbox 3773 1198 3819 1252; x_wconf 89' lang='lat' dir='ltr'>in</span> 
     </span>
    </p>
   </div>
   <div class='ocr_carea' id='block_1_81' title="bbox 2227 1291 3818 1364">
    <p class='ocr_par' dir='ltr' id='par_1_81' title="bbox 2227 1291 3818 1364">
     <span class='ocr_line' id='line_1_81' title="bbox 2227 1291 3818 1364; baseline -0.007 -10"><span class='ocrx_word' id='word_1_559' title='bbox 2227 1301 2454 1354; x_wconf 88' lang='lat' dir='ltr'>ruinam</span> <span class='ocrx_word' id='word_1_560' title='bbox 2495 1305 2550 1354; x_wconf 89' lang='lat' dir='ltr'>et</span> <span class='ocrx_word' id='word_1_561' title='bbox 2587 1296 3066 1353; x_wconf 89' lang='lat' dir='ltr'>resurrectionem</span> <span class='ocrx_word' id='word_1_562' title='bbox 3093 1294 3471 1364; x_wconf 89' lang='lat' dir='ltr'>plurimorum</span> <span class='ocrx_word' id='word_1_563' title='bbox 3500 1291 3707 1344; x_wconf 89' lang='lat' dir='ltr'>venisse</span> <span class='ocrx_word' id='word_1_564' title='bbox 3734 1292 3818 1344; x_wconf 91' lang='lat' dir='ltr'>Do-</span> 
     </span>
    </p>
   </div>
   <div class='ocr_carea' id='block_1_82' title="bbox 2227 1385 3821 1458">
    <p class='ocr_par' dir='ltr' id='par_1_82' title="bbox 2227 1385 3821 1458">
     <span class='ocr_line' id='line_1_82' title="bbox 2227 1385 3821 1458; baseline -0.007 -10"><span class='ocrx_word' id='word_1_565' title='bbox 2227 1395 2449 1449; x_wconf 91' lang='lat' dir='ltr'>minum</span> <span class='ocrx_word' id='word_1_566' title='bbox 2477 1395 2668 1448; x_wconf 84' lang='lat' dir='ltr'>lesum</span> <span class='ocrx_word' id='word_1_567' title='bbox 2691 1391 3002 1456; x_wconf 88' lang='lat' dir='ltr'>Christum,</span> <span class='ocrx_word' id='word_1_568' title='bbox 3025 1395 3090 1442; x_wconf 93' lang='lat' dir='ltr'>ut</span> <span class='ocrx_word' id='word_1_569' title='bbox 3111 1389 3394 1458; x_wconf 84' lang='lat' dir='ltr'>justorum</span> <span class='ocrx_word' id='word_1_570' title='bbox 3421 1385 3821 1456; x_wconf 88' lang='lat' dir='ltr'>iniquorumque</span> 
     </span>
    </p>
   </div>
   <div class='ocr_carea' id='block_1_83' title="bbox 2229 1478 3826 1556">
    <p class='ocr_par' dir='ltr' id='par_1_83' title="bbox 2229 1478 3826 1556">
     <span class='ocr_line' id='line_1_83' title="bbox 2229 1478 3826 1556; baseline -0.008 -13"><span class='ocrx_word' id='word_1_571' title='bbox 2229 1489 2432 1542; x_wconf 91' lang='lat' dir='ltr'>merita</span> <span class='ocrx_word' id='word_1_572' title='bbox 2467 1487 2772 1551; x_wconf 89' lang='lat' dir='ltr'>discernat,</span> <span class='ocrx_word' id='word_1_573' title='bbox 2805 1488 2862 1539; x_wconf 91' lang='lat' dir='ltr'>et</span> <span class='ocrx_word' id='word_1_574' title='bbox 2892 1500 2997 1556; x_wconf 93' lang='lat' dir='ltr'>pro</span> <span class='ocrx_word' id='word_1_575' title='bbox 3033 1488 3364 1537; x_wconf 89' lang='lat' dir='ltr'>nostrorum</span> <span class='ocrx_word' id='word_1_576' title='bbox 3391 1479 3656 1550; x_wconf 89' lang='lat' dir='ltr'>qualitate</span> <span class='ocrx_word' id='word_1_577' title='bbox 3679 1478 3826 1532; x_wconf 87' lang='lat' dir='ltr'>facto-</span> 
     </span>
    </p>
   </div>
   <div class='ocr_carea' id='block_1_84' title="bbox 2228 1571 3823 1651">
    <p class='ocr_par' dir='ltr' id='par_1_84' title="bbox 2228 1571 3823 1651">
     <span class='ocr_line' id='line_1_84' title="bbox 2228 1571 3823 1651; baseline -0.008 -15"><span class='ocrx_word' id='word_1_578' title='bbox 2228 1598 2355 1636; x_wconf 90' lang='lat' dir='ltr'>rum</span> <span class='ocrx_word' id='word_1_579' title='bbox 2387 1581 2561 1651; x_wconf 89' lang='lat' dir='ltr'>judex</span> <span class='ocrx_word' id='word_1_580' title='bbox 2599 1595 2761 1634; x_wconf 91' lang='lat' dir='ltr'>verus</span> <span class='ocrx_word' id='word_1_581' title='bbox 2802 1582 2860 1632; x_wconf 90' lang='lat' dir='ltr'>et</span> <span class='ocrx_word' id='word_1_582' title='bbox 2888 1577 3075 1648; x_wconf 89' lang='lat' dir='ltr'>justus</span> <span class='ocrx_word' id='word_1_583' title='bbox 3114 1579 3212 1628; x_wconf 89' lang='lat' dir='ltr'>aut</span> <span class='ocrx_word' id='word_1_584' title='bbox 3251 1572 3526 1644; x_wconf 89' lang='lat' dir='ltr'>supplicia</span> <span class='ocrx_word' id='word_1_585' title='bbox 3568 1571 3823 1636; x_wconf 89' lang='lat' dir='ltr'>decernat,</span> 
     </span>
    </p>
   </div>
   <div class='ocr_carea' id='block_1_85' title="bbox 2227 1674 2601 1745">
    <p class='ocr_par' dir='ltr' id='par_1_85' title="bbox 2227 1674 2601 1745">
     <span class='ocr_line' id='line_1_85' title="bbox 2227 1674 2601 1745; baseline -0.008 -15"><span class='ocrx_word' id='word_1_586' title='bbox 2227 1679 2326 1730; x_wconf 90' lang='lat' dir='ltr'>aut</span> <span class='ocrx_word' id='word_1_587' title='bbox 2351 1674 2601 1745; x_wconf 57' lang='lat' dir='ltr'>praemia.</span> 
     </span>
    </p>
   </div>
   <div class='ocr_carea' id='block_1_86' title="bbox 2302 1771 3829 1845">
    <p class='ocr_par' dir='ltr' id='par_1_86' title="bbox 2302 1771 3829 1845">
     <span class='ocr_line' id='line_1_86' title="bbox 2302 1771 3829 1845; baseline -0.007 -15"><span class='ocrx_word' id='word_1_588' title='bbox 2302 1777 2474 1845; x_wconf 87' lang='lat' dir='ltr'>(Vers.</span> <span class='ocrx_word' id='word_1_589' title='bbox 2518 1775 2629 1845; x_wconf 80' lang='lat'>35.)</span> <span class='ocrx_word' id='word_1_590' title='bbox 2667 1778 2736 1831; x_wconf 85' lang='lat' dir='ltr'>Et</span> <span class='ocrx_word' id='word_1_591' title='bbox 2786 1780 2955 1838; x_wconf 85' lang='lat' dir='ltr'>tuam,</span> <span class='ocrx_word' id='word_1_592' title='bbox 3002 1771 3208 1844; x_wconf 90' lang='lat' dir='ltr'>inquit,</span> <span class='ocrx_word' id='word_1_593' title='bbox 3253 1771 3427 1841; x_wconf 77' lang='lat' dir='ltr'>ipsius</span> <span class='ocrx_word' id='word_1_594' title='bbox 3470 1771 3696 1823; x_wconf 78' lang='lat' dir='ltr'>animum</span> <span class='ocrx_word' id='word_1_595' title='bbox 3733 1783 3829 1837; x_wconf 84' lang='lat' dir='ltr'>per-</span> 
     </span>
    </p>
   </div>
   <div class='ocr_carea' id='block_1_87' title="bbox 2233 1869 2753 1938">
    <p class='ocr_par' dir='ltr' id='par_1_87' title="bbox 2233 1869 2753 1938">
     <span class='ocr_line' id='line_1_87' title="bbox 2233 1869 2753 1938; baseline -0.004 -14"><span class='ocrx_word' id='word_1_596' title='bbox 2233 1871 2488 1924; x_wconf 82' lang='lat' dir='ltr'>transibit</span> <span class='ocrx_word' id='word_1_597' title='bbox 2512 1869 2753 1938; x_wconf 81' lang='lat' dir='ltr'>gladius.</span> 
     </span>
    </p>
   </div>
   <div class='ocr_carea' id='block_1_88' title="bbox 2302 1964 3830 2036">
    <p class='ocr_par' dir='ltr' id='par_1_88' title="bbox 2302 1964 3830 2036">
     <span class='ocr_line' id='line_1_88' title="bbox 2302 1964 3830 2036; baseline -0.006 -11"><span class='ocrx_word' id='word_1_598' title='bbox 2302 1975 2390 2026; x_wconf 87' lang='grc'>61.</span> <span class='ocrx_word' id='word_1_599' title='bbox 2436 1972 2547 2024; x_wconf 87' lang='lat' dir='ltr'>Nec</span> <span class='ocrx_word' id='word_1_600' title='bbox 2593 1970 2798 2036; x_wconf 91' lang='lat' dir='ltr'>littera,</span> <span class='ocrx_word' id='word_1_601' title='bbox 2846 1986 2952 2024; x_wconf 90' lang='lat' dir='ltr'>nec</span> <span class='ocrx_word' id='word_1_602' title='bbox 2994 1969 3228 2023; x_wconf 88' lang='lat' dir='ltr'>historia</span> <span class='ocrx_word' id='word_1_603' title='bbox 3270 1968 3433 2022; x_wconf 88' lang='lat' dir='ltr'>docet</span> <span class='ocrx_word' id='word_1_604' title='bbox 3482 1983 3548 2021; x_wconf 90' lang='lat' dir='ltr'>ex</span> <span class='ocrx_word' id='word_1_605' title='bbox 3596 1966 3692 2019; x_wconf 90' lang='lat' dir='ltr'>hac</span> <span class='ocrx_word' id='word_1_606' title='bbox 3737 1964 3830 2016; x_wconf 84' lang='lat' dir='ltr'>vita</span> 
     </span>
    </p>
   </div>
   <div class='ocr_carea' id='block_1_89' title="bbox 2229 2061 3828 2135">
    <p class='ocr_par' dir='ltr' id='par_1_89' title="bbox 2229 2061 3828 2135">
     <span class='ocr_line' id='line_1_89' title="bbox 2229 2061 3828 2135; baseline -0.006 -16"><span class='ocrx_word' id='word_1_607' title='bbox 2229 2066 2462 2120; x_wconf 86' lang='lat' dir='ltr'>Mariam</span> <span class='ocrx_word' id='word_1_608' title='bbox 2514 2063 2823 2135; x_wconf 89' lang='lat' dir='ltr'>corporalis</span> <span class='ocrx_word' id='word_1_609' title='bbox 2875 2063 3028 2118; x_wconf 90' lang='lat' dir='ltr'>necis</span> <span class='ocrx_word' id='word_1_610' title='bbox 3077 2062 3339 2133; x_wconf 90' lang='lat' dir='ltr'>passione</span> <span class='ocrx_word' id='word_1_611' title='bbox 3392 2061 3688 2130; x_wconf 89' lang='lat' dir='ltr'>migrasse;</span> <span class='ocrx_word' id='word_1_612' title='bbox 3734 2074 3828 2110; x_wconf 90' lang='lat' dir='ltr'>non</span> 
     </span>
    </p>
   </div>
   <div class='ocr_carea' id='block_1_90' title="bbox 2233 2153 3828 2227">
    <p class='ocr_par' dir='ltr' id='par_1_90' title="bbox 2233 2153 3828 2227">
     <span class='ocr_line' id='line_1_90' title="bbox 2233 2153 3828 2227; baseline -0.005 -15"><span class='ocrx_word' id='word_1_613' title='bbox 2233 2159 2385 2213; x_wconf 90' lang='lat' dir='ltr'>enim</span> <span class='ocrx_word' id='word_1_614' title='bbox 2427 2157 2638 2224; x_wconf 89' lang='lat' dir='ltr'>anima,</span> <span class='ocrx_word' id='word_1_615' title='bbox 2674 2156 2769 2210; x_wconf 89' lang='lat' dir='ltr'>sed</span> <span class='ocrx_word' id='word_1_616' title='bbox 2801 2172 3006 2227; x_wconf 88' lang='lat' dir='ltr'>corpus</span> <span class='ocrx_word' id='word_1_617' title='bbox 3036 2154 3316 2210; x_wconf 90' lang='lat' dir='ltr'>materiali</span> <span class='ocrx_word' id='word_1_618' title='bbox 3358 2153 3544 2224; x_wconf 85' lang='lat' dir='ltr'>gladio</span> <span class='ocrx_word' id='word_1_619' title='bbox 3582 2157 3828 2206; x_wconf 85' lang='lat' dir='ltr'>transver-</span> 
     </span>
    </p>
   </div>
   <div class='ocr_carea' id='block_1_91' title="bbox 2230 2245 3830 2320">
    <p class='ocr_par' dir='ltr' id='par_1_91' title="bbox 2230 2245 3830 2320">
     <span class='ocr_line' id='line_1_91' title="bbox 2230 2245 3830 2320; baseline -0.006 -14"><span class='ocrx_word' id='word_1_620' title='bbox 2230 2253 2486 2306; x_wconf 91' lang='lat' dir='ltr'>beratur.</span> <span class='ocrx_word' id='word_1_621' title='bbox 2521 2253 2589 2304; x_wconf 90' lang='lat' dir='ltr'>Et</span> <span class='ocrx_word' id='word_1_622' title='bbox 2618 2250 2742 2305; x_wconf 90' lang='lat' dir='ltr'>ideo</span> <span class='ocrx_word' id='word_1_623' title='bbox 2781 2249 3145 2320; x_wconf 87' lang='lat' dir='ltr'>prudentiam</span> <span class='ocrx_word' id='word_1_624' title='bbox 3184 2247 3377 2303; x_wconf 69' lang='lat' dir='ltr'>Mariae</span> <span class='ocrx_word' id='word_1_625' title='bbox 3419 2247 3567 2300; x_wconf 90' lang='lat' dir='ltr'>haud</span> <span class='ocrx_word' id='word_1_626' title='bbox 3604 2245 3830 2316; x_wconf 88' lang='lat' dir='ltr'>ignaram</span> 
     </span>
    </p>
   </div>
   <div class='ocr_carea' id='block_1_92' title="bbox 2233 2337 3830 2416">
    <p class='ocr_par' dir='ltr' id='par_1_92' title="bbox 2233 2337 3830 2416">
     <span class='ocr_line' id='line_1_92' title="bbox 2233 2337 3830 2416; baseline -0.006 -17"><span class='ocrx_word' id='word_1_627' title='bbox 2233 2343 2485 2416; x_wconf 84' lang='lat' dir='ltr'>mysterii</span> <span class='ocrx_word' id='word_1_628' title='bbox 2536 2343 2775 2398; x_wconf 79' lang='lat' dir='ltr'>caelestis</span> <span class='ocrx_word' id='word_1_629' title='bbox 2819 2342 3088 2396; x_wconf 92' lang='lat' dir='ltr'>ostendit.</span> <span class='ocrx_word' id='word_1_630' title='bbox 3125 2342 3386 2395; x_wconf 84' lang='lat' dir='ltr'>«Vivum</span> <span class='ocrx_word' id='word_1_631' title='bbox 3431 2339 3582 2394; x_wconf 90' lang='lat' dir='ltr'>enim</span> <span class='ocrx_word' id='word_1_632' title='bbox 3623 2337 3830 2391; x_wconf 86' lang='lat' dir='ltr'>verbum</span> 
     </span>
    </p>
   </div>
   <div class='ocr_carea' id='block_1_93' title="bbox 2233 2431 3831 2505">
    <p class='ocr_par' dir='ltr' id='par_1_93' title="bbox 2233 2431 3831 2505">
     <span class='ocr_line' id='line_1_93' title="bbox 2233 2431 3831 2505; baseline -0.006 -12"><span class='ocrx_word' id='word_1_633' title='bbox 2233 2440 2354 2505; x_wconf 91' lang='lat' dir='ltr'>Dei,</span> <span class='ocrx_word' id='word_1_634' title='bbox 2387 2441 2444 2492; x_wconf 89' lang='lat' dir='ltr'>et</span> <span class='ocrx_word' id='word_1_635' title='bbox 2472 2437 2720 2491; x_wconf 89' lang='lat' dir='ltr'>validum</span> <span class='ocrx_word' id='word_1_636' title='bbox 2763 2441 2819 2490; x_wconf 92' lang='lat' dir='ltr'>et</span> <span class='ocrx_word' id='word_1_637' title='bbox 2849 2441 3082 2490; x_wconf 90' lang='lat' dir='ltr'>acutum</span> <span class='ocrx_word' id='word_1_638' title='bbox 3126 2436 3198 2505; x_wconf 91' lang='lat'>(7)</span> <span class='ocrx_word' id='word_1_639' title='bbox 3248 2435 3410 2489; x_wconf 92' lang='lat' dir='ltr'>omni</span> <span class='ocrx_word' id='word_1_640' title='bbox 3452 2433 3630 2504; x_wconf 90' lang='lat' dir='ltr'>gladio</span> <span class='ocrx_word' id='word_1_641' title='bbox 3661 2431 3831 2486; x_wconf 88' lang='lat' dir='ltr'>acutis-</span> 
     </span>
    </p>
   </div>
   <div class='ocr_carea' id='block_1_94' title="bbox 2233 2527 3832 2602">
    <p class='ocr_par' dir='ltr' id='par_1_94' title="bbox 2233 2527 3832 2602">
     <span class='ocr_line' id='line_1_94' title="bbox 2233 2527 3832 2602; baseline -0.006 -16"><span class='ocrx_word' id='word_1_642' title='bbox 2233 2533 2397 2598; x_wconf 88' lang='lat' dir='ltr'>simo,</span> <span class='ocrx_word' id='word_1_643' title='bbox 2448 2535 2754 2602; x_wconf 87' lang='lat' dir='ltr'>penetrans</span> <span class='ocrx_word' id='word_1_644' title='bbox 2806 2545 2984 2600; x_wconf 92' lang='lat' dir='ltr'>usque</span> <span class='ocrx_word' id='word_1_645' title='bbox 3028 2529 3096 2582; x_wconf 89' lang='lat' dir='ltr'>ad</span> <span class='ocrx_word' id='word_1_646' title='bbox 3145 2527 3480 2582; x_wconf 89' lang='lat' dir='ltr'>divisionem</span> <span class='ocrx_word' id='word_1_647' title='bbox 3532 2527 3741 2592; x_wconf 69' lang='lat' dir='ltr'>animae,</span> <span class='ocrx_word' id='word_1_648' title='bbox 3786 2529 3832 2577; x_wconf 84' lang='lat' dir='ltr'>et</span> 
     </span>
    </p>
   </div>
   <div class='ocr_carea' id='block_1_95' title="bbox 2232 2619 3830 2696">
    <p class='ocr_par' dir='ltr' id='par_1_95' title="bbox 2232 2619 3830 2696">
     <span class='ocr_line' id='line_1_95' title="bbox 2232 2619 3830 2696; baseline -0.006 -17"><span class='ocrx_word' id='word_1_649' title='bbox 2232 2625 2481 2696; x_wconf 89' lang='lat' dir='ltr'>spiritus,</span> <span class='ocrx_word' id='word_1_650' title='bbox 2531 2629 2872 2694; x_wconf 87' lang='lat' dir='ltr'>artuumque</span> <span class='ocrx_word' id='word_1_651' title='bbox 2928 2629 2983 2676; x_wconf 90' lang='lat' dir='ltr'>et</span> <span class='ocrx_word' id='word_1_652' title='bbox 3033 2621 3444 2688; x_wconf 89' lang='lat' dir='ltr'>medullarum,</span> <span class='ocrx_word' id='word_1_653' title='bbox 3494 2619 3830 2689; x_wconf 85' lang='lat' dir='ltr'>cogitationes</span> 
     </span>
    </p>
   </div>
   <div class='ocr_carea' id='block_1_96' title="bbox 2233 2714 3828 2786">
    <p class='ocr_par' dir='ltr' id='par_1_96' title="bbox 2233 2714 3828 2786">
     <span class='ocr_line' id='line_1_96' title="bbox 2233 2714 3828 2786; baseline -0.006 -13"><span class='ocrx_word' id='word_1_654' title='bbox 2233 2719 2438 2786; x_wconf 89' lang='lat' dir='ltr'>cordis,</span> <span class='ocrx_word' id='word_1_655' title='bbox 2482 2722 2540 2771; x_wconf 91' lang='lat' dir='ltr'>et</span> <span class='ocrx_word' id='word_1_656' title='bbox 2581 2720 2800 2772; x_wconf 89' lang='lat' dir='ltr'>secreta</span> <span class='ocrx_word' id='word_1_657' title='bbox 2841 2719 3126 2770; x_wconf 90' lang='lat' dir='ltr'>scrutatur</span> <span class='ocrx_word' id='word_1_658' title='bbox 3167 2716 3498 2769; x_wconf 89' lang='lat' dir='ltr'>animorum</span> <span class='ocrx_word' id='word_1_659' title='bbox 3539 2714 3732 2782; x_wconf 85' lang='lat' dir='ltr'>(Hebr.,</span> <span class='ocrx_word' id='word_1_660' title='bbox 3769 2726 3828 2772; x_wconf 83' lang='lat' dir='ltr'>iv,</span> 
     </span>
    </p>
   </div>
   <div class='ocr_carea' id='block_1_97' title="bbox 2237 2803 3832 2882">
    <p class='ocr_par' dir='ltr' id='par_1_97' title="bbox 2237 2803 3832 2882">
     <span class='ocr_line' id='line_1_97' title="bbox 2237 2803 3832 2882; baseline -0.006 -16"><span class='ocrx_word' id='word_1_661' title='bbox 2237 2815 2352 2882; x_wconf 78' lang='lat' dir='ltr'>l2);</span> <span class='ocrx_word' id='word_1_662' title='bbox 2385 2832 2413 2861; x_wconf 88' lang='grc'><strong>››</strong></span> <span class='ocrx_word' id='word_1_663' title='bbox 2445 2811 2577 2881; x_wconf 91' lang='lat' dir='ltr'>quia</span> <span class='ocrx_word' id='word_1_664' title='bbox 2613 2809 2769 2864; x_wconf 89' lang='lat' dir='ltr'>nuda</span> <span class='ocrx_word' id='word_1_665' title='bbox 2804 2809 3111 2876; x_wconf 89' lang='lat' dir='ltr'>mentium,</span> <span class='ocrx_word' id='word_1_666' title='bbox 3161 2813 3217 2862; x_wconf 92' lang='lat' dir='ltr'>et</span> <span class='ocrx_word' id='word_1_667' title='bbox 3258 2812 3459 2878; x_wconf 90' lang='lat' dir='ltr'>aperta</span> <span class='ocrx_word' id='word_1_668' title='bbox 3503 2811 3630 2860; x_wconf 90' lang='lat' dir='ltr'>sunt</span> <span class='ocrx_word' id='word_1_669' title='bbox 3668 2803 3832 2858; x_wconf 83' lang='lat' dir='ltr'>omnia</span> 
     </span>
    </p>
   </div>
   <div class='ocr_carea' id='block_1_98' title="bbox 2235 2900 3613 2975">
    <p class='ocr_par' dir='ltr' id='par_1_98' title="bbox 2235 2900 3613 2975">
     <span class='ocr_line' id='line_1_98' title="bbox 2235 2900 3613 2975; baseline -0.004 -16"><span class='ocrx_word' id='word_1_670' title='bbox 2235 2906 2389 2972; x_wconf 88' lang='lat' dir='ltr'>Filio,</span> <span class='ocrx_word' id='word_1_671' title='bbox 2418 2919 2593 2975; x_wconf 89' lang='lat' dir='ltr'>quem</span> <span class='ocrx_word' id='word_1_672' title='bbox 2619 2901 2976 2958; x_wconf 86' lang='lat' dir='ltr'>conscientiae</span> <span class='ocrx_word' id='word_1_673' title='bbox 3002 2905 3218 2957; x_wconf 90' lang='lat' dir='ltr'>secreta</span> <span class='ocrx_word' id='word_1_674' title='bbox 3251 2917 3367 2956; x_wconf 92' lang='lat' dir='ltr'>non</span> <span class='ocrx_word' id='word_1_675' title='bbox 3394 2900 3613 2955; x_wconf 89' lang='lat' dir='ltr'>fallunt.</span> 
     </span>
    </p>
   </div>
   <div class='ocr_carea' id='block_1_99' title="bbox 2304 3001 3833 3076">
    <p class='ocr_par' dir='ltr' id='par_1_99' title="bbox 2304 3001 3833 3076">
     <span class='ocr_line' id='line_1_99' title="bbox 2304 3001 3833 3076; baseline -0.007 -16"><span class='ocrx_word' id='word_1_676' title='bbox 2304 3010 2389 3061; x_wconf 85' lang='lat'>62.</span> <span class='ocrx_word' id='word_1_677' title='bbox 2443 3005 2808 3076; x_wconf 89' lang='lat' dir='ltr'>Prophetavit</span> <span class='ocrx_word' id='word_1_678' title='bbox 2858 3004 3049 3076; x_wconf 88' lang='lat' dir='ltr'>itaque</span> <span class='ocrx_word' id='word_1_679' title='bbox 3099 3003 3374 3073; x_wconf 88' lang='lat' dir='ltr'>Simeon,</span> <span class='ocrx_word' id='word_1_680' title='bbox 3428 3001 3833 3074; x_wconf 87' lang='lat' dir='ltr'>prophetaverat</span> 
     </span>
    </p>
   </div>
   <div class='ocr_carea' id='block_1_100' title="bbox 2233 3093 3832 3172">
    <p class='ocr_par' dir='ltr' id='par_1_100' title="bbox 2233 3093 3832 3172">
     <span class='ocr_line' id='line_1_100' title="bbox 2233 3093 3832 3172; baseline -0.006 -18"><span class='ocrx_word' id='word_1_681' title='bbox 2233 3101 2422 3172; x_wconf 90' lang='lat' dir='ltr'>Virgo,</span> <span class='ocrx_word' id='word_1_682' title='bbox 2437 3099 2876 3171; x_wconf 89' lang='lat' dir='ltr'>prophetaverat</span> <span class='ocrx_word' id='word_1_683' title='bbox 2893 3098 3158 3169; x_wconf 89' lang='lat' dir='ltr'>copulata</span> <span class='ocrx_word' id='word_1_684' title='bbox 3172 3098 3301 3168; x_wconf 88' lang='lat' dir='ltr'>conj</span> <span class='ocrx_word' id='word_1_685' title='bbox 3313 3097 3464 3168; x_wconf 88' lang='lat' dir='ltr'>ugio,</span> <span class='ocrx_word' id='word_1_686' title='bbox 3483 3095 3673 3150; x_wconf 89' lang='lat' dir='ltr'>debuit</span> <span class='ocrx_word' id='word_1_687' title='bbox 3687 3093 3832 3148; x_wconf 87' lang='lat' dir='ltr'>etiam</span> 
     </span>
    </p>
   </div>
   <div class='ocr_carea' id='block_1_101' title="bbox 2231 3187 3834 3265">
    <p class='ocr_par' dir='ltr' id='par_1_101' title="bbox 2231 3187 3834 3265">
     <span class='ocr_line' id='line_1_101' title="bbox 2231 3187 3834 3265; baseline -0.006 -19"><span class='ocrx_word' id='word_1_688' title='bbox 2231 3193 2428 3261; x_wconf 89' lang='lat' dir='ltr'>vidua;</span> <span class='ocrx_word' id='word_1_689' title='bbox 2475 3210 2546 3248; x_wconf 91' lang='lat' dir='ltr'>ne</span> <span class='ocrx_word' id='word_1_690' title='bbox 2595 3209 2706 3265; x_wconf 89' lang='lat' dir='ltr'>qua</span> <span class='ocrx_word' id='word_1_691' title='bbox 2747 3196 2846 3246; x_wconf 87' lang='lat' dir='ltr'>aut</span> <span class='ocrx_word' id='word_1_692' title='bbox 2882 3192 3160 3263; x_wconf 87' lang='lat' dir='ltr'>professio</span> <span class='ocrx_word' id='word_1_693' title='bbox 3190 3190 3433 3259; x_wconf 91' lang='lat' dir='ltr'>deesset,</span> <span class='ocrx_word' id='word_1_694' title='bbox 3467 3192 3564 3244; x_wconf 88' lang='lat' dir='ltr'>aut</span> <span class='ocrx_word' id='word_1_695' title='bbox 3588 3204 3754 3243; x_wconf 86' lang='lat' dir='ltr'>sexus.</span> <span class='ocrx_word' id='word_1_696' title='bbox 3782 3187 3834 3240; x_wconf 84' lang='lat' dir='ltr'>Et</span> 
     </span>
    </p>
   </div>
   <div class='ocr_carea' id='block_1_102' title="bbox 2231 3359 3830 3424">
    <p class='ocr_par' dir='ltr' id='par_1_102' title="bbox 2231 3359 3830 3424">
     <span class='ocr_line' id='line_1_102' title="bbox 2231 3359 3830 3424; baseline -0.008 -12"><span class='ocrx_word' id='word_1_697' title='bbox 2231 3362 2442 3412; x_wconf 88' lang='lat' dir='ltr'>astruit.</span> <span class='ocrx_word' id='word_1_698' title='bbox 2470 3362 2590 3412; x_wconf 88' lang='lat' dir='ltr'>Hoc</span> <span class='ocrx_word' id='word_1_699' title='bbox 2622 3362 2804 3424; x_wconf 89' lang='lat' dir='ltr'>ipsum</span> <span class='ocrx_word' id='word_1_700' title='bbox 2846 3363 3070 3424; x_wconf 63' lang='lat' dir='ltr'>prastat</span> <span class='ocrx_word' id='word_1_701' title='bbox 3099 3359 3193 3409; x_wconf 90' lang='lat' dir='ltr'>lib.</span> <span class='ocrx_word' id='word_1_702' title='bbox 3226 3361 3301 3409; x_wconf 84' lang='lat' dir='ltr'>De</span> <span class='ocrx_word' id='word_1_703' title='bbox 3346 3359 3517 3409; x_wconf 83' lang='lat' dir='ltr'>instit.</span> <span class='ocrx_word' id='word_1_704' title='bbox 3558 3359 3707 3418; x_wconf 83' lang='lat' dir='ltr'>virg.,</span> <span class='ocrx_word' id='word_1_705' title='bbox 3732 3367 3830 3415; x_wconf 87' lang='lat' dir='ltr'>cap.</span> 
     </span>
    </p>
   </div>
   <div class='ocr_carea' id='block_1_103' title="bbox 2231 3425 3833 3497">
    <p class='ocr_par' dir='ltr' id='par_1_103' title="bbox 2231 3425 3833 3497">
     <span class='ocr_line' id='line_1_103' title="bbox 2231 3425 3833 3497; baseline -0.007 -14"><span class='ocrx_word' id='word_1_706' title='bbox 2231 3434 2278 3483; x_wconf 88' lang='lat'>8.</span> <span class='ocrx_word' id='word_1_707' title='bbox 2307 3434 2375 3483; x_wconf 87' lang='lat' dir='ltr'>Et</span> <span class='ocrx_word' id='word_1_708' title='bbox 2403 3435 2461 3483; x_wconf 92' lang='lat' dir='ltr'>in</span> <span class='ocrx_word' id='word_1_709' title='bbox 2482 3433 2690 3497; x_wconf 88' lang='lat' dir='ltr'>hymno</span> <span class='ocrx_word' id='word_1_710' title='bbox 2717 3432 2786 3481; x_wconf 92' lang='lat' dir='ltr'>de</span> <span class='ocrx_word' id='word_1_711' title='bbox 2822 3433 2944 3482; x_wconf 89' lang='lat' dir='ltr'>Nat.</span> <span class='ocrx_word' id='word_1_712' title='bbox 2986 3431 3232 3491; x_wconf 88' lang='lat' dir='ltr'>Domini,</span> <span class='ocrx_word' id='word_1_713' title='bbox 3272 3435 3330 3481; x_wconf 89' lang='lat' dir='ltr'>et</span> <span class='ocrx_word' id='word_1_714' title='bbox 3373 3430 3471 3480; x_wconf 92' lang='lat' dir='ltr'>ubi</span> <span class='ocrx_word' id='word_1_715' title='bbox 3509 3441 3618 3478; x_wconf 91' lang='lat' dir='ltr'>non</span> <span class='ocrx_word' id='word_1_716' title='bbox 3641 3429 3665 3475; x_wconf 51' lang='grc' dir='ltr'>(Ρ</span> <span class='ocrx_word' id='word_1_717' title='bbox 3696 3425 3833 3497; x_wconf 79' lang='lat' dir='ltr'>Eras-</span> 
     </span>
    </p>
   </div>
   <div class='ocr_carea' id='block_1_104' title="bbox 2233 3495 3833 3564">
    <p class='ocr_par' dir='ltr' id='par_1_104' title="bbox 2233 3495 3833 3564">
     <span class='ocr_line' id='line_1_104' title="bbox 2233 3495 3833 3564; baseline -0.008 -10"><span class='ocrx_word' id='word_1_718' title='bbox 2233 3518 2359 3553; x_wconf 90' lang='lat' dir='ltr'>mus</span> <span class='ocrx_word' id='word_1_719' title='bbox 2411 3495 2617 3564; x_wconf 85' lang='lat' dir='ltr'>tamen,</span> <span class='ocrx_word' id='word_1_720' title='bbox 2673 3504 2862 3553; x_wconf 82' lang='lat' dir='ltr'>Annot.</span> <span class='ocrx_word' id='word_1_721' title='bbox 2911 3502 2969 3550; x_wconf 87' lang='lat' dir='ltr'>in</span> <span class='ocrx_word' id='word_1_722' title='bbox 3012 3502 3156 3557; x_wconf 84' lang='lat' dir='ltr'>Luc..</span> <span class='ocrx_word' id='word_1_723' title='bbox 3200 3501 3384 3552; x_wconf 88' lang='lat' dir='ltr'>allatis</span> <span class='ocrx_word' id='word_1_724' title='bbox 3427 3501 3515 3551; x_wconf 87' lang='lat' dir='ltr'>his</span> <span class='ocrx_word' id='word_1_725' title='bbox 3561 3511 3680 3563; x_wconf 70' lang='lat' dir='ltr'>quin</span> <span class='ocrx_word' id='word_1_726' title='bbox 3719 3495 3833 3544; x_wconf 82' lang='lat' dir='ltr'>intra</span> 
     </span>
    </p>
   </div>
   <div class='ocr_carea' id='block_1_105' title="bbox 2233 3568 3834 3638">
    <p class='ocr_par' dir='ltr' id='par_1_105' title="bbox 2233 3568 3834 3638">
     <span class='ocr_line' id='line_1_105' title="bbox 2233 3568 3834 3638; baseline -0.008 -14"><span class='ocrx_word' id='word_1_727' title='bbox 2233 3576 2508 3638; x_wconf 85' lang='lat' dir='ltr'>leguntur,</span> <span class='ocrx_word' id='word_1_728' title='bbox 2539 3573 2723 3623; x_wconf 86' lang='lat' dir='ltr'>verbis</span> <span class='ocrx_word' id='word_1_729' title='bbox 2756 3587 2765 3619; x_wconf 94' lang='lat'>:</span> <span class='ocrx_word' id='word_1_730' title='bbox 2805 3589 2832 3620; x_wconf 68' lang='grc' dir='ltr'><strong>ς</strong></span> <span class='ocrx_word' id='word_1_731' title='bbox 2861 3573 2969 3622; x_wconf 91' lang='lat' dir='ltr'>Hic</span> <span class='ocrx_word' id='word_1_732' title='bbox 3010 3575 3093 3621; x_wconf 89' lang='lat' dir='ltr'>est</span> <span class='ocrx_word' id='word_1_733' title='bbox 3132 3572 3229 3633; x_wconf 90' lang='lat' dir='ltr'>qui</span> <span class='ocrx_word' id='word_1_734' title='bbox 3270 3572 3490 3636; x_wconf 89' lang='lat' dir='ltr'>aperuit</span> <span class='ocrx_word' id='word_1_735' title='bbox 3527 3568 3706 3618; x_wconf 89' lang='lat' dir='ltr'>matris</span> <span class='ocrx_word' id='word_1_736' title='bbox 3738 3576 3834 3614; x_wconf 67' lang='lat' dir='ltr'>suae</span> 
     </span>
    </p>
   </div>
   <div class='ocr_carea' id='block_1_106' title="bbox 2233 3638 3834 3703">
    <p class='ocr_par' dir='ltr' id='par_1_106' title="bbox 2233 3638 3834 3703">
     <span class='ocr_line' id='line_1_106' title="bbox 2233 3638 3834 3703; baseline -0.008 -9"><span class='ocrx_word' id='word_1_737' title='bbox 2233 3646 2476 3703; x_wconf 89' lang='lat' dir='ltr'>vulvam,</span> <span class='ocrx_word' id='word_1_738' title='bbox 2521 3649 2585 3693; x_wconf 92' lang='lat' dir='ltr'>ut</span> <span class='ocrx_word' id='word_1_739' title='bbox 2627 3644 3016 3694; x_wconf 88' lang='lat' dir='ltr'>immaculatus</span> <span class='ocrx_word' id='word_1_740' title='bbox 3059 3643 3252 3700; x_wconf 84' lang='lat' dir='ltr'>exiret,</span> <span class='ocrx_word' id='word_1_741' title='bbox 3283 3661 3312 3688; x_wconf 87' lang='lat'>»</span> <span class='ocrx_word' id='word_1_742' title='bbox 3350 3641 3548 3691; x_wconf 83' lang='lat' dir='ltr'>asserit</span> <span class='ocrx_word' id='word_1_743' title='bbox 3585 3638 3834 3688; x_wconf 86' lang='lat' dir='ltr'>doctorem</span> 
     </span>
    </p>
   </div>
   <div class='ocr_carea' id='block_1_107' title="bbox 2233 3708 3835 3778">
    <p class='ocr_par' dir='ltr' id='par_1_107' title="bbox 2233 3708 3835 3778">
     <span class='ocr_line' id='line_1_107' title="bbox 2233 3708 3835 3778; baseline -0.007 -14"><span class='ocrx_word' id='word_1_744' title='bbox 2233 3719 2481 3764; x_wconf 90' lang='lat' dir='ltr'>nostrum</span> <span class='ocrx_word' id='word_1_745' title='bbox 2525 3727 2654 3764; x_wconf 88' lang='lat' dir='ltr'>cum</span> <span class='ocrx_word' id='word_1_746' title='bbox 2697 3713 2955 3778; x_wconf 89' lang='lat' dir='ltr'>Origene,</span> <span class='ocrx_word' id='word_1_747' title='bbox 3000 3714 3150 3762; x_wconf 89' lang='lat' dir='ltr'>hom.</span> <span class='ocrx_word' id='word_1_748' title='bbox 3202 3714 3263 3763; x_wconf 81' lang='grc'>14</span> <span class='ocrx_word' id='word_1_749' title='bbox 3307 3715 3364 3762; x_wconf 90' lang='lat' dir='ltr'>in</span> <span class='ocrx_word' id='word_1_750' title='bbox 3411 3714 3566 3774; x_wconf 89' lang='lat' dir='ltr'>Lue.,</span> <span class='ocrx_word' id='word_1_751' title='bbox 3611 3708 3835 3759; x_wconf 87' lang='lat' dir='ltr'>docuisse</span> 
     </span>
    </p>
   </div>
   <div class='ocr_carea' id='block_1_108' title="bbox 2235 3784 3831 3836">
    <p class='ocr_par' dir='ltr' id='par_1_108' title="bbox 2235 3784 3831 3836">
     <span class='ocr_line' id='line_1_108' title="bbox 2235 3784 3831 3836; baseline -0.008 -1"><span class='ocrx_word' id='word_1_752' title='bbox 2235 3785 2519 3836; x_wconf 89' lang='lat' dir='ltr'>Christum</span> <span class='ocrx_word' id='word_1_753' title='bbox 2571 3784 2853 3834; x_wconf 88' lang='lat' dir='ltr'>nascendo</span> <span class='ocrx_word' id='word_1_754' title='bbox 2917 3796 3192 3834; x_wconf 88' lang='lat' dir='ltr'>reserasse</span> <span class='ocrx_word' id='word_1_755' title='bbox 3255 3784 3483 3834; x_wconf 88' lang='lat' dir='ltr'>vulvam</span> <span class='ocrx_word' id='word_1_756' title='bbox 3539 3785 3831 3831; x_wconf 88' lang='lat' dir='ltr'>maternam.</span> 
     </span>
    </p>
   </div>
   <div class='ocr_carea' id='block_1_109' title="bbox 2233 3848 3834 3907">
    <p class='ocr_par' dir='ltr' id='par_1_109' title="bbox 2233 3848 3834 3907">
     <span class='ocr_line' id='line_1_109' title="bbox 2233 3848 3834 3907; baseline -0.008 0"><span class='ocrx_word' id='word_1_757' title='bbox 2233 3858 2305 3907; x_wconf 89' lang='lat' dir='ltr'>Et</span> <span class='ocrx_word' id='word_1_758' title='bbox 2340 3860 2488 3907; x_wconf 86' lang='lat' dir='ltr'>certe</span> <span class='ocrx_word' id='word_1_759' title='bbox 2535 3856 2629 3905; x_wconf 88' lang='lat' dir='ltr'>hic</span> <span class='ocrx_word' id='word_1_760' title='bbox 2674 3856 2834 3905; x_wconf 92' lang='lat' dir='ltr'>locus</span> <span class='ocrx_word' id='word_1_761' title='bbox 2873 3869 2985 3904; x_wconf 89' lang='lat' dir='ltr'>non</span> <span class='ocrx_word' id='word_1_762' title='bbox 3026 3856 3177 3905; x_wconf 90' lang='lat' dir='ltr'>omni</span> <span class='ocrx_word' id='word_1_763' title='bbox 3221 3855 3551 3905; x_wconf 80' lang='lat' dir='ltr'>difﬁcultate</span> <span class='ocrx_word' id='word_1_764' title='bbox 3600 3848 3834 3902; x_wconf 90' lang='lat' dir='ltr'>immunis</span> 
     </span>
    </p>
   </div>
   <div class='ocr_carea' id='block_1_110' title="bbox 2233 3920 3832 3990">
    <p class='ocr_par' dir='ltr' id='par_1_110' title="bbox 2233 3920 3832 3990">
     <span class='ocr_line' id='line_1_110' title="bbox 2233 3920 3832 3990; baseline -0.006 -12"><span class='ocrx_word' id='word_1_765' title='bbox 2233 3931 2316 3978; x_wconf 91' lang='lat' dir='ltr'>est</span> <span class='ocrx_word' id='word_1_766' title='bbox 2352 3943 2364 3987; x_wconf 90' lang='lat'>;</span> <span class='ocrx_word' id='word_1_767' title='bbox 2411 3926 2508 3978; x_wconf 93' lang='lat' dir='ltr'>sed</span> <span class='ocrx_word' id='word_1_768' title='bbox 2548 3941 2670 3977; x_wconf 87' lang='lat' dir='ltr'>eam</span> <span class='ocrx_word' id='word_1_769' title='bbox 2715 3927 2938 3990; x_wconf 85' lang='lat' dir='ltr'>expedit</span> <span class='ocrx_word' id='word_1_770' title='bbox 2985 3928 3043 3976; x_wconf 92' lang='lat' dir='ltr'>B.</span> <span class='ocrx_word' id='word_1_771' title='bbox 3091 3927 3193 3976; x_wconf 89' lang='lat' dir='ltr'>Th.</span> <span class='ocrx_word' id='word_1_772' title='bbox 3238 3941 3296 3976; x_wconf 87' lang='lat' dir='ltr'><strong>III</strong></span> <span class='ocrx_word' id='word_1_773' title='bbox 3340 3931 3501 3990; x_wconf 88' lang='lat' dir='ltr'>part.,</span> <span class='ocrx_word' id='word_1_774' title='bbox 3549 3927 3730 3989; x_wconf 68' lang='lat' dir='ltr'>quiest.</span> <span class='ocrx_word' id='word_1_775' title='bbox 3769 3920 3832 3977; x_wconf 73' lang='lat'>9.8,</span> 
     </span>
    </p>
   </div>
   <div class='ocr_carea' id='block_1_111' title="bbox 2234 3990 3834 4061">
    <p class='ocr_par' dir='ltr' id='par_1_111' title="bbox 2234 3990 3834 4061">
     <span class='ocr_line' id='line_1_111' title="bbox 2234 3990 3834 4061; baseline -0.006 -15"><span class='ocrx_word' id='word_1_776' title='bbox 2234 4003 2334 4047; x_wconf 88' lang='lat' dir='ltr'>art.</span> <span class='ocrx_word' id='word_1_777' title='bbox 2363 3998 2410 4059; x_wconf 69' lang='lat'>2,</span> <span class='ocrx_word' id='word_1_778' title='bbox 2444 3999 2539 4048; x_wconf 92' lang='lat' dir='ltr'>ubi</span> <span class='ocrx_word' id='word_1_779' title='bbox 2563 3998 2846 4061; x_wconf 90' lang='lat' dir='ltr'>proposito</span> <span class='ocrx_word' id='word_1_780' title='bbox 2890 4000 2947 4047; x_wconf 90' lang='lat' dir='ltr'>in</span> <span class='ocrx_word' id='word_1_781' title='bbox 2982 3998 3128 4049; x_wconf 88' lang='lat' dir='ltr'>hanc</span> <span class='ocrx_word' id='word_1_782' title='bbox 3163 4011 3277 4047; x_wconf 91' lang='lat' dir='ltr'>rem</span> <span class='ocrx_word' id='word_1_783' title='bbox 3322 3998 3466 4048; x_wconf 87' lang='lat' dir='ltr'>Ven.</span> <span class='ocrx_word' id='word_1_784' title='bbox 3509 3994 3667 4046; x_wconf 63' lang='lat' dir='ltr'>Beda:</span> <span class='ocrx_word' id='word_1_785' title='bbox 3706 3990 3834 4041; x_wconf 86' lang='lat' dir='ltr'>testi-</span> 
     </span>
    </p>
   </div>
   <div class='ocr_carea' id='block_1_112' title="bbox 2233 4065 3833 4130">
    <p class='ocr_par' dir='ltr' id='par_1_112' title="bbox 2233 4065 3833 4130">
     <span class='ocr_line' id='line_1_112' title="bbox 2233 4065 3833 4130; baseline -0.006 -12"><span class='ocrx_word' id='word_1_786' title='bbox 2233 4070 2419 4118; x_wconf 90' lang='lat' dir='ltr'>monio</span> <span class='ocrx_word' id='word_1_787' title='bbox 2475 4070 2552 4118; x_wconf 90' lang='lat' dir='ltr'>ita</span> <span class='ocrx_word' id='word_1_788' title='bbox 2605 4068 2922 4130; x_wconf 89' lang='lat' dir='ltr'>concludit,</span> <span class='ocrx_word' id='word_1_789' title='bbox 2979 4087 3007 4115; x_wconf 90' lang='lat'>«</span> <span class='ocrx_word' id='word_1_790' title='bbox 3059 4069 3210 4120; x_wconf 92' lang='lat' dir='ltr'>unde</span> <span class='ocrx_word' id='word_1_791' title='bbox 3270 4069 3366 4118; x_wconf 88' lang='lat' dir='ltr'>illa</span> <span class='ocrx_word' id='word_1_792' title='bbox 3419 4065 3694 4130; x_wconf 88' lang='lat' dir='ltr'>adapertio</span> <span class='ocrx_word' id='word_1_793' title='bbox 3742 4072 3833 4111; x_wconf 87' lang='lat' dir='ltr'>non</span> 
     </span>
    </p>
   </div>
   <div class='ocr_carea' id='block_1_113' title="bbox 2233 4131 3834 4203">
    <p class='ocr_par' dir='ltr' id='par_1_113' title="bbox 2233 4131 3834 4203">
     <span class='ocr_line' id='line_1_113' title="bbox 2233 4131 3834 4203; baseline -0.007 -13"><span class='ocrx_word' id='word_1_794' title='bbox 2233 4141 2510 4203; x_wconf 87' lang='lat' dir='ltr'>signiﬁcat</span> <span class='ocrx_word' id='word_1_795' title='bbox 2541 4141 2935 4190; x_wconf 86' lang='lat' dir='ltr'>reserationem</span> <span class='ocrx_word' id='word_1_796' title='bbox 2977 4152 3334 4190; x_wconf 90' lang='lat' dir='ltr'>communem</span> <span class='ocrx_word' id='word_1_797' title='bbox 3379 4138 3606 4189; x_wconf 89' lang='lat' dir='ltr'>claustri</span> <span class='ocrx_word' id='word_1_798' title='bbox 3639 4131 3834 4198; x_wconf 89' lang='lat' dir='ltr'>pudoris</span> 
     </span>
    </p>
   </div>
   <div class='ocr_carea' id='block_1_114' title="bbox 2234 4205 3831 4275">
    <p class='ocr_par' dir='ltr' id='par_1_114' title="bbox 2234 4205 3831 4275">
     <span class='ocr_line' id='line_1_114' title="bbox 2234 4205 3831 4275; baseline -0.006 -15"><span class='ocrx_word' id='word_1_799' title='bbox 2234 4212 2483 4275; x_wconf 89' lang='lat' dir='ltr'>virginei,</span> <span class='ocrx_word' id='word_1_800' title='bbox 2511 4211 2608 4260; x_wconf 92' lang='lat' dir='ltr'>sed</span> <span class='ocrx_word' id='word_1_801' title='bbox 2637 4211 2817 4259; x_wconf 89' lang='lat' dir='ltr'>solum</span> <span class='ocrx_word' id='word_1_802' title='bbox 2851 4212 3062 4260; x_wconf 90' lang='lat' dir='ltr'>exitum</span> <span class='ocrx_word' id='word_1_803' title='bbox 3097 4211 3268 4272; x_wconf 88' lang='lat' dir='ltr'>prolis</span> <span class='ocrx_word' id='word_1_804' title='bbox 3294 4209 3363 4258; x_wconf 89' lang='lat' dir='ltr'>de</span> <span class='ocrx_word' id='word_1_805' title='bbox 3403 4213 3560 4258; x_wconf 91' lang='lat' dir='ltr'>utero</span> <span class='ocrx_word' id='word_1_806' title='bbox 3597 4205 3783 4275; x_wconf 87' lang='lat' dir='ltr'>matris.</span> <span class='ocrx_word' id='word_1_807' title='bbox 3809 4218 3831 4244; x_wconf 79' lang='grc'><strong>»</strong></span> 
     </span>
    </p>
   </div>
   <div class='ocr_carea' id='block_1_115' title="bbox 2234 4274 3828 4345">
    <p class='ocr_par' dir='ltr' id='par_1_115' title="bbox 2234 4274 3828 4345">
     <span class='ocr_line' id='line_1_115' title="bbox 2234 4274 3828 4345; baseline -0.008 -14"><span class='ocrx_word' id='word_1_808' title='bbox 2234 4274 2415 4344; x_wconf 86' lang='lat' dir='ltr'>Quam</span> <span class='ocrx_word' id='word_1_809' title='bbox 2442 4282 2953 4345; x_wconf 87' lang='lat' dir='ltr'>interpretationem</span> <span class='ocrx_word' id='word_1_810' title='bbox 2982 4294 3087 4331; x_wconf 92' lang='lat' dir='ltr'>nec</span> <span class='ocrx_word' id='word_1_811' title='bbox 3131 4281 3396 4330; x_wconf 86' lang='lat' dir='ltr'>Erasmus</span> <span class='ocrx_word' id='word_1_812' title='bbox 3438 4281 3553 4343; x_wconf 91' lang='lat' dir='ltr'>ipse</span> <span class='ocrx_word' id='word_1_813' title='bbox 3590 4274 3828 4338; x_wconf 85' lang='lat' dir='ltr'>repudiat.</span> 
     </span>
    </p>
   </div>
   <div class='ocr_carea' id='block_1_116' title="bbox 2233 4347 3830 4417">
    <p class='ocr_par' dir='ltr' id='par_1_116' title="bbox 2233 4347 3830 4417">
     <span class='ocr_line' id='line_1_116' title="bbox 2233 4347 3830 4417; baseline -0.006 -15"><span class='ocrx_word' id='word_1_814' title='bbox 2233 4354 2414 4403; x_wconf 85' lang='lat' dir='ltr'>Aliam</span> <span class='ocrx_word' id='word_1_815' title='bbox 2444 4367 2668 4417; x_wconf 91' lang='lat' dir='ltr'>quoque</span> <span class='ocrx_word' id='word_1_816' title='bbox 2710 4353 2804 4402; x_wconf 89' lang='lat' dir='ltr'>alii</span> <span class='ocrx_word' id='word_1_817' title='bbox 2846 4351 3222 4415; x_wconf 88' lang='lat' dir='ltr'>suppeditant,</span> <span class='ocrx_word' id='word_1_818' title='bbox 3254 4351 3487 4414; x_wconf 92' lang='lat' dir='ltr'>perinde</span> <span class='ocrx_word' id='word_1_819' title='bbox 3527 4347 3830 4417; x_wconf 79' lang='lat' dir='ltr'>accipientes</span> 
     </span>
    </p>
   </div>
   <div class='ocr_carea' id='block_1_117' title="bbox 2233 4416 3833 4487">
    <p class='ocr_par' dir='ltr' id='par_1_117' title="bbox 2233 4416 3833 4487">
     <span class='ocr_line' id='line_1_117' title="bbox 2233 4416 3833 4487; baseline -0.009 -13"><span class='ocrx_word' id='word_1_820' title='bbox 2233 4416 2550 4487; x_wconf 78' lang='lat' dir='ltr'>adaperiens</span> <span class='ocrx_word' id='word_1_821' title='bbox 2579 4416 2810 4482; x_wconf 73' lang='lat' dir='ltr'>vulvam,</span> <span class='ocrx_word' id='word_1_822' title='bbox 2840 4437 2906 4472; x_wconf 89' lang='lat' dir='ltr'>ac</span> <span class='ocrx_word' id='word_1_823' title='bbox 2947 4423 2992 4471; x_wconf 92' lang='lat' dir='ltr'>si</span> <span class='ocrx_word' id='word_1_824' title='bbox 3032 4424 3300 4484; x_wconf 87' lang='lat' dir='ltr'>scriptum</span> <span class='ocrx_word' id='word_1_825' title='bbox 3345 4425 3510 4479; x_wconf 90' lang='lat' dir='ltr'>esset,</span> <span class='ocrx_word' id='word_1_826' title='bbox 3546 4416 3833 4481; x_wconf 74' lang='lat' dir='ltr'>fecunditate</span> 
     </span>
    </p>
   </div>
   <div class='ocr_carea' id='block_1_118' title="bbox 2233 4491 3831 4563">
    <p class='ocr_par' dir='ltr' id='par_1_118' title="bbox 2233 4491 3831 4563">
     <span class='ocr_line' id='line_1_118' title="bbox 2233 4491 3831 4563; baseline -0.008 -18"><span class='ocrx_word' id='word_1_827' title='bbox 2233 4495 2443 4545; x_wconf 81' lang='lat' dir='ltr'>donans</span> <span class='ocrx_word' id='word_1_828' title='bbox 2483 4510 2499 4543; x_wconf 93' lang='lat'><em>:</em></span> <span class='ocrx_word' id='word_1_829' title='bbox 2538 4493 3009 4558; x_wconf 88' lang='lat' dir='ltr'>quemadmodum</span> <span class='ocrx_word' id='word_1_830' title='bbox 3051 4493 3364 4542; x_wconf 85' lang='lat' dir='ltr'>concludere</span> <span class='ocrx_word' id='word_1_831' title='bbox 3406 4491 3614 4563; x_wconf 77' lang='lat' dir='ltr'>vulvam</span> <span class='ocrx_word' id='word_1_832' title='bbox 3655 4499 3742 4550; x_wconf 91' lang='lat' dir='ltr'>pro</span> <span class='ocrx_word' id='word_1_833' title='bbox 3770 4494 3831 4563; x_wconf 70' lang='lat' dir='ltr'>eo</span> 
     </span>
    </p>
   </div>
   <div class='ocr_carea' id='block_1_119' title="bbox 2234 4553 3831 4636">
    <p class='ocr_par' dir='ltr' id='par_1_119' title="bbox 2234 4553 3831 4636">
     <span class='ocr_line' id='line_1_119' title="bbox 2234 4553 3831 4636; baseline -0.006 -20"><span class='ocrx_word' id='word_1_834' title='bbox 2234 4567 2457 4625; x_wconf 89' lang='lat' dir='ltr'>dicitur,</span> <span class='ocrx_word' id='word_1_835' title='bbox 2494 4553 2643 4630; x_wconf 80' lang='lat' dir='ltr'>quod</span> <span class='ocrx_word' id='word_1_836' title='bbox 2674 4569 2776 4627; x_wconf 91' lang='lat' dir='ltr'>est,</span> <span class='ocrx_word' id='word_1_837' title='bbox 2807 4565 3038 4616; x_wconf 82' lang='lat' dir='ltr'>sterilem</span> <span class='ocrx_word' id='word_1_838' title='bbox 3073 4565 3307 4614; x_wconf 82' lang='lat' dir='ltr'>reddere.</span> <span class='ocrx_word' id='word_1_839' title='bbox 3340 4564 3504 4636; x_wconf 85' lang='lat' dir='ltr'>Forte</span> <span class='ocrx_word' id='word_1_840' title='bbox 3537 4562 3692 4636; x_wconf 83' lang='lat' dir='ltr'>etiam</span> <span class='ocrx_word' id='word_1_841' title='bbox 3725 4553 3831 4636; x_wconf 62' lang='lat' dir='ltr'>addi</span> 
     </span>
    </p>
   </div>
   <div class='ocr_carea' id='block_1_120' title="bbox 2234 4631 3830 4701">
    <p class='ocr_par' dir='ltr' id='par_1_120' title="bbox 2234 4631 3830 4701">
     <span class='ocr_line' id='line_1_120' title="bbox 2234 4631 3830 4701; baseline -0.008 -13"><span class='ocrx_word' id='word_1_842' title='bbox 2234 4639 2404 4701; x_wconf 91' lang='lat' dir='ltr'>possit</span> <span class='ocrx_word' id='word_1_843' title='bbox 2449 4651 2560 4688; x_wconf 91' lang='lat' dir='ltr'>non</span> <span class='ocrx_word' id='word_1_844' title='bbox 2601 4639 2753 4687; x_wconf 87' lang='lat' dir='ltr'>omni</span> <span class='ocrx_word' id='word_1_845' title='bbox 2793 4638 2937 4687; x_wconf 92' lang='lat' dir='ltr'>uteri</span> <span class='ocrx_word' id='word_1_846' title='bbox 2980 4637 3353 4699; x_wconf 87' lang='lat' dir='ltr'>patefactione</span> <span class='ocrx_word' id='word_1_847' title='bbox 3400 4633 3592 4684; x_wconf 89' lang='lat' dir='ltr'>violari</span> <span class='ocrx_word' id='word_1_848' title='bbox 3633 4631 3830 4701; x_wconf 69' lang='lat' dir='ltr'>virgini—</span> 
     </span>
    </p>
   </div>
   <div class='ocr_carea' id='block_1_121' title="bbox 2233 4692 3828 4770">
    <p class='ocr_par' dir='ltr' id='par_1_121' title="bbox 2233 4692 3828 4770">
     <span class='ocr_line' id='line_1_121' title="bbox 2233 4692 3828 4770; baseline -0.008 -13"><span class='ocrx_word' id='word_1_849' title='bbox 2233 4692 2419 4768; x_wconf 81' lang='lat' dir='ltr'>tatem,</span> <span class='ocrx_word' id='word_1_850' title='bbox 2452 4707 2549 4758; x_wconf 91' lang='lat' dir='ltr'>sed</span> <span class='ocrx_word' id='word_1_851' title='bbox 2575 4720 2638 4756; x_wconf 90' lang='lat' dir='ltr'>ea</span> <span class='ocrx_word' id='word_1_852' title='bbox 2665 4719 2793 4770; x_wconf 68' lang='lat' dir='ltr'>quin</span> <span class='ocrx_word' id='word_1_853' title='bbox 2827 4706 2890 4754; x_wconf 82' lang='lat' dir='ltr'>ﬁt</span> <span class='ocrx_word' id='word_1_854' title='bbox 2932 4692 3061 4756; x_wconf 75' lang='lat' dir='ltr'>actu</span> <span class='ocrx_word' id='word_1_855' title='bbox 3101 4705 3292 4768; x_wconf 88' lang='lat' dir='ltr'>aliquo</span> <span class='ocrx_word' id='word_1_856' title='bbox 3342 4715 3596 4758; x_wconf 88' lang='lat' dir='ltr'>venereo,</span> <span class='ocrx_word' id='word_1_857' title='bbox 3626 4698 3706 4748; x_wconf 92' lang='lat' dir='ltr'>vel</span> <span class='ocrx_word' id='word_1_858' title='bbox 3739 4692 3828 4770; x_wconf 79' lang='lat' dir='ltr'>sal-</span> 
     </span>
    </p>
   </div>
   <div class='ocr_carea' id='block_1_122' title="bbox 2232 4767 3830 4840">
    <p class='ocr_par' dir='ltr' id='par_1_122' title="bbox 2232 4767 3830 4840">
     <span class='ocr_line' id='line_1_122' title="bbox 2232 4767 3830 4840; baseline -0.009 -11"><span class='ocrx_word' id='word_1_859' title='bbox 2232 4785 2341 4829; x_wconf 88' lang='lat' dir='ltr'>tem</span> <span class='ocrx_word' id='word_1_860' title='bbox 2379 4767 2446 4828; x_wconf 83' lang='lat' dir='ltr'>ex</span> <span class='ocrx_word' id='word_1_861' title='bbox 2481 4792 2547 4829; x_wconf 90' lang='lat' dir='ltr'>eo</span> <span class='ocrx_word' id='word_1_862' title='bbox 2590 4767 2981 4840; x_wconf 79' lang='lat' dir='ltr'>consequatur.</span> <span class='ocrx_word' id='word_1_863' title='bbox 3016 4776 3075 4825; x_wconf 93' lang='lat' dir='ltr'>Id</span> <span class='ocrx_word' id='word_1_864' title='bbox 3118 4767 3230 4826; x_wconf 83' lang='lat' dir='ltr'>non</span> <span class='ocrx_word' id='word_1_865' title='bbox 3269 4775 3509 4826; x_wconf 88' lang='lat' dir='ltr'>obscure</span> <span class='ocrx_word' id='word_1_866' title='bbox 3545 4772 3700 4822; x_wconf 88' lang='lat' dir='ltr'>docet</span> <span class='ocrx_word' id='word_1_867' title='bbox 3737 4767 3830 4815; x_wconf 87' lang='lat' dir='ltr'>Au-</span> 
     </span>
    </p>
   </div>
   <div class='ocr_carea' id='block_1_123' title="bbox 2233 4841 3826 4913">
    <p class='ocr_par' dir='ltr' id='par_1_123' title="bbox 2233 4841 3826 4913">
     <span class='ocr_line' id='line_1_123' title="bbox 2233 4841 3826 4913; baseline -0.011 -12"><span class='ocrx_word' id='word_1_868' title='bbox 2233 4855 2406 4913; x_wconf 86' lang='lat' dir='ltr'>gust.,</span> <span class='ocrx_word' id='word_1_869' title='bbox 2435 4850 2528 4899; x_wconf 89' lang='lat' dir='ltr'>lib.</span> <span class='ocrx_word' id='word_1_870' title='bbox 2559 4849 2662 4899; x_wconf 80' lang='lat' dir='ltr'>ide</span> <span class='ocrx_word' id='word_1_871' title='bbox 2689 4849 2842 4898; x_wconf 83' lang='lat' dir='ltr'>Civil.</span> <span class='ocrx_word' id='word_1_872' title='bbox 2873 4847 2989 4901; x_wconf 86' lang='lat' dir='ltr'>Dei.</span> <span class='ocrx_word' id='word_1_873' title='bbox 3016 4861 3135 4910; x_wconf 90' lang='lat' dir='ltr'>cap.</span> <span class='ocrx_word' id='word_1_874' title='bbox 3173 4850 3252 4896; x_wconf 80' lang='grc'>18.</span> <span class='ocrx_word' id='word_1_875' title='bbox 3291 4847 3410 4895; x_wconf 91' lang='lat' dir='ltr'>Imo</span> <span class='ocrx_word' id='word_1_876' title='bbox 3450 4849 3504 4896; x_wconf 91' lang='lat' dir='ltr'>et</span> <span class='ocrx_word' id='word_1_877' title='bbox 3541 4843 3644 4892; x_wconf 92' lang='lat' dir='ltr'>hoc</span> <span class='ocrx_word' id='word_1_878' title='bbox 3676 4841 3826 4913; x_wconf 76' lang='lat' dir='ltr'>ipsum</span> 
     </span>
    </p>
   </div>
   <div class='ocr_carea' id='block_1_124' title="bbox 2231 4907 3829 4986">
    <p class='ocr_par' dir='ltr' id='par_1_124' title="bbox 2231 4907 3829 4986">
     <span class='ocr_line' id='line_1_124' title="bbox 2231 4907 3829 4986; baseline -0.01 -14"><span class='ocrx_word' id='word_1_879' title='bbox 2231 4907 2357 4986; x_wconf 72' lang='lat' dir='ltr'>post</span> <span class='ocrx_word' id='word_1_880' title='bbox 2394 4907 2464 4971; x_wconf 83' lang='lat' dir='ltr'>D.</span> <span class='ocrx_word' id='word_1_881' title='bbox 2507 4920 2725 4981; x_wconf 87' lang='lat' dir='ltr'>Thom.,</span> <span class='ocrx_word' id='word_1_882' title='bbox 2759 4919 2860 4979; x_wconf 64' lang='lat'>2-“2,</span> <span class='ocrx_word' id='word_1_883' title='bbox 2903 4907 3101 4982; x_wconf 52' lang='lat' dir='ltr'>quaest:</span> <span class='ocrx_word' id='word_1_884' title='bbox 3139 4917 3247 4978; x_wconf 72' lang='lat'>152,</span> <span class='ocrx_word' id='word_1_885' title='bbox 3287 4920 3386 4966; x_wconf 89' lang='lat' dir='ltr'>art.</span> <span class='ocrx_word' id='word_1_886' title='bbox 3429 4917 3475 4976; x_wconf 75' lang='grc'>1,</span> <span class='ocrx_word' id='word_1_887' title='bbox 3518 4915 3573 4963; x_wconf 90' lang='lat' dir='ltr'>in</span> <span class='ocrx_word' id='word_1_888' title='bbox 3617 4907 3829 4986; x_wconf 41' lang='lat' dir='ltr'>corpus!</span> 
     </span>
    </p>
   </div>
   <div class='ocr_carea' id='block_1_125' title="bbox 2232 4980 3824 5054">
    <p class='ocr_par' dir='ltr' id='par_1_125' title="bbox 2232 4980 3824 5054">
     <span class='ocr_line' id='line_1_125' title="bbox 2232 4980 3824 5054; baseline -0.012 -11"><span class='ocrx_word' id='word_1_889' title='bbox 2232 4980 2301 5043; x_wconf 75' lang='lat' dir='ltr'>ad</span> <span class='ocrx_word' id='word_1_890' title='bbox 2329 5006 2406 5054; x_wconf 84' lang='lat' dir='ltr'>ni,</span> <span class='ocrx_word' id='word_1_891' title='bbox 2435 4994 2695 5042; x_wconf 89' lang='lat' dir='ltr'>tenentur</span> <span class='ocrx_word' id='word_1_892' title='bbox 2715 4980 3046 5040; x_wconf 21' lang='lat' dir='ltr'>&#39;scholastici</span> <span class='ocrx_word' id='word_1_893' title='bbox 3085 5000 3421 5052; x_wconf 87' lang='lat' dir='ltr'>agnoscere:</span> <span class='ocrx_word' id='word_1_894' title='bbox 3457 4986 3530 5035; x_wconf 93' lang='lat' dir='ltr'>ibi</span> <span class='ocrx_word' id='word_1_895' title='bbox 3564 4983 3700 5034; x_wconf 90' lang='lat' dir='ltr'>enim</span> <span class='ocrx_word' id='word_1_896' title='bbox 3729 4980 3824 5026; x_wconf 88' lang='lat' dir='ltr'>ait:</span> 
     </span>
    </p>
   </div>
   <div class='ocr_carea' id='block_1_126' title="bbox 2233 5059 3823 5132">
    <p class='ocr_par' dir='ltr' id='par_1_126' title="bbox 2233 5059 3823 5132">
     <span class='ocr_line' id='line_1_126' title="bbox 2233 5059 3823 5132; baseline -0.005 -20"><span class='ocrx_word' id='word_1_897' title='bbox 2233 5083 2260 5112; x_wconf 90' lang='lat'><strong>«</strong></span> <span class='ocrx_word' id='word_1_898' title='bbox 2295 5065 2445 5128; x_wconf 89' lang='lat' dir='ltr'>quod</span> <span class='ocrx_word' id='word_1_899' title='bbox 2470 5065 2518 5113; x_wconf 91' lang='lat' dir='ltr'>si</span> <span class='ocrx_word' id='word_1_900' title='bbox 2554 5063 2741 5126; x_wconf 89' lang='lat' dir='ltr'>aliquo</span> <span class='ocrx_word' id='word_1_901' title='bbox 2781 5075 2916 5112; x_wconf 90' lang='lat' dir='ltr'>casu</span> <span class='ocrx_word' id='word_1_902' title='bbox 2939 5060 3175 5111; x_wconf 91' lang='lat' dir='ltr'>membri</span> <span class='ocrx_word' id='word_1_903' title='bbox 3216 5059 3502 5132; x_wconf 87' lang='lat' dir='ltr'>integritas</span> <span class='ocrx_word' id='word_1_904' title='bbox 3542 5060 3823 5132; x_wconf 54' lang='lat' dir='ltr'>corrumpit-</span> 
     </span>
    </p>
   </div>
   <div class='ocr_carea' id='block_1_127' title="bbox 2235 5131 3824 5198">
    <p class='ocr_par' dir='ltr' id='par_1_127' title="bbox 2235 5131 3824 5198">
     <span class='ocr_line' id='line_1_127' title="bbox 2235 5131 3824 5198; baseline -0.011 -14"><span class='ocrx_word' id='word_1_905' title='bbox 2235 5141 2339 5197; x_wconf 88' lang='lat' dir='ltr'>tur,</span> <span class='ocrx_word' id='word_1_906' title='bbox 2370 5149 2481 5184; x_wconf 91' lang='lat' dir='ltr'>non</span> <span class='ocrx_word' id='word_1_907' title='bbox 2511 5135 2689 5198; x_wconf 84' lang='lat' dir='ltr'>magis</span> <span class='ocrx_word' id='word_1_908' title='bbox 2728 5131 3053 5197; x_wconf 68' lang='lat' dir='ltr'>praajudicat</span> <span class='ocrx_word' id='word_1_909' title='bbox 3089 5131 3412 5195; x_wconf 87' lang='lat' dir='ltr'>virginitati,</span> <span class='ocrx_word' id='word_1_910' title='bbox 3449 5139 3612 5192; x_wconf 89' lang='lat' dir='ltr'>quam</span> <span class='ocrx_word' id='word_1_911' title='bbox 3643 5131 3686 5172; x_wconf 84' lang='lat' dir='ltr'>si</span> <span class='ocrx_word' id='word_1_912' title='bbox 3723 5131 3824 5170; x_wconf 82' lang='lat' dir='ltr'>cor-</span> 
     </span>
    </p>
   </div>
   <div class='ocr_carea' id='block_1_128' title="bbox 2233 5207 3821 5269">
    <p class='ocr_par' dir='ltr' id='par_1_128' title="bbox 2233 5207 3821 5269">
     <span class='ocr_line' id='line_1_128' title="bbox 2233 5207 3821 5269; baseline -0.001 -14"><span class='ocrx_word' id='word_1_913' title='bbox 2233 5209 2521 5269; x_wconf 88' lang='lat' dir='ltr'>rumpatur</span> <span class='ocrx_word' id='word_1_914' title='bbox 2550 5217 2748 5255; x_wconf 89' lang='lat' dir='ltr'>manus</span> <span class='ocrx_word' id='word_1_915' title='bbox 2777 5208 2872 5254; x_wconf 87' lang='lat' dir='ltr'>aut</span> <span class='ocrx_word' id='word_1_916' title='bbox 2907 5215 3020 5267; x_wconf 90' lang='lat' dir='ltr'>pes.</span> <span class='ocrx_word' id='word_1_917' title='bbox 3051 5220 3080 5249; x_wconf 85' lang='grc'>››</span> <span class='ocrx_word' id='word_1_918' title='bbox 3311 5207 3320 5212; x_wconf 77' lang='grc'><strong>“</strong></span> <span class='ocrx_word' id='word_1_919' title='bbox 3734 5260 3750 5269; x_wconf 86' lang='lat'>_</span> <span class='ocrx_word' id='word_1_920' title='bbox 3771 5258 3782 5269; x_wconf 57' lang='grc'><em>,</em></span> <span class='ocrx_word' id='word_1_921' title='bbox 3815 5256 3821 5263; x_wconf 68' lang='grc'><strong><em>,</em></strong></span> 
     </span>
    </p>
   </div>
   <div class='ocr_carea' id='block_1_129' title="bbox 2295 5258 3820 5345">
    <p class='ocr_par' dir='ltr' id='par_1_129' title="bbox 2295 5258 3820 5345">
     <span class='ocr_line' id='line_1_129' title="bbox 2295 5258 3820 5345; baseline -0.001 -19"><span class='ocrx_word' id='word_1_922' title='bbox 2295 5258 2509 5339; x_wconf 67' lang='grc' dir='ltr'>(ϐίνθι.</span> <span class='ocrx_word' id='word_1_923' title='bbox 2540 5276 2695 5336; x_wconf 89' lang='lat' dir='ltr'>edit.,</span> <span class='ocrx_word' id='word_1_924' title='bbox 2719 5258 3092 5338; x_wconf 62' lang='lat' dir='ltr'>complectatur</span> <span class='ocrx_word' id='word_1_925' title='bbox 3111 5273 3249 5323; x_wconf 81' lang='lat' dir='ltr'>velut</span> <span class='ocrx_word' id='word_1_926' title='bbox 3277 5270 3591 5345; x_wconf 75' lang='lat' dir='ltr'>quibusdam</span> <span class='ocrx_word' id='word_1_927' title='bbox 3613 5278 3711 5345; x_wconf 67' lang='grc' dir='ltr'>εςιδ</span> <span class='ocrx_word' id='word_1_928' title='bbox 3723 5258 3820 5345; x_wconf 43' lang='lat' dir='ltr'>liii?&quot;</span> 
     </span>
    </p>
   </div>
   <div class='ocr_carea' id='block_1_130' title="bbox 2247 5341 3820 5411">
    <p class='ocr_par' dir='ltr' id='par_1_130' title="bbox 2247 5341 3820 5411">
     <span class='ocr_line' id='line_1_130' title="bbox 2247 5341 3820 5411; baseline -0.002 -14"><span class='ocrx_word' id='word_1_929' title='bbox 2247 5348 2498 5403; x_wconf 79' lang='lat' dir='ltr'>brachiis,</span> <span class='ocrx_word' id='word_1_930' title='bbox 2543 5346 2788 5411; x_wconf 82' lang='lat' dir='ltr'>operibus</span> <span class='ocrx_word' id='word_1_931' title='bbox 2830 5347 2941 5396; x_wconf 78' lang='lat' dir='ltr'>suis</span> <span class='ocrx_word' id='word_1_932' title='bbox 2971 5360 2986 5394; x_wconf 90' lang='lat'><em>:</em></span> <span class='ocrx_word' id='word_1_933' title='bbox 3017 5345 3197 5404; x_wconf 83' lang='lat' dir='ltr'>Rom.,</span> <span class='ocrx_word' id='word_1_934' title='bbox 3231 5347 3445 5394; x_wconf 88' lang='lat' dir='ltr'>inversa</span> <span class='ocrx_word' id='word_1_935' title='bbox 3480 5341 3670 5411; x_wconf 66' lang='lat' dir='ltr'>phrasi.</span> <span class='ocrx_word' id='word_1_936' title='bbox 3700 5343 3820 5411; x_wconf 47' lang='lat' dir='ltr'>00W</span> 
     </span>
    </p>
   </div>
   <div class='ocr_carea' id='block_1_131' title="bbox 2230 5403 3817 5482">
    <p class='ocr_par' dir='ltr' id='par_1_131' title="bbox 2230 5403 3817 5482">
     <span class='ocr_line' id='line_1_131' title="bbox 2230 5403 3817 5482; baseline -0.004 -16"><span class='ocrx_word' id='word_1_937' title='bbox 2230 5417 2491 5482; x_wconf 83' lang='lat' dir='ltr'>plectatur</span> <span class='ocrx_word' id='word_1_938' title='bbox 2505 5403 2750 5481; x_wconf 77' lang='lat' dir='ltr'>operibus</span> <span class='ocrx_word' id='word_1_939' title='bbox 2777 5419 2887 5467; x_wconf 86' lang='lat' dir='ltr'>suis</span> <span class='ocrx_word' id='word_1_940' title='bbox 2911 5415 3068 5474; x_wconf 83' lang='lat' dir='ltr'>velut,</span> <span class='ocrx_word' id='word_1_941' title='bbox 3087 5403 3194 5466; x_wconf 81' lang='lat' dir='ltr'>etc.</span> <span class='ocrx_word' id='word_1_942' title='bbox 3216 5415 3340 5464; x_wconf 84' lang='lat' dir='ltr'>Mss.</span> <span class='ocrx_word' id='word_1_943' title='bbox 3363 5403 3510 5471; x_wconf 87' lang='lat' dir='ltr'>vero,</span> <span class='ocrx_word' id='word_1_944' title='bbox 3526 5414 3586 5482; x_wconf 82' lang='lat' dir='ltr'>ut</span> <span class='ocrx_word' id='word_1_945' title='bbox 3604 5403 3817 5482; x_wconf 56' lang='grc' dir='ltr'>ίιῌθξιυξ</span> 
     </span>
    </p>
   </div>
   <div class='ocr_carea' id='block_1_132' title="bbox 2296 5472 3816 5550">
    <p class='ocr_par' dir='ltr' id='par_1_132' title="bbox 2296 5472 3816 5550">
     <span class='ocr_line' id='line_1_132' title="bbox 2296 5472 3816 5550; baseline -0.011 -13"><span class='ocrx_word' id='word_1_946' title='bbox 2296 5489 2356 5550; x_wconf 85' lang='grc'>(7)</span> <span class='ocrx_word' id='word_1_947' title='bbox 2413 5472 2550 5538; x_wconf 53' lang='lat' dir='ltr'>Era:</span> <span class='ocrx_word' id='word_1_948' title='bbox 2595 5493 2649 5538; x_wconf 92' lang='lat' dir='ltr'>et</span> <span class='ocrx_word' id='word_1_949' title='bbox 2698 5487 2828 5538; x_wconf 91' lang='lat' dir='ltr'>edit.</span> <span class='ocrx_word' id='word_1_950' title='bbox 2879 5501 3018 5550; x_wconf 89' lang='lat' dir='ltr'>seq.,</span> <span class='ocrx_word' id='word_1_951' title='bbox 3053 5472 3116 5536; x_wconf 78' lang='lat' dir='ltr'>et</span> <span class='ocrx_word' id='word_1_952' title='bbox 3169 5486 3376 5536; x_wconf 86' lang='lat' dir='ltr'>acutius</span> <span class='ocrx_word' id='word_1_953' title='bbox 3435 5480 3572 5531; x_wconf 84' lang='lat' dir='ltr'>omni</span> <span class='ocrx_word' id='word_1_954' title='bbox 3619 5472 3816 5540; x_wconf 76' lang='lat' dir='ltr'>gladio;</span> 
     </span>
    </p>
   </div>
   <div class='ocr_carea' id='block_1_133' title="bbox 2232 5551 3814 5620">
    <p class='ocr_par' dir='ltr' id='par_1_133' title="bbox 2232 5551 3814 5620">
     <span class='ocr_line' id='line_1_133' title="bbox 2232 5551 3814 5620; baseline -0.002 -11"><span class='ocrx_word' id='word_1_955' title='bbox 2232 5559 2455 5610; x_wconf 78' lang='lat' dir='ltr'>Amerb.</span> <span class='ocrx_word' id='word_1_956' title='bbox 2483 5574 2549 5610; x_wconf 87' lang='lat' dir='ltr'>ac</span> <span class='ocrx_word' id='word_1_957' title='bbox 2580 5573 2733 5620; x_wconf 90' lang='lat' dir='ltr'>mss.,</span> <span class='ocrx_word' id='word_1_958' title='bbox 2763 5564 2809 5608; x_wconf 85' lang='lat' dir='ltr'>et</span> <span class='ocrx_word' id='word_1_959' title='bbox 2837 5563 3068 5616; x_wconf 84' lang='lat' dir='ltr'>acutum,</span> <span class='ocrx_word' id='word_1_960' title='bbox 3100 5561 3204 5607; x_wconf 88' lang='lat' dir='ltr'>etc.</span> <span class='ocrx_word' id='word_1_961' title='bbox 3237 5558 3351 5606; x_wconf 86' lang='lat' dir='ltr'>Non</span> <span class='ocrx_word' id='word_1_962' title='bbox 3383 5552 3539 5611; x_wconf 87' lang='lat' dir='ltr'>male,</span> <span class='ocrx_word' id='word_1_963' title='bbox 3564 5559 3680 5599; x_wconf 82' lang='lat' dir='ltr'>cum</span> <span class='ocrx_word' id='word_1_964' title='bbox 3702 5551 3814 5620; x_wconf 50' lang='grc' dir='ltr'>ΡΨ·</span> 
     </span>
    </p>
   </div>
   <div class='ocr_carea' id='block_1_134' title="bbox 2232 5611 3815 5696">
    <p class='ocr_par' dir='ltr' id='par_1_134' title="bbox 2232 5611 3815 5696">
     <span class='ocr_line' id='line_1_134' title="bbox 2232 5611 3815 5696; baseline -0.011 -12"><span class='ocrx_word' id='word_1_965' title='bbox 2232 5634 2432 5695; x_wconf 92' lang='lat' dir='ltr'>positio</span> <span class='ocrx_word' id='word_1_966' title='bbox 2461 5645 2571 5696; x_wconf 71' lang='lat' dir='ltr'>prae</span> <span class='ocrx_word' id='word_1_967' title='bbox 2601 5632 2680 5681; x_wconf 87' lang='lat' dir='ltr'>ibi</span> <span class='ocrx_word' id='word_1_968' title='bbox 2703 5611 3065 5693; x_wconf 41' lang='lat' dir='ltr'>subintelligi&#39;</span> <span class='ocrx_word' id='word_1_969' title='bbox 3085 5629 3279 5693; x_wconf 85' lang='lat' dir='ltr'>possit,</span> <span class='ocrx_word' id='word_1_970' title='bbox 3305 5631 3366 5677; x_wconf 90' lang='lat' dir='ltr'>ut</span> <span class='ocrx_word' id='word_1_971' title='bbox 3405 5627 3463 5696; x_wconf 86' lang='lat' dir='ltr'>in</span> <span class='ocrx_word' id='word_1_972' title='bbox 3488 5621 3622 5696; x_wconf 9' lang='lat' dir='ltr'>rali_is</span> <span class='ocrx_word' id='word_1_973' title='bbox 3656 5611 3815 5696; x_wconf 54' lang='lat' dir='ltr'>multis</span> 
     </span>
    </p>
   </div>
   <div class='ocr_carea' id='block_1_135' title="bbox 2230 5685 3811 5769">
    <p class='ocr_par' dir='ltr' id='par_1_135' title="bbox 2230 5685 3811 5769">
     <span class='ocr_line' id='line_1_135' title="bbox 2230 5685 3811 5769; baseline -0.009 -15"><span class='ocrx_word' id='word_1_974' title='bbox 2230 5685 2548 5769; x_wconf 77' lang='lat' dir='ltr'>bujusmodi</span> <span class='ocrx_word' id='word_1_975' title='bbox 2577 5701 2973 5762; x_wconf 91' lang='lat' dir='ltr'>locutionibus,</span> <span class='ocrx_word' id='word_1_976' title='bbox 2995 5685 3074 5751; x_wconf 69' lang='lat' dir='ltr'>de</span> <span class='ocrx_word' id='word_1_977' title='bbox 3087 5685 3297 5764; x_wconf 65' lang='lat' dir='ltr'>quibus</span> <span class='ocrx_word' id='word_1_978' title='bbox 3325 5695 3526 5750; x_wconf 89' lang='lat' dir='ltr'>videsis</span> <span class='ocrx_word' id='word_1_979' title='bbox 3553 5691 3634 5744; x_wconf 82' lang='lat' dir='ltr'>Fr.</span> <span class='ocrx_word' id='word_1_980' title='bbox 3664 5685 3811 5740; x_wconf 74' lang='lat' dir='ltr'>Sanc&#39;</span> 
     </span>
    </p>
   </div>
   <div class='ocr_carea' id='block_1_136' title="bbox 2231 5774 3231 5847">
    <p class='ocr_par' dir='ltr' id='par_1_136' title="bbox 2231 5774 3231 5847">
     <span class='ocr_line' id='line_1_136' title="bbox 2231 5774 3231 5847; baseline -0.002 -19"><span class='ocrx_word' id='word_1_981' title='bbox 2231 5777 2292 5829; x_wconf 85' lang='lat' dir='ltr'>tii</span> <span class='ocrx_word' id='word_1_982' title='bbox 2315 5776 2631 5840; x_wconf 82' lang='lat' dir='ltr'>Minervam,</span> <span class='ocrx_word' id='word_1_983' title='bbox 2660 5774 2723 5828; x_wconf 80' lang='lat' dir='ltr'>de</span> <span class='ocrx_word' id='word_1_984' title='bbox 2748 5777 3042 5847; x_wconf 79' lang='lat' dir='ltr'>comparat.</span> <span class='ocrx_word' id='word_1_985' title='bbox 3068 5777 3231 5828; x_wconf 83' lang='lat' dir='ltr'>const.</span> 
     </span>
    </p>
   </div>
  </div>
