3972 6174
208 279 318 330 1657

1282 276 1744 333 EXPOSITIONIS
1783 276 1849 332 IN
1891 274 2113 331 LUCAM
2159 276 2287 330 LIB.
2331 275 2394 328 ll.

3388 277 3523 329 i658

203 399 305 453 ideo
328 399 480 452 Anna
505 401 561 451 et
603 397 901 468 stipendiis
939 398 1246 466 viduitatis,
1286 406 1343 454 et
1370 400 1626 454 moribus
1661 399 1785 454 talis
1807 412 1864 484 Α
1887 413 2152 470 agnosce.
2197 399 2358 452 Pater
2389 396 2725 451 honoriﬁcat
2763 397 2963 451 Filium
3003 399 3205 464 (Joan.,
3248 414 3361 464 Vill,
3407 399 3518 466 54);

199 493 469 558 inducitur,
502 497 563 545 ut
595 491 767 562 digna
809 491 978 561 plane
1007 491 1176 546 fuisse
1213 493 1498 560 credatur,
1530 509 1658 564 qua
1700 510 1784 547 re-

194 587 511 655 demptorem
549 585 809 638 omnium
849 586 1068 639 venisse
1104 587 1418 641 nuntiaret.
1449 587 1619 656 Cujus
1659 603 1780 641 me-

192 679 281 732 rita
304 693 424 731 cum
452 676 584 730 alibi
615 677 1106 748 descripserimus,
1135 695 1264 733 cum
1295 678 1492 734 viduas
1522 680 1781 734 hortare-

191 788 298 825 mur
334 770 440 838 (lib.
483 774 556 824 De
592 771 788 832 viduis,
831 787 952 841 cap.
997 775 1066 839 l),
1105 772 1213 826 hoc
1242 773 1363 827 loco
1409 772 1679 844 quoniam
1710 773 1781 826 ad

188 865 278 918 alia
299 879 676 934 properamus,
707 880 819 917 non
846 869 1118 935 putamus
1148 865 1426 920 iteranda.
1457 867 1577 920 Non
1605 867 1781 921 otiose

188 962 353 1010 tamen
411 973 594 1011 annos
656 958 944 1028 octoginta
1005 963 1249 1028 quatuor
1310 958 1595 1014 viduitatis
1659 961 1782 1030 ejus

186 1052 464 1120 expressit;
506 1050 638 1121 quia
675 1055 730 1104 et
765 1056 987 1121 septem
1024 1051 1360 1118 dodecades,
1401 1057 1458 1106 et
1488 1053 1618 1106 dua
1647 1071 1782 1124 qua-

183 1143 482 1213 dragesima
515 1159 740 1198 sacrum
767 1144 1030 1200 videntur
1052 1162 1361 1200 numerum
1389 1146 1706 1216 designare.

239 1237 398 1303 (Vers.
430 1237 542 1306 42.)
569 1239 640 1290 Et
669 1253 788 1291 cum
817 1239 960 1304 facti
993 1245 1169 1293 essent
1194 1240 1282 1293 illi
1309 1242 1446 1294 anni
1477 1241 1777 1296 duodecim.

239 1333 312 1384 63.
338 1332 382 1383 A
412 1330 757 1385 duodecimo
783 1347 955 1397 anno,
979 1337 1042 1385 ut
1067 1331 1334 1402 legimus,
1363 1333 1664 1388 Dominica
1694 1350 1781 1388 su-

177 1425 326 1478 mitur
368 1423 771 1494 disputationis
813 1425 1144 1490 exordium;
1187 1426 1278 1480 hic
1321 1427 1476 1480 enim
1522 1425 1779 1500 1302

175 1516 524 1588 praedicanda
565 1516 701 1572 ﬁdei
743 1519 1247 1588 evangelizantium
1293 1535 1565 1574 numerus
1607 1521 1778 1575 debe-

175 1610 332 1664 batur.
359 1611 471 1664 Nec
506 1611 688 1666 otiose
718 1611 1028 1666 immemor
1053 1629 1284 1667 suorum
1315 1615 1626 1669 secundum
1656 1631 1778 1668 car-

173 1720 280 1758 nem
339 1709 679 1773 parentum,
747 1704 844 1775 qui
913 1705 1226 1761 secundum
1291 1723 1521 1761 carnem
1583 1707 1779 1777 utique

1883 509 2000 546 non
2042 491 2121 545 vis
2159 496 2219 546 ut
2259 490 2428 545 Filius
2471 489 2812 545 honoriﬁcet
2862 492 3080 544 Patrem
3131 492 3316 558 (Ibid.,
3368 492 3457 560 49)
3502 507 3514 544 :

1886 586 2051 640 Pater
2076 601 2209 639 voce
2247 584 2460 638 coelesti
2487 583 2545 638 in
2579 583 2713 638 Filio
2745 599 2802 638 se
2831 583 3189 654 complacere
3219 583 3518 653 proﬁtetur

1882 679 2054 750 (Luc.,
2078 695 2160 743 ιιι,
2191 679 2298 746 22);
2327 694 2444 731 non
2465 677 2546 730 vis
2572 681 2632 731 ut
2654 677 2823 731 Filius
2850 677 3118 731 humana
3139 677 3324 730 carnis
3343 677 3512 730 indu-

1885 777 1974 826 tus
2014 771 2245 836 amictu,
2289 788 2416 825 cum
2457 772 2712 826 humana
2748 786 2906 838 voce,
2954 770 3205 824 humano
3251 770 3516 840 loquatur

1884 865 2108 932 affectu,
2134 867 2357 918 Patrem
2384 864 2536 918 dicat
2563 880 2683 917 esse
2711 863 2994 933 majorem
3020 864 3220 932 (Joan..
3253 879 3357 930 xxv,
3382 864 3514 928 28)?

1884 960 2018 1012 Nam
2059 959 2104 1012 si
2142 981 2166 1006 ‹‹
2209 960 2446 1029 Magnus
2477 957 2767 1023 Dominus,
2801 963 2856 1010 et
2886 955 3183 1010 laudabilis
3226 956 3414 1022 nimis,
3459 961 3516 1011 et

1884 1051 2297 1122 magnitudinis
2328 1053 2451 1121 ejus
2489 1068 2601 1106 non
2638 1057 2718 1104 est
2768 1050 2895 1105 ﬁnis
2934 1051 3099 1120 (Psal.
3146 1066 3318 1116 CXLIV,
3367 1050 3440 1120 3),
3486 1072 3513 1099 ››

1881 1145 2080 1216 utique
2113 1145 2452 1216 magnitudo
2484 1160 2611 1216 qua
2641 1144 2818 1198 ﬁnem
2855 1159 2969 1198 non
3009 1143 3202 1212 habet,
3237 1159 3342 1196 nec
3371 1159 3511 1213 ang-

1883 1244 2140 1293 mentum
2186 1237 2380 1292 habet.
2434 1237 2540 1292 Sed
2594 1253 2694 1292 cur
2741 1253 2857 1290 non
2910 1236 3189 1308 accipiam
3232 1235 3513 1306 religiosis

1880 1331 2112 1386 auribus
2146 1332 2350 1386 Filium
2383 1331 2534 1386 Patri
2577 1331 2636 1384 in
2676 1330 3040 1401 susceptione
3079 1330 3332 1401 corporis
3373 1329 3508 1384 obe-

1882 1425 2152 1492 dientem,
2187 1441 2318 1480 cum
2357 1425 2623 1496 religiose
2662 1425 2935 1495 accipiam
2973 1425 3202 1478 Patrem
3235 1423 3376 1478 Filio
3420 1423 3514 1477 de-

1880 1520 2199 1574 ferentem?

1951 1616 2039 1667 66.
2071 1613 2226 1668 Disce
2254 1612 2440 1683 potius
2471 1617 2581 1667 tua
2610 1612 2862 1667 utilitatis
2893 1613 3195 1682 pracepta,
3225 1615 3283 1664 et
3311 1626 3509 1664 exem-

1880 1706 1972 1777 pla
2025 1705 2251 1777 pietatis
2307 1721 2568 1776 agnosce.
2626 1705 2779 1760 Disce
2828 1705 2966 1776 quid
3018 1702 3346 1774 parentibus
3403 1702 3513 1756 tuis

172 1797 422 1866 sapientia
461 1798 564 1852 Dei
613 1797 958 1869 implebatur
1000 1805 1056 1857 et
1099 1800 1307 1869 gratia,
1356 1806 1481 1870 post
1526 1782 1854 1856 triduumB
1880 1799 2104 1866 debeas,
2151 1815 2283 1853 cum
2327 1800 2469 1870 legis
2515 1815 2548 1852 a
2590 1801 2752 1853 Patre
2797 1798 3001 1854 Filium
3044 1813 3156 1851 non
3199 1796 3510 1862 voluntate,

170 1891 422 1960 reperitur
448 1891 517 1944 in
552 1892 801 1962 templo;
832 1898 894 1945 ut
923 1895 1073 1950 esset
1097 1892 1309 1947 indicio
1340 1894 1477 1964 quia
1515 1899 1642 1965 post
1674 1895 1774 1948 tri-

175 1984 324 2037 duum
363 1983 737 2055 triumphalis
780 1984 930 2039 illius
961 1985 1232 2056 passionis
1274 1987 1333 2041 in
1374 1986 1506 2042 sede
1549 1988 1774 2054 caelesti,

169 2085 208 2129 et
240 2077 443 2132 honore
487 2077 684 2132 divino
723 2077 855 2132 ﬁdei
887 2084 1098 2132 nostra
1132 2096 1190 2134 se
1233 2084 1652 2135 resurrecturus
1690 2081 1773 2134 of-

167 2170 328 2233 ferret,
358 2170 458 2241 qui
494 2174 755 2225 mortuus
781 2171 1138 2226 credebatur.

223 2265 378 2331 :_Vers.
421 2265 544 2333 49.)
590 2265 731 2331 Cuid
765 2270 840 2320 est
876 2265 1024 2334 quod
1053 2280 1133 2319 me
1173 2267 1536 2335 qua—rebatis?
1564 2269 1773 2323 Nescie-

167 2357 276 2411 tatis
299 2361 424 2426 quia
450 2361 521 2411 in
542 2361 777 2428 prOpria
805 2361 988 2413 Patris
1015 2361 1119 2412 mei
1147 2365 1355 2430 oportet
1381 2375 1463 2414 me
1488 2363 1635 2415 esse?

219 2453 294 2504 64.
341 2452 474 2505 Dua
526 2457 658 2506 sunt
698 2451 755 2504 in
793 2452 1015 2506 Christo
1058 2453 1498 2522 generationes:
1531 2470 1648 2508 una
1692 2459 1777 2509 est

163 2549 385 2613 paterna,
413 2550 694 2598 materna
721 2546 928 2614 altera;
963 2551 1198 2616 paterna
1226 2545 1324 2600 illa
1353 2546 1617 2613 divinior,
1650 2564 1773 2602 ma-

163 2640 294 2690 terna
316 2653 448 2692 vero
480 2653 618 2708 qua
659 2637 715 2691 in
755 2644 1014 2692 nostrum
1049 2639 1305 2693 laborem
1338 2655 1614 2711 usumque
1645 2641 1771 2695 des-

164 2729 336 2784 cendit.
366 2731 432 2784 Et
469 2732 607 2785 ideo
635 2747 763 2802 qua
797 2748 968 2802 supra
1000 2737 1284 2801 naturam,
1319 2749 1489 2802 supra
1518 2737 1770 2801 atatem,

164 2838 303 2892 supra
359 2823 845 2879 consuetudinem
899 2826 1066 2890 ﬁunt,
1118 2841 1236 2879 non
1286 2825 1554 2880 humanis
1595 2827 1770 2897 assig-

163 2917 320 2970 nanda
343 2917 674 2984 virtutibus,
719 2918 819 2972 sed
846 2917 1051 2972 divinis
1082 2919 1385 2973 referenda
1418 2923 1551 2974 sunt
1580 2927 1769 2990 potes-

167 3008 363 3064 tatibus.
392 3010 546 3064 Alibi
581 3026 712 3064 eum
745 3011 815 3065 ad
842 3012 1180 3082 mysterium
1211 3016 1284 3081 (8)
1315 3016 1500 3066 mater
1529 3014 1773 3084 impellit

161 3103 327 3168 (Joun.,
359 3121 415 3173 ιι,
455 3107 536 3174 3);
581 3103 672 3158 hic
718 3108 904 3159 mater
942 3106 1221 3176 arguitur,
1251 3106 1384 3178 quia
1417 3107 1604 3161 adhuc
1645 3124 1772 3179 qua

160 3196 372 3251 humana
406 3201 568 3265 sunt,
615 3198 823 3268 exigat.
870 3199 975 3253 Sed
1013 3215 1146 3253 cum
1198 3200 1290 3254 hic
1330 3200 1635 3255 duodecim
1672 3202 1770 3257 de-

162 3289 401 3346 scribatur
439 3307 750 3360 annorum,
801 3291 911 3346 illic
957 3293 1263 3363 discipulos
1311 3294 1522 3348 habere
1564 3295 1768 3350 docea-

159 3386 258 3450 tur;
300 3385 452 3439 vides
497 3389 752 3439 matrem
793 3385 1052 3441 didicisse
1098 3387 1168 3441 de
1213 3386 1373 3456 Filio,
1416 3391 1481 3442 ut
1517 3388 1773 3459 exigeret

159 3491 182 3525 a
222 3477 476 3533 validiore
527 3478 894 3550 mysterium,
943 3496 1072 3550 qua
1121 3480 1386 3551 stupebat
1439 3480 1497 3535 in
1539 3482 1768 3552 juniore

159 3570 482 3626 miraculum.

212 3664 365 3731 (Vers.
399 3665 518 3735 5t.)
545 3667 618 3719 Et
649 3667 794 3720 venit
819 3669 1114 3729 Nazareth,
1142 3672 1192 3722 et
1219 3675 1336 3722 erat
1363 3669 1610 3723 subditus
1636 3671 1766 3724 illis.

212 3759 286 3810 65.
336 3758 482 3821 Quid
532 3758 690 3813 enim
736 3759 1010 3830 magister
1054 3761 1308 3829 virtutis,
1355 3762 1460 3816 nisi
1516 3761 1769 3818 ofﬁcium

160 3847 351 3914 pietatis
390 3851 710 3922 impleret?
746 3853 814 3907 Et
856 3851 1132 3906 miramur
1170 3853 1215 3907 si
1251 3855 1402 3909 Patri
1431 3855 1632 3923 defert,
1671 3858 1769 3928 qui

158 3941 383 3998 subditur
408 3944 629 3998 matri?
650 3945 772 4000 Non
805 3946 998 4016 utique
1026 3945 1390 4014 inﬁrmitatis,
1418 3949 1516 4003 sed
1545 3950 1768 4020 pietatis

156 4039 220 4086 est
253 4037 344 4089 ista
387 4037 699 4108 subjectio;
746 4039 968 4093 attollat
1008 4039 1137 4094 licet
1166 4041 1325 4095 savis
1356 4043 1595 4097 emissus
1626 4044 1765 4099 late-

155 4123 244 4178 bris
277 4129 511 4184 coluber
549 4130 805 4200 perﬁdia
836 4135 1031 4202 caput,
1074 4140 1128 4186 et
1174 4135 1508 4205 serpentinis
1547 4141 1770 4191 evomat

156 4234 336 4275 venena
389 4223 732 4292 pectoribus.
792 4225 935 4279 Cum
990 4225 1126 4280 dicit
1185 4243 1243 4281 se
1301 4229 1472 4283 Filius
1531 4230 1767 4285 missum

155 4313 318 4379 (10am,
346 4332 461 4382 vui,
482 4318 596 4388 25),
621 4317 901 4387 majorem
927 4319 1227 4374 hareticus
1250 4322 1498 4392 appellat
1518 4325 1763 4391 Patrem;

159 4408 204 4455 ut
253 4409 643 4478 imperfectum
698 4410 904 4466 Filium
950 4412 1120 4479 dicat,
1171 4415 1267 4485 qui
1327 4420 1511 4485 potest
1558 4417 1766 4472 habere

1878 1909 1992 1948 non
2034 1909 2226 1963 opere,
2267 1909 2382 1947 non
2424 1896 2684 1963 tempore
2722 1892 3080 1962 discrepare;
3117 1891 3219 1945 etsi
3255 1889 3511 1960 personis

1880 1987 2016 2054 duo,
2063 1989 2341 2057 potestate
2381 2003 2560 2040 unum
2604 1990 2755 2040 sunt.
2797 1987 2864 2040 Et
2905 1985 3100 2056 utique
3139 1983 3362 2038 nullum
3405 1984 3510 2036 Pa-

1880 2087 1964 2135 ter
2000 2080 2092 2135 ille
2139 2079 2379 2134 caelestis
2415 2080 2667 2134 laborem
2707 2077 3094 2150 generationis
3133 2074 3390 2150 1303
3427 2092 3514 2130 ex-

1879 2177 2073 2244 pertus
2113 2178 2229 2241 est;
2275 2177 2334 2226 tu
2375 2173 2541 2227 matri
2582 2173 2756 2228 debes
2792 2171 3025 2243 pudoris
3067 2171 3358 2241 injuriam,
3400 2168 3508 2222 vir-

1879 2266 2128 2339 ginitatis
2150 2267 2539 2338 dispendium,
2566 2269 2761 2336 partus
2783 2265 3124 2336 periculum,
3146 2263 3315 2319 matri
3340 2264 3512 2334 longa

1874 2361 2116 2428 fastidia,
2146 2362 2315 2415 matri
2341 2361 2518 2431 longa
2544 2359 2894 2425 discrimina,
2925 2358 3014 2412 cui
3044 2358 3264 2413 misera
3293 2357 3350 2411 in
3375 2357 3510 2426 ipsis

1876 2460 2136 2509 votorum
2181 2454 2459 2508 fructibus
2502 2454 2686 2525 majus
2732 2453 3050 2524 periculum
3098 2454 3217 2519 est;
3269 2454 3326 2505 et
3380 2465 3510 2503 cum

1877 2548 2123 2602 ediderit
2153 2547 2304 2618 quod
2332 2547 2561 2619 optavit,
2592 2549 2758 2618 partu
2785 2545 3110 2611 absolvitur,
3141 2560 3254 2598 non
3282 2544 3502 2597 timore.

1874 2641 2016 2704 Quid
2062 2641 2262 2695 anxios
2308 2645 2496 2711 patres
2541 2641 2744 2712 loquar
2790 2655 2892 2710 pro
2937 2639 3184 2692 ﬁliorum
3228 2637 3504 2708 profectu,

1875 2740 1931 2790 et
1991 2733 2392 2806 multiplicatos
2447 2733 2648 2788 alienis
2705 2733 2900 2787 usibus
2960 2747 3190 2797 census,
3238 2731 3506 2800 jactaque

1874 2828 2136 2898 agricola
2177 2827 2398 2882 semina
2450 2833 2815 2898 posterorum
2861 2825 3123 2880 atatibus
3168 2823 3507 2895 profutura?

1875 2922 2074 2976 Nonne
2116 2937 2218 2992 pro
2265 2921 2352 2974 his
2397 2921 2673 2992 obsequia
2714 2921 2917 2974 saltem
2964 2923 3189 2990 oportet
3229 2916 3506 2988 rependi?

1873 3018 1985 3072 Cur
2037 3015 2212 3086 impio
2264 3014 2441 3085 patris
2492 3014 2606 3069 vita
2657 3013 2960 3085 prolixior,
3017 3018 3076 3067 et
3127 3010 3504 3065 communitas

1793 3108 2202 3226 C[patrimonii
2253 3108 2481 3163 videtur
2534 3108 2853 3180 angustior,
2901 3123 3032 3162 cum
3082 3104 3336 3161 Christus
3389 3119 3502 3158 non

1875 3203 2117 3226 _-P.._Z_L
2152 3203 2516 3226 --_L__-.l_-0

1874 3203 2123 3273 refugiat
2147 3203 2475 3257 coharedes
2490 3203 2516 3256 ?

1944 3296 2099 3367 (Cap.
2140 3297 2231 3351 lll.
2261 3326 2330 3336 —
2357 3298 2508 3350 Vers.
2548 3297 2624 3366 2.)
2661 3299 2884 3352 Factum
2921 3300 2998 3350 est
3036 3295 3256 3350 verbum
3294 3293 3508 3348 Domini

1871 3405 2034 3460 super
2058 3392 2315 3445 Joannem
2344 3391 2621 3445 Zacharia
2642 3390 2817 3458 ﬁlium
2845 3391 2900 3443 in
2925 3389 3151 3444 deserto.

1943 3487 2029 3538 67.
2085 3484 2544 3555 Congregaturus
2590 3482 2891 3537 Ecclesiam
2953 3481 3051 3535 Dei
3115 3479 3319 3546 Filius,
3375 3485 3504 3533 ante

1872 3582 2138 3647 operatur
2182 3577 2240 3630 in
2287 3577 2528 3631 servulo.
2573 3577 2638 3629 Et
2679 3575 2810 3630 ideo
2859 3575 3003 3630 bene
3043 3573 3230 3644 posuit
3273 3574 3505 3627 sanctus

1871 3672 2046 3725 Lucas
2075 3671 2291 3724 factum
2330 3686 2450 3724 esse
2491 3669 2728 3724 verbum
2769 3668 2995 3723 Domini
3033 3683 3202 3738 super
3225 3668 3504 3722 Joannem

1872 3763 2159 3819 Zacharia
2199 3763 2380 3817 ﬁlium
2413 3763 2471 3817 in
2500 3763 2747 3831 deserto,
2789 3765 2850 3815 ut
2877 3760 3122 3816 Ecclesia
3152 3776 3266 3814 non
3296 3760 3366 3813 ab
3397 3760 3501 3815 ho-

1875 3857 2032 3912 mine
2066 3855 2318 3928 caperit,
2348 3855 2444 3910 sed
2469 3873 2502 3910 a
2528 3856 2728 3911 Verbo.
2759 3857 2882 3926 Ipsa
2908 3853 3062 3908 enim
3084 3859 3168 3908 est
3193 3854 3500 3918 desertum,

1880 3951 2014 4022 quia
2035 3972 2063 3999 «
2092 3952 2284 4021 plures
2303 3949 2406 4004 ﬁlii
2431 3949 2691 4015 deserta,
2716 3949 2903 4020 magis
2923 3964 3097 4020 quam
3120 3947 3243 4017 ejus
3264 3962 3390 4018 qua
3411 3946 3505 3999 ha-

1867 4044 1960 4099 bet
1990 4045 2172 4098 virum
2200 4046 2352 4114 (Isa.,
2374 4060 2481 4111 Liv,
2508 4043 2578 4114 1).
2607 4065 2634 4092 ››
2659 4043 2912 4113 Denique
2940 4042 3044 4113 ipsi
3065 4041 3271 4096 dicitur
3293 4057 3305 4094 :
3329 4061 3356 4089 ‹‹
3381 4040 3501 4094 La-

1870 4141 2017 4205 tare,
2049 4137 2256 4193 sterilis
2289 4138 2492 4207 (lbid.),
2523 4160 2547 4185 ››
2583 4143 2658 4205 et,
2689 4158 2716 4186 α
2750 4137 2997 4203 Exsulta,
3028 4136 3317 4191 desertum
3350 4136 3503 4204 (130.,

1869 4249 1961 4298 ιιι,
1991 4237 2065 4301 9);
2098 4253 2124 4282 »
2156 4232 2290 4303 quia
2322 4231 2494 4286 nullis
2519 4231 2706 4285 adhuc
2735 4247 3005 4287 convena
3037 4229 3213 4301 plebis
3241 4229 3504 4301 operibus

1869 4325 2184 4392 colebatur,
2235 4342 2422 4397 neque
2469 4326 2651 4379 ullum
2695 4324 2881 4379 adhuc
2924 4324 3155 4378 arbores
3196 4324 3328 4392 illa,
3376 4341 3502 4394 qua

1873 4419 2121 4473 fructum
2172 4419 2320 4474 ferre
2372 4435 2486 4473 non
2541 4422 2823 4489 poterant,
2873 4417 3213 4472 meritorum
3269 4433 3501 4470 suorum

161 4500 443 4572 majorem;
480 4509 542 4556 ut
577 4503 776 4559 alienis
815 4505 1038 4560 auxiliis
1068 4512 1278 4563 asserat
1306 4525 1438 4562 eum
1470 4509 1569 4579 qui
1599 4510 1847 4589 mitti-1)
1872 4513 2140 4568 verticem
2163 4512 2562 4584 praferebant.
2587 4512 2855 4566 Nondum
2874 4515 3108 4565 venerat
3132 4509 3231 4580 qui
3253 4509 3500 4564 diceret:

161 4593 254 4657 tur,
282 4595 575 4667 indigere;
608 4598 886 4668 numquid
917 4604 973 4654 et
1010 4600 1266 4655 humano
1298 4602 1502 4672 egebat
1529 4603 1765 4674 auxilio,

158 4689 205 4736 ut
243 4694 501 4743 materno
551 4691 787 4745 serviret
839 4693 1122 4762 imperio?
1160 4695 1461 4750 Deferebat
1508 4697 1762 4766 homini,

157 4774 413 4836 deferebat
458 4783 677 4838 ancilla
729 4784 871 4855 (ipsa
923 4786 1078 4839 enim
1132 4787 1270 4841 dicit
1317 4805 1329 4841 :
1380 4791 1511 4843 Ecce
1560 4793 1767 4846 ancilla

159 4870 357 4940 Domini)
402 4877 578 4944 (Luc.,
627 4893 662 4943 ι,
705 4880 815 4945 38),
860 4877 1150 4934 deferebat
1190 4879 1450 4936 simulato
1490 4884 1679 4953 patri;
1711 4890 1767 4939 et

160 4962 354 5018 miraris
395 4968 439 5020 si
489 4970 606 5024 Deo
639 4971 882 5026 detulit?
919 4974 1005 5026 An
1053 4973 1274 5027 homini
1319 4974 1541 5030 deferre
1583 4977 1766 5046 pietas

159 5061 240 5122 est,
287 5059 396 5114 Deo
448 5061 674 5116 deferre
722 5063 1022 5120 inﬁrmitas
1073 5067 1194 5120 est?
1247 5069 1342 5122 Vel
1387 5086 1450 5122 ex
1498 5069 1765 5125 humanis

161 5148 318 5206 divina
345 5157 660 5226 perpende,
691 5161 749 5211 et
776 5159 914 5230 quid
945 5161 1089 5230 patri
1115 5162 1324 5215 amoris
1361 5163 1638 5218 debeatur
1665 5165 1761 5235 (9),

205 5325 265 5403 ξε).
297 5326 442 5404 Edit.
490 5329 634 5404 E_ra.,
683 5332 812 5404 Gill.
857 5347 922 5384 ac
964 5335 1124 5386 Rom.
1166 5351 1294 5387 cum
1341 5352 1471 5388 mss.
1523 5340 1762 5404 aliquot,

162 5399 496 5448 ministerium.
525 5401 600 5452 Ita
630 5403 795 5453 etiam
821 5405 1031 5456 eadem
1062 5408 1171 5458 illa
1198 5409 1354 5458 infra.
1389 5410 1532 5460 Edit.
1573 5399 1762 5462 autem

164 5464 363 5547 ἑφθῇ).
377 5470 435 5518 in
467 5483 730 5547 corpore;
766 5474 890 5547 Era.
921 5482 978 5526 et
1014 5477 1145 5529 Gill.
1192 5480 1248 5528 in
1289 5494 1485 5544 marg,
1526 5487 1761 5547 utroque

164 5528 258 5615 13cc
283 5535 485 5615 habent
522 5528 647 5592 cum
690 5528 952 5596 tredecim
993 5528 1216 5611 optimis
1257 5528 1758 5615 mss:

168 5605 624 5684 alcateraiutnos
673 5616 729 5665 in
772 5620 953 5677 textu,
985 5605 1090 5668 nisi
1136 5621 1284 5684 quod
1331 5623 1387 5670 in
1429 5605 1563 5672 solis
1605 5605 1758 5684 mss,

170 5683 240 5757 Ero
275 5694 306 5725 α
349 5680 476 5740 ﬁlio,
519 5683 728 5748 legitur,
772 5690 836 5736 de
873 5689 1000 5750 ﬁlio.
1048 5680 1210 5752 Qudd
1253 5698 1440 5743 autem
1487 5694 1580 5744 hic
1627 5680 1760 5757 legi;

1873 4627 1900 4657 ‹‹
1931 4608 2049 4677 Ego
2088 4613 2280 4661 autem
2309 4606 2453 4660 sicut
2483 4606 2630 4659 oliva
2659 4603 2950 4659 fructifera
2980 4603 3037 4658 in
3069 4603 3240 4658 domo
3273 4603 3502 4659 Domini

1869 4701 2034 4770 (Psal.
2084 4717 2152 4766 LI,
2197 4702 2302 4769 10).
2348 4722 2375 4748 ››
2406 4698 2672 4754 Nondum
2717 4697 2843 4751 vitis
2881 4698 2973 4751 illa
3011 4697 3252 4753 calestis
3288 4699 3503 4752 fructus

1867 4793 2200 4865 palmitibus
2225 4793 2360 4858 suis,
2383 4792 2688 4847 verborum
2714 4791 2964 4863 quodam
2989 4808 3222 4846 suorum
3249 4791 3498 4856 traduce,

1868 4886 2246 4942 ministrabat.
2281 4887 2508 4941 Factum
2540 4894 2623 4940 est
2662 4902 2802 4957 ergo
2835 4886 3094 4954 verbum,
3123 4892 3186 4940 ut
3214 4902 3339 4957 qua
3379 4891 3501 4940 erat

1866 4986 1996 5034 ante
2025 4980 2260 5049 deserta,
2284 4981 2533 5035 fructum
2561 4980 2725 5035 nobis
2752 4985 2908 5035 terra
2929 4983 3246 5051 generaret.
3269 4979 3498 5032 Factum

1868 5077 1950 5128 est
1978 5073 2236 5141 verbum,
2268 5090 2374 5128 vox
2404 5077 2594 5128 secuta
2621 5080 2740 5143 est;
2774 5075 3012 5132 verbum
3039 5072 3193 5127 enim
3227 5072 3383 5142 prius
3411 5072 3497 5125 in-

1865 5171 1956 5220 tus
1986 5172 2276 5238 operatur,
2313 5167 2567 5239 sequitur
2604 5168 2754 5222 vocis
2793 5166 3064 5222 ofﬁcium.
3102 5165 3263 5220 Unde
3302 5169 3359 5219 et
3394 5167 3495 5219 Da-

1864 5355 2019 5394 casse
2050 5343 2319 5394 indicaret
2353 5357 2363 5391 :
2393 5357 2503 5406 quo
2533 5342 2671 5392 nihil
2710 5357 2741 5393 a
2770 5343 2830 5392 Β.
2863 5343 2978 5392 viro
3018 5340 3192 5404 magis
3233 5341 3496 5400 alienum,

1863 5420 1925 5463 ut
1965 5417 2080 5478 jam
2134 5429 2244 5464 non
2290 5414 2464 5465 semel
2507 5414 2668 5464 licuit
2709 5413 3015 5462 advertere.
3069 5412 3324 5476 Intellige
3369 5425 3498 5475 ergo

1862 5487 2108 5549 arguitur
2157 5487 2268 5536 lato
2320 5485 2484 5536 modo
2533 5487 2773 5548 positum
2819 5499 2916 5547 pro
2962 5485 3196 5539 docetur,
3243 5489 3339 5533 aut
3387 5485 3496 5533 alio

1862 5557 2136 5607 consimili
2161 5558 2347 5617 verbo,
2375 5556 2525 5620 quod
2551 5571 2581 5606 a
2616 5557 2899 5606 communi
2929 5569 3038 5605 usu
3072 5567 3183 5604 non
3215 5553 3494 5606 abhorret.

1923 5629 1990 5687 t9)
2019 5628 2176 5678 Rom.
2209 5628 2338 5678 edit.
2369 5628 2507 5686 sola,
2538 5632 2584 5676 et
2619 5626 2748 5690 quid
2775 5626 2993 5676 honoris
3019 5626 3166 5688 patri
3195 5625 3491 5676 debeamus.

1861 5697 1970 5748 Sed
2000 5698 2141 5747 nihil
2173 5698 2524 5757 mutandum,
2551 5710 2681 5746 cum
2709 5710 2862 5746 amor
2892 5697 2948 5747 in
2981 5699 3236 5760 parentes
3278 5709 3497 5762 semper

172 5753 477 5837 Emittunt?
506 5759 771 5837 arguitur,
795 5761 909 5809 noli
947 5760 1078 5811 hinc
1117 5763 1319 5837 inferre
1354 5779 1484 5815 cum
1524 5753 1758 5816 Calvino
1858 5769 2056 5820 honori
2087 5772 2420 5836 conjunctus
2452 5753 2814 5837 intelligatur.

172 5809 212 5861 ⁵ο
248 5822 486 5882 Pramus
531 5809 671 5884 hanc
713 5809 958 5888 ruentem
1005 5809 1758 5906 esse,"di'bei§a_ra£n"§6él
