3972 6174
476 243 609 296 1659

1912 256 1917 261 ‘
1950 243 2003 298 S.
2044 236 2363 300 ΑΜΒιιοδιι

3648 259 3754 313 1660

464 362 557 418 vid
582 362 723 418 dicit
750 379 764 418 :
793 384 820 413 ‹‹
845 365 1068 420 Credidi
1094 369 1327 438 pr0pter
1353 366 1505 438 quod
1530 368 1751 423 locutus
1775 382 1902 422 sum
1928 368 2098 438 (Psal.
2125 379 2182 452 Α
2202 353 2457 422 hominis
2486 367 2759 438 ofﬁcium,
2799 384 2972 440 quam
3008 368 3254 424 locustas
3282 385 3540 442 querere,
3573 376 3623 430 et
3648 379 3761 447 quid

462 473 582 527 cxv,
614 458 721 528 l0).
753 477 781 509 ››
811 458 971 513 Prius
1002 459 1263 529 credidit,
1296 464 1361 515 ut
1385 461 1544 532 loqui
1574 464 1783 533 posset.

535 553 622 606 68.
666 552 899 607 Factum
938 556 1021 607 est
1057 556 1252 607 autem
1289 555 1551 623 verbum,
1593 558 1655 609 ut
1692 558 1919 609 sanctus
1952 557 2094 624 Bap-

463 645 596 700 tista
651 646 900 701 Joannes
968 646 1363 716 paenitentiam
1428 649 1787 719 prmdicaret.
1846 650 1915 703 Et
1964 649 2096 704 ideo

460 739 720 811 plerique
761 742 954 794 sancto
993 741 1197 795 Joauni
1235 747 1437 813 typum
1474 743 1620 814 legis
1648 743 1984 814 imponunt;
2026 759 2094 798 eo

464 833 617 905 quod
652 833 741 887 lex
779 836 1081 904 peccatum
1122 835 1465 890 denuntiare
1501 836 1705 907 potuit,
1733 837 1943 891 donare
1980 854 2096 892 non

462 925 665 999 potuit.
696 927 812 981 Lex
842 926 998 981 enim
1023 944 1497 1004 unumquemque
1523 930 1617 1001 qui
1650 929 1801 984 viam
1836 931 2095 1001 gentium

463 1006 825 1091 sequebatur,
857 1025 1087 1076 revocat
1113 1023 1181 1076 ab
1212 1039 1428 1092 errore,
1452 1023 1743 1094 restringit
1766 1040 1796 1078 a
1825 1024 2092 1093 crimine;

463 1115 858 1185 paenitentiam
886 1116 1104 1183 suadet,
1136 1121 1195 1171 ut
1222 1116 1464 1186 gratiam
1496 1120 1891 1188 consequatur.
1925 1138 1953 1167 «
1983 1118 2094 1172 Lex

462 1208 700 1280 (autem)
758 1212 815 1263 et
868 1210 1161 1280 Propheta
1219 1226 1392 1282 usque
1450 1210 1524 1265 ad
1582 1212 1860 1267 Joannem
1915 1211 2091 1282 (Luc.,

462 1316 576 1371 xvr,
628 1304 744 1372 l6);
787 1322 814 1354 ››
863 1304 1101 1357 Joannes
1146 1319 1277 1357 vero
1324 1305 1682 1375 praenuntius
1727 1304 1954 1361 Christi.
2010 1308 2096 1361 Ita

464 1395 554 1451 lex
594 1399 651 1450 et
679 1396 939 1451 Ecclesiae
974 1397 1294 1468 praenuntia
1331 1398 1459 1467 (10),
1494 1401 1553 1452 et
1582 1397 1783 1469 gratias
1812 1398 2092 1469 paeniten-

464 1490 548 1544 tia
605 1492 705 1543 est.
770 1491 919 1543 Bene
980 1490 1170 1560 itaque
1227 1495 1454 1546 sanctus
1517 1492 1691 1547 Lucas
1757 1492 2096 1564 compendio

464 1598 600 1638 usus
629 1585 733 1649 est,
766 1587 827 1637 ut
855 1584 1131 1638 Joannem
1161 1583 1482 1639 declararet
1516 1586 1876 1657 prophetam,
1903 1585 2095 1641 dicens

463 1676 679 1731 factum
717 1693 840 1731 esse
882 1694 1053 1748 super
1087 1693 1219 1733 eum
1251 1678 1485 1733 verbum
1515 1679 1746 1734 Domini
1781 1696 1795 1734 :
1827 1679 1942 1734 alia
1976 1696 2095 1734 non

2203 465 2321 516 tam
2359 463 2597 533 plenum
2634 462 2705 517 ad
2739 461 2882 517 vatis
2911 462 3283 534 mysterium?
3318 464 3452 518 Nam
3484 481 3584 536 quo
3611 471 3763 540 magis

2195 555 2267 610 ad
2303 555 2554 611 fructum
2590 556 2839 624 inutiles,
2880 555 2956 610 ad
2994 572 3164 611 usum
3200 555 3400 611 laboris
3439 558 3627 614 inertes
3654 561 3764 633 (12),

2197 648 2270 703 ad
2315 653 2530 705 tactum
2565 649 2815 720 fugaces,
2858 665 3019 721 vage
3058 650 3224 720 saltu,
3263 665 3358 704 ore
3401 651 3625 708 stridulae
3659 665 3767 711 sunt

2198 744 2454 811 locustae,
2482 758 2549 798 eo
2587 743 3011 798 convenientius
3045 743 3135 798 his
3168 743 3361 814 populi
3385 742 3556 814 ﬁgura
3578 749 3769 817 gentilis

2194 840 2450 907 aptatur,
2505 837 2604 908 qui
2654 837 2812 891 nullo
2861 853 2970 892 usu
3016 836 3239 904 laboris,
3289 836 3439 892 nullo
3489 839 3657 909 operis
3698 844 3769 897 sui

2195 930 2404 999 fructu,
2456 930 2580 984 sine
2637 931 2931 1001 gravitate,
2988 930 3110 985 sine
3155 946 3289 985 voce
3329 947 3523 986 sonum
3563 935 3772 1003 querella

2197 1024 2406 1093 ederet,
2438 1023 2675 1078 verbum
2710 1024 2839 1079 vitae
2880 1024 3196 1095 ignoraret.
3231 1024 3329 1078 Hic
3366 1023 3531 1094 igitur
3564 1028 3772 1097 pOpulus

2195 1116 2355 1171 cibus
2398 1122 2483 1171 est
2522 1118 2966 1187 prophetarum;
3012 1133 3146 1172 nam
3181 1134 3293 1189 quo
3334 1133 3594 1173 numerus
3619 1121 3776 1191 major

2194 1210 2392 1281 populi
2414 1215 2813 1282 congregatur,
2848 1228 2914 1264 eo
2942 1210 3167 1266 uberior
3192 1211 3503 1282 prophetici
3532 1211 3635 1266 oris
3658 1229 3774 1269 usus

2194 1310 2451 1374 augetur.
2502 1304 2761 1359 Ecclesiae
2808 1320 3038 1376 quoque
3086 1305 3272 1375 gratia
3317 1304 3692 1377 praeﬁguratur
3729 1308 3776 1362 in

2196 1396 2367 1453 melle
2418 1396 2682 1467 silvestri,
2734 1414 2848 1452 non
2899 1398 3049 1453 intra
3093 1397 3398 1453 alvearium
3447 1399 3584 1469 legis
3624 1398 3780 1470 plebis

2194 1490 2442 1546 Iudaicae
2467 1492 2588 1547 fetu
2622 1496 2872 1561 reperta,
2906 1491 3007 1546 sed
3043 1491 3103 1546 in
3137 1490 3376 1563 campis,
3405 1496 3459 1546 et
3489 1492 3628 1547 foliis
3654 1492 3781 1547 silvas

2197 1584 2497 1655 gentilium
2559 1600 2753 1639 errore
2812 1584 3015 1639 diffusa
3042 1627 3055 1653 ,
3115 1586 3279 1655 juxta
3334 1586 3483 1657 quod
3543 1585 3781 1657 scriptum

2197 1681 2282 1732 est
2339 1694 2352 1732 :
2418 1699 2446 1729 ‹‹
2504 1679 2828 1734 Invenimus
2885 1694 3009 1734 eam
3064 1678 3124 1733 in
3191 1679 3406 1750 campis
3456 1678 3596 1734 silvia
3644 1679 3781 1749 (Psal.

467 1770 737 1839 adderet;
771 1771 958 1825 nullus
1003 1771 1159 1825 enim
1202 1776 1333 1842 eget
1381 1772 1588 1827 indicio
1631 1773 1738 1840 sui,
1784 1773 1880 1844 qui
1923 1748 2376 1840 verbochxXI,
2405 1775 2477 1841 6).
2512 1794 2539 1822 ››

466 1864 565 1919 Dei
616 1863 887 1919 abundat.
942 1865 1133 1919 Unum
1184 1865 1381 1937 itaque
1434 1866 1595 1933 dixit,
1648 1871 1705 1921 et
1755 1866 1948 1922 omnia
1995 1867 2095 1924 de-

467 1957 714 2013 claravit.

539 2054 625 2106 69.
664 2053 737 2106 At
766 2068 901 2107 vero
935 2055 1163 2107 sanctus
1201 2054 1499 2109 Matthaeus
1529 2058 1586 2109 et
1621 2055 1835 2110 Marcus
1868 2056 2093 2126 vestitu,

467 2150 523 2199 et
542 2145 749 2215 cinctu,
773 2150 830 2200 et
854 2146 977 2200 cibo
996 2147 1346 2218 Prophetam
1365 2148 1655 2203 declarare
1676 2149 2000 2215 voluerunt;
2030 2165 2095 2203 eo

467 2239 619 2309 quod
648 2239 913 2294 vestitum
939 2240 1008 2294 de
1046 2240 1174 2311 pilis
1203 2241 1555 2296 camelorum
1589 2240 1806 2309 habuit,
1838 2241 2095 2315 1304

469 2335 526 2385 et
572 2349 775 2387 zonam
818 2333 1114 2403 pelliceam
1168 2350 1338 2404 super
1382 2335 1608 2390 lumbos
1652 2351 1815 2401 suos;
1859 2337 2096 2390 locustas

468 2427 679 2493 autem,
708 2429 766 2480 et
789 2428 901 2482 mel
930 2427 1182 2482 silvestre
1208 2428 1409 2482 edebat
1435 2429 1677 2497 (Matth.,
1706 2445 1782 2498 Ill,
1808 2430 1866 2495 4;
1898 2432 2093 2497 Marc.,

465 2537 502 2585 Ι,
544 2518 618 2591 6).
650 2520 1014 2575 Praenuntius
1053 2521 1210 2575 enim
1249 2521 1454 2576 Christi
1490 2538 1604 2575 non
1640 2522 1959 2592 patiebatur
1985 2523 2093 2577 im-

464 2613 811 2668 mundarum
838 2615 1031 2686 perire
1067 2614 1298 2669 exuvias
1338 2614 1680 2685 bestiarum;
1708 2616 1832 2687 ipso
1871 2633 2097 2688 quoque

464 2706 696 2762 vestitus
732 2707 939 2762 indicio
966 2708 1269 2779 designans
1303 2708 1590 2765 Christum
1625 2725 1743 2765 esse
1769 2715 2093 2780 venturum,

464 2802 562 2872 qui
617 2802 885 2869 belluina,
942 2802 1245 2874 illuvieque
1298 2808 1560 2859 contexta
1616 2820 1717 2875 pro
1770 2808 2096 2859 nostrorum

465 2894 575 2965 (il)
612 2895 970 2951 deformitate
1011 2896 1380 2965 meritorum,
1416 2896 1744 2968 gentilitatis
1780 2896 2097 2952 immunda:

461 2996 688 3061 peccata
741 2988 1065 3060 suscipiens,
1116 2990 1173 3043 in
1225 2990 1319 3044 illo
1368 2993 1584 3061 tropaeo
1634 2991 1836 3060 crucis,
1886 2991 2096 3046 amictu

464 3083 709 3153 quodam
738 3098 796 3136 se
822 3085 1031 3136 nostra:
1060 3083 1248 3137 carnis
1279 3089 1535 3138 exueret.

534 3178 621 3230 70.
659 3174 803 3238 Quid
845 3179 1037 3229 autem
1080 3174 1187 3229 sibi
1224 3176 1342 3230 vult
1372 3176 1588 3232 cinctus
1616 3193 1774 3232 τοι]ιέ
1819 3177 2093 3248 pelliceae,

462 3269 570 3323 nisi
600 3268 751 3339 quod
781 3284 910 3323 caro
943 3268 1050 3322 ista
1074 3285 1202 3340 quae
1229 3273 1481 3324 mentem
1512 3269 1669 3341 prius
1699 3286 1935 3341 gravare
1960 3287 2092 3326 con-

464 3364 737 3429 sueverat,
782 3378 850 3416 ea
904 3363 1032 3432 post
1073 3362 1380 3417 adventum
1427 3363 1655 3419 Domini
1701 3379 1815 3418 non
1864 3364 2097 3436 impedi-

464 3460 659 3509 mento
703 3455 873 3526 coepit
907 3471 1049 3525 esse,
1093 3456 1191 3511 sed
1221 3456 1493 3527 cingulo?
1532 3456 1752 3513 Scilicet
1789 3457 1949 3527 juxta
1989 3460 2091 3512 Da-

460 3546 599 3602 vid:
637 3568 665 3597 «
706 3549 765 3602 In
815 3548 1149 3604 salicibus...
1196 3565 1419 3620 organa.
1462 3554 1656 3605 nostra
1700 3551 2096 3623 suspendimus

462 3641 625 3711 (Psal.
674 3657 885 3711 cxxxv1,
934 3642 1011 3713 2);
1062 3662 1090 3691 ››
1132 3648 1189 3699 et
1225 3643 1392 3714 juxta
1435 3645 1764 3715 Apostolum
1811 3644 2092 3716 (Philipp,

460 3751 537 3803 Ill,
568 3736 621 3807 3)
654 3735 1061 3791 conﬁdentiam
1094 3752 1212 3791 non
1245 3736 1527 3792 habemus
1557 3738 1616 3792 in
1650 3754 1841 3807 carne,
1870 3744 1925 3794 et
1961 3756 2092 3794 con-

457 3829 751 3884 fidentiam
796 3829 1070 3885 habemus
1120 3829 1177 3884 in
1222 3847 1457 3902 corpore
1499 3850 1514 3887 :
1556 3848 1672 3887 non
1718 3833 1999 3888 habemus
2037 3833 2095 3889 in

457 3912 862 3994 voluptatibus,
904 3924 1179 3979 habemus
1218 3924 1278 3979 in
1315 3926 1699 3996 passionibus;
1731 3926 2000 3998 quoniam
2032 3929 2094 3982 in

458 4015 657 4086 spiritu
695 4016 917 4071 fervens
957 4017 1147 4087 vigeat
1193 4018 1446 4087 aﬁ'ectus,
1490 4025 1545 4073 et
1587 4019 1659 4073 ad
1703 4035 1874 4075 omne
1917 4020 2094 4076 accin-

459 4124 666 4179 gamur
705 4109 1042 4180 obsequium
1083 4111 1396 4166 caelestium
1444 4116 1887 4184 praeceptorum,
1932 4114 2096 4170 devo-

458 4200 613 4257 tione
676 4201 880 4257 mentis
961 4203 1200 4274 intenti,
1265 4210 1433 4276 atque
1501 4212 1779 4276 apparatu
1844 4208 2095 4278 corporis

461 4295 735 4367 expediti.

527 4393 617 4445 7i.
652 4390 821 4446 Cibus
848 4408 1079 4465 quoque
1114 4393 1482 4465 propheticus
1510 4394 1683 4449 index
1721 4394 1912 4462 ofﬁcii,
1942 4412 2092 4449 nun-

2268 1870 2356 1921 72.
2394 1867 2463 1920 Et
2500 1865 2592 1921 hic
2631 1866 2861 1938 quidem
2904 1867 3020 1921 mel
3054 1866 3305 1921 silvestre
3346 1866 3557 1933 edebat,
3594 1882 3785 1921 annun-

2196 1959 2347 2014 tians
2367 1959 2607 2032 populos
2628 1960 2696 2014 de
2722 1965 2904 2031 petra:
2927 1959 3096 2015 melle
3119 1960 3470 2026 saturandos,
3492 1958 3627 2014 sicut
3646 1960 3790 2031 scrip-

2196 2054 2321 2108 tum
2360 2058 2444 2108 est
2473 2069 2487 2107 :
2520 2074 2550 2103 «
2588 2054 2657 2107 Et
2694 2053 2763 2108 de
2796 2056 2959 2124 petra
2995 2053 3181 2107 mellis
3208 2052 3482 2108 saturavit
3520 2068 3612 2108 eos
3643 2052 3787 2123 (Psal.

2196 2162 2357 2213 Lxxx,
2398 2146 2506 2217 l7).
2539 2168 2567 2196 »
2611 2146 2702 2201 Sic
2741 2147 2913 2201 etiam
2955 2146 3136 2201 Eliam
3177 2146 3329 2202 corvi
3364 2146 3486 2202 cibo
3520 2146 3789 2201 advectitio

2199 2240 2330 2310 (t3),
2376 2246 2432 2293 et
2470 2238 2746 2295 lucrativo
2787 2242 2923 2311 potu
2966 2239 3114 2295 inter
3153 2240 3379 2296 deserta
3414 2245 3677 2311 paverunt
3716 2239 3789 2310 (lll

2195 2337 2347 2404 Reg.,
2388 2348 2517 2401 xvn,
2565 2332 2650 2405 6);
2694 2337 2760 2387 ut
2805 2333 3015 2388 indicio
3062 2334 3214 2389 foret
3258 2334 3496 2406 populos
3531 2334 3791 2387 nationum

2196 2430 2343 2482 tetro
2382 2427 2701 2498 squalentes
2738 2427 2927 2483 colore
2956 2428 3324 2496 meritorum,
3352 2428 3450 2499 qui
3476 2432 3600 2482 ante
3632 2426 3790 2480 cibum

2195 2519 2401 2575 faetidis
2429 2519 2489 2574 in
2521 2520 2885 2575 cadaveribus
2919 2520 3310 2592 requirebant,
3346 2537 3494 2575 nunc
3531 2520 3597 2574 de
3628 2536 3682 2573 se
3709 2519 3789 2573 ad-

2195 2613 2484 2669 vectitiam
2530 2614 2825 2685 prophetis
2872 2614 3208 2669 alimoniam
3260 2614 3609 2686 praebituros.
3654 2610 3795 2669 Cibus

2197 2708 2353 2762 enim
2391 2708 2829 2779 prophetarum,
2860 2707 3073 2762 divinae
3111 2708 3424 2763 voluntatis
3459 2707 3676 2762 effectus
3707 2709 3791 2771 est,

2196 2802 2341 2856 sicut
2375 2801 2495 2872 ipse
2529 2801 2800 2856 Dominus
2833 2801 3138 2855 declaravit
3166 2801 3362 2857 dicens
3391 2819 3404 2856 :
3436 2823 3463 2851 «
3492 2802 3638 2857 Meus
3664 2798 3795 2853 cibus

2196 2899 2299 2965 est,
2332 2900 2397 2949 ut
2420 2894 2626 2950 faciam
2658 2895 3011 2950 voluntatem
3037 2895 3159 2966 ejus
3190 2897 3293 2967 qui
3323 2912 3417 2951 me
3453 2895 3595 2950 misit
3618 2894 3793 2964 (locus

2197 3004 2272 3057 ιν,
2303 2989 2413 3055 34).
2442 3010 2470 3037 ››

2270 3083 2442 3150 (Vere.
2476 3082 2554 3152 4.)
2590 3084 2708 3137 γοα)
2736 3083 3025 3137 clamantis
3054 3083 3115 3137 in
3141 3082 3373 3138 deserto.

2270 3178 2355 3229 73.
2397 3175 2549 3230 Bene
2594 3190 2697 3229 vox
2738 3175 2947 3230 dicitur
2981 3178 3224 3232 Joannes
3253 3175 3425 3231 Verbi
3456 3174 3793 3247 praenuntius.

2196 3270 2335 3323 Nam
2371 3269 2753 3340 interrogatus
2783 3269 2905 3339 ipse
2932 3271 3180 3325 Joannes
3208 3289 3223 3325 :
3263 3292 3291 3320 ι(
3322 3270 3469 3335 Quid
3507 3268 3638 3322 dicis
3661 3268 3721 3322 de
3753 3273 3795 3321 te

2194 3362 2317 3433 ipso
2335 3355 2422 3417 ἰν»
2453 3362 2532 3416 ait
2561 3380 2574 3416 :
2608 3383 2635 3410 ‹‹
2666 3363 2783 3433 Ego
2810 3380 2917 3418 vox
2944 3363 3248 3419 clamantis
3287 3365 3345 3418 in
3375 3366 3595 3420 deserto
3621 3366 3793 3433 (Icum,

2194 3459 2342 3525 1,22,
2365 3458 2474 3526 23).
2502 3478 2532 3505 »
2556 3455 2605 3527 1
2621 3454 2813 3529 305
2838 3458 2905 3511 Et
2931 3457 3058 3512 ideo
3077 3458 3155 3512 ait
3178 3475 3191 3512 :
3220 3481 3249 3508 ‹‹
3271 3459 3378 3523 Qui
3396 3464 3521 3531 post
3539 3474 3628 3512 me
3644 3454 3794 3519 venit,

2194 3553 2329 3604 ante
2364 3566 2455 3604 me
2498 3551 2679 3604 factus
2709 3555 2793 3605 est
2829 3551 3018 3622 (lbid.,
3050 3552 3157 3623 30);
3198 3574 3226 3602 »
3264 3553 3402 3624 quia
3436 3569 3538 3607 vox
3566 3548 3799 3623 praecedit

2194 3642 2454 3717 inferior,
2498 3643 2735 3698 verbum
2776 3644 3053 3715 sequitur,
3095 3646 3252 3716 quod
3282 3645 3572 3717 praecellit.
3600 3644 3719 3698 Ideo
3753 3645 3797 3694 et

2197 3754 2230 3791 a
2255 3738 2470 3792 Joanne
2508 3736 2782 3808 baptizari
2822 3737 3026 3804 voluit;
3067 3738 3205 3809 quia
3246 3739 3307 3793 in
3339 3738 3661 3794 hominibus
3694 3750 3794 3788 ver-

2194 3830 2334 3885 bum
2377 3832 2741 3885 consecratur
2784 3839 2940 3885 voce'
2966 3831 3233 3885 doctoris.
3284 3832 3417 3887 Ideo
3467 3832 3688 3886 fortasse
3724 3828 3799 3881 Za-

2196 3924 2418 3978 charias
2443 3939 2640 3978 vocem
2671 3924 2906 3994 recepit,
2934 3923 3065 3995 quia
3092 3940 3293 3980 vocem
3322 3928 3540 3980 locutus
3566 3926 3661 3979 est.

2268 4016 2448 4087 (Vers.
2500 4022 2551 4085 7,
2598 4018 2672 4087 8.)
2720 4018 3003 4073 Generatio
3053 4021 3390 4088 viperarum,
3431 4021 3551 4089 quis
3600 4013 3801 4071 ostendit

2195 4112 2345 4168 vobis
2396 4116 2586 4181 fugere
2650 4128 2682 4163 ιι
2737 4117 2967 4166 ventura
3022 4114 3157 4166 ira?
3203 4116 3390 4168 Facite
3441 4128 3561 4180 ergo
3617 4113 3801 4177 fructus

2194 4206 2387 4275 dignos
2439 4207 2793 4275 paenitentia.
2847 4206 2919 4259 Et
2970 4220 3036 4260 ne
3084 4208 3352 4276 ceperitis
3395 4207 3567 4261 dicere
3610 4223 3625 4258 :
3665 4204 3801 4257 Pater

2192 4306 2374 4353 noster
2416 4304 2493 4353 est
2536 4298 2834 4353 Abraham.
2882 4300 3008 4354 Dico
3051 4306 3234 4354 autem
3276 4301 3445 4363 vobis,
3482 4301 3613 4370 quia
3639 4299 3798 4367 potens

2194 4397 2269 4447 est
2299 4394 2431 4447 Deus
2457 4391 2522 4446 de
2554 4391 2831 4461 lapidibus
2860 4393 2980 4447 istis
3006 4394 3269 4447 suscitare
3296 4395 3437 4462 ﬁlios
3465 4391 3707 4447 Abrahae.

457 4484 683 4557 tiusque
723 4485 978 4557 mysterii
1018 4490 1121 4541 cst.
1167 4487 1310 4551 Quid
1357 4487 1511 4543 enim
1562 4493 1678 4543 tam
1725 4488 1974 4544 otiosum
2018 4489 2169 4562 adD
2262 4486 2351 4540 74.
2388 4484 2567 4556 Argui
2597 4483 2830 4555 quidem
2865 4484 3087 4540 videtur
3125 4485 3344 4541 malitia
3383 4486 3714 4547 Judazorum,
3741 4494 3796 4533 eo

518 4659 613 4723 (10)
643 4659 719 4708 Ita
750 4664 857 4710 vet.
890 4660 1020 4711 edit.
1050 4675 1179 4712 cum
1204 4662 1485 4726 plerisque
1517 4666 1681 4727 atque
1707 4664 1930 4727 optimis
1954 4676 2088 4714 mss.

457 4730 530 4780 Et
576 4735 726 4781 recta
769 4736 853 4782 est
896 4745 963 4783 ea
1004 4732 1202 4791 lectio;
1246 4732 1389 4782 nihil
1434 4733 1581 4783 enim
1620 4748 1686 4784 ea
1724 4734 2090 4798 signiﬁcatur,

456 4802 563 4852 nisi
588 4803 765 4865 legem
793 4803 957 4865 cujus
982 4807 1148 4867 typus
1186 4808 1302 4853 erat
1335 4805 1597 4863 Joannes,
1628 4805 1893 4871 Ecclesiae
1933 4806 2091 4870 quasi

455 4874 602 4923 viam
628 4885 849 4937 parasse
879 4889 890 4923 :
927 4878 981 4925 et
1025 4876 1411 4938 pcenitentiam
1454 4889 1623 4939 quam
1660 4875 1807 4926 idem
1849 4877 2093 4927 Joannes

454 4944 810 5009 praedicabat,
860 4944 930 4995 ad
979 4945 1213 5009 gratiam
1261 4945 1475 4995 aditum
1516 4946 1818 5009 aperuisse.
1860 4946 1923 4996 In
1973 4948 2095 5011 qui-

456 5016 690 5068 busdam
751 5020 935 5067 tamen
987 5016 1108 5067 cod.
1156 5016 1316 5067 deest
1355 5030 1479 5079 vox,
1522 5018 1837 5081 paenitentia
1879 5034 1896 5067 :
1940 5023 1994 5068 et
2034 5020 2091 5069 in

456 5089 579 5139 aliis
617 5088 776 5139 locus
816 5089 1019 5153 legitur
1056 5088 1113 5138 in
1159 5088 1283 5138 haec
1326 5088 1494 5138 verba
1541 5105 1551 5137 :
1598 5089 1680 5138 Ita
1723 5088 1807 5139 (ea;
1855 5088 2096 5140 Ecclesiae

452 5162 781 5225 praenuntiat
823 5161 1059 5225 gratiam
1111 5161 1445 5224 pmnitentize.
1504 5161 1661 5211 Rom.
1717 5165 1905 5211 autem
1964 5161 2092 5212 edit.

458 5234 541 5283 sic
574 5233 828 5295 mutavit,
852 5233 1038 5297 Itaque
1066 5231 1151 5283 (ea;
1183 5229 1421 5282 Ecclesiae
1457 5233 1779 5297 praenuntia,
1821 5238 1867 5282 et
1906 5232 2097 5297 gratiae

496 5305 658 5353 racia
683 5309 774 5355 est.

456 5317 793 5435 p'fiiiaaeciii.
838 5387 1050 5440 omges,
1094 5374 1191 5440 qui
1229 5372 1475 5424 belluim’s
1517 5372 1771 5433 induviis,
1810 5386 1926 5436 qua
1975 5387 2098 5423 con-

460 5449 607 5494 textae
651 5451 775 5495 sunt
816 5444 1141 5503 nosfrorum,
1188 5448 1289 5496 etc.
1341 5444 1544 5496 Contra
1592 5457 1720 5494 vero
1767 5457 1900 5495 mss.
1948 5445 2099 5495 Vati-

456 5516 581 5565 cani
626 5515 1015 5581 Gallicanique
1054 5530 1257 5581 magno
1300 5529 1584 5568 consensu
1630 5515 1930 5566 lectionem
1973 5528 2099 5566 nos-

462 5590 599 5635 tram
638 5586 946 5649 stabiliunt,
988 5588 1095 5638 nisi
1135 5587 1284 5652 quod
1332 5588 1388 5637 in
1430 5586 1767 5652 quibusdam
1807 5586 1967 5650 lapsu
2006 5600 2098 5638 ca-

459 5656 613 5719 lami,
653 5672 752 5721 pro
796 5658 1000 5717 illuvie,
1045 5660 1307 5711 scribitur
1350 5658 1615 5724 ingluvie;
1658 5659 1715 5709 in
1751 5671 1886 5719 uno,
1924 5660 2099 5720 sorde,

464 5727 765 5795 illuvieque.

523 5801 621 5866 (12)
667 5802 795 5854 Mss.
847 5815 960 5853 non
1007 5803 1172 5869 pauci
1225 5816 1331 5856 nec
1373 5803 1583 5855 inﬁma:
1620 5805 1791 5867 notua,
1834 5801 1907 5855 ad
1946 5814 2139 5872 usum.

2189 4661 2401 4718 inertes,
2448 4659 2653 4710 omissa
2696 4658 2961 4720 dictione,
3012 4658 3229 4711 laboris.
3282 4661 3392 4712 Hic
3432 4673 3593 4725 porro
3633 4657 3798 4707 doctor

2190 4736 2375 4782 noster
2420 4731 2677 4781 dissentit
2715 4731 2784 4781 ab
2823 4731 3086 4795 opinione
3140 4745 3336 4783 eorum
3392 4732 3597 4796 quibus
3641 4725 3797 4790 ἀκρίδες

2191 4818 2303 4854 non
2333 4804 2564 4854 locustae
2596 4807 2744 4864 sunt,
2782 4803 2881 4853 sed
2920 4803 3135 4853 fruticis
3174 4809 3271 4853 aut
3312 4805 3503 4855 herbae
3542 4798 3797 4867 cujusdam

2193 4889 2388 4941 genus,
2420 4876 2549 4935 imo,
2578 4875 2624 4924 si
2653 4875 2773 4925 Deo
2799 4874 2999 4937 placet,
3027 4875 3193 4925 etiam
3230 4876 3415 4939 pisces
3452 4864 3681 4927 delicati.
3707 4864 3795 4920 Sed

2193 4961 2322 4998 cum
2354 4946 2799 5009 Ambrosiopars
2824 4945 3001 4996 multo
3028 4946 3269 4995 maxima
3301 4947 3523 4996 Patrum
3549 4957 3611 4995 ac
3644 4943 3796 4991 inter-

2192 5020 2411 5082 prelum
2440 5017 2810 5067 consentiunt.
2846 5016 3041 5078 Neque
3067 5028 3200 5066 sane
3234 5016 3343 5066 alia
3388 5017 3575 5081 opinio
3612 5010 3797 5082 videtur

2195 5079 2418 5138 aliunde
2472 5086 2806 5148 introducta,
2855 5087 2963 5135 nisi
3015 5086 3165 5151 quod
3206 5079 3442 5139 locusta?
3492 5079 3794 5137 animalcula

2195 5173 2307 5210 non
2328 5158 2682 5209 crederentur
2710 5158 2830 5208 esui
2856 5170 3008 5218 esse;
3037 5171 3166 5208 cum
3197 5161 3383 5209 tamen
3427 5162 3601 5210 certos
3638 5163 3794 5220 popu-

2193 5231 2279 5281 los
2303 5229 2412 5279 illis
2439 5234 2495 5279 et
2523 5228 2656 5278 olim
2687 5229 2988 5290 victitasse,
3021 5234 3077 5279 et
3101 5230 3410 5281 etiamnum
3430 5230 3669 5280 victitem
3695 5233 3793 5287 pro-

2197 5301 2329 5352 dant
2382 5300 2646 5350 historici.
2700 5299 2824 5362 Qua
2872 5299 2941 5350 de
2989 5312 3047 5350 re
3094 5300 3229 5351 adiri
3277 5305 3513 5364 possunt
3563 5299 3792 5349 Erasmus

2196 5377 2365 5437 atque
2390 5373 2624 5423 Drusius
2648 5372 2705 5422 in
2729 5372 2882 5423 hunc
2905 5372 3110 5422 locum.

2263 5445 2357 5508 (i3)
2392 5442 2625 5495 Cuncta
2662 5443 2794 5495 edit.
2824 5457 2890 5495 ac
2922 5457 3056 5493 mss.
3081 5457 3206 5516 non
3238 5445 3429 5516 pauci,
3468 5442 3575 5494 cibo
3614 5437 3792 5516 adqu

2199 5516 2509 5587 titio.....gde
2531 5529 2585 5587 se
2607 5516 2969 5587 adventitiam.
2992 5514 3239 5587 Reliqui,
3271 5519 3328 5567 et
3355 5515 3524 5587 iidem
3553 5511 3790 5574 antiquis-
3834 5578 3841 5587 ο

2199 5587 2343 5649 simi,
2370 5584 2484 5637 cibo
2508 5586 2802 5647 adveclitio,
2833 5591 2939 5638 etc.
2973 5585 3135 5649 Quod
3164 5599 3295 5643 vero
3320 5583 3451 5638 edit.
3481 5584 3630 5634 Rom.
3658 5586 3790 5628 rese-

2200 5661 2350 5712 carat
2372 5664 2419 5709 et
2450 5658 2706 5710 lucrativo
2731 5663 2880 5723 potu,
2906 5659 2964 5709 in
2988 5658 3098 5712 hoc
3123 5658 3462 5723 refragantes
3490 5652 3650 5707 habet
3680 5658 3789 5699 om-

2199 5744 2301 5783 nes
2331 5734 2387 5784 et
2409 5743 2538 5781 mss.
2571 5732 2627 5781 et
2655 5732 2767 5783 aut.
2800 5729 2932 5782 edit.
