3972 6174
16 1338 119 5343 3

264 271 379 322 t66t

257 392 403 462 quod
441 392 597 446 vario
629 407 683 447 nt

254 503 357 551 sus,
390 492 447 540 et
480 489 683 540 terrena

254 580 395 634 rium
434 579 683 650 cognitio

252 679 335 727 tur
365 696 375 725 :
412 696 439 721 ‹‹
471 673 609 737 Quis
648 690 680 727 Ο

254 767 568 821 ostenditur
614 767 683 820 hi:

254 866 307 914 ut
349 864 561 930 gerant
598 877 683 916 sut

257 961 531 1009 terrorem
561 954 683 1025 judi

264 271 379 322 t66t

257 392 403 462 quod
441 392 597 446 vario
629 392 813 447 noxias
853 391 1062 447 mentis
1098 407 1338 459 veneno,
1370 391 1730 463 serpentinos
1760 392 1876 463 lap-
1901 402 1961 476 Α

254 503 357 551 sus,
390 492 447 540 et
480 489 709 541 terrena
743 486 968 553 cubilia,
1002 501 1115 542 non
1160 486 1365 541 divinae
1404 484 1637 555 aliquod
1668 490 1875 555 myste-

254 580 395 634 rium
434 579 778 650 cognitionis
811 585 1153 650 operentur;
1184 580 1283 634 sed
1324 584 1524 634 tamen
1563 595 1692 632 cum
1735 577 1875 632 dici-

252 679 335 727 tur
365 696 375 725 :
412 696 439 721 ‹‹
471 673 609 737 Quis
648 672 898 727 ostendit
925 672 1081 727 vobis
1116 667 1391 743 fugere‘a
1428 676 1664 726 ventura
1694 671 1815 726 ira?
1847 692 1874 719 ι)

254 767 568 821 ostenditur
614 767 702 820 his
750 767 849 822 Dei
895 766 1260 821 miseratione
1304 765 1493 821 infusa
1537 764 1874 836 prudentia,

254 866 307 914 ut
349 864 561 930 gerant
598 877 833 916 suorum
874 860 1267 931 paenitentiam
1309 860 1663 926 delictorum,
1702 859 1877 914 futuri

257 961 531 1009 terrorem
561 954 762 1025 judicii
802 954 1040 1025 provida
1079 953 1374 1009 devotione
1408 957 1750 1008 metuentes.
1795 954 1876 1008 Ad

256 1050 677 1119 generationem
706 1064 865 1119 ergo,
892 1065 1011 1103 non
1039 1049 1110 1102 ad
1142 1048 1550 1103 successionem
1582 1047 1879 1102 referenda

255 1147 330 1195 est
366 1141 716 1213 comparatio
752 1142 1099 1212 viperarum.
1136 1144 1244 1196 Aut.
1276 1141 1511 1195 fortasse
1535 1140 1696 1210 juxta
1725 1140 1879 1210 quod

258 1235 523 1306 scripturn
570 1241 656 1289 est
692 1252 705 1288 :
752 1256 781 1283 ‹‹
825 1236 1016 1289 Estote
1059 1235 1368 1305 prudentes
1410 1235 1555 1289 sicut
1592 1236 1878 1305 serpentes

257 1329 488 1395 (Μαιιήη
535 1346 593 1395 x,
636 1330 741 1397 16),
788 1347 814 1379 ι)
855 1329 1235 1383 ostenduntur
1263 1328 1475 1383 habere
1512 1328 1879 1399 prudentiam

259 1423 588 1485 naturalem,
617 1422 715 1493 qui
750 1421 1050 1492 profutura
1077 1421 1325 1489 videant,
1359 1426 1414 1476 et
1442 1427 1646 1492 sponte
1673 1422 1876 1493 depos-

263 1518 399 1581 cant,
426 1516 521 1570 sed
553 1515 737 1570 adhuc
768 1516 940 1570 noxia
971 1531 1089 1570 non
1114 1515 1460 1585 relinquant.

327 1614 408 1662 75.
459 1611 525 1662 Et
572 1609 701 1663 ideo
754 1609 1140 1663 admonentur
1181 1608 1500 1663 claritatem
1540 1608 1647 1663 sibi
1697 1609 1882 1679 magis

271 1703 452 1772 operis,
490 1718 663 1773 quam
705 1701 1065 1757 nobilitatem
1107 1701 1331 1772 generis
1371 1701 1691 1756 vindicare:
1727 1702 1880 1772 quod

273 1798 411 1850 nulla
441 1797 497 1849 in
528 1795 880 1851 successione
908 1795 1284 1867 praerogativa
1316 1795 1406 1862 sit,
1443 1795 1549 1849 nisi
1581 1794 1716 1850 ﬁdei
1754 1796 1881 1850 asti-
1901 1771 1957 1842 Β

276 1890 480 1960 puletur
509 1889 834 1955 haereditas,
866 1904 1038 1960 quam
1070 1888 1172 1942 Dei
1198 1894 1341 1943 nutu
1371 1888 1444 1943 ad
1469 1890 1710 1959 populos
1738 1906 1878 1959 gen-

278 1984 435 2037 tilium
465 1982 940 2047 transferendam,
984 1998 1249 2036 sermone
1295 1982 1631 2052 prophetico
1678 1984 1881 2038 revela-

283 2076 361 2141 vit,
390 2076 571 2130 dicens
603 2098 614 2129 :
648 2079 843 2131 Potens
881 2081 955 2130 est
998 2078 1132 2130 Deus
1172 2076 1237 2130 de
1274 2076 1550 2145 lapidibus
1590 2076 1673 2131 his
1705 2080 1877 2132 susci-

284 2176 379 2223 tare
407 2170 538 2238 filios
577 2170 837 2223 Abrahw.
874 2171 1018 2224 Nam
1059 2168 1188 2223 licet
1230 2170 1376 2223 Deus
1420 2170 1598 2239 possit
1630 2170 1880 2224 diversas

277 2266 576 2317 convertere
600 2265 656 2316 et
677 2266 1031 2316 commutare
1063 2266 1319 2328 naturas,
1351 2264 1543 2316 tamen
1572 2263 1706 2333 quia
1734 2263 1877 2317 mihi

280 2357 385 2426 plus
410 2356 741 2427 mysterium
773 2372 946 2426 quam
980 2356 1315 2410 miraculum
1352 2356 1599 2426 prodest,
1633 2357 1692 2411 in
1733 2374 1876 2427 pra:-

279 2452 453 2504 nuutio
480 2449 690 2504 Christi
718 2449 862 2504 nihil
888 2450 1072 2519 magis
1100 2466 1271 2520 quam
1304 2449 1743 2504 aediﬁcationem
1778 2452 1877 2504 Ec-

276 2544 437 2598 clesia;
464 2544 641 2598 debeo
676 2543 961 2613 surgentis
997 2559 1336 2613 agnoscere;
1369 2560 1496 2615 quae
1533 2560 1647 2598 non
1688 2545 1882 2615 rupeis

277 2637 418 2704 saxis,
445 2636 540 2690 sed
574 2636 713 2690 vivis
752 2636 1035 2707 lapidibus
1064 2642 1370 2702 exstructa,
1404 2637 1462 2691 in
1492 2637 1877 2692 habitaculum

278 2730 360 2782 Dei
383 2734 434 2784 et
458 2731 753 2801 fastigium
784 2731 982 2801 templi
1013 2731 1371 2785 conversione
1400 2734 1727 2786 nostrorum
1754 2748 1878 2785 sur-

276 2823 396 2876 rexit
441 2825 782 2879 animorum.
836 2824 1058 2879 Etenim
1114 2824 1355 2894 parabat
1407 2825 1550 2878 Deus
1602 2825 1879 2879 mentium

274 2922 569 2972 nostrarum
611 2918 760 2972 dura
801 2917 1045 2983 mollire,
1097 2921 1155 2972 et
1188 2918 1257 2972 de
1301 2918 1584 2989 lapidibus
1629 2918 1882 2973 offensio-

271 3009 346 3062 nis
384 3011 623 3066 excitare
667 3012 913 3066 cultores
967 3011 1278 3082 religionis.
1328 3011 1474 3075 Quid
1520 3010 1675 3067 enim
1726 3012 1883 3066 aliud

1360 266 1822 323 EXPOSITIONIS
1862 267 1930 321 IN
1972 267 2196 322 LUCAM
2237 265 2364 320 LIB.
2406 265 2471 317 Il.

3468 262 3488 312 1
3500 261 3603 316 662

2052 391 2227 457 (Vers.
2275 388 2354 459 9.)
2396 389 2537 456 Quid
2574 387 2699 456 jam
2744 386 2940 441 securis
2993 385 3066 437 ad
3104 384 3314 439 radices
3349 384 3604 439 arborum

1974 487 2156 555 posita
2185 489 2283 538 est.
2968 522 2973 529 .

2049 582 2135 632 76.
2187 576 2447 647 Exempli
2499 579 2695 630 autem
2741 572 2873 627 ideo
2920 572 3066 627 facta
3111 568 3349 624 mutatio
3397 576 3498 637 est,
3544 576 3607 625 ut

1977 671 2072 726 illo
2124 668 2569 741 comparationis
2633 682 2901 738 processu
2964 664 3201 736 quidam
3255 662 3607 734 intelligatur

1978 766 2222 821 hominis
2265 762 2607 817 clementior
2641 762 2764 831 jam
2805 760 3107 831 profectus.
3160 759 3302 812 Nam
3350 756 3430 811 illi
3471 760 3605 810 ante

1979 859 2258 914 deformes
2298 858 2367 911 ad
2408 872 2593 923 usum,
2644 853 2782 909 nudi
2825 853 2897 908 ad
2946 856 3232 919 ornatum,
3280 849 3497 905 steriles
3535 848 3605 902 ad

1978 954 2245 1018 fructum,
2285 949 2698 1004 irrationabiles
2728 948 2801 1002 ad
2832 946 3171 1018 profectum,
3197 945 3319 1015 jam
3350 943 3410 997 in
3439 942 3602 997 arbo-

1980 1062 2106 1100 rum
2150 1045 2399 1116 speciem
2444 1043 2789 1113 tigurantur,
2833 1056 2961 1112 qua:
3004 1036 3319 1093 rationabili
3362 1036 3606 1107 quodam

1978 1143 2199 1194 naturae
2234 1153 2475 1192 munere
2516 1136 2738 1191 decorae
2775 1135 2846 1188 ad
2878 1149 3066 1200 usum,
3100 1132 3170 1186 ad
3196 1135 3487 1202 aspectum
3514 1145 3605 1184 ve-

1979 1236 2183 1298 nustua,
2224 1232 2297 1286 ad
2344 1231 2594 1285 fructum
2642 1228 2873 1299 opimae,
2920 1230 3163 1297 surgunt
3201 1222 3607 1291 cacuminibus,

1977 1326 2297 1382 funduntur
2334 1324 2599 1388 brachiis,
2641 1322 2937 1392 replentur
2973 1318 3268 1384 fructibus,
3313 1316 3610 1371 frondibus

1978 1420 2314 1475 vestiuntur.
2362 1422 2543 1489 Atque
2589 1415 2805 1471 utinam
2851 1430 2954 1469 nos
3011 1413 3389 1467 fecundarum
3444 1426 3607 1464 usum

1980 1515 2254 1569 arborum
2318 1512 2601 1583 possimus
2656 1509 2906 1576 imitari,
2962 1507 3294 1577 meritisque
3350 1521 3605 1559 crescen-

1980 1608 2132 1663 tibus
2183 1608 2457 1677 longeevze
2513 1604 2857 1659 humilitatis
2906 1602 3091 1656 radice
3145 1598 3391 1665 fundati,
3442 1597 3610 1651 subli-

1983 1718 2106 1756 mes
2140 1701 2210 1755 ab
2248 1701 2450 1767 humo,
2485 1697 2673 1752 decori
2714 1697 2787 1750 ad
2824 1695 3072 1767 speciem
3104 1693 3324 1748 adultos
3362 1692 3610 1745 fructuo-
3685 1761 3691 1767 ι

1980 1811 2171 1850 sorum
2225 1809 2464 1865 operum
2507 1791 2747 1846 vertices
2795 1790 3114 1860 erigamus,
3159 1803 3231 1840 ne
3280 1784 3608 1856 evangelica

1981 1888 2190 1944 securis
2228 1888 2490 1958 agricolas
2528 1885 2715 1939 trunci
2756 1882 3005 1938 radicem
3052 1879 3317 1935 silvestris
3361 1877 3605 1933 excidat.

1986 2005 2013 2031 ‹‹
2044 1985 2136 2037 Vae
2170 1982 2324 2036 enim
2354 1980 2496 2034 mihi
2528 1985 2629 2045 est,
2668 1979 2712 2032 si
2746 1994 2863 2031 non
2903 1974 3360 2047 evangelizavero
3390 1972 3432 2041 (Ι
3465 1974 3608 2033 Cor.,

1980 2094 2053 2143 1x,
2092 2078 2196 2145 l6).
2231 2098 2258 2125 ››
2299 2074 2407 2129 Sed
2440 2090 2546 2128 vox
2578 2074 2682 2127 ista
2716 2070 3025 2142 apostolica
3061 2075 3163 2123 est.
3200 2069 3291 2121 Vae
3322 2065 3466 2120 mihi
3504 2069 3609 2131 est,

1982 2171 2027 2225 si
2060 2188 2169 2223 non
2198 2174 2429 2239 peccata
2451 2167 2765 2231 deilevero;
2792 2181 2875 2218 va:
2903 2162 3041 2218 mihi
3071 2164 3175 2229 est,
3204 2160 3251 2214 si
3277 2176 3391 2214 non
3422 2158 3615 2213 media

1983 2268 2151 2318 nocte
2183 2278 2481 2317 surrexere
2519 2260 2591 2313 ad
2628 2257 3019 2314 conﬁtendum
3058 2256 3189 2321 tibi;
3221 2270 3305 2307 ναξ
3335 2252 3477 2306 mihi
3508 2258 3614 2317 est,

1984 2359 2029 2412 si
2065 2358 2257 2412 dolum
2297 2355 2556 2427 proximo
2588 2369 2715 2407 meo
2748 2353 2965 2417 fecero;
3002 2367 3105 2415 vae,
3149 2348 3195 2401 si
3232 2349 3455 2401 locutus
3498 2360 3613 2400 non

1980 2453 2144 2507 fuero
2202 2450 2520 2504 veritatem.
2571 2447 2655 2501 Ad
2700 2445 2954 2500 radicem
3008 2442 3218 2498 securis
3267 2444 3351 2496 est
3404 2440 3611 2510 posita,

1980 2547 2149 2601 faciat
2177 2545 2443 2610 fructum,
2480 2542 2578 2613 qui
2620 2543 2801 2613 potest
2845 2538 3060 2610 gratiae,
3096 2536 3195 2606 qui
3225 2535 3390 2589 debet
3430 2532 3613 2605 paeni-

1982 2640 2196 2693 tentiae.
2225 2638 2398 2691 Adest
2425 2635 2702 2690 Dominus
2730 2634 2827 2705 qui
2852 2634 3097 2687 fructum
3123 2628 3391 2699 requirat,
3420 2627 3615 2680 fecun-

1981 2733 2079 2787 dos
2118 2730 2381 2795 viviﬁcet,
2429 2728 2646 2783 steriles
2683 2724 3087 2798 reprehendat.
3133 2722 3281 2777 Anni
3324 2724 3441 2774 tres
3482 2721 3617 2774 sunt

1983 2843 2052 2879 ex
2093 2841 2205 2896 quo
2243 2824 2426 2889 venit,
2471 2828 2527 2876 et
2567 2821 2816 2875 fructum
2856 2819 2913 2872 in
2959 2816 3168 2872 Iudaeis
3203 2814 3457 2869 invenire
3498 2829 3613 2868 non

1981 2919 2200 2989 potuit;
2262 2917 2485 2970 utinam
2546 2912 2794 2969 inveniat
2849 2911 2908 2965 in
2966 2910 3148 2964 nobis.
3203 2909 3467 2962 Jussurus
3529 2912 3615 2961 est

1982 3011 2190 3066 succidi
2228 3011 2629 3075 infructuosos,
2671 3023 2742 3061 ne
2780 3010 2995 3061 terram
3035 3006 3328 3074 occupent.
3363 3001 3469 3056 Sed
3514 3000 3615 3071 qui

271 3120 425 3173 quam
454 3104 667 3176 lapides
692 3104 1073 3170 habebantur,
1100 3103 1196 3176 qui
1228 3104 1506 3175 lapidibus
1536 3104 1878 3175 serviebant,
1902 3136 1956 3209 Ο
1983 3106 2166 3161 adhuc
2211 3121 2326 3159 non
2375 3104 2551 3158 habet
2593 3102 2864 3167 fructum,
2914 3102 3151 3153 conetur
3200 3100 3265 3150 ut
3309 3094 3506 3150 afferat
3553 3094 3612 3148 in

273 3197 465 3252 similes
516 3199 714 3269 utique
768 3198 837 3252 iis
887 3198 984 3269 qui
1027 3199 1280 3252 facerent
1325 3200 1456 3253 eos?
1506 3189 2257 3269 PrOphetaturufuturum.
2319 3200 2506 3252 Bonus
2559 3196 2653 3250 ille
2704 3195 2887 3249 cultor
2942 3192 3068 3263 agri
3119 3189 3461 3245 interveniet
3514 3204 3615 3259 pro

273 3289 428 3359 igitur
443 3293 652 3346 saxosis
674 3292 983 3363 gentilium
1005 3292 1145 3346 ﬁdes
1164 3291 1518 3345 infundenda
1533 3292 1879 3362 pectoribus,

272 3386 321 3435 et
356 3386 565 3440 futuros
606 3402 711 3456 per
754 3384 926 3439 ﬁdem
972 3385 1216 3439 Abrahae
1256 3384 1402 3440 ﬁlios
1452 3387 1677 3440 oracula
1718 3386 1881 3457 polli-

271 3484 469 3546 cantur,
497 3478 704 3549 quibus
733 3495 837 3549 per
867 3479 1136 3533 duritiam
1170 3479 1380 3533 mentis
1410 3496 1614 3533 saxeus
1651 3480 1882 3550 quidam

272 3568 590 3626 insensibilis
629 3571 1145 3641 irrationabilisque
1196 3577 1413 3626 natura:
1460 3589 1596 3626 usus
1639 3573 1884 3627 inoleve-

271 3666 363 3716 rat.
396 3666 531 3719 Nam
575 3665 620 3718 si
651 3665 929 3735 lapidibus
964 3665 1104 3718 vivis
1144 3666 1399 3719 firmatos
1435 3665 1585 3719 viros
1615 3666 1747 3720 ﬁdei
1787 3684 1880 3720 ro-

268 3755 388 3811 bore
437 3760 541 3828 (l-i)
599 3759 881 3812 sententia
938 3759 1252 3829 apostolica
1304 3759 1684 3830 comparavit,
1725 3759 1885 3829 juxta

267 3851 404 3919 quod
440 3853 714 3923 scriptum
752 3854 840 3905 est
878 3868 891 3905 :
923 3872 949 3901 ‹‹
991 3854 1057 3907 Et
1088 3868 1181 3906 vos
1223 3857 1497 3924 tanquam
1530 3853 1749 3923 lapides
1776 3854 1886 3907 vivi

267 3943 612 3999 aediﬁcamini
637 3946 839 4000 domus
879 3946 1174 4016 spiritalis,
1214 3946 1272 3999 in
1304 3946 1691 4001 sacerdotium
1724 3964 1883 4002 sanc-

265 4041 395 4103 tum,
424 4039 731 4093 offerentes
775 4039 983 4094 hostias
1022 4039 1307 4110 spiritales
1350 4040 1390 4107 (l
1424 4042 1590 4103 Petr.,
1625 4057 1680 4107 ιι,
1723 4043 1775 4105 5)
1808 4058 1820 4095 :
1854 4064 1880 4091 ››

265 4132 433 4186 multo
471 4132 638 4187 altius
680 4132 786 4204 (l5)
829 4133 918 4186 hic
957 4132 1223 4187 videntur
1262 4149 1398 4188 voce
1444 4133 1775 4203 prophetica
1802 4135 1883 4188 la-

266 4224 479 4294 pidibus
515 4225 781 4281 homines
816 4227 1151 4298 comparati,
1188 4226 1285 4297 qui
1326 4226 1403 4281 ita
1440 4228 1706 4281 humanze
1751 4245 1883 4283 sen-

268 4333 384 4372 sum
406 4320 617 4374 mentis
640 4319 972 4387 amiserant,
1002 4326 1067 4374 ut
1093 4320 1231 4374 dum
1260 4320 1543 4391 lapidibus
1574 4328 1774 4392 putant
1802 4321 1885 4376 di-

266 4412 504 4468 vinitatis
538 4413 777 4485 alicujus
818 4413 1000 4468 inesse
1042 4414 1341 4481 rationem,
1387 4414 1491 4485 ipsi
1531 4414 1590 4468 in
1627 4421 1886 4469 naturam

1983 3294 2143 3349 nobis
2186 3291 2530 3359 infecundis,
2576 3307 2676 3361 pro
2722 3288 2883 3343 nobis
2931 3283 3316 3353 infructuosis,
3350 3289 3409 3336 ut
3452 3282 3616 3337 detur

1984 3388 2254 3459 spatium,
2289 3384 2565 3456 patientia
2592 3383 2903 3448 deferatur;
2927 3382 2971 3435 si
2996 3380 3141 3435 forte
3170 3383 3226 3433 et
3247 3394 3346 3432 nos
3366 3375 3617 3447 aliquem

1984 3482 2233 3535 fructum
2271 3480 2419 3533 ferre
2452 3479 2568 3532 Deo
2600 3477 2902 3547 possimus.

2056 3580 2141 3629 77.
2177 3573 2427 3643 Singulis
2464 3587 2693 3642 quoque
2733 3567 3038 3640 generibus
3075 3565 3375 3620 hominum
3421 3578 3619 3618 conve-

1984 3669 2149 3723 niens
2190 3666 2389 3721 tribuit
2426 3667 2650 3719 sanctus
2688 3665 2929 3717 Joannes
2969 3660 3214 3731 Baptista
3258 3673 3614 3729 responsum,

1988 3779 2165 3817 unum
2204 3760 2471 3815 omnibus
2501 3758 2651 3827 (dist.
2690 3759 2778 3822 86,
2820 3772 2941 3826 cap.
2982 3757 3045 3810 In
3075 3752 3324 3820 singulis)
3357 3768 3369 3805 ζ
3403 3750 3481 3805 ita
3512 3766 3616 3820 pu-

1985 3856 2245 3922 blicanis,
2285 3871 2356 3909 ne
2402 3854 2549 3907 ultra
2593 3850 2990 3922 praescriptum
3030 3847 3284 3917 exigant;
3319 3844 3614 3909 militibus,

1990 3967 2062 4004 ne
2096 3948 2441 4004 calumniam
2478 3946 2709 4011 faciant,
2743 3960 2815 3998 ne
2848 3941 3105 4014 praedam
3144 3938 3472 4010 requirant;
3513 3936 3613 3990 do-

1988 4060 2118 4098 cens
2162 4041 2368 4097 idcirco
2418 4038 2697 4110 stipendia
2742 4035 3048 4092 constituta
3088 4032 3334 4097 militias;
3364 4047 3437 4085 ne
3478 4030 3617 4083 dum

1989 4141 2246 4207 sumptus
2292 4133 2587 4206 quaeritur,
2638 4131 2828 4203 praedo
2883 4133 3189 4201 grassetur.
3234 4125 3345 4182 Sed
3393 4125 3515 4179 haec
3563 4127 3620 4177 et

1991 4230 2098 4285 alia
2130 4228 2448 4284 ofﬁciorum
2488 4231 2771 4298 praecepta
2812 4224 3042 4297 propria
3071 4222 3464 4292 singulorum;
3508 4217 3617 4271 mi-

1990 4323 2291 4378 sericordia
2327 4321 2650 4377 communis
2690 4325 2773 4375 est
2812 4335 2946 4371 usus
2989 4316 3115 4387 (l6),
3147 4315 3273 4369 ideo
3314 4328 3618 4367 commune

1990 4423 2379 4489 praeceptum;
2434 4415 2697 4469 omnibus
2750 4413 2981 4479 ofﬁciis,
3041 4408 3307 4463 omnibus
3361 4405 3619 4460 aetatibus

266 4504 509 4576 lapidum
546 4523 664 4561 non
700 4523 803 4561 usu
840 4507 1114 4579 corporis,
1146 4507 1244 4562 sed
1276 4508 1487 4562 mentis
1528 4508 1724 4563 habitu
1765 4525 1885 4563 ver-
1909 4510 1967 4581 D
1992 4511 2336 4580 necessaria,
2368 4514 2426 4563 et
2454 4510 2524 4564 ab
2557 4507 2822 4563 omnibus
2850 4503 3176 4560 deferenda.
3208 4502 3326 4555 Non
3364 4498 3617 4570 publica-

265 4603 534 4655 terentur.
579 4600 828 4671 Denique
875 4618 943 4655 ex
986 4601 1220 4657 Abrahae
1272 4599 1532 4673 1306
1574 4603 1887 4657 secundum

263 4708 487 4748 carnem
526 4696 879 4750 successione
920 4698 1238 4764 manantes,
1282 4699 1339 4749 et
1378 4695 1664 4766 principes
1707 4696 1885 4751 Sodo-

266 4802 481 4841 morum
509 4789 874 4858 appellantur
904 4789 1052 4855 (Isu.,
1084 4805 1122 4856 ι,
1160 4792 1266 4857 10),
1296 4792 1351 4843 et
1378 4789 1623 4859 parietes
1649 4790 1888 4843 dealbati

266 4882 496 4947 (Matth,
538 4897 690 4948 xxm,
731 4885 821 4949 27;
859 4882 1006 4946 Act.,
1048 4898 1199 4949 χχιιι,
1243 4884 1314 4949 3);
1359 4882 1435 4937 ita
1466 4882 1569 4936 sibi
1604 4899 1885 4954 praeroga-

266 4972 422 5028 tivam
473 4974 706 5045 generis
757 4991 981 5029 morum
1020 4976 1201 5046 magis
1252 4975 1561 5030 similitudo
1601 4976 1885 5043 vindicat,

266 5082 421 5135 quam
456 5068 597 5122 ordo
636 5067 934 5138 majorum.
980 5068 1126 5133 Quin
1164 5069 1337 5122 etiam
1371 5074 1431 5123 ut
1466 5069 1607 5123 scias
1637 5070 1770 5141 quia
1811 5070 1888 5123 la-

267 5160 475 5228 pidibus
507 5162 823 5232 comparati
855 5165 987 5215 sunt
1018 5162 1301 5228 homines,
1335 5162 1630 5216 arboribus
1658 5179 1886 5234 quoque

265 5250 510 5310 homines
538 5254 891 5326 comparavit
917 5255 1221 5325 subjiciens
1248 5256 1530 5326 propheta
1560 5274 1572 5310 :

318 5400 409 5460 (14)
461 5400 623 5450 Rom.
670 5399 803 5449 edit.
849 5399 987 5459 sola,
1032 5399 1294 5461 formatos
1330 5400 1472 5450 viros
1516 5401 1638 5464 fidei
1679 5402 1885 5452 robore.

268 5469 374 5588 ld\‘onl
429 5475 544 5588 tatrn
602 5470 925 5530 commode,
975 5475 1037 5520 ut
1102 5470 1220 5534 ipse
1276 5472 1539 5521 orationis
1594 5476 1888 5524 contextus

297 5553 469 5588 ecara

297 5542 515 5592 eclarat.

317 5614 405 5673 (t5)
441 5613 525 5662 Ita
558 5615 668 5661 vet.
720 5610 850 5661 edit.
893 5612 949 5660 in
1005 5624 1252 5675 corpore,
1289 5626 1355 5664 ac
1392 5625 1519 5662 mss.
1562 5614 1726 5679 longe
1766 5615 1888 5678 plu-

268 5683 388 5733 rimi.
416 5682 651 5734 Emdem
684 5686 792 5732 vet.
824 5681 952 5733 edit.
982 5683 1038 5733 in
1066 5697 1260 5746 marg,
1284 5683 1448 5734 multo
1474 5684 1619 5734 aliis.
1650 5685 1806 5736 Rom.
1835 5688 1888 5735 et

268 5756 371 5805 cod.
402 5753 572 5806 Corb.
602 5755 659 5803 in
685 5754 869 5817 glossa
899 5767 1028 5804 cum
1058 5757 1252 5818 paucis
1297 5755 1440 5816 aliis,
1473 5757 1655 5819 iisque
1698 5770 1889 5807 recen-

266 5826 499 5889 tioribus,
541 5824 707 5877 muuo
745 5825 937 5891 aptius.
985 5825 1106 5877 Non
1154 5826 1300 5877 male
1346 5840 1357 5875 :
1404 5825 1500 5877 sed
1544 5831 1730 5879 tamen
1780 5828 1888 5878 alia

1989 4623 2115 4673 nus,
2159 4622 2276 4660 non
2321 4604 2485 4658 miles
2533 4600 2829 4671 excipitur,
2876 4614 2993 4652 non
3033 4596 3287 4666 agricola
3325 4594 3409 4647 vel
3449 4591 3617 4648 urba-

1991 4716 2119 4767 nus,
2164 4699 2315 4753 dives
2363 4703 2421 4750 et
2468 4711 2704 4767 pauper,
2746 4709 2947 4747 omnes
2988 4691 3045 4745 in
3090 4705 3390 4745 commune
3428 4687 3622 4742 admo-

1991 4798 2219 4858 nentur,
2280 4794 2343 4844 ut
2403 4790 2699 4844 conferant
2759 4804 2876 4841 non
2931 4786 3183 4840 habenti.
3244 4780 3621 4839 Misericordia

1990 4885 2143 4940 enim
2175 4883 2470 4955 plenitudo
2511 4882 2784 4937 virtutum
2818 4884 2922 4935 est.
2966 4882 3031 4933 Et
3072 4879 3196 4933 ideo
3235 4875 3500 4932 omnibus
3539 4874 3622 4925 est

1990 4977 2282 5049 proposita
2329 4977 2592 5047 perfectae
2636 4976 2820 5030 forma
2862 4973 3106 5041 virtutis,
3158 4988 3228 5025 ne
3274 4964 3621 5024 vestimentis

1988 5071 2385 5142 alimentisque
2465 5071 2579 5123 suis
2652 5075 2906 5139 parcant.
2968 5064 3358 5121 Misericordiae
3424 5068 3620 5116 tamen

1991 5164 2165 5238 ipsius
2188 5182 2288 5236 pro
2316 5164 2685 5236 possibilitate
2708 5161 3045 5217 conditionis
3073 5159 3121 5231 1
3138 5156 3326 5231 307
3352 5156 3621 5210 humana:

1991 5276 2259 5315 mensura
2297 5262 2574 5326 servatur,
2616 5260 2676 5311 ut
2710 5273 2828 5312 non
2867 5255 2971 5310 sibi
3014 5251 3400 5323 unusquisque
3434 5250 3621 5304 totum

1990 5406 2151 5456 lectio
2178 5418 2289 5454 non
2318 5402 2619 5467 rejicienda
2644 5419 2656 5461 ;
2690 5413 2933 5463 namque
2957 5399 3050 5449 hic
3074 5396 3237 5447 altius
3261 5395 3409 5446 idem
3445 5398 3621 5456 sonat,

1989 5481 2157 5540 atque
2184 5476 2366 5525 altiori
2399 5488 2465 5525 ac
2494 5472 2837 5538 profundiori
2863 5484 3053 5521 sensu.

2049 5539 2148 5611 (l6)
2176 5547 2303 5597 Mss.
2332 5560 2443 5596 non
2472 5545 2653 5608 pauci,
2685 5556 2788 5593 nec
2819 5541 3023 5591 inﬁmae
3054 5544 3220 5601 notae,
3247 5539 3625 5590 misericordiae

1989 5618 2276 5669 communis
2327 5624 2398 5668 est
2466 5630 2652 5666 usus...
2709 5614 2945 5664 aetatibus
3003 5613 3344 5672 necessariae,
3391 5612 3621 5676 quidam

1987 5689 2299 5741 necessarie.
2347 5694 2524 5739 tamen
2568 5686 2807 5737 omnibus
2851 5684 3152 5746 deferenda.
3204 5685 3315 5735 Alii
3367 5687 3620 5747 quatuor.

1987 5758 2415 5809 misericordia...
2442 5759 2798 5807 necessarium
2827 5759 2877 5805 et
2911 5755 2978 5805 ab
3014 5756 3254 5807 omnibus
3290 5753 3623 5819 deferendth

1989 5834 2081 5882 est.
2116 5829 2338 5897 Reliqui
2367 5842 2434 5883 ac
2463 5827 2592 5883 edit.
2626 5831 2689 5879 ut
2712 5829 2769 5879 in
2801 5831 2973 5881 textu.
