3926 6168
505 247 526 300 1
539 248 640 300 663

1971 244 2025 296 S.
2067 241 2390 298 AMBROSII

3665 260 3766 316 1664

500 367 738 438 eripiat;
781 369 880 423 sed
926 369 1077 439 quod
1117 366 1309 437 habet,
1355 383 1485 422 cum
1525 383 1776 439 paupere
1826 366 2129 438 partiatur.
2155 365 2412 448 Alatio),
2448 365 2544 420 sed
2589 366 2722 437 quia
2749 363 2915 422 multi
2951 367 3162 437 fortes;
3195 383 3327 423 nam
3367 373 3421 424 et
3453 369 3669 430 diabolus
3691 378 3779 434 ior-

572 463 749 526 (Vers.
801 466 886 529 15,
941 460 1046 533 16.)
1095 464 1416 517 Estimante
1455 467 1633 517 autem
1668 462 1869 532 populo
1899 466 1948 516 et
1987 463 2128 529 cogi-

503 560 656 610 tante
684 557 743 609 in
782 555 1029 610 cordibus
1070 559 1182 610 suis
1220 557 1286 610 de
1326 558 1550 618 Joanne,
1585 571 1650 610 ne
1676 557 1820 622 forte
1858 558 1970 625 ipse
2001 558 2134 608 esset

501 650 766 712 Christus,
805 650 1084 720 respondit
1131 650 1353 705 dicens:
1385 653 1493 717 Ego
1536 650 1754 720 quidem
1791 664 1880 704 vos
1921 649 2134 719 baptizo

497 745 555 795 in
585 759 750 812 aqua,
782 745 841 796 in
861 745 1201 814 pwnitentia.

566 838 654 890 78.
710 835 941 891 Videbat
992 853 1131 909 ergo
1180 839 1425 893 Joannes
1479 837 1664 892 cordis
1719 837 1960 891 occulta.
2018 836 2132 891 Sed

498 929 920 985 consideremus
973 931 1132 1001 cujus
1185 932 1306 985 haec
1372 931 1574 1003 gratia.
1635 929 2130 994 Quemadmodum

499 1026 691 1078 autem
735 1024 1027 1095 prophetis
1068 1025 1256 1096 palam
1293 1025 1434 1080 ﬁant
1477 1024 1663 1079 cordis
1705 1024 1939 1093 occulta,
1981 1026 2128 1078 Pau-

498 1117 587 1171 lus
627 1118 875 1172 ostendit
915 1117 1104 1173 dicens
1133 1136 1146 1172 :
1179 1140 1206 1167 ι(
1249 1118 1480 1173 Occulta
1524 1134 1755 1190 quoque
1788 1117 1973 1173 cordis
2006 1119 2128 1189 ejus

496 1211 799 1266 manifesta
851 1210 1013 1281 fient;
1066 1215 1122 1266 et
1167 1211 1467 1282 procideus
1514 1211 1574 1265 in
1622 1211 1827 1266 faciem
1873 1211 2131 1266 adorabit

497 1306 699 1372 Deum,
747 1305 1122 1376 pronuntians
1172 1305 1325 1377 quod
1376 1321 1505 1360 vere
1555 1306 1702 1361 Deus
1746 1309 1828 1361 est
1865 1305 1922 1360 iu
1973 1305 2129 1360 vobis

494 1398 539 1469 (Ι
571 1401 712 1462 Cor.,
749 1415 861 1465 xxv,
899 1399 1008 1468 25).
1043 1418 1070 1447 ››
1105 1399 1203 1453 Dei
1239 1415 1378 1470 ergo
1408 1415 1619 1454 munus
1651 1405 1736 1454 est
1770 1399 1867 1470 qui
1897 1400 2127 1468 revelat,

493 1507 608 1546 non
660 1491 837 1545 virtus
892 1491 1139 1546 hominis
1195 1493 1291 1564 qui
1345 1492 1537 1547 divino
1597 1492 1778 1563 magis
1831 1492 2132 1564 adjuvetur

493 1582 788 1652 beneﬁcio,
831 1600 1002 1656 quam
1033 1586 1278 1641 naturali
1313 1586 1496 1642 cernit
1534 1586 1742 1641 ofﬁcio.
1770 1587 1892 1651 Quo
1937 1591 2129 1641 autem

494 1677 716 1748 proﬁcit
741 1677 847 1732 ista
884 1679 1155 1749 cogitatio
1197 1680 1542 1749 Judaaorum,
1574 1679 1682 1734 nisi
1716 1683 1776 1734 ut
1813 1680 2128 1734 secundum

2235 458 2308 513 tis
2348 475 2362 511 :
2411 480 2438 508 (ί
2487 460 2662 514 Nemo
2708 460 2863 514 enim
2911 465 3092 532 potest
3134 478 3264 515 vasa
3308 461 3516 518 fortis...
3565 467 3780 541 diripere,

2233 548 2340 606 nisi
2373 551 2528 622 prius
2556 553 2872 624 alligaverit
2901 555 3110 610 fortem
3144 556 3359 622 (Marc.,
3396 571 3468 622 Ill,
3496 559 3592 628 27).
3620 584 3642 610 »
3666 563 3788 620 Multi

2232 661 2366 716 ergo
2413 644 2606 713 fortes,
2658 646 2864 701 fortior
2909 663 3078 702 nemo
3124 647 3235 702 nisi
3282 647 3542 704 Christus.
3584 654 3789 728 Denique

2233 756 2480 810 eousque
2523 756 2641 794 non
2688 741 2819 795 fecit
2867 741 3375 812 comparationem,
3420 747 3480 796 ut
3519 743 3790 804 addiderit:

2233 834 2396 902 Cujus
2440 849 2546 888 non
2592 850 2710 889 sum
2756 835 2954 901 dignus
3003 835 3363 890 calceamenta
3404 843 3621 904 portare,
3658 856 3792 896 evan-

2233 927 2425 998 gelica:
2485 927 2903 998 prmdicationis
2957 927 3217 1001 1308
3266 929 3555 984 ostendens
3595 932 3645 986 in
3685 951 3795 1006 apo-

2231 1021 2405 1076 stolos
2447 1022 2694 1092 gratiam
2744 1037 2866 1076 esse
2908 1022 3191 1090 collatam,
3226 1023 3321 1093 qui
3362 1028 3488 1078 sunt
3524 1025 3723 1082 calceati
3753 1029 3797 1083 iu

2232 1114 2623 1186 Evangelium.

2301 1209 2389 1262 81.
2438 1207 2672 1262 Videtur
2716 1211 2907 1263 tamen
2955 1208 3082 1264 ideo
3127 1209 3234 1263 hoc
3283 1209 3488 1275 dicere,
3535 1213 3670 1282 quod
3707 1215 3800 1285 ple-

2229 1317 2470 1372 rumque
2507 1303 2753 1357 Joannes
2794 1318 3094 1372 personam
3144 1304 3360 1374 accepit
3405 1305 3589 1375 populi
3622 1305 3806 1361 Iudaeo-

2229 1411 2377 1448 rum.
2431 1394 2591 1450 Unde
2644 1395 2716 1449 ad
2759 1395 2868 1450 hoc
2917 1396 3171 1452 referunt
3216 1397 3370 1468 quod
3421 1397 3498 1451 ait
3543 1417 3554 1450 :
3602 1416 3627 1448 ς(
3673 1399 3805 1454 Illum

2231 1490 2459 1559 oportet
2483 1504 2758 1556 crescere,
2788 1505 2879 1544 me
2907 1494 3101 1544 autem
3127 1490 3310 1544 minui
3343 1489 3538 1561 (Joan.,
3564 1507 3635 1559 Ill,
3670 1494 3761 1562 20),
3784 1517 3804 1539 ιι

2227 1582 2381 1653 quod
2412 1584 2709 1653 oporteret
2737 1582 3016 1638 minorem
3043 1583 3164 1638 ﬁeri
3205 1584 3481 1655 populum
3509 1585 3810 1654 ludeeorum,

2229 1691 2479 1732 crescere
2512 1675 2572 1730 in
2600 1676 2818 1731 Christo
2857 1677 3136 1748 populum
3170 1677 3570 1733 Christianum.
3597 1679 3811 1750 Denique

495 1747 815 1842 Scripturas
859 1747 1076 1827 venisse
1117 1773 1403 1828 Christum
1442 1747 1760 1844 probetur?
1797 1775 1930 1828 Erat
1973 1774 2128 1828 enim
2148 1747 2204 1819 B
2231 1775 2287 1824 et
2309 1770 2525 1840 Moyses
2555 1769 2773 1841 accepit
2802 1747 3105 1841 personam
3134 1771 3364 1842 populi;
3395 1771 3493 1826 sed
3520 1771 3607 1827 ille
3635 1747 3813 1827 calcea-

497 1864 594 1936 qui
626 1865 1079 1935 exspectabatur;
1126 1872 1181 1921 et
1222 1867 1344 1938 ipse
1391 1867 1585 1939 utique
1621 1867 1717 1938 qui
1763 1867 2127 1939 exspectaba-

494 1960 610 2024 tur,
653 1975 770 2014 non
809 1958 856 2013 is
896 1959 996 2031 qui
1045 1976 1159 2015 non
1203 1961 1660 2031 exspectabatur,
1695 1960 1943 2016 advenit.
1984 1961 2129 2025 Quid

494 2057 686 2106 autem
727 2053 971 2123 ineptius
1013 2070 1188 2124 quam
1227 2054 1381 2125 quod
1417 2054 1464 2108 is
1504 2054 1602 2125 qui
1645 2054 1703 2109 in
1740 2054 1849 2109 alio
1888 2055 2130 2109 aestima-

497 2149 610 2214 tur,
641 2145 699 2200 in
728 2145 911 2217 seipse
943 2162 1060 2201 esse
1096 2163 1213 2202 nou
1251 2147 1545 2203 creditur?
1577 2148 1760 2212 Quem
1793 2164 1894 2220 per
1922 2149 2126 2203 mulie-

495 2255 617 2292 rem
657 2244 958 2294 venturum
998 2241 1292 2311 putabant,
1323 2257 1427 2312 per
1454 2241 1735 2313 virginem
1762 2242 1978 2296 venisse
2009 2259 2127 2298 non

496 2331 754 2387 credunt.
783 2334 918 2396 Quae
947 2336 1061 2389 Deo
1093 2334 1404 2389 secundum
1431 2351 1662 2390 carnem
1691 2335 1920 2406 dignior
1955 2351 2125 2406 gene-

494 2427 660 2494 ratio,
706 2443 877 2498 quam
927 2435 988 2482 ut
1038 2428 1440 2483 immaculatus
1491 2429 1589 2482 Dei
1640 2429 1807 2483 Filius
1857 2429 2128 2484 immacu-

492 2519 626 2573 latee
675 2521 1056 2591 generationis
1105 2516 1355 2578 servaret
1412 2523 1581 2577 etiam
1648 2523 1705 2576 in
1772 2523 2125 2594 suscipiendo

493 2629 728 2683 corpore
760 2614 1070 2685 puritatem
1092 2615 1119 2669 ?
1148 2617 1212 2670 Et
1251 2616 1446 2686 utique
1489 2615 1664 2670 divini
1697 2615 1972 2671 adventus
2011 2617 2123 2688 sig-

495 2723 633 2761 num
673 2707 731 2761 in
764 2707 999 2779 virginis
1044 2714 1206 2780 partu
1242 2708 1372 2780 (l7),
1416 2725 1533 2763 non
1572 2711 1632 2763 in
1678 2709 1956 2778 mulieris,
1999 2726 2127 2765 cou-

493 2801 756 2856 stitutum
785 2805 886 2856 est.

561 2898 648 2948 79.
707 2899 837 2965 Ego,
893 2896 1116 2967 inquit,
1181 2912 1272 2952 vos
1323 2913 1468 2967 aqua
1535 2898 1769 2967 baptizo.
1821 2897 1940 2953 Cito
1991 2914 2121 2968 pro-

491 2988 642 3044 bavit
686 3005 800 3043 non
850 3006 971 3044 esse
1018 3006 1078 3043 se
1121 2990 1430 3060 Christum,
1476 2990 1573 3061 qui
1615 2989 1818 3045 visibili
1859 2994 2125 3061 operetur

495 3081 698 3137 ofﬁcio.
730 3083 870 3136 Nam
909 3099 1038 3136 cum
1076 3099 1143 3137 ex
1181 3083 1398 3138 duabus
1436 3084 1653 3138 naturis
1688 3085 1860 3138 homo
1889 3083 2021 3155 (18),
2065 3083 2122 3138 id
2145 3116 2198 3188 Ο

493 3181 596 3241 est,
629 3191 696 3229 ex
730 3176 926 3230 anima
961 3176 1226 3231 subsistat
1255 3181 1312 3230 et
1351 3193 1608 3247 corpore,
1650 3176 1866 3232 visibile
1903 3193 2005 3249 per
2041 3177 2121 3230 vi-

491 3267 692 3336 sibilia,
741 3268 1019 3323 invisibile
1065 3285 1166 3340 per
1210 3269 1512 3336 invisibile,
1546 3271 1885 3342 mysterium
1923 3288 2122 3326 conse-

490 3366 696 3416 cratur.
726 3364 884 3433 Aqua
929 3363 1085 3417 enim
1126 3380 1336 3434 corpus
1367 3364 1639 3434 abluitur,
1673 3364 1872 3436 spiritu
1915 3365 2123 3419 animm

491 3455 698 3510 delicta
749 3455 1114 3511 mundantur.
1160 3456 1323 3512 Aliud
1377 3457 1633 3528 agimus,
1689 3457 1839 3512 aliud
1892 3459 2120 3513 invoca-

490 3565 652 3619 mus;
693 3549 825 3604 licet
856 3549 1024 3605 etiam
1067 3551 1124 3605 in
1158 3550 1278 3622 ipso
1319 3551 1475 3606 fonte
1519 3551 1884 3606 sanctificatio
1917 3551 2119 3606 divini-

490 3643 620 3698 tatis
667 3643 897 3714 aspiret.
949 3645 1068 3699 Non
1120 3644 1276 3700 enim
1325 3661 1472 3716 aqua
1521 3645 1704 3700 omnis
1755 3645 1968 3701 ablutio
2015 3651 2119 3714 est,

490 3737 588 3792 sed
631 3737 754 3792 haec
796 3737 946 3792 inter
987 3755 1044 3793 se
1087 3738 1261 3792 divisa
1293 3755 1414 3794 esse
1459 3755 1573 3794 non
1613 3743 1869 3810 possunt,
1901 3743 1957 3794 et
1993 3740 2120 3794 ideo

490 3831 645 3886 aliud
684 3830 792 3886 fuit
835 3831 1119 3903 baptisma
1163 3832 1549 3904 paenitentiae,
1590 3832 1744 3888 aliud
1790 3833 1984 3904 gratiae
2017 3838 2118 3889 est.

492 3925 644 3979 [stud
676 3942 743 3979 ex
779 3929 1038 3997 utroque,
1071 3925 1213 3980 illud
1250 3944 1316 3980 ex
1352 3943 1501 3993 uno;
1534 3942 1670 3980 nam
1702 3943 1829 3980 cum
1860 3943 2116 3981 commu-

489 4018 585 4072 nia
648 4018 856 4073 delicta
913 4019 1030 4072 sint
1087 4021 1297 4074 mentis
1348 4025 1402 4075 et
1452 4020 1736 4091 corporis,
1798 4020 2119 4092 puriﬁcatio

491 4127 716 4181 quoque
769 4111 965 4166 debuit
1017 4130 1135 4168 esse
1190 4113 1533 4168 communis.
1587 4115 1652 4167 Et
1700 4113 1846 4167 bene
1893 4119 2119 4169 sanctus

487 4204 735 4258 Joannes
765 4220 822 4260 se
857 4206 1200 4261 intellexisse
1232 4207 1563 4277 signiﬁcans
1597 4207 1731 4278 quid
1761 4207 1820 4260 in
1853 4206 2119 4262 cordibus

489 4296 828 4369 cogitarent,
862 4302 919 4353 et
955 4300 1119 4371 quasi
1149 4316 1266 4355 non
1296 4299 1653 4367 intellexerit,
1681 4299 1968 4355 declinans
1997 4317 2115 4354 ma-

480 4391 702 4461 jestatis
743 4392 1034 4461 invidiam,
1079 4409 1193 4447 non
1238 4392 1427 4459 verbo,
1470 4393 1564 4448 sed
1612 4409 1780 4465 opere
1820 4392 2120 4448 declaravit

2228 1866 2490 1917 mentum
2549 1880 2666 1918 non
2733 1864 3090 1919 Dominicum
3135 1865 3432 1935 portabat,
3486 1865 3580 1920 sed
3639 1866 3814 1937 pedum

2231 1973 2488 2011 suorum.
2533 1958 2600 2012 Et
2637 1957 2729 2012 isti
2767 1958 3000 2013 calceati
3035 1964 3165 2013 sunt
3199 1959 3584 2014 calceamento
3619 1959 3819 2014 fortasse

2229 2067 2343 2105 non
2396 2066 2627 2105 suorum
2680 2050 2930 2122 pedum;
2980 2051 3076 2106 ille
3131 2055 3325 2107 autem
3380 2053 3589 2107 solvere
3643 2054 3819 2107 calcea-

2228 2147 2487 2199 meutum
2537 2145 2751 2216 pedum
2793 2145 3030 2216 jubetur
3075 2162 3306 2200 suorum
3366 2147 3584 2214 (Exod,
3634 2163 3705 2213 ιιι,
3751 2148 3818 2214 5);

2228 2241 2293 2293 ut
2337 2237 2513 2292 animi
2562 2238 2685 2308 ejus
2729 2255 2958 2309 gressus
3003 2244 3058 2294 et
3107 2239 3335 2309 mentis,
3385 2241 3634 2312 corporei
3678 2256 3820 2294 nexus

2229 2331 2464 2387 vinculis
2515 2331 2821 2399 absolutus,
2872 2333 2984 2388 iter
3040 2332 3292 2404 spiritale
3357 2333 3662 2404 gradiatur.
3712 2338 3824 2403 Apo-

2229 2425 2351 2481 stoli
2393 2429 2586 2480 autem
2629 2426 3076 2482 calceameutum
3119 2427 3506 2499 deposuerant
3546 2427 3818 2498 corporale,

2227 2520 2457 2592 quando
2504 2520 2659 2574 missi
2705 2523 2838 2574 sunt
2883 2521 3002 2576 sine
3047 2522 3459 2588 calceamento,
3508 2522 3626 2577 sine
3673 2522 3823 2591 virga,

2229 2615 2349 2668 sine
2394 2630 2544 2685 pera,
2585 2613 2705 2668 sine
2749 2631 2915 2683 zona;
2957 2615 3054 2669 sed
3099 2631 3213 2670 non
3253 2616 3451 2670 statim
3494 2614 3709 2670 Domini
3745 2613 3825 2667 cal-

2225 2710 2520 2764 eeamenta
2557 2711 2875 2778 portarunt.
2921 2709 3173 2763 Fortasse
3217 2713 3345 2780 post
3380 2708 3827 2764 resurrectionem

2225 2807 2452 2873 portare
2491 2805 2818 2872 coeperunt;
2853 2806 2986 2856 ante
3016 2801 3168 2856 enim
3209 2818 3279 2857 ne
3315 2801 3410 2857 cui
3448 2805 3604 2873 gesta
3642 2800 3828 2856 Domini

2226 2896 2500 2964 dicerent,
2531 2895 2929 2950 mouebantur.
2966 2895 3220 2966 Denique
3257 2898 3464 2966 postea
3494 2896 3582 2949 his
3614 2893 3828 2949 dicitur:

2227 3009 2258 3041 ι(
2299 2991 2378 3044 Ite
2424 2989 2483 3043 in
2525 2989 2721 3043 orbem
2768 2989 3113 3056 universum,
3155 2995 3210 3044 et
3247 2990 3566 3060 praedicate
3608 2991 3828 3056 Evange-

2223 3082 2367 3137 lium
2411 3083 2627 3153 (Mam,
2691 3099 2810 3149 xvi,
2851 3084 2954 3154 15);
3001 3103 3028 3132 »
3070 3088 3134 3137 ut
3185 3083 3537 3155 evangelicae
3586 3081 3828 3154 praedic-a-

2225 3176 2398 3231 tionis
2460 3176 2764 3249 vestigium
2823 3177 3198 3248 proferentes,
3249 3181 3371 3232 toto
3431 3176 3829 3231 Dominicorum

2224 3271 2429 3325 seriem
2457 3270 2889 3325 circumferrent
2918 3271 3053 3325 orbe
3084 3275 3404 3342 gestorum.
3435 3272 3534 3325 Est
3559 3269 3726 3342 igitur
3748 3267 3834 3321 cal-

2223 3368 2588 3419 ceamentum
2641 3363 2898 3435 nuptiale
2959 3364 3284 3435 evangelica
3350 3363 3703 3435 prmdicatio.
3745 3358 3832 3414 Sed

2223 3459 2291 3513 de
2340 3458 2449 3513 hoc
2495 3458 2870 3529 opportunius
2917 3457 3133 3529 aliquid
3178 3459 3240 3512 in
3283 3459 3413 3513 aliis
3456 3455 3833 3529 explicabimus

2224 3552 2409 3622 (Infr.,
2438 3569 2560 3623 cap.
2593 3552 2675 3620 x).

2297 3647 2466 3712 (Vers.
2518 3647 2624 3716 l7.)
2668 3649 2784 3715 Ipse
2821 3661 2911 3700 vos
2964 3646 3263 3716 baptizabit
3311 3649 3374 3700 in
3431 3646 3646 3717 Spiritu
3682 3646 3835 3698 sumta

2221 3744 2272 3794 et
2310 3741 2451 3808 igni;
2491 3739 2687 3793 habens
2713 3739 3072 3793 ventilabrum
3103 3740 3160 3792 in
3196 3755 3373 3794 manu
3409 3755 3536 3801 sua,
3580 3745 3630 3792 et
3654 3751 3833 3807 purga-

2223 3834 2299 3887 bit
2335 3849 2517 3888 aream
2557 3849 2734 3895 suam,
2775 3836 2827 3887 et
2853 3833 3199 3902 congregabit
3241 3835 3493 3888 triticum
3528 3835 3590 3886 in
3622 3832 3834 3886 horreum

2217 3942 2404 3992 suum;
2440 3928 2632 3996 paleas
2673 3933 2854 3981 autem
2901 3928 3022 3995 igni
3073 3927 3348 3981 comburet
3401 3922 3832 3992 inexstinguibili.

2290 4024 2377 4075 82.
2426 4021 2641 4076 Habens
2679 4021 3043 4075 ventilabrum
3085 4023 3142 4073 in
3182 4036 3374 4074 manu.
3421 4017 3730 4075 Ventilabri
3764 4015 3833 4067 in-

2219 4113 2362 4168 dicio
2417 4113 2996 4168 discriminandorum
3056 4113 3329 4168 Dominus
3389 4114 3715 4168 declaratur
3761 4109 3836 4177 jus

2219 4207 2430 4263 habere
2462 4207 2842 4277 meritorum;
2876 4223 2944 4262 eo
2971 4207 3121 4279 quod
3149 4207 3286 4261 dum
3318 4208 3622 4263 frumenta
3651 4205 3704 4259 in
3729 4216 3834 4256 area

2218 4301 2586 4368 ventilantur,
2633 4301 2801 4372 plena
2839 4316 2872 4354 a
2912 4301 3119 4369 vacuis,
3161 4300 3231 4355 ab
3271 4300 3554 4355 inanibus
3583 4300 3836 4354 fructuosa

2218 4394 2389 4450 veluti
2429 4394 2681 4465 quodam
2711 4411 2865 4449 aurre
2902 4393 3169 4465 spirantis
3199 4394 3477 4449 examine
3508 4396 3832 4464 separantur.

487 4502 599 4540 non
666 4502 784 4540 esse
836 4503 895 4542 se
951 4487 1257 4542 Christum.
1313 4488 1465 4558 Opus
1524 4486 1678 4541 enim
1738 4486 1988 4541 hominis
2034 4486 2324 4558 estDPer
2368 4489 2513 4542 hanc
2559 4487 2736 4559 igitur
2788 4487 3271 4558 comparationem
3326 4489 3658 4543 ostenditur
3704 4479 3830 4554 quod

485 4595 682 4647 gerere
738 4580 1129 4650 paenitentiam
1187 4581 1563 4646 delictorum;
1617 4581 1715 4637 Dei
1769 4596 1982 4636 munus
2033 4585 2117 4635 est

487 4672 729 4743 gratiam
759 4674 1000 4744 implere
1035 4675 1306 4745 mysterii.

561 4769 720 4823 Venit
749 4774 926 4822 autem
950 4771 1148 4834 fortior
1176 4785 1276 4822 me.

555 4864 642 4915 80.
719 4862 842 4916 Non
917 4862 1402 4932 comparationem
1479 4860 1643 4930 fecit,
1724 4868 1784 4916 ut
1856 4862 1978 4932 ipso
2053 4877 2113 4914 se

483 4958 709 5010 tantum
760 4955 1049 5010 fortiorem
1099 4955 1303 5010 dixerit
1354 4955 1640 5010 Christum
1692 4956 1901 5026 (neque
1957 4953 2113 5009 enim

482 5048 634 5103 inter
661 5048 761 5104 Dei
792 5049 995 5103 Filium
1031 5052 1088 5104 et
1123 5049 1412 5103 hominem
1449 5049 1562 5103 ulla
1601 5052 1824 5119 poterat
1851 5064 1970 5103 esse
1998 5049 2111 5102 col-

546 5239 643 5302 (l7)
673 5236 900 5289 Scilicet
932 5237 1059 5298 Isa.,
1098 5248 1194 5297 vn,
1225 5235 1283 5286 14
1314 5251 1324 5283 :
1359 5236 1583 5299 Propter
1613 5233 1705 5284 hoc
1744 5232 1891 5284 dabit
1930 5234 2114 5284 Domi-

482 5322 581 5360 nus
616 5311 725 5373 ipse
755 5309 904 5361 vobis
941 5311 1169 5374 signum.
1207 5309 1334 5358 Ecce
1369 5307 1519 5370 virgo
1559 5306 1832 5370 concipiet,
1866 5311 1914 5355 et
1945 5306 2115 5368 pariet

482 5381 668 5442 ﬁlium,
699 5386 800 5432 etc.
843 5382 1013 5433 Recte
1055 5383 1239 5431 autem
1284 5379 1614 5429 Ambrosius
1650 5377 1880 5428 Judmos
1917 5377 2112 5440 arguit,

483 5455 578 5514 qui
623 5451 904 5503 Christum
955 5466 1022 5504 ex
1063 5452 1637 5514 muliereﬁeuturum
1685 5451 1965 5512 putantes,
2008 5448 2116 5498 He-

485 5501 926 5574 braicamilsaiae
964 5501 1174 5574 vocem
1215 5501 1386 5581 .1735?
1429 5534 1527 5585 pro
1569 5501 1820 5584 qualibet
1863 5501 2113 5581 muliere,

485 5604 598 5640 non
639 5605 738 5653 pro
783 5593 1014 5656 virgine,
1057 5607 1182 5657 quae
1223 5592 1595 5657 virginitatem
1640 5591 1695 5639 in
1737 5591 2011 5652 conceptu
2061 5589 2117 5638 et

482 5665 644 5728 partu
671 5666 990 5728 servaverit,
1021 5663 1403 5728 accipiendam
1445 5675 1565 5713 esse
1605 5661 1946 5726 pertinacius
1987 5671 2118 5709 con-

480 5733 797 5786 tendebant.
829 5733 968 5784 Vide
992 5735 1161 5798 Huet,
1192 5737 1454 5786 Demonst.
1484 5747 1690 5798 evang.,
1715 5745 1835 5797 cap.
1868 5732 1916 5782 9.

482 5855 516 5871 ι,
547 5805 648 5874 (18)
671 5805 764 5860 Sic
787 5805 1152 5870 omnes,edit.
1180 5820 1246 5859 ac
1274 5804 1690 5879 propemodum
1727 5802 1918 5864 cuncti
1957 5814 2112 5864 mss;

2217 4582 2496 4637 Dominus
2526 4581 2729 4652 judicii
2769 4581 2859 4636 die
2900 4581 3095 4636 solidae
3132 4581 3343 4636 merita
3384 4583 3715 4652 fructusque
3747 4575 3863 4627 vir-'

2219 4675 2351 4729 tutis
2415 4675 2485 4729 ab
2550 4675 2735 4729 inanis
2791 4676 3108 4745 jactantize,
3163 4676 3524 4747 exiliumque
3586 4676 3832 4729 factorum

2216 4769 2563 4823 infructuosa
2615 4769 2841 4823 levitate
2891 4768 3206 4836 discernat;
3257 4769 3626 4840 perfectioris
3669 4761 3832 4820 meriti

2217 4862 2364 4916 viros
2416 4863 2700 4917 locaturus
2761 4862 2821 4917 in
2877 4863 3173 4918 mansione
3222 4863 3469 4918 caelesti.
3520 4866 3644 4933 Ipse
3703 4857 3830 4912 enim

2216 4956 2521 5026 perfectior
2557 4956 2774 5010 fructus
2817 4961 2920 5023 est,
2951 4956 3047 5026 qui
3085 4957 3368 5011 meruerit
3406 4957 3534 5028 ejus
3574 4969 3689 5008 esse
3719 4964 3830 5005 con-

2217 5049 2437 5116 formis,
2477 5049 2574 5120 qui
2617 5049 2761 5104 sicut
2798 5065 3040 5121 granum
3084 5049 3257 5104 tritici
3301 5051 3538 5117 cecidit,
3580 5052 3642 5103 ut
3677 5041 3828 5118 pluri-

2216 5231 2382 5283 Corb.
2431 5235 2613 5282 tamen
2665 5234 2720 5282 et
2759 5231 2854 5281 alii
2897 5232 3142 5296 pauculi,
3192 5233 3334 5282 Nam
3384 5245 3506 5282 cum
3553 5246 3616 5280 ea:
3659 5223 3829 5296 duobus

2215 5303 2485 5353 naturalis
2545 5302 2732 5362 homo,
2789 5295 2913 5354 etc."
2965 5303 3178 5353 Rursus
3250 5302 3462 5354 eodem
3535 5303 3654 5352 loco
3721 5295 3827 5347 edit.

2216 5387 2427 5434 omnes,
2467 5374 2562 5424 sed
2606 5388 2734 5424 cum
2775 5388 2908 5424 mss.
2957 5374 3185 5424 omnino
3227 5373 3480 5436 duobus,
3522 5368 3716 5423 visibile
3754 5377 3830 5430 μετ’

2215 5444 2451 5503 visibile,
2509 5443 2774 5495 invisibile
2843 5458 2938 5508 per
3004 5443 3293 5502 invisibile,
3358 5448 3467 5494 etc.
3528 5443 3651 5494 Mss.
3707 5442 3828 5508 octo.

2215 5515 2539 5586 visibileper
2583 5507 2865 5586 invisibile,
2904 5514 3167 5586 invisibile
3188 5528 3296 5586 per
3331 5513 3566 5586 visibile,
3605 5515 3701 5562 etc.
3732 5507 3830 5586 Ye-

2217 5601 2340 5636 rum
2365 5585 2459 5635 alii
2502 5584 2729 5636 totidem
2762 5585 2988 5650 propius
3025 5585 3095 5636 ab
3137 5585 3298 5636 editis
3343 5584 3682 5642 recedentes,
3721 5584 3831 5628 ris:—

2217 5657 2318 5708 bile
2339 5670 2436 5722 per
2465 5657 2779 5720 invisibilia,
2807 5660 2935 5720 etc.,
2968 5661 3026 5710 et
3052 5657 3162 5710 hoc
3185 5656 3318 5708 satis
3348 5658 3599 5722 apposite
3626 5653 3690 5704 ad
3716 5661 3830 5714 pro-

2224 5729 2485 5794 positum.
