3972 6174
229 273 347 324 1665

222 489 314 543 bus
357 491 578 546 meritis
620 509 737 547 non
783 494 1018 549 amicus.
1068 497 1134 550 Et
1173 496 1306 551 ideo
1349 502 1480 553 ante
1523 516 1654 554 eum
1702 499 1849 570 ignis

221 583 453 650 ardebit,
489 602 605 640 non
648 592 851 643 natura
901 589 985 642 sui
1029 590 1266 659 noxius;
1313 594 1511 662 utpote
1557 592 1655 663 qui
1699 594 1849 648 mala

221 678 589 748 improbitatis
652 687 874 749 exurat,
929 683 1288 754 splendorem
1340 685 1634 756 probitatis
1693 703 1848 742 accu-

223 771 411 826 mulet.

286 876 463 934 (Vers.
491 879 581 943 2|,
610 881 724 944 22.)
755 882 975 935 Factum
1019 885 1099 936 est
1132 887 1330 944 autem,
1376 899 1494 937 cum
1536 884 1846 952 baptizatus

219 973 342 1021 esset
373 971 544 1023 omnis
570 973 823 1040 populus,
854 978 906 1027 et
927 976 1050 1028 Iesu
1075 975 1354 1044 baptizata
1381 981 1431 1030 et
1455 981 1661 1039 orante,
1683 992 1841 1046 aper-

222 1068 324 1114 tum
357 1069 434 1116 est
461 1065 667 1126 cretum,
698 1069 748 1119 et
775 1065 1047 1121 descendit
1075 1068 1312 1138 Spiritus
1340 1074 1554 1124 sanctus
1579 1071 1848 1140 corporali

219 1157 378 1224 specie
413 1159 556 1211 sicut
585 1158 828 1212 columba
858 1162 917 1214 in
956 1163 1162 1230 ipsum;
1203 1169 1255 1217 et
1290 1179 1395 1216 vos:
1431 1163 1495 1218 de
1533 1164 1658 1218 casto
1692 1166 1846 1230 facta

220 1255 286 1301 est
317 1269 331 1302 :
365 1250 535 1305 Filius
566 1267 711 1306 meus
735 1268 788 1307 es
817 1259 896 1316 tu,
923 1257 981 1308 in
1011 1259 1061 1309 te
1088 1256 1408 1326 complacui.

283 1354 366 1407 83.
410 1352 732 1425 Baptizatus
779 1359 864 1410 est
913 1373 1048 1427 ergo
1086 1358 1357 1414 Dominus
1407 1375 1521 1414 non
1580 1360 1845 1415 mundari

217 1447 427 1513 volens,
463 1447 561 1503 sed
587 1445 868 1504 mundare
909 1467 1114 1522 aquas;
1151 1457 1211 1507 ut
1236 1452 1440 1508 ablutae
1471 1470 1576 1525 per
1609 1470 1843 1509 carnem

216 1540 434 1608 Christi,
481 1558 607 1613 quae
651 1548 946 1614 peccatum
995 1562 1109 1600 non
1157 1547 1442 1617 cognovit,
1491 1548 1843 1619 baptismatis

211 1636 298 1703 jus
327 1634 622 1690 haberent.
668 1637 737 1690 Et
772 1637 898 1693 ideo
935 1639 1033 1709 qui
1069 1639 1142 1692 ad
1178 1641 1386 1696 Christi
1431 1641 1716 1696 lavacrum
1743 1658 1838 1697 ve-

1336 278 1803 338 EXPOSITIONIS
1841 279 1910 336 IN
1949 281 2174 339 LUCAM
2213 283 2341 339 LlB.
2388 283 2453 339 ll.

223 413 334 450 mos
373 397 592 453 fructus
620 398 846 455 aﬂ‘erret
878 400 935 454 in
973 401 1154 468 nobis,
1193 403 1404 458 invisus
1448 405 1644 475 paleis,
1675 406 1850 461 inani-
1873 420 1929 491 Α
1952 408 2026 478 8).
2083 429 2108 454 η

3445 290 3463 340 1
3478 290 3579 342 666

2167 407 2329 462 Vides
2393 407 2581 478 itaque
2650 407 2782 478 quia
2842 407 3052 480 ubique
3113 408 3332 464 Domini
3399 411 3578 466 virtus

1949 501 2152 554 studiis
2201 504 2540 572 cooperatur
2577 501 2866 569 humanis,
2909 506 2970 556 ut
3013 516 3181 556 nemo
3220 503 3392 573 possit
3434 505 3574 559 aedi-

1948 595 2118 649 ﬁcare
2145 594 2265 649 sine
2313 595 2575 662 Domino,
2621 611 2791 651 nemo
2832 594 3114 650 custodire
3158 595 3278 650 sine
3312 598 3571 664 Domino,

1948 705 2122 743 nemo
2148 689 2465 760 quidquam
2491 689 2745 760 incipere
2766 688 2888 743 sine
2916 689 3148 743 Domino
3175 689 3358 759 (Conf.
3385 690 3442 744 S.
3471 693 3577 743 Au-

1949 787 2096 852 gust.
2149 782 2246 836 lib.
2303 787 2376 838 De
2438 785 2621 853 gratia
2679 783 2908 846 Christi,
2967 799 3089 853 cap.
3157 782 3268 853 44).
3319 784 3386 837 Et
3449 781 3576 837 ideo

1938 875 2102 946 juxta
2137 876 2468 947 Apostolum
2499 893 2512 931 :
2556 898 2584 926 ‹‹
2617 877 2741 932 Sive
2780 876 3158 941 manducatis,
3201 876 3314 930 sive
3358 875 3573 944 bibitis,

1945 967 2060 1023 sive
2083 969 2235 1024 aliud
2265 970 2404 1040 quid
2437 969 2640 1038 facitis,
2671 971 2861 1025 omnia
2889 969 2948 1024 in
2982 970 3221 1041 gloriam
3257 970 3350 1024 Dei
3389 968 3573 1034 facite,

1945 1062 2003 1116 in
2050 1063 2286 1118 nomine
2337 1063 2559 1118 Domini
2610 1065 2787 1119 nostri
2833 1065 2962 1118 Jesu
3001 1063 3206 1118 Christi
3247 1064 3288 1133 (Ι
3335 1062 3479 1123 Cor.,
3519 1079 3574 1126 κ,

1947 1156 2057 1222 31).
2089 1179 2116 1205 ››
2148 1158 2206 1210 In
2233 1157 2451 1212 duabus
2487 1158 2642 1211 enim
2680 1157 2937 1227 epistolis
2967 1176 2978 1211 :
3009 1157 3160 1223 alibi,
3199 1178 3225 1205 «
3253 1155 3311 1210 in
3342 1155 3576 1211 nomine

1947 1250 2174 1304 Domini
2207 1251 2385 1305 nostri
2425 1253 2554 1306 Jesu
2581 1251 2787 1304 Christi
2826 1251 3068 1318 (001038.,
3097 1267 3177 1320 ιιι,
3209 1252 3324 1320 17);
3361 1271 3388 1300 ››
3417 1249 3576 1320 alibi,

1947 1363 1976 1392 «
2015 1344 2076 1397 in
2107 1345 2346 1413 gloriam
2377 1345 2474 1400 Dei
2502 1365 2529 1393 »
2561 1345 2748 1399 facere
2778 1349 2830 1399 te
2861 1345 3151 1416 praecepit,
3174 1349 3238 1398 ut
3259 1345 3401 1399 scias
3429 1361 3579 1399 eam-

1945 1437 2076 1492 dem
2116 1453 2238 1492 esse
2282 1439 2462 1492 Patris
2501 1442 2558 1493 et
2597 1437 2715 1492 Filii
2758 1437 3023 1510 gloriam,
3059 1438 3433 1508 eamdemque
3464 1438 3575 1491 vir-

1945 1534 2164 1601 tutem;
2197 1548 2298 1586 nec
2326 1532 2384 1585 in
2425 1532 2615 1602 aliquo
2645 1532 2797 1587 circa
2837 1532 2920 1586 sui
2953 1531 3306 1586 divinitatem
3343 1534 3573 1587 Patrem

1944 1629 2003 1679 et
2053 1626 2258 1680 Filium
2310 1626 2664 1696 discrepare,
2717 1626 2814 1698 qui
2863 1626 3011 1681 circa
3059 1625 3326 1697 prmsidia
3381 1631 3574 1681 nostra

219 1729 380 1794 nerit,
408 1734 636 1799 peccata
668 1729 918 1801 deponit.
956 1732 1198 1787 Pulchre
1242 1741 1433 1789 autem
1465 1735 1524 1789 in
1556 1735 1621 1790 iis
1648 1752 1778 1807 quae
1809 1752 1833 1789 a

1942 1734 2061 1773 non
2089 1719 2431 1790 discrepant.
2464 1719 2665 1774 Docuit
2688 1719 2864 1790 igitur
2889 1736 2982 1773 me
3015 1718 3186 1774 David
3212 1719 3366 1790 quod
3401 1735 3570 1774 nemo

221 1787 430 1875 ρωιεέίέ
461 1822 609 1878 dicta
647 1787 798 1892 sun‘t,
831 1829 1054 1881 sanctus
1094 1787 1268 1881 Lucas
1300 1787 1918 1900 1'30‘9'evzgg'eiB
1942 1812 2063 1866 sine
2109 1787 2349 1866 Domiho
2389 1812 2634 1868 aediﬁcet
2663 1787 2925 1882 domum,
2969 1787 3252 1868 custodiat
3292 1811 3572 1869 civitatem

225 1917 336 1970 [ista
371 1917 777 1989 compendium
807 1921 1066 1991 sumpsit,
1097 1926 1153 1976 et
1191 1921 1629 1992 intelligendum
1659 1923 1840 1993 magis

225 2009 364 2080 quod
427 2026 460 2064 a
513 2012 730 2066 Joanne
785 2013 1054 2068 Dominus
1119 2013 1433 2085 baptizatus
1499 2020 1611 2083 est,
1667 2033 1839 2087 quam

229 2118 547 2174 expressum
602 2105 852 2177 reliquit.
907 2106 1045 2171 Quae
1099 2111 1290 2163 autem
1347 2109 1622 2164 Dominici
1675 2125 1841 2164 causa

229 2197 589 2268 baptismatis,
625 2200 896 2255 Dominus
924 2202 1045 2272 ipse
1086 2201 1336 2257 declarat
1376 2202 1568 2258 dicens
1597 2220 1610 2258 :
1645 2226 1671 2253 «
1703 2203 1838 2258 Sine

232 2291 411 2358 modo;
441 2293 520 2347 sic
548 2293 702 2348 enim
731 2294 893 2350 decet
912 2312 1014 2350 nos
1038 2294 1279 2367 implere
1309 2297 1837 2368 omnemjustitiam

230 2388 452 2450 (Matth,
481 2404 565 2456 1n,
599 2391 708 2455 15).
742 2411 769 2437 ››

289 2505 366 2556 84.
399 2504 542 2558 Cum
581 2502 758 2574 igitur
795 2509 954 2560 tanta
992 2505 1063 2560 ad
1100 2505 1535 2562 aedificationem
1573 2506 1836 2561 Ecclesiae

229 2612 328 2649 sua:
371 2597 558 2651 divino
613 2599 763 2653 Deus
812 2600 1002 2654 favore
1057 2601 1410 2667 concesserit,
1459 2603 1521 2654 ut
1563 2604 1692 2671 post
1734 2617 1834 2671 pa-

227 2690 497 2760 triarchas,
547 2693 879 2762 prophetas,
927 2694 1179 2765 angelos,
1224 2695 1553 2764 unigenitus
1599 2695 1834 2749 descen-

227 2783 366 2838 deret
409 2785 506 2841 Dei
553 2786 741 2855 Filius,
794 2793 849 2841 et
889 2786 962 2841 ad
1009 2787 1299 2842 lavacrum
1353 2789 1592 2856 veniret,
1645 2805 1834 2843 nonne

227 2893 338 2931 vere
385 2886 555 2950 atque
616 2880 803 2934 divine
854 2881 923 2935 de
990 2882 1233 2937 Ecclesia
1282 2883 1654 2953 cognovimus
1718 2882 1831 2936 dic-

226 2977 332 3025 tum
383 2991 396 3026 :
453 2993 480 3021 ‹‹
533 2973 647 3027 Nisi
711 2974 983 3029 Dominus
1046 2975 1408 3030 aediﬁcaverit
1463 2977 1719 3045 domum,
1777 2977 1836 3030 in

223 3081 414 3122 vanum
488 3066 895 3123 laboraverunt
959 3069 1056 3140 qui
1122 3069 1401 3125 azdiﬁcant
1471 3087 1594 3126 eam
1669 3072 1832 3141 (Psul.

1944 1906 2112 1975 (Psal.
2145 1921 2317 1973 cxxvr,
2350 1907 2421 1978 1).

2012 2019 2100 2071 85.
2157 2017 2352 2073 Docuit
2401 2033 2492 2073 me
2537 2018 2710 2073 etiam
2762 2019 2976 2090 Moyses
3027 2019 3180 2090 quod
3230 2034 3402 2074 nemo
3464 2019 3572 2076 nisi

1939 2111 2086 2165 Deus
2129 2111 2328 2167 fecerit
2369 2112 2648 2166 mundum
2695 2130 2708 2166 :
2755 2134 2782 2161 «
2813 2113 2874 2166 In
2911 2112 3192 2184 principio
3236 2113 3393 2168 enim
3440 2114 3573 2168 fecit

1939 2204 2092 2259 Deus
2120 2205 2326 2260 coelum
2363 2212 2420 2260 et
2455 2210 2664 2261 terram
2705 2206 2879 2273 (Gen.,
2913 2222 2950 2272 ι,
2987 2206 3056 2276 1).
3091 2227 3118 2256 ››
3160 2206 3362 2261 Docuit
3404 2207 3574 2263 etiam

1939 2299 2093 2369 quod
2119 2299 2416 2354 hominem
2455 2299 2600 2354 Deus
2646 2315 2814 2370 opere
2843 2315 2946 2354 suo
2989 2299 3209 2368 fecerit,
3241 2317 3348 2355 nec
3391 2301 3574 2356 otiose

1938 2392 2166 2464 posuit:
2200 2414 2227 2441 «
2258 2392 2440 2448 Finxit
2481 2393 2632 2448 Deus
2674 2393 2970 2448 hominem
3009 2393 3079 2448 de
3121 2393 3256 2448 limo
3292 2399 3482 2464 terrae,
3515 2399 3572 2449 et

1937 2486 2249 2541 insufﬂavit
2277 2487 2334 2541 in
2359 2487 2563 2541 faciem
2591 2485 2713 2557 ejus
2742 2487 2939 2540 ﬂatum
2969 2486 3098 2540 vitae
3125 2486 3303 2555 (Gen.,
3336 2504 3392 2554 ιι,
3426 2492 3508 2556 7);
3536 2509 3564 2538 »

1938 2584 1999 2634 ut
2028 2585 2222 2636 actum
2255 2581 2559 2652 quemdam
2592 2581 2687 2635 Dei
2729 2580 2878 2634 circa
2913 2580 3346 2635 aedificationem
3377 2581 3566 2636 homi-

1936 2675 2026 2728 nis
2082 2691 2188 2728 usu
2237 2675 2482 2745 quodam
2530 2673 2842 2745 corporalis
2889 2673 3235 2744 operationis
3285 2674 3565 2730 advertas.

1936 2768 2140 2823 Docuit
2171 2768 2340 2822 etiam
2381 2767 2516 2838 quia
2557 2771 2615 2821 et
2657 2767 2955 2823 mulierem
3000 2767 3132 2823 fecit
3170 2767 3356 2822 Deus:
3392 2790 3419 2818 «
3453 2771 3565 2823 lm-

1937 2861 2095 2916 misit
2143 2861 2293 2916 enim
2345 2862 2493 2916 Deus
2539 2877 2799 2933 soporem
2849 2861 2906 2915 in
2950 2861 3144 2928 Adam,
3176 2867 3231 2916 et
3268 2862 3566 2930 dormivit;

1936 2961 1994 3009 et
2036 2955 2278 3026 sumpsit
2323 2971 2499 3009 unam
2541 2959 2754 3010 costam
2803 2956 2872 3011 de
2912 2955 3085 3010 latere
3123 2955 3266 3025 ejus,
3309 2953 3566 3028 1310

1936 3053 1994 3102 et
2037 3049 2274 3119 replevit
2318 3065 2553 3104 carnem
2594 3049 2716 3119 ejus
2757 3049 2900 3119 (l9);
2940 3051 2998 3104 et
3040 3047 3332 3103 aediﬁcavit
3375 3049 3564 3103 Domi-

221 3176 380 3228 Cnn’
426 3161 525 3228 ηερ
569 3184 596 3210 ,,
645 3163 755 3217 Nec
801 3163 1013 3217 mirum
1057 3164 1102 3217 si
1154 3165 1332 3219 homo
1386 3164 1664 3220 aadmum,
1715 3158 1908 3230 nonC
1934 3159 2040 3196 nus
2069 3143 2216 3196 Deus
2255 3146 2470 3198 costam
2507 3159 2675 3214 quam
2722 3141 2965 3214 sumpsit
3005 3142 3074 3197 ab
3114 3143 3317 3210 Adam,
3351 3142 3409 3196 in
3434 3159 3566 3197 mu-

217 3258 403 3323 potest,
447 3256 545 3326 qui
587 3272 702 3310 non
746 3261 932 3326 potest
973 3257 1252 3312 custodire
1296 3275 1308 3312 :
1355 3259 1528 3312 «Nisi
1565 3259 1833 3314 Dominus

216 3349 537 3402 custodierit
581 3348 893 3417 civitatem,
945 3350 1004 3404 in
1054 3367 1264 3406 vanum
1319 3351 1686 3423 vigilaverunt
1737 3353 1834 3424 qui

213 3443 533 3497 custodiunt
562 3459 686 3498 eam
727 3443 936 3514 (Ibid)
971 3466 996 3493 n
1030 3445 1154 3498 Haec
1198 3446 1267 3500 de
1309 3446 1552 3516 quodam
1593 3446 1829 3516 psalmo.

209 3536 393 3590 Audeo
433 3541 627 3592 tamen
669 3539 843 3593 etiam
881 3555 989 3610 ego
1034 3539 1241 3605 dicere,
1281 3539 1434 3609 quod
1479 3539 1654 3594 homo
1685 3540 1831 3594 viam

210 3646 319 3684 non
344 3633 521 3702 possit
552 3631 783 3700 adoriri,
823 3632 934 3687 nisi
971 3633 1273 3687 Dominum
1313 3632 1519 3688 habeat
1551 3633 1829 3704 praevian-

209 3727 340 3779 tem.
387 3726 549 3780 Unde
592 3725 866 3796 scriptum
900 3731 1028 3780 est:
1074 3748 1101 3776 α
1137 3728 1265 3781 Post
1301 3727 1609 3781 Dominum
1651 3727 1832 3781 Deum

209 3821 362 3872 tuum
400 3818 712 3874 ambulabis
757 3821 966 3888 (Deut.,
999 3836 1118 3886 xm,
1150 3821 1224 3891 4),
1258 3840 1286 3870 »
1331 3826 1406 3889 et,
1456 3843 1482 3869 «ι
1512 3823 1556 3874 Α
1591 3822 1830 3876 Domino

207 3910 533 3982 diriguntur
572 3912 677 3966 vise
716 3912 821 3966 viri
866 3915 1065 3982 (Prov.,
1107 3930 1196 3983 xx,
1239 3915 1345 3983 24).
1379 3936 1405 3963 ››
1435 3914 1689 3986 Denique
1737 3914 1832 3970 ille

205 4005 526 4075 perfectior,
565 4006 662 4077 qui
703 4006 1053 4078 intelligeret
1091 4025 1149 4062 se
1187 4008 1308 4062 sine
1348 3993 1592 4064 Domino
1623 4008 1828 4063 ambu—

205 4097 321 4155 lare
373 4117 488 4154 non
538 4116 699 4171 posse
745 4117 758 4155 :
810 4122 837 4149 «
888 4100 1032 4170 Vias,
1085 4101 1291 4173 inquit,
1343 4109 1464 4157 tuas
1514 4103 1683 4158 edoce
1739 4119 1830 4158 me

207 4193 366 4250 (Paul.
421 4209 570 4262 xxiv,
617 4196 692 4262 4).
740 4217 768 4244 ››
828 4196 894 4250 Et
942 4200 1006 4250 ut
1059 4195 1132 4249 ad
1185 4196 1481 4251 historiam
1535 4197 1830 4252 veniamus

204 4290 220 4342 (
229 4303 341 4342 non
369 4287 525 4343 enim
551 4287 866 4358 simplicem
907 4293 1131 4344 tantum
1162 4290 1243 4345 rei
1274 4297 1448 4360 gestae
1488 4291 1692 4346 seriem
1729 4291 1826 4345 de-

205 4378 402 4436 bemus
431 4383 677 4448 haurire,
708 4382 803 4438 sed
837 4381 1009 4437 etiam
1039 4387 1194 4438 actus
1231 4389 1452 4439 nostros
1481 4385 1551 4439 ad
1591 4385 1824 4440 aemula-

204 4475 418 4530 tionem
463 4476 801 4547 scriptorum
853 4477 1109 4548 referre),
1167 4495 1236 4532 ex
1291 4477 1530 4549 {Egypto
1589 4479 1830 4550 populus

204 4569 403 4638 exivit,
472 4570 754 4624 nesciebat
806 4571 961 4625 viam
1009 4587 1137 4642 quae
1188 4571 1260 4626 ad
1320 4575 1528 4626 terram
1597 4531 1907 4627 duceretD

203 4670 470 4718 sanctam.
513 4664 656 4718 Misit
705 4665 846 4720 Deus
888 4681 991 4735 per
1025 4667 1248 4721 noctem
1289 4666 1616 4720 columnam
1655 4666 1826 4737 ignis,

204 4763 261 4810 ut
307 4775 412 4828 per
468 4758 791 4813 columnam
856 4760 1098 4830 populus
1148 4759 1296 4813 viam
1360 4759 1620 4814 disceret.
1687 4759 1830 4814 Misit

201 4852 367 4906 etiam
423 4869 529 4924 per
585 4853 735 4907 diem
788 4854 1113 4909 columnam
1168 4853 1352 4920 nubis,
1403 4857 1464 4908 ut
1524 4869 1710 4924 neque
1757 4853 1828 4907 ad

206 4947 506 5014 sinistram,
552 4963 736 5018 neque
782 4947 854 5001 ad
905 4947 1204 5002 dexteram
1251 4947 1565 5003 declinaret
1607 4947 1824 5018 (Exod,

210 5054 319 5109 xm,
361 5045 472 5110 21).
512 5041 617 5096 Sed
668 5058 786 5095 non
833 5057 889 5096 es
938 5042 1082 5109 talis,
1124 5041 1315 5108 homo,
1358 5045 1422 5096 ut
1464 5041 1734 5097 merearis
1772 5045 1831 5096 et

212 5137 265 5186 tu
292 5135 438 5205 ignis
479 5134 838 5201 columnam;
881 5152 994 5191 non
1031 5135 1202 5190 habes
1243 5135 1490 5206 Moysen,
1523 5152 1636 5190 non
1684 5136 1824 5190 acci-

211 5228 287 5294 pis
311 5228 572 5298 signum;
601 5245 754 5282 nunc
775 5229 929 5282 enim
952 5233 1075 5300 post
1102 5229 1411 5284 adventum
1437 5229 1665 5284 Domini
1687 5230 1828 5284 fides

211 5321 466 5392 exigitur,
488 5322 656 5392 signa
674 5322 1019 5376 conduntur.
1047 5323 1205 5377 Time
1233 5324 1437 5389 Deum,
1467 5328 1524 5377 et
1544 5337 1828 5393 praesume

209 5412 268 5467 de
301 5414 590 5469 Domino:
632 5434 659 5463 «
690 5415 950 5469 Immittit
988 5415 1139 5470 enim
1180 5417 1412 5487 angelos
1453 5416 1720 5470 Dominus
1771 5414 1827 5468 in

210 5507 430 5565 circuitu
460 5509 788 5564 timentium
816 5525 970 5575 eum,
1002 5512 1058 5565 et
1088 5509 1295 5581 eripiet
1319 5526 1411 5565 eos
1433 5511 1604 5578 (Psat.
1637 5525 1825 5576 χχχιιι,

263 5706 350 5768 (l9)
380 5705 478 5756 Sic
515 5716 651 5753 mss.
696 5702 956 5753 undecim
993 5703 1214 5766 Optimae
1253 5704 1416 5751 notae.
1462 5701 1572 5750 Alii
1609 5703 1826 5765 partim,

212 5777 409 5838 replevit
439 5787 558 5824 eam
589 5786 783 5835 carm;
813 5774 1011 5836 partim
1039 5786 1167 5823 cum
1205 5771 1360 5833 edit.,
1400 5771 1618 5835 replevit
1661 5771 1825 5822 locum

212 5859 304 5909 qua
364 5859 560 5905 carne,
619 5843 827 5912 quibus
892 5844 1074 5896 verbis
1135 5857 1248 5894 non
1321 5841 1467 5894 male
1524 5840 1830 5893 redduntur

1936 3237 2134 3291 lierem
2191 3238 2374 3305 (Ibid.,
2427 3240 2530 3304 21,
2587 3237 2696 3308 22).
2754 3259 2780 3285 ››
2835 3237 2955 3291 Νοιι
3008 3237 3246 3304 frustra,
3307 3241 3368 3291 ut
3418 3237 3564 3307 dixi,

1934 3330 2320 3400 corporalibus
2373 3330 2713 3401 quibusdam
2766 3331 3029 3386 manibus
3077 3330 3224 3386 circa
3273 3331 3456 3385 Adam
3512 3334 3570 3385 et

1934 3425 2107 3478 Evam
2151 3425 2367 3495 Moyses
2411 3424 2592 3478 Deum
2636 3423 2854 3480 inducit
2897 3428 3254 3496 operantem.
3294 3425 3566 3480 Mundum

1934 3518 2082 3572 Deus
2119 3518 2241 3571 fieri
2274 3518 2464 3588 jussit,
2505 3524 2560 3572 et
2597 3519 2775 3572 factus
2817 3526 2919 3585 est,
2964 3524 3020 3573 et
3057 3535 3174 3573 uno
3218 3519 3390 3574 verbo
3422 3535 3566 3590 opus

1933 3611 2135 3664 mundi
2176 3611 2463 3682 Scriptura
2509 3611 2723 3666 indicat
2757 3612 3080 3668 absolutum
3124 3612 3290 3683 (Psal.
3323 3628 3442 3681 CXL,
3479 3614 3561 3682 5);

1931 3704 2003 3758 ad
2033 3704 2329 3759 hominem
2363 3704 2605 3771 venitur,
2637 3710 2690 3760 et
2717 3722 2921 3760 manus
2959 3705 3106 3776 ipsas
3143 3705 3565 3777 quodammodo

1932 3796 2150 3852 studuit
2175 3797 2278 3851 tibi
2319 3797 2602 3868 propheta
2634 3798 2734 3852 Dei
2764 3798 3071 3854 laborantis
3099 3800 3416 3855 ostendere.

2003 3916 2092 3968 86.
2143 3915 2272 3968 Plus
2321 3913 2509 3969 nescio
2559 3915 2697 3984 quid
2749 3915 2806 3970 in
2863 3915 2954 3970 his
3004 3916 3343 3987 intelligere,
3393 3932 3564 3987 quam

1933 4008 2098 4077 lego,
2163 4024 2339 4080 opera
2393 4007 2492 4062 Dei
2557 4007 2840 4063 elaborata
2906 4025 3000 4064 me
3063 4015 3291 4080 cogunt.
3351 4009 3562 4064 Subve-

1932 4101 2016 4155 nit
2055 4102 2355 4172 Apostolus
2391 4103 2674 4169 aestuanti,
2705 4107 2760 4158 et
2799 4103 2956 4174 quod
2997 4120 3103 4175 ego
3133 4120 3248 4158 non
3283 4103 3561 4174 intellige-

1932 4195 2061 4250 bam
2090 4195 2228 4267 quid
2259 4200 2448 4251 esset:
2485 4218 2512 4247 «
2549 4195 2621 4251 Os
2658 4197 2727 4250 de
2768 4197 2987 4252 ossibus
3027 4197 3191 4266 meis,
3234 4201 3292 4253 et
3335 4213 3465 4252 caro
3495 4198 3567 4253 de

1930 4305 2100 4344 carne
2150 4305 2307 4356 mea;
2353 4311 2379 4338 η
2424 4293 2502 4359 et,
2552 4312 2578 4339 ‹‹
2627 4291 2750 4345 Haec
2793 4291 3083 4346 vocabitur
3128 4291 3368 4360 mulier,
3419 4308 3560 4362 quo-

1931 4384 2090 4436 niam
2118 4382 2188 4437 de
2217 4383 2335 4438 viro
2367 4401 2469 4438 suo
2513 4389 2804 4455 assumpta
2846 4390 2931 4439 est
2971 4385 3150 4453 (Gem,
3183 4401 3239 4452 ιι,
3275 4387 3383 4454 23),
3418 4406 3445 4434 ››
3479 4385 3562 4439 di-

1930 4477 2058 4530 vino
2108 4477 2251 4532 mihi
2303 4478 2506 4548 spiritu
2557 4477 2824 4534 revelavit
2866 4478 3060 4531 dicens
3103 4496 3113 4530 :
3159 4495 3188 4528 ‹‹
3221 4477 3560 4531 Sacramen-

1931 4574 2052 4624 tum
2104 4571 2213 4625 hoc
2261 4586 2538 4641 magnum
2596 4575 2679 4625 est
2733 4571 2977 4641 (Ephes.,
3034 4587 3088 4639 ν,
3147 4571 3258 4639 32).
3320 4592 3345 4619 n
3403 4569 3564 4633 Quod

1930 4665 2397 4719 sacramentum?
2441 4685 2466 4711 ‹‹
2507 4663 2645 4727 Quia
2687 4664 2797 4718 duo
2844 4668 3013 4718 erunt
3048 4663 3107 4718 in
3148 4679 3318 4718 carne
3354 4681 3498 4730 una;
3532 4686 3562 4714 »

1929 4762 1987 4811 et
2033 4757 2234 4821 «Quia
2281 4756 2560 4828 relinquet
2609 4757 2786 4812 homo
2829 4763 3050 4828 patrem
3101 4763 3157 4814 et
3199 4761 3463 4825 matrem,
3509 4762 3565 4811 et

1931 4849 2245 4905 adhmrebit
2285 4850 2447 4904 uxori
2493 4867 2609 4904 suae
2657 4851 2840 4921 (Ib-id.,
2880 4852 3002 4922 3t);
3037 4874 3064 4902 ››
3107 4856 3184 4919 et,
3225 4851 3562 4915 «Quoniam

1931 4944 2184 4999 membra
2216 4961 2412 4997 sumus
2451 4944 2708 5015 corporis
2741 4945 2882 5015 ejus,
2928 4945 2994 5000 de
3027 4962 3192 5000 carne
3225 4945 3365 5015 ejus,
3403 4949 3460 4998 et
3491 4944 3562 4999 de

1929 5037 2144 5092 ossibus
2198 5038 2320 5108 ejus
2366 5038 2547 5106 (Ibid,
2592 5040 2702 5108 30).
2734 5061 2761 5087 ››
2799 5039 2931 5102 Quis
2974 5045 3056 5093 est
3102 5040 3206 5093 iste
3252 5039 3338 5091 vir
3380 5054 3559 5108 prop-

1929 5137 2018 5186 ter
2071 5147 2242 5202 quem
2296 5132 2505 5186 mulier
2557 5135 2819 5203 parentes
2885 5133 3212 5203 relinquat?
3268 5129 3562 5201 Relinquit

1929 5228 2193 5296 parentes
2226 5226 2486 5294 Ecclesia,
2524 5241 2650 5296 quae
2693 5225 2763 5278 de
2809 5224 3111 5295 gentilibus
3161 5223 3381 5294 populis
3419 5239 3558 5277 con-

1931 5321 2171 5391 gregata
2213 5323 2318 5385 est,
2361 5319 2450 5373 cui
2493 5319 2819 5389 prophetiae
2864 5317 3114 5372 dicitur:
3161 5339 3187 5366 ‹‹
3215 5316 3557 5372 Obliviscere

1931 5413 2206 5485 populum
2248 5420 2434 5481 tuum,
2477 5416 2534 5466 et
2575 5411 2811 5466 domum
2860 5411 3033 5480 patris
3080 5411 3164 5465 tui
3202 5411 3364 5478 (Psal.
3412 5425 3556 5478 xLiv,

1934 5510 2038 5576 11).
2084 5527 2111 5555 ››
2159 5507 2396 5578 Propter
2441 5520 2614 5576 quem
2665 5505 2872 5570 virum,
2921 5504 3026 5558 nisi
3082 5504 3225 5562 forte
3279 5503 3438 5557 illum
3489 5504 3558 5559 de

1929 5700 2126 5752 Graeca
2153 5700 2246 5750 illa
2273 5699 2423 5750 LXX
2455 5699 2682 5759 Senum,
2710 5699 2792 5746 καὶ
2826 5697 3132 5761 ἀνεπλήρωσε
3172 5698 3328 5762 σάρκα
3363 5698 3558 5746 ἅντάὐ-

1926 5771 2024 5829 ιῆς,
2055 5770 2153 5821 sed
2192 5771 2626 5834 propositionem
2664 5769 2766 5817 ἀντί
2802 5769 3046 5820 abfuisse
3085 5782 3116 5820 ει
3156 5769 3280 5820 cod.
3325 5769 3558 5822 Ambro-

1929 5843 2085 5893 siano
2115 5841 2384 5892 credibile
2412 5845 2511 5896 est.
