3926 6168
486 251 620 302 1667

1956 248 2011 301 S.
2054 248 2373 304 AMBROSII

3652 263 3752 318 l668

432 434 433 437 η
481 388 593 442 quo
639 370 775 424 dicit
814 370 1100 423 Joannes:
1150 389 1179 416 ‹‹
1212 369 1343 422 Post
1386 384 1480 422 me
1521 368 1675 423 venit
1718 369 1804 422 vir
1844 369 1941 442 qui
1981 375 2111 427 ante
2135 376 2325 457 Atur,
2350 388 2525 443 quam
2563 389 2708 427 unus
2736 376 3062 444 assumptus
3097 372 3224 427 est?
3256 373 3384 427 Haec
3408 374 3543 430 enim
3571 383 3640 433 est
3663 398 3765 452 spes

480 481 573 518 me
624 464 804 518 factus
855 469 939 518 est
998 465 1191 531 (Joan.,
1239 479 1277 530 1,
1327 462 1462 532 27)?
1507 482 1535 513 »
1594 464 1669 516 De
1721 463 1880 533 cujus
1935 465 2111 519 latere

480 557 811 613 dormientis
863 558 1075 610 costam
1128 557 1276 610 Deus
1321 555 1594 626 sumpsit;
1644 557 1761 627 ipse
1818 556 1976 610 enim
2027 563 2112 612 est

480 652 579 721 qui
634 649 923 715 dormivit,
981 653 1036 703 et
1086 648 1303 720 quievit
1349 652 1406 703 et
1450 650 1789 717 resurrexit;
1836 649 2112 720 quoniam

486 745 755 798 Dominus
797 743 1047 813 suscepit
1089 759 1241 797 eum.
1287 744 1422 806 Quae
1463 749 1549 797 est
1586 742 1756 813 hujus
1800 746 1952 796 costa
2004 744 2112 797 nisi

480 837 657 891 virtus
715 836 869 908 ('20)?
917 836 1060 899 Quia
1116 839 1251 891 tunc
1306 836 1532 906 quando
1587 836 1750 890 miles
1796 837 1938 890 latus
1994 837 2114 906 ejus

483 931 791 1001 aperuerit,
839 930 1107 984 continuo
1147 946 1293 1001 aqua
1333 934 1391 984 et
1429 929 1662 999 sanguis
1707 929 1880 984 exivit
1912 931 2110 999 (Joan.,

484 1041 597 1092 χιχ,
628 1026 735 1094 34),
766 1023 863 1095 qui
903 1022 1115 1077 effusus
1156 1029 1242 1077 est
1286 1038 1389 1092 pro
1431 1022 1623 1077 saeculi
1664 1023 1795 1078 vita.
1841 1024 1967 1077 Haec
2004 1040 2109 1077 sa:-

483 1118 597 1172 culi
651 1117 786 1184 vita,
835 1122 989 1171 costa
1038 1116 1245 1171 Christi
1292 1121 1377 1170 est
1428 1137 1438 1167 :
1494 1116 1617 1170 haec
1666 1122 1821 1171 costa
1876 1116 2110 1171 secundi

485 1218 570 1266 est
610 1211 810 1266 Adam.
853 1210 1074 1263 Primus
1114 1209 1268 1263 enim
1309 1209 1487 1264 Adam
1525 1209 1585 1263 in
1627 1210 1878 1265 animam
1913 1209 2110 1264 viven-

484 1310 620 1372 tem,
664 1303 1002 1359 novissimus
1049 1303 1230 1356 Adam
1272 1302 1332 1357 in
1378 1303 1641 1373 spiritum
1684 1303 2109 1358 viviﬁcantem:

486 1398 825 1453 novissimus
874 1396 1054 1452 Adam
1097 1396 1354 1451 Christus
1402 1399 1508 1464 est,
1556 1403 1708 1451 costa
1749 1398 1956 1453 Christi
1999 1398 2115 1451 vita

487 1491 746 1545 Ecclesia:
807 1496 911 1544 est.
961 1490 1068 1543 Nos
1123 1506 1262 1560 ergo
1313 1490 1571 1544 membra
1619 1507 1814 1545 sumus
1863 1490 2113 1561 corporis

484 1584 625 1655 ejus,
660 1583 730 1636 de
761 1599 929 1638 carne
965 1583 1106 1653 ejus,
1151 1586 1209 1637 et
1241 1583 1308 1637 de
1339 1583 1554 1637 ossibus
1581 1584 1721 1654 ejus.
1764 1585 1832 1637 Et
1870 1583 2114 1638 fortasse

484 1678 604 1731 haec
631 1681 717 1731 est
743 1679 900 1731 costa
928 1677 998 1731 de
1035 1692 1151 1747 qua
1189 1676 1331 1731 dixit
1361 1694 1373 1731 :
1412 1698 1438 1725 ‹‹
1469 1677 1665 1732 Sentio
1706 1678 1775 1732 de
1816 1693 1906 1732 me
1937 1678 2110 1732 virtu-

2214 465 2491 521 Ecclesias.
2534 467 2809 539 Rapietur
2844 466 3124 537 profecto,
3166 472 3489 533 assumatur,
3515 474 3764 530 transfere-

2210 564 2306 613 tur
2331 560 2398 613 ad
2434 560 2660 615 ecelum.
2694 562 2835 615 Ecce
2883 577 3052 615 curru
3100 561 3273 631 igneo
3311 562 3490 630 raptus
3527 568 3603 617 est
3621 567 3769 633 Elias;

2210 653 2461 723 rapietur
2500 658 2559 709 et
2603 654 2867 709 Ecclesia.
2907 655 3031 709 Non
3080 654 3225 708 mihi
3269 654 3481 709 credis?
3517 657 3664 713 Crede
3701 664 3768 715 vel

2212 747 2405 814 Paulo,
2449 747 2504 800 in
2551 764 2662 818 quo
2706 748 2958 802 Christus
2998 748 3221 802 locutus
3264 751 3391 801 est:
3436 770 3460 797 ‹‹
3494 750 3774 822 Rapiemur,

2214 841 2417 911 inquit,
2458 841 2519 895 in
2566 840 2810 895 nubibus
2851 841 3075 896 obviam
3116 841 3338 898 Christo
3381 841 3435 895 in
3473 859 3608 910 aera,
3636 849 3682 899 et
3716 848 3777 902 ita

2213 950 2439 1005 semper
2465 950 2599 989 cum
2626 934 2871 989 Domino
2898 935 3115 989 erimus
3142 936 3178 1004 (1
3217 936 3417 997 Thess,
3448 952 3517 1003 ιγ,
3549 938 3644 1007 to).
3673 960 3694 986 υ

2284 1030 2371 1082 89.
2406 1028 2489 1082 Ad
2530 1028 2682 1082 hanc
2718 1028 2897 1098 igitur
2935 1028 3328 1083 aedificandam
3361 1028 3647 1083 mittuntur
3681 1034 3780 1101 qui-

2214 1121 2344 1176 dem
2380 1121 2595 1191 plures,
2634 1121 2941 1195 mittuntur
2977 1120 3334 1192 patriarcha,
3369 1120 3652 1176 mittuntur
3676 1141 3782 1193 pro-

2212 1216 2416 1286 phetas,
2449 1214 2694 1269 mittitur
2721 1214 2943 1271 Gabriel
2984 1215 3383 1285 archangelus,
3415 1213 3681 1270 innumeri
3702 1233 3784 1270 an-

2213 1309 2327 1379 geli
2384 1308 2739 1379 diriguntur,
2796 1311 2854 1362 et
2910 1308 3215 1362 multitudo
3268 1308 3505 1362 ccelestis
3556 1310 3789 1364 exercitus

2213 1403 2394 1456 Deum
2431 1401 2645 1468 laudat,
2697 1402 2829 1472 quia
2873 1402 3111 1455 civitatis
3150 1401 3321 1471 hujus
3368 1401 3650 1456 aedificatio
3684 1419 3791 1472 pro-

2212 1495 2475 1566 pinquat.
2526 1496 2821 1551 Mittuntur
2869 1496 3060 1566 plures
3111 1495 3183 1549 ad
3228 1510 3380 1562 eam,
3433 1495 3525 1549 sed
3576 1496 3795 1549 Christus

2213 1605 2338 1644 eam
2393 1590 2542 1644 solus
2594 1589 2865 1655 aedificat,
2922 1604 3121 1643 verum
3172 1604 3287 1642 non
3343 1593 3430 1642 est
3481 1589 3641 1655 solus,
3693 1590 3799 1659 quia

2212 1685 2375 1738 Pater
2418 1699 2666 1753 praesens
2721 1688 2821 1737 est.
2874 1684 2941 1737 Et
2990 1683 3037 1736 si
3090 1682 3243 1737 solus
3286 1680 3542 1748 aediﬁcat,
3588 1682 3801 1751 gratiam

484 1775 601 1825 tem
632 1771 807 1825 BXiSSB
838 1774 1008 1838 (Ιιῖιοοι
1048 1787 1163 1837 VIII,
1191 1771 1299 1835 46)-
1332 1793 1359 1820 ”
1391 1774 1518 1825 "me
1561 1776 1643 1825 est
1682 1776 1837 1825 costa
1884 1788 2011 1841 quae
2041 1772 2111 1826 de
2132 1749 2190 1822 Β
2213 1780 2400 1832 tamen
2421 1749 2602 1831 tanta:
2628 1776 3019 1831 aediﬁcationis
3048 1792 3160 1831 non
3188 1776 3341 1831 solus
3365 1749 3613 1845 usurpat.
3643 1775 3803 1845 Scrip-

486 1865 709 1919 Christo
772 1864 974 1932 exivit,
1025 1880 1127 1918 nec
1185 1880 1388 1934 corpus
1445 1866 1565 1935 ejus
1621 1865 1942 1933 imminuit;
2000 1882 2112 1919 non

460 1958 644 2015 enim
697 1957 1022 2028 corporalis,
1065 1957 1164 2012 sed
1208 1958 1480 2028 spiritalis
1528 1962 1611 2012 est
1656 1961 1836 2025 costa;
1885 1959 2114 2029 spiritus

485 2054 676 2106 autem
705 2067 823 2105 non
854 2050 1121 2105 dividitur
1146 2050 1284 2121 ipse,
1318 2052 1416 2105 sed
1448 2050 1649 2106 dividit
1671 2052 1907 2122 singulis
1946 2059 2117 2123 prout

485 2146 622 2199 vult.
677 2146 803 2199 HERC
856 2148 940 2198 est
990 2145 1105 2198 Eva
1149 2149 1333 2199 mater
1379 2146 1636 2199 omnium
1685 2146 2011 2201 viventium.
2060 2146 2114 2202 Si

487 2238 643 2294 enim
684 2238 971 2310 intelligas
1003 2239 1283 2293 viventem
1324 2256 1456 2294 cum
1497 2239 1733 2293 mortuis
1772 2240 1951 2309 quaeri
1980 2240 2112 2309 (21),

486 2331 757 2402 intelligis
795 2348 890 2386 eos
928 2337 1182 2387 mortuos
1219 2348 1361 2397 esse,
1402 2332 1499 2403 qui
1545 2333 1666 2386 sine
1709 2333 1931 2388 Christo
1963 2337 2113 2400 sunt,

488 2425 586 2495 qui
610 2425 914 2495 participes
944 2426 1073 2479 vitae
1114 2442 1231 2479 non
1265 2428 1426 2493 sunt;
1468 2426 1572 2480 hoc
1600 2430 1687 2480 est
1724 2425 1878 2480 enim
1906 2426 2115 2482 Christi

487 2534 602 2572 non
657 2534 777 2572 esse
830 2518 1156 2589 participes,
1209 2519 1343 2589 quia
1392 2519 1646 2574 Christus
1691 2523 1775 2574 est
1822 2519 1938 2574 vita
1986 2521 2113 2587 (22).

486 2613 660 2667 Mater
703 2628 841 2683 ergo
883 2612 1192 2667 viventium
1234 2612 1479 2667 Ecclesia
1523 2618 1624 2681 est,
1654 2628 1825 2684 quam
1868 2613 2113 2668 tediﬁca-

488 2706 567 2760 vit
610 2708 752 2761 Deus
803 2706 860 2759 in
905 2706 1025 2777 ipso
1082 2722 1306 2760 summo
1360 2706 1622 2776 angulari
1666 2707 1851 2778 lapide
1894 2707 2115 2762 Christo

485 2800 634 2865 Jesu,
664 2799 724 2853 in
769 2816 881 2870 quo
922 2799 1108 2854 omnis
1151 2804 1433 2854 structura
1473 2800 1875 2871 compaginata
1915 2801 2117 2855 crescit

485 2894 547 2948 in
572 2894 851 2965 templum
882 2893 998 2947 Dei.

557 2991 646 3043 87.
690 2988 894 3042 Veniat
939 3003 1077 3057 ergo
1118 2987 1284 3054 Deus,
1317 2987 1561 3042 aediﬁcet
1598 2987 1918 3053 mulierem,
1961 2988 2115 3042 illam

486 3082 724 3153 quidem
768 3081 1106 3151 adjutricem
1149 3080 1301 3147 Adae,
1349 3082 1500 3135 hanc
1545 3097 1678 3135 vero
1715 3081 1937 3136 Christi.
1991 3083 2111 3135 Non
2135 3120 2189 3191 Ο

485 3174 620 3247 quia
656 3173 907 3228 Christus
951 3174 1347 3244 adjumentum
1389 3174 1644 3245 requirit,
1688 3175 1784 3229 scd
1831 3175 1965 3246 quia
2010 3192 2113 3230 nos

485 3268 796 3338 quaerimus
836 3273 893 3321 et
932 3267 1321 3323 desideramus
1364 3268 1439 3322 ad
1481 3268 1688 3323 Christi
1734 3268 1973 3339 gratiam
2015 3285 2115 3339 per

485 3360 790 3417 Ecclesiam
829 3360 1142 3431 pervenire.
1185 3364 1252 3416 Et
1296 3378 1447 3416 nunc
1493 3362 1825 3430 aadiﬁcatur,
1867 3366 1923 3417 et
1965 3381 2115 3418 nunc

483 3456 784 3524 formatur,
825 3460 884 3510 et
920 3471 1071 3510 nunc
1102 3456 1307 3510 mulier
1346 3456 1643 3527 ﬁguratur,
1680 3460 1738 3510 et
1777 3473 1927 3511 nunc
1957 3473 2110 3511 crea-

486 3555 597 3603 tur.
643 3550 713 3603 Et
760 3548 888 3603 ideo
941 3566 1084 3604 novo
1129 3549 1299 3604 verbo
1344 3566 1447 3604 usa
1496 3553 1581 3605 est
1624 3549 1937 3621 Scriptura,
1979 3551 2115 3622 quia

480 3642 1002 3714 supermdificamur
1039 3660 1208 3715 super
1250 3643 1689 3699 fundamentum
1728 3645 2111 3714 apostolorum

484 3741 543 3791 et
586 3738 1000 3809 prophetarum
1047 3738 1281 3808 (Ephes.,
1331 3755 1388 3806 ιι,
1434 3737 1546 3809 20).
1594 3739 1662 3792 Et
1710 3754 1859 3792 nunc
1914 3739 2116 3793 domus

483 3830 750 3902 spiritalis
800 3831 981 3902 surgit
1042 3831 1096 3885 in
1163 3831 1543 3886 sacerdotium
1600 3836 1880 3886 sanctum.
1938 3832 2111 3899 Veni,

482 3925 718 3979 Domine
758 3926 924 3991 Deus,
964 3923 1181 3978 aediﬁca
1224 3924 1528 3979 mulierem
1576 3923 1762 3991 istam,
1793 3924 2010 3979 aadifica
2035 3925 2110 3979 ci-

483 4019 753 4084 vitatem;
805 4016 1051 4090 1311
1106 4018 1295 4073 veniat
1329 4024 1384 4072 et
1423 4035 1567 4089 puer
1605 4024 1764 4087 tuus;
1806 4018 1912 4072 tibi
1962 4019 2116 4073 enim

484 4111 649 4165 credo
704 4111 912 4165 dicenti
962 4127 974 4165 :
1030 4132 1057 4158 «
1106 4113 1226 4182 Ipse
1280 4112 1580 4166 tediﬁcabit
1632 4112 1916 4167 civitatem
1972 4113 2115 4167 mihi

485 4208 638 4273 (Isa.,
671 4220 789 4270 va,
824 4204 931 4276 l3).
968 4226 994 4254 ››

556 4300 643 4352 88.
703 4299 843 4352 Ecce
900 4298 1106 4352 mulier
1157 4297 1413 4351 omnium
1462 4302 1671 4364 mater,
1726 4315 1851 4353 ecce
1914 4300 2115 4353 domus

2213 1876 2337 1925 tum
2362 1876 2443 1925 est
2467 1871 2536 1924 de
2564 1871 2795 1941 templo,
2824 1871 2972 1941 quod
3001 1869 3299 1925 aedificavit
3325 1869 3617 1935 Salomon,
3636 1869 3688 1921 in
3711 1884 3805 1939 quo

2214 1968 2383 2035 typus
2422 1963 2680 2018 Ecclesiae
2722 1964 2848 2032 fuit,
2894 1964 3028 2035 quia
3065 1964 3435 2035 septuaginta
3470 1962 3638 2017 millia
3673 1964 3810 2016 erant

2215 2058 2311 2130 qui
2338 2058 2397 2112 in
2428 2058 2682 2112 humeris
2716 2063 3030 2128 portarent,
3068 2064 3123 2112 et
3168 2057 3464 2127 octoginta
3493 2056 3664 2109 millia
3685 2055 3805 2126 lapi-

2215 2153 2353 2207 dum
2393 2168 2630 2207 cmsores
2669 2152 2797 2222 (23),
2836 2155 2893 2205 et
2932 2151 3041 2206 tria
3085 2152 3261 2206 millia
3304 2151 3559 2205 sexcenti
3604 2164 3812 2220 operum

2216 2245 2505 2316 praepositi
2528 2246 2593 2314 (ll
2611 2246 2823 2307 Paral.,
2847 2262 2907 2314 ιι,
2928 2246 3005 2315 2).
3023 2245 3265 2299 Veniant
3284 2244 3477 2315 angeli
3496 2243 3597 2310 illi,
3618 2242 3814 2296 veniant

2214 2339 2471 2409 lapidum
2500 2355 2759 2407 censores,
2786 2339 3082 2393 caedantur
3107 2338 3399 2408 superﬂua
3432 2337 3681 2408 lapidum
3706 2352 3815 2389 nos-

2216 2435 2455 2501 trorum,
2487 2449 2684 2503 aspera
2724 2433 3083 2504 laevigantur.
3126 2432 3372 2486 Veniant
3413 2436 3472 2485 et
3511 2430 3605 2501 qui
3644 2429 3697 2482 in
3730 2428 3814 2481 hu-

2217 2526 2388 2579 meris
2415 2529 2674 2596 portant;
2706 2526 2979 2596 scriptum
3022 2528 3106 2578 est
3130 2524 3281 2579 enim
3320 2542 3334 2578 :
3372 2545 3400 2573 «
3432 2524 3613 2594 Super
3644 2522 3817 2575 hume-

2216 2636 2307 2673 ros
2336 2620 2610 2672 tollentur
2638 2620 2784 2683 (lsa.,
2824 2635 2965 2685 xux,
2994 2618 3104 2689 '22).
3140 2639 3167 2667 »

2288 2716 2375 2767 90.
2435 2712 2599 2766 Venit
2653 2729 2789 2783 ergo
2839 2713 2906 2766 ad
2958 2714 3259 2781 Joannem,
3313 2710 3595 2782 quoniam
3647 2711 3825 2763 caetera

2217 2805 2590 2877 comperistis.
2648 2806 2809 2860 Venit
2855 2805 2929 2859 ad
2978 2805 3206 2860 Joannis
3258 2805 3557 2875 baptisma
3612 2802 3823 2875 (Mutilus

2216 2916 2291 2967 Ill,
2322 2900 2409 2969 13)
2426 2916 2442 2967 ;
2477 2898 2576 2953 sed
2601 2899 2831 2953 Joannis
2862 2899 3145 2970 baptisma
3172 2898 3432 2953 habebat
3459 2894 3827 2968 paenitentiam

2216 2993 2572 3048 delictorum.
2602 2993 2669 3046 Et
2698 2992 2823 3047 ideo
2861 2992 3125 3063 prohibet
3154 3008 3287 3046 eum
3324 2993 3585 3046 Joannes
3615 2990 3789 3043 dicens
3815 3001 3823 3037 :

2218 3107 2247 3135 «
2280 3089 2396 3158 Ego
2424 3104 2454 3140 a
2482 3091 2535 3141 te
2560 3087 2738 3142 debeo
2766 3086 3059 3158 baptizari,
3084 3092 3141 3140 et
3170 3092 3231 3140 tu
3263 3086 3432 3141 venis
3453 3085 3527 3139 ad
3556 3099 3649 3138 me
3667 3079 3828 3153 (Ibid,

2218 3182 2344 3249 l4)?
2375 3200 2402 3231 »
2436 3183 2549 3237 Cur
2572 3181 2727 3236 venis
2757 3181 2824 3234 ad
2867 3196 2980 3247 me,
3011 3180 3107 3251 qui
3146 3182 3456 3251 peccatum
3486 3194 3605 3232 non
3634 3173 3829 3229 habes?

2215 3276 2312 3328 llle
2334 3274 2487 3328 enim
2506 3274 2872 3345 baptizandus
2898 3277 2983 3327 est
3002 3290 3035 3327 a
3062 3290 3174 3342 me,
3198 3273 3299 3344 qui
3324 3277 3633 3345 peccatum
3652 3267 3831 3332 habet;

2214 3368 2311 3439 qui
2342 3371 2535 3421 autem
2565 3373 2862 3439 peccatum
2892 3383 3011 3421 non
3043 3366 3194 3433 fecit,
3229 3367 3534 3421 lavacrum
3574 3361 3828 3435 poeniten-

2213 3462 2306 3516 tiae
2336 3478 2436 3515 cur
2461 3460 2753 3532 requirat?
2778 3482 2803 3507 ‹‹
2835 3460 2989 3530 Sine,
3020 3459 3227 3531 inquit,
3258 3460 3441 3515 modo
3467 3458 3656 3530 (Ibid.,
3687 3456 3786 3524 15);
3811 3474 3832 3495 ν

2215 3554 2319 3609 hoc
2371 3558 2476 3619 est,
2534 3554 2668 3608 dum
2738 3552 2987 3607 Ecclesia
3048 3553 3393 3621 aediﬁcetur,
3458 3575 3487 3600 «
3545 3550 3702 3605 decet
3755 3559 3836 3599 n05

2216 3649 2451 3719 implere
2480 3664 2714 3702 omnem
2740 3647 3021 3717 justitiam
3048 3647 3248 3717 (Ibid)
3286 3668 3316 3696 ››
3345 3648 3490 3711 Quae
3521 3650 3607 3699 est
3626 3640 3835 3713 justitia,

2214 3742 2321 3796 nisi
2367 3741 2788 3796 misericordia?
2820 3761 2847 3789 «
2879 3741 3148 3811 Dispersit
3177 3740 3409 3810 (enim),
3454 3738 3618 3793 dedit
3651 3748 3836 3807 paupe-

2216 3835 2401 3904 ribus;
2442 3834 2665 3905 justitia
2712 3834 2833 3905 ejus
2878 3839 3071 3889 manet
3113 3834 3171 3888 in
3216 3837 3519 3888 aeternum
3557 3830 3716 3902 (Psal.
3753 3840 3838 3891 cn,

2217 3928 2291 3999 9).
2330 3951 2354 3977 ››
2390 3927 2555 3982 Dedit
2583 3928 2722 3982 mihi
2748 3927 3011 3999 pauperi,
3040 3926 3197 3982 dedit
3228 3928 3387 3981 mihi
3426 3925 3587 3996 inopi
3625 3921 3838 3994 gratiam

2217 4038 2387 4093 quam
2422 4024 2554 4077 ante
2580 4037 2695 4075 non
2737 4020 2932 4076 habui.
2971 4042 2998 4071 ‹‹
3027 4021 3247 4076 Justitia
3287 4019 3481 4092 (ergo)
3516 4020 3640 4090 ejus
3676 4015 3841 4070 manet

2214 4117 2275 4170 in
2312 4120 2612 4170 internum.
2642 4136 2669 4165 ››
2704 4115 2841 4179 Quae
2875 4121 2959 4169 est
2996 4115 3234 4185 justitia,
3281 4115 3400 4169 nisi
3432 4118 3502 4169 ut
3541 4111 3696 4185 quod
3722 4109 3840 4163 alte-

2219 4226 2349 4264 rum
2396 4211 2583 4264 facere
2623 4208 2779 4276 velis,
2818 4210 2976 4280 prior
3014 4209 3135 4279 ipse
3175 4208 3453 4280 incipias,
3493 4210 3555 4262 et
3592 4213 3686 4261 tuo
3724 4202 3839 4257 alios

2216 4304 2464 4358 horteris
2511 4303 2814 4375 exemplo?
2866 4303 3003 4366 Quse
3058 4305 3143 4357 est
3179 4302 3437 4373 justitia,
3496 4301 3609 4356 nisi
3658 4304 3714 4352 ut
3763 4293 3839 4365 qui

483 4390 773 4464 spiritalis,
805 4408 935 4446 ecce
973 4391 1166 4446 civitas
1206 4407 1334 4462 qua:
1379 4391 1521 4445 vivet
1561 4393 1618 4445 in
1648 4396 1949 4455 aeternum,
1981 4393 2117 4462 quia
2216 4413 2444 4452 carnem
2477 4397 2744 4467 suscepit,
2767 4412 2884 4450 non
2913 4395 3072 4467 quasi
3103 4397 3252 4450 Deus
3284 4412 3535 4451 sensum
3560 4398 3658 4448 aut
3678 4387 3841 4446 minis-

482 4486 631 4540 mori
664 4486 861 4540 nescit.
908 4487 1030 4557 Ipsa
1075 4484 1231 4539 enim
1272 4490 1355 4539 est
1392 4485 1586 4539 civitas
1625 4485 1959 4553 Jerusalem,
1988 4486 2192 4557 quael)
2216 4490 2422 4546 terium
2458 4491 2644 4544 carnis
2683 4489 3035 4559 excluderet;
3065 4489 3161 4543 sed
3206 4489 3382 4560 quasi
3422 4490 3601 4543 homo
3638 4498 3841 4541 carnem

487 4595 636 4633 nunc
666 4579 895 4633 videtur
930 4579 989 4633 in
1031 4579 1216 4647 terris,
1258 4579 1353 4634 sed
1396 4578 1649 4650 rapietur
1689 4595 1860 4650 supra
1898 4580 2112 4648 Eliam;
2214 4585 2483 4650 vinceret,
2518 4587 2579 4637 ut
2624 4584 2846 4637 vincere
2878 4599 2973 4637 me
3011 4582 3282 4638 doceret?
3322 4583 3542 4637 Docuit
3582 4581 3730 4637 enim
3767 4589 3840 4629 me

484 4671 632 4727 Elias
671 4672 824 4726 enim
878 4688 1023 4725 unus
1068 4672 1195 4726 fuit.
1241 4674 1640 4727 Transferetur
1683 4689 1854 4744 super
1901 4672 2110 4741 Enoch,

483 4766 643 4837 cujus
670 4782 822 4819 mors
864 4782 979 4819 non
1010 4765 1315 4820 invenitur.
1350 4766 1447 4820 Ille
1476 4767 1629 4820 enim
1677 4770 1867 4837 raptus
1904 4770 2008 4834 est,
2042 4782 2112 4820 ne

484 4860 706 4915 malitia
740 4863 1058 4913 mutaretur
1083 4875 1178 4912 cor
1218 4859 1374 4929 ejus;
1405 4859 1526 4913 haec
1564 4865 1755 4914 autem
1799 4860 2054 4929 diligitur
2082 4876 2114 4913 a

481 4955 701 5009 Christo
731 4953 892 5024 quasi
925 4968 1134 5024 sponsa
1176 4952 1434 5023 gloriosa,
1464 4959 1677 5021 sancta,
1724 4954 2110 5020 immaculata,

482 5049 601 5103 sine
639 5064 805 5120 ruga.
837 5048 902 5101 Et
928 5050 1140 5118 quanto
1178 5046 1383 5101 melius
1430 5050 1613 5101 totum
1643 5063 1846 5117 corpus
1869 5047 2110 5102 assumi-

540 5234 638 5298 (20)
692 5235 848 5286 Rom.
908 5232 1060 5294 edit.,
1117 5234 1225 5282 nisi
1289 5232 1439 5295 vita;
1492 5230 1753 5296 reliquie,
1810 5236 1865 5281 et
1926 5233 2111 5281 cuncti

479 5321 632 5366 mss.,
680 5307 787 5357 nisi
823 5307 1012 5355 virtus.
1063 5304 1135 5354 Et
1181 5305 1305 5354 haec
1358 5305 1524 5353 lectio
1564 5304 1694 5352 inde
1734 5304 2110 5363 conﬁrmatur,

479 5377 627 5441 quod
657 5379 856 5427 citatur
882 5378 1023 5426 infra
1056 5389 1067 5423 :
1097 5376 1275 5425 Sentio
1300 5375 1363 5424 de
1391 5388 1472 5422 me
1495 5374 1744 5423 virtutem
1767 5373 1952 5423 exisse.

542 5449 637 5510 (2t)
692 5449 818 5499 Mss.
875 5451 1106 5511 septem,
1158 5445 1423 5509 intelligas
1482 5446 1753 5500 viventem,
1806 5444 1934 5506 quid
1996 5458 2111 5494 cum

480 5519 703 5568 mortuis
745 5518 990 5583 quaeris?
1034 5519 1141 5568 Alii
1190 5522 1321 5578 tres,
1368 5516 1634 5580 intelligas
1674 5518 1949 5574 viventem,
1997 5529 2112 5564 cum

480 5591 702 5640 mortuis
733 5604 842 5639 non
865 5592 1079 5654 quieris.
1112 5592 1185 5640 At
1217 5590 1397 5653 potior
1427 5588 1643 5637 videtur
1673 5587 1907 5637 aliorum
1944 5589 2111 5649 atque

480 5659 609 5710 edit.
637 5659 821 5709 lectio.

542 5733 635 5797 (92)
675 5730 836 5781 Corb.
869 5732 1014 5793 cod.,
1044 5733 1176 5795 quia
1207 5732 1403 5782 Christi
1428 5737 1501 5782 est
1528 5732 1657 5782 vita.

540 5804 636 5870 (23)
684 5801 805 5852 Vet.
855 5802 982 5851 edit.
1022 5816 1086 5852 ac
1129 5815 1259 5851 mss.
1312 5807 1522 5866 septem
1567 5818 1577 5851 ι
1621 5804 1753 5867 quia
1790 5801 1899 5852 tria
1937 5800 2111 5853 millia

2216 4694 2326 4748 qua
2373 4678 2595 4732 ratione
2648 4677 2855 4747 possim
2898 4676 3138 4731 terrenis
3184 4682 3534 4731 concretam
3578 4676 3719 4730 vitiis
3764 4670 3841 4724 ob-

2216 4771 2396 4825 noxiae
2423 4771 2605 4825 carnis
2640 4770 2887 4825 illuviem
2920 4770 3161 4842 sepelire
3189 4771 3567 4838 criminibus,
3600 4777 3839 4823 renovare

2219 4865 2540 4918 virtutibus.

2289 4956 2545 5030 1312
2585 4961 2673 5013 91.
2720 4961 2763 5014 Ο
2800 4974 2932 5012 vere
2976 4957 3224 5012 divinam
3274 4958 3338 5013 in
3381 4960 3508 5030 ipsa
3543 4954 3837 5012 humilitate

2214 5051 2439 5107 Domini
2510 5052 3007 5123 prospicientiaml
3063 5052 3295 5116 Quanto
3367 5053 3529 5108 enim
3597 5047 3840 5121 abjectior

2210 5235 2433 5285 sexcenti
2462 5238 2620 5283 erant
2659 5233 2753 5297 qui
2790 5232 3078 5296 portabant
3116 5233 3174 5282 in
3212 5232 3467 5284 humeris
3511 5249 3529 5283 :
3565 5238 3611 5282 et
3646 5235 3836 5293 septua-

2212 5307 2360 5369 ginta
2392 5304 2567 5355 millia
2609 5304 2846 5368 lapidum
2881 5318 3115 5363 censores,
3146 5304 3241 5353 vel
3292 5306 3523 5369 lapidis,
3552 5304 3637 5354 vel
3674 5303 3835 5351 etiam.

2215 5378 2601 5440 lapidicwsores
2654 5392 2669 5425 :
2720 5382 2766 5426 et
2819 5376 3084 5439 octoginta
3139 5375 3322 5426 millia
3388 5376 3625 5427 tollentes
3675 5381 3833 5424 onera-

2221 5450 2466 5507 Veniant,
2498 5452 2601 5498 etc.
2642 5447 2752 5497 Alii
2773 5461 2901 5497 cum
2933 5447 3060 5497 edit.
3095 5447 3258 5497 Rom.
3291 5452 3362 5498 ut
3386 5462 3494 5498 nos
3518 5449 3576 5497 in
3613 5452 3837 5506 corpore»

2212 5520 2319 5569 nisi
2354 5519 2502 5583 quod
2544 5520 2598 5568 in
2633 5518 2915 5581 plerisque
2958 5517 3352 5568 desiderantur
3393 5519 3518 5568 haec
3565 5514 3723 5565 verba
3748 5526 3759 5558 :
3784 5508 3835 5557 Et

2213 5592 2321 5639 tria
2368 5589 2541 5639 millia
2582 5590 2813 5639 sexcenti
2864 5600 3084 5651 operum
3124 5590 3425 5653 prapositi.
3466 5590 3577 5640 Alii
3619 5584 3834 5646 denique

2212 5662 2405 5711 ordine
2428 5660 2724 5724 paululum
2753 5660 2974 5712 inverso
3010 5660 3275 5711 eumdem
3322 5675 3390 5713 ac
3440 5663 3499 5711 in
3542 5663 3692 5713 textu
3728 5667 3833 5705 seu-

2211 5747 2337 5783 sum
2367 5734 2620 5783 retinent.
