3972 6174
200 278 309 330 1669

1262 268 1726 329 EXPOSITIONIS
1764 272 1833 329 IN
1870 273 2099 330 LUCAM
2142 273 2268 330 LlB.
2309 274 2374 332 ll.

3372 278 3505 331 1670

194 394 466 462 humilitas,
507 396 657 449 tanto
704 392 952 449 divinior
988 394 1372 465 providentia.
1425 396 1770 465 lnjuriarum
1792 411 1851 483 Α
1941 400 2026 451 93.
2061 398 2223 452 Venit
2248 414 2385 469 ergo
2416 397 2660 469 Spiritus
2683 397 3058 465 sanctus,'sed
3087 399 3316 453 attende
3346 415 3496 469 mys-

192 505 386 544 suarum
419 487 715 543 acerbitate
762 489 911 543 Deus
951 488 1239 559 proditur;
1282 491 1339 543 et
1374 489 1768 544 remediorum

190 598 384 637 suorum
427 598 545 651 usu,
586 581 685 652 qui
730 582 899 636 nullis
953 581 1227 637 remediis
1266 580 1575 652 indigeret,
1627 584 1771 639 Deus

188 675 436 748 probatur.
463 674 607 739 Quid
632 675 791 730 enim
822 679 943 730 tam
975 675 1233 730 divinum
1260 676 1333 730 ad
1364 675 1603 747 populos
1632 693 1767 747 pro-

185 768 448 835 vocandos,
493 785 663 839 quam
704 775 767 824 ut
812 785 983 825 nemo
1024 769 1273 840 refugiat
1309 770 1596 824 lavacrum
1636 786 1769 841 gra-

188 864 290 929 tia,
341 861 563 933 quando
615 861 870 917 Christus
918 863 1199 918 lavacrum
1251 863 1600 934 poenitentiae
1652 880 1771 917 non

184 955 403 1026 refugit?
450 956 623 1010 Nemo
672 973 733 1011 se
798 956 953 1011 dicat
1011 958 1290 1011 exsortem
1352 973 1473 1011 esse
1534 957 1770 1027 peccati,

183 1050 376 1121 quando
420 1049 673 1104 Christus
714 1050 868 1104 venit
908 1050 980 1104 ad
1026 1049 1350 1105 remedium
1387 1055 1769 1121 peccatorum.

182 1143 226 1197 Si
252 1160 344 1212 pro
373 1142 531 1197 nobis
559 1142 813 1197 Christus
838 1143 997 1209 lavit,
1028 1142 1145 1198 imo
1173 1159 1279 1198 nos
1317 1142 1377 1197 in
1405 1159 1641 1214 corpore
1671 1159 1772 1198 suo

181 1236 308 1305 lavit,
338 1240 548 1306 quanto
580 1237 769 1307 magis
794 1253 896 1292 nos
928 1242 1118 1292 nostra
1151 1236 1356 1291 delicta
1380 1237 1568 1291 lavare
1598 1236 1769 1292 debe-

181 1328 317 1383 mus?
340 1328 457 1393 Quo
494 1329 674 1401 igitur
712 1330 895 1402 magis
944 1346 1140 1401 opere,
1173 1346 1287 1401 quo
1333 1330 1517 1401 magis
1559 1334 1769 1403 myste-

180 1422 247 1476 rio
282 1423 418 1478 Deus
450 1432 805 1496 (quanquam
852 1424 1000 1479 Deus
1040 1424 1101 1478 in
1144 1423 1426 1494 omnibus)
1457 1440 1627 1495 quam
1663 1424 1773 1478 hoc

180 1515 451 1587 probatur;
480 1516 708 1586 quando
737 1532 841 1588 per
866 1520 1052 1572 totum
1083 1516 1385 1584 mundum,
1409 1533 1521 1588 qua
1548 1516 1773 1588 generis

180 1609 385 1663 humani
403 1610 652 1664 conditio
670 1609 1034 1680 diffunditur,
1058 1627 1162 1681 per
1181 1615 1571 1681 separatarum
1595 1610 1775 1664 divor-

178 1705 237 1757 tia
262 1709 574 1775 tractusque
608 1703 934 1773 regionum,
966 1720 1080 1758 uno
1110 1710 1401 1759 momento
1429 1704 1485 1758 in
1515 1721 1630 1758 uno
1657 1720 1775 1758 cor-

1868 491 2098 546 terium.
2151 492 2314 547 Venit
2362 492 2431 546 ad
2485 493 2790 548 Christum.

1868 583 2171 654 ipsum.....
2218 585 2369 639 facta
2411 591 2662 641 sunt.....
2715 588 2773 639 et
2814 585 2875 639 in
2924 584 3049 655 ipso
3094 586 3351 639 constant
3389 586 3504 653 (Co-

1871 679 2016 739 toss.,
2047 694 2082 744 ι,
2118 681 2203 744 16,
2245 680 2353 748 t7.)
2389 701 2418 729 ››
2465 679 2572 734 Sed
2614 678 2743 734 vide
2784 678 3128 733 benevolum
3172 678 3498 747 Dominum,

1869 772 1970 842 qui
2016 770 2169 825 solus
2210 787 2270 826 se
2317 771 2537 842 injuriis
2583 771 2852 840 subdidit,
2904 771 3057 826 solus
3097 771 3340 842 gratiam
3385 787 3504 826 non

1870 863 2141 935 quaesivit.
2188 865 2257 918 Et
2304 864 2398 918 ubi
2447 864 2743 920 aediﬁcavit
2790 864 3135 920 Ecclesiam?
3177 885 3205 914 ‹‹
3250 864 3500 935 Rogabo,

1870 957 2076 1028 inquit,
2109 959 2353 1025 Patrem,
2385 964 2442 1013 et
2471 958 2649 1012 alium
2673 958 3026 1013 Paracletum
3055 957 3211 1012 dabit
3236 957 3412 1025 vobis,
3437 962 3505 1011 ut

1870 1051 2160 1106 vobiscum
2199 1050 2269 1104 sit
2308 1051 2366 1104 in
2408 1054 2709 1119 aeternum,
2747 1051 2982 1122 spiritus
3018 1050 3289 1119 veritatis,
3331 1066 3505 1121 quem

1871 1145 1964 1200 hic
2006 1143 2255 1199 mundus
2304 1161 2421 1199 non
2463 1151 2654 1216 potest
2693 1146 2982 1216 accipere,
3021 1146 3155 1216 quia
3198 1161 3315 1200 non
3353 1145 3507 1200 videt

2848 513 2876 540 ‹‹
2934 491 3142 546 Omnia
3196 493 3346 546 enim
3395 509 3500 563 per

1872 1254 2027 1304 eum,
2067 1254 2173 1294 nec
2200 1238 2460 1310 agnoscit
2488 1254 2624 1294 eum
2667 1239 2868 1309 (Joan.,
2910 1255 3020 1308 xxv,
3062 1241 3147 1307 16,
3180 1239 3288 1310 17).
3324 1262 3351 1289 ››
3393 1239 3506 1293 Me-

1870 1330 1982 1385 rito
2037 1329 2297 1403 1313
2351 1347 2489 1403 ergo
2543 1348 2602 1386 se
2653 1331 2712 1386 in
2768 1346 3006 1401 corpore
3064 1331 3504 1400 demonstravit,

1871 1424 2137 1495 quoniam
2165 1424 2478 1480 divinitatis
2505 1424 2821 1480 substantia
2851 1424 2953 1496 (26)
2987 1440 3102 1479 non
3128 1424 3369 1479 videtur.

1943 1519 2031 1573 94.
2075 1517 2327 1572 Vidimus
2367 1517 2665 1588 Spiritum,
2710 1518 2809 1572 sed
2852 1518 2913 1572 in
2954 1518 3137 1588 specie
3177 1520 3454 1589 corporali
3493 1537 3504 1572 :

1873 1611 2174 1666 videamus
2218 1618 2275 1664 et
2320 1613 2567 1665 Patrem.
2612 1611 2719 1666 Sed
2760 1611 2895 1682 quia
2932 1611 3124 1666 videre
3154 1627 3271 1666 non
3307 1628 3508 1682 possu-

1873 1721 2023 1771 mus,
2066 1703 2381 1759 audiamus.
2426 1704 2599 1760 Adest
2637 1704 2797 1758 enim
2835 1704 3145 1759 benevolus
3183 1707 3346 1772 Deus,
3388 1722 3507 1761 non

178 1812 291 1866 pore
318 1798 455 1851 Deus
485 1796 753 1851 fraudem
781 1798 986 1853 vetusti
1013 1798 1225 1852 erroris
1244 1797 1507 1864 abolevit,
1532 1797 1776 1868 gratiam
1796 1778 1851 1849 B
1876 1798 2233 1868 derelinquet
2252 1797 2531 1868 templum
2553 1814 2741 1852 suum.
2765 1798 2895 1852 Vult
2915 1814 3150 1853 omnem
3170 1798 3507 1854 exaediﬁcari

178 1891 313 1961 regni
345 1891 587 1946 caelestis
616 1892 855 1947 effudit?
890 1892 1048 1947 Unus
1086 1892 1242 1946 enim
1278 1892 1496 1958 mersit,
1529 1890 1629 1945 sed
1656 1891 1773 1946 ele-

180 1985 297 2038 vavit
320 2001 515 2041 omnes
555 1985 699 2056 (24);
728 2002 876 2041 unus
913 1985 1220 2052 descendit,
1257 1990 1319 2040 ut
1345 1984 1778 2040 ascenderemus

180 2095 366 2148 omnes,
412 2096 566 2134 unus
601 2080 859 2134 omnium
900 2086 1130 2150 peccata
1166 2078 1429 2150 suscepit,
1477 2082 1539 2133 ut
1580 2078 1640 2133 in
1686 2077 1778 2131 illo

180 2172 401 2227 omnium
431 2176 669 2243 peccata
706 2176 1087 2228 morerentur.
1122 2173 1425 2227 Puriﬁcate
1452 2172 1631 2243 igitur
1659 2187 1773 2238 vos,

181 2274 227 2319 ut
256 2267 530 2337 apostolus
571 2266 707 2322 dicit
742 2267 944 2335 (Iacob,
980 2283 1055 2333 1v,
1089 2268 1162 2336 8),
1194 2265 1331 2337 quia
1375 2265 1689 2337 puriﬁcavit
1718 2281 1778 2318 se

179 2359 248 2413 ille
272 2376 365 2430 pro
389 2360 585 2429 nobis,
627 2361 723 2432 qui
768 2360 1161 2431 puriﬁcatione
1193 2376 1312 2415 non
1342 2360 1517 2430 eguit.
1552 2360 1675 2414 Haec
1705 2359 1777 2413 de

180 2452 328 2507 nobis.

233 2548 307 2600 9'2.
369 2547 531 2601 Nunc
594 2546 1012 2602 consideremus
1073 2545 1412 2617 mysterium
1468 2545 1776 2600 Trinitatis.

180 2642 331 2695 [num
371 2642 562 2695 Deum
607 2640 869 2708 dicimus,
916 2640 1013 2695 sed
1051 2642 1277 2695 Patrem
1322 2640 1679 2707 conﬁtemur,
1727 2645 1784 2694 et

180 2733 343 2788 Filium
382 2736 571 2788 Deum
600 2733 961 2789 conﬁtemur.
995 2734 1135 2788 Nam
1175 2750 1306 2788 cum
1343 2733 1616 2804 scriptum
1651 2732 1723 2787 sit
1765 2749 1778 2786 :

182 2848 202 2875 ι
240 2828 430 2899 Diliges
473 2827 794 2883 Dominum
825 2829 1003 2883 Deum
1044 2830 1230 2895 tuum,
1276 2832 1332 2883 et
1376 2827 1483 2898 ipsi
1522 2827 1627 2881 soli
1663 2842 1782 2881 ser-

179 2919 270 2975 vies
307 2922 504 2991 (Deut,
558 2939 611 2989 x,
649 2923 758 2991 20),
790 2942 818 2971 »
862 2921 1089 2993 negavit
1130 2920 1301 2976 Filius
1342 2937 1462 2975 esse
1501 2936 1560 2975 se
1600 2920 1785 2974 solum

179 3013 341 3072 dicens
370 3033 384 3070 :
414 3038 441 3063 ‹‹
472 3016 596 3071 Sed
632 3031 751 3069 non
780 3031 907 3069 sum
943 3016 1116 3083 solus,
1153 3016 1319 3070 Pater
1358 3014 1516 3069 enim
1558 3030 1788 3069 mecum

180 3113 246 3162 est
275 3110 630 3177 (Joan.,-'xv1,
668 3110 775 3179 32).
823 3131 849 3158 n
904 3110 1017 3164 Nec
1064 3125 1217 3163 nunc
1258 3109 1409 3163 solus
1458 3113 1571 3178 est;
1621 3110 1790 3163 Pater

182 3202 307 3256 enim
331 3220 387 3258 se
412 3203 621 3259 adesse
653 3205 914 3257 testatur.
948 3201 1123 3257 Adest
1156 3207 1213 3257 et
1252 3201 1495 3273 Spiritus
1529 3204 1783 3269 sanctus;

184 3310 440 3366 nunquam
478 3295 649 3351 enim
690 3299 879 3367 potest
909 3314 943 3351 a
972 3312 1031 3351 se
1074 3296 1318 3351 Trinitas
1355 3296 1624 3367 separari.
1678 3297 1787 3349 De-

182 3386 323 3459 nique
375 3396 639 3461 apertum
701 3396 779 3445 est
833 3391 1017 3445 cwtum
1037 3432 1054 3453 ,
1115 3395 1165 3444 et
1223 3389 1497 3445 descendit
1551 3390 1791 3459 Spiritus

183 3486 369 3538 amotus
410 3484 698 3555 corporali
738 3486 935 3554 specie,
987 3486 1130 3539 sicut
1186 3484 1447 3538 columba.
1498 3483 1791 3547 Quomodo

183 3590 296 3645 ergo
338 3576 596 3633 heretici
641 3577 837 3632 dicunt
872 3576 1005 3648 quia
1048 3577 1200 3632 solus
1245 3578 1304 3631 in
1350 3577 1492 3632 caelo
1543 3582 1646 3647 est,
1695 3575 1792 3648 qui

185 3683 279 3723 non
318 3678 397 3725 est
435 3672 601 3727 solus
641 3669 701 3725 in
743 3661 952 3726 terris?
981 3671 1352 3726 Advertamus
1397 3669 1733 3742 mysterium
1775 3686 1789 3724 :

184 3777 333 3831 quare
374 3766 517 3821 sicut
565 3763 866 3819 columba?
904 3763 1337 3835 Simplicitatem
1386 3764 1543 3818 enim
1581 3763 1794 3818 lavacri

185 3858 394 3928 requirit
430 3859 647 3930 gratia,
678 3861 741 3911 ut
769 3858 949 3912 simus
988 3858 1275 3929 simplices
1312 3858 1457 3913 sicut
1490 3857 1790 3913 columbae.

184 3950 352 4006 Pacem
394 3952 613 4008 lavacri
662 3952 902 4024 requirit
946 3952 1150 4023 gratia,
1190 3968 1365 4023 quam
1410 3951 1471 4005 in
1518 3954 1652 4022 typo
1694 3968 1792 4005 ve-

186 4044 269 4097 teri
307 4046 411 4117 (25)
456 4045 731 4102 columba
773 4046 1069 4117 quondam
1116 4045 1187 4100 ad
1228 4045 1384 4099 illam
1430 4061 1620 4100 arcam
1667 4061 1795 4116 quae

187 4138 282 4192 sola
317 4141 421 4195 fuit
456 4139 663 4195 diluvii
711 4139 1009 4207 immunis,
1057 4139 1284 4194 advexit
1325 4140 1496 4209 (Gem,
1528 4155 1643 4207 VIII,
1689 4140 1792 4209 Η).

191 4228 360 4287 Docuit
402 4250 500 4288 me
552 4234 716 4303 cujus
764 4238 933 4303 typus
981 4233 1244 4287 columba
1294 4234 1393 4287 illa
1434 4233 1639 4301 fuerit,
1699 4232 1799 4303 qui

192 4340 320 4380 nunc
358 4327 708 4383 descendere
746 4326 1015 4398 dignatus
1053 4332 1137 4382 est
1173 4327 1234 4381 in
1276 4327 1459 4397 specie
1500 4325 1795 4381 columbae.

195 4417 361 4474 Docuit
396 4422 455 4476 in
492 4421 592 4476 illo
630 4436 808 4487 ramo,
837 4419 898 4475 in
933 4420 1037 4475 illa
1079 4436 1208 4474 arca
1247 4423 1449 4491 typum
1489 4420 1663 4474 fuisse
1705 4436 1800 4490 pa-

1874 1891 2156 1956 animam;
2190 1891 2309 1945 vult
2346 1906 2476 1945 eam
2505 1890 2577 1945 ad
2612 1892 2857 1946 salutem
2894 1890 3242 1961 informare;
3280 1892 3398 1947 vult
3436 1893 3509 1945 la-

1876 1985 2034 2055 pides
2085 1983 2239 2039 vivos
2282 1986 2511 2053 a;terra
2559 1985 2630 2038 ad
2684 1985 2890 2039 coelum
2933 1986 3261 2041 transferre.
3313 1985 3511 2055 Diligit

1877 2079 2159 2149 templum
2195 2094 2395 2144 suum,
2438 2083 2496 2132 et
2536 2094 2641 2133 nos
2688 2078 2993 2149 diligamus
3031 2096 3183 2134 eum.
3230 2078 3290 2134 Si
3326 2078 3513 2149 diligi-

1878 2189 2007 2226 mus
2039 2174 2240 2240 Deum,
2287 2174 2568 2243 praecepta
2606 2170 2729 2242 ejus
2772 2188 3084 2227 servemus.
3119 2172 3177 2228 Si
3214 2171 3510 2243 diligimus

1879 2283 2031 2334 eum,
2071 2265 2402 2320 noverimus
2440 2281 2596 2320 eum.
2627 2286 2656 2315 «
2684 2265 2790 2330 Qui
2819 2266 2975 2321 enim
3014 2266 3150 2321 dicit
3188 2267 3319 2337 quia
3358 2267 3514 2322 novit

1881 2377 2047 2429 eum,
2100 2364 2158 2415 et
2204 2361 2490 2430 praecepta
2540 2359 2662 2429 ejus
2711 2376 2826 2413 non
2875 2363 3085 2429 servat,
3134 2360 3381 2416 mendax
3427 2365 3514 2417 est

1881 2456 1919 2525 (l
1952 2457 2133 2518 Joan.,
2174 2470 2233 2524 ιι,
2272 2454 2347 2523 4).
2378 2472 2405 2504 »
2442 2453 2734 2516 Quomodo
2779 2453 2933 2507 enim
2970 2457 3155 2523 potest
3197 2455 3375 2508 Deum
3420 2455 3507 2509 di-

1880 2549 2082 2620 ligere,
2110 2547 2208 2619 qui
2235 2564 2353 2601 non
2394 2545 2583 2619 diligit
2614 2546 2934 2614 veritatem,
2964 2562 3096 2600 cum
3124 2548 3271 2601 Deus
3305 2548 3512 2602 veritas

1882 2642 1992 2697 sit?
2018 2641 2329 2697 Audiamus
2359 2657 2494 2712 ergo
2523 2641 2783 2708 Patrem;
2804 2639 3096 2693 invisibilis
3123 2640 3280 2694 enim
3311 2642 3475 2696 Pater
3491 2659 3508 2711 ;

1884 2736 1979 2791 sed
2042 2738 2100 2789 et
2154 2734 2325 2788 Filius
2387 2732 2683 2787 invisibilis
2744 2732 3057 2788 secundum
3120 2733 3511 2804 divinitatem;

1885 2830 2069 2884 Deum
2099 2827 2253 2882 enim
2281 2843 2455 2882 nemo
2494 2826 2637 2881 vidit
2674 2842 2948 2897 unquam.
2989 2827 3132 2882 Cum
3170 2843 3307 2898 ergo
3347 2828 3516 2882 Filius

1887 2924 2050 2989 Deus,
2083 2923 2143 2976 in
2182 2938 2249 2976 eo
2287 2921 2483 2993 utique
2520 2920 2677 2992 quod
2715 2921 2857 2975 Deus
2889 2919 3080 2990 Filius,
3114 2937 3230 2975 non
3270 2921 3512 2989 videtur,

1886 3017 1987 3071 sed
2025 3016 2415 3071 demonstrare
2447 3016 2556 3086 (27)
2584 3032 2644 3070 se
2672 3015 2852 3070 voluit
2897 3014 2956 3069 in
2990 3031 3247 3085 corpore,
3291 3020 3347 3070 et
3385 3014 3518 3086 quia

1889 3112 2052 3165 Pater
2085 3125 2287 3181 corpus
2317 3125 2432 3164 non
2474 3109 2726 3181 gerebat,
2758 3108 2888 3164 ideo
2920 3108 3164 3180 probare
3201 3109 3381 3165 voluit
3410 3112 3517 3165 Pa-

1888 3209 1975 3260 ter
2027 3204 2189 3259 nobis
2242 3203 2303 3258 in
2358 3203 2495 3259 Filio
2553 3220 2613 3258 se
2669 3219 2787 3258 esse
2837 3206 3204 3273 praesentem,
3259 3204 3451 3259 dicens
3502 3219 3516 3258 :

1889 3299 2059 3354 Filius
2097 3314 2246 3355 meus
2291 3315 2343 3354 es
2383 3304 2463 3359 tu,
2508 3301 2566 3352 in
2614 3304 2662 3352 te
2703 3298 3019 3367 complacui.
3066 3298 3121 3353 Si
3169 3299 3250 3353 vis
3299 3298 3520 3353 discere

1893 3392 2097 3446 Filium
2126 3408 2255 3446 cum
2283 3394 2446 3446 Patre
2474 3407 2704 3462 semper
2728 3407 2848 3446 esse
2882 3395 3240 3461 praesentem,
3269 3392 3399 3463 lege
3430 3392 3521 3445 Fi-

1891 3485 1953 3539 lii
1978 3501 2175 3541 vocem
2204 3484 2441 3539 dicentis
2469 3501 2482 3538 :
2519 3505 2547 3533 ‹‹
2584 3484 2638 3539 Si
2672 3484 2983 3539 ascendero
3010 3485 3071 3538 in
3098 3485 3323 3551 coelum,
3354 3488 3415 3539 tu
3442 3484 3522 3541 ibi

1893 3596 1981 3647 es;
2004 3580 2052 3634 si
2077 3579 2420 3634 descendero
2448 3578 2517 3633 ad
2547 3577 2862 3645 infernum,
2891 3577 3027 3633 ades
3062 3580 3227 3647 (Psat.
3259 3595 3520 3649 cxxxvm,

1892 3674 1964 3737 8).
2026 3693 2054 3721 »
2113 3671 2169 3727 Si
2231 3670 2407 3725 Patris
2466 3669 2867 3725 testimonium
2923 3671 3160 3742 quaeris,
3221 3672 3430 3727 audisti
3490 3689 3524 3726 a

1891 3768 2133 3821 Joanne.
2170 3765 2348 3820 Crede
2388 3764 2564 3835 igitur
2588 3764 2659 3831 ei,
2690 3765 2779 3819 cui
2809 3781 2869 3819 se
2908 3764 3310 3836 baptizandum
3339 3766 3522 3820 credi-

1896 3859 1980 3914 dit
2005 3859 2279 3926 Christus,
2308 3858 2397 3913 cui
2433 3860 2599 3912 Pater
2632 3857 2837 3912 Filium
2875 3857 3085 3913 cmlesti
3111 3873 3250 3913 voce
3280 3858 3525 3912 commi-

1896 3955 1986 4022 sit,
2019 3951 2278 4026 1314
2306 3951 2500 4006 dicens
2529 3969 2542 4006 :
2579 3972 2608 4000 «
2635 3951 2731 4005 Hic
2758 3954 2845 4007 est
2871 3951 3041 4006 Filius
3070 3967 3231 4007 meus
3260 3951 3522 4019 dilectus,

1896 4049 1955 4103 in
1984 4064 2098 4119 quo
2123 4045 2441 4117 complacui
2472 4045 2713 4116 (Matth,
2743 4060 2823 4114 IIl,
2855 4046 2957 4116 l7).
2988 4064 3013 4095 ι)

1967 4145 2054 4196 95.
2093 4141 2195 4195 Ubi
2226 4145 2358 4195 sunt
2385 4139 2602 4207 Ariani,
2639 4138 2846 4210 quibus
2883 4155 2994 4193 non
3026 4138 3214 4210 placet
3252 4139 3441 4208 Filius,
3466 4141 3529 4195 in
3622 4144 3631 4155 '

1898 4251 2012 4306 quo
2059 4234 2400 4305 complacuit
2440 4233 2647 4288 Pater?
2691 4234 2804 4287 Hoc
2851 4249 2965 4287 non
3004 4248 3113 4304 ego
3150 4233 3294 4300 dico,
3341 4229 3528 4305 neque

1900 4326 2203 4383 hominum
2248 4328 2551 4399 quisquam
2597 4328 2816 4382 locutus
2852 4332 2967 4394 est;
3013 4343 3197 4398 neque
3238 4328 3391 4383 enim
3426 4345 3532 4399 per

1900 4423 2193 4477 hominem
2245 4422 2422 4489 Deus,
2480 4438 2665 4492 neque
2721 4437 2823 4492 per
2878 4422 3145 4491 angelos,
3192 4437 3375 4491 neque
3428 4438 3533 4491 per

193 4511 257 4564 cis
286 4515 566 4582 Ecclesiae,
608 4514 763 4585 quod
802 4514 953 4569 inter
985 4512 1109 4584 ipsa
1144 4513 1347 4567 mundi
1379 4513 1593 4568 diluvia
1622 4513 1798 4584 Spiri-
1819 4516 1879 4587 D
1900 4516 2304 4586 archangelos;
2339 4514 2435 4569 sed
2461 4515 2531 4567 ab
2572 4515 2694 4585 ipso
2726 4516 2889 4568 Patre
2927 4530 3036 4567 vox
3072 4513 3143 4567 de
3180 4513 3318 4568 caelo
3358 4513 3533 4569 missa

192 4608 267 4658 tus
319 4614 544 4662 sanctus
612 4607 682 4661 ad
746 4607 1055 4662 Ecclesiam
1120 4622 1282 4661 suam
1351 4622 1548 4678 pacem
1605 4606 1803 4662 afferat

196 4697 541 4756 fructuosam.
596 4700 795 4756 Docuit
845 4700 1020 4756 etiam
1072 4700 1268 4768 David,
1324 4701 1421 4772 qui
1472 4701 1802 4772 prophetico

195 4792 366 4861 spiritu
436 4811 682 4851 cernens
732 4794 1089 4866 baptismatis
1141 4800 1591 4863 sacramentum,
1651 4796 1733 4849 ait
1784 4811 1798 4850 :

196 4905 219 4931 α
263 4888 385 4951 Quis
431 4889 595 4945 dabit
648 4887 791 4943 mihi
839 4904 1064 4960 pennas
1110 4887 1253 4943 sicut
1301 4888 1583 4943 columbas
1634 4887 1801 4959 (Psal.

198 4991 286 5047 uv,
312 4981 401 5047 7)?
428 5004 457 5033 »

250 5120 331 5183 (24)
372 5122 518 5173 Edit.
559 5122 710 5186 Era,
754 5123 907 5185 Gill.,
948 5127 1004 5174 et
1060 5123 1242 5184 Rom.,
1288 5121 1379 5173 sed
1428 5121 1589 5186 lavit;
1631 5134 1809 5172 omnes

205 5189 326 5253 Am,
348 5194 434 5243 sed
464 5193 673 5245 levavit.
702 5192 835 5244 Mss.
864 5192 934 5243 ad
961 5207 1155 5243 unum.
1182 5192 1271 5244 sed
1303 5193 1545 5244 elevavit.
1571 5194 1645 5243 At
1680 5193 1805 5244 Ful.

204 5263 247 5308 et
273 5261 418 5316 Colb.
450 5266 563 5316 duo
592 5279 690 5330 pro
713 5278 904 5327 omnes,
932 5265 1125 5330 legunt
1152 5264 1364 5315 multos.

254 5333 339 5396 (25)
364 5336 524 5388 Rom.
567 5338 718 5400 edit.,
747 5351 909 5402 quam
948 5337 1006 5386 in
1040 5342 1159 5402 typo
1199 5337 1365 5387 olivae.
1404 5336 1631 5388 Certum
1683 5337 1809 5402 qui-

208 5400 311 5455 dem
332 5411 411 5458 est
437 5410 671 5461 vocibus
700 5400 772 5458 iri
802 5415 923 5473 typo
960 5400 1143 5466 veteri,
1181 5408 1457 5474 designari
1503 5400 1726 5469 olivam,
1750 5411 1812 5457 ut

211 5485 263 5523 ει
302 5480 655 5543 sequentibus
697 5480 1053 5542 intelligitur;
1098 5480 1196 5530 sed
1244 5493 1356 5530 non
1405 5478 1531 5530 ideo
1591 5493 1655 5530 ea
1701 5492 1811 5528 vox

213 5543 469 5600 intextum
498 5551 851 5601 intrudenda.
886 5548 1053 5601 Porro
1095 5552 1151 5600 in
1194 5552 1438 5615 profanis
1475 5552 1641 5602 etiam
1680 5563 1811 5601 auc—

216 5618 392 5668 toribus
414 5623 595 5671 oleum
616 5623 772 5686 pacis
797 5620 1116 5686 symbolum
1148 5635 1268 5672 esse
1295 5622 1481 5671 notius
1512 5625 1615 5682 est,
1643 5634 1812 5684 quam

218 5690 266 5758 ut
287 5690 365 5738 vel
395 5705 425 5740 a
448 5694 682 5743 tenuiter
723 5693 891 5744 docto
932 5694 1107 5756 possit
1139 5694 1400 5758 ignorari.
1437 5692 1596 5741 Hanc
1629 5696 1813 5741 autem

222 5757 317 5832 eius
338 5762 410 5810 rei
441 5775 660 5832 causam
685 5763 946 5824 reddunt,
975 5761 1126 5827 quod
1152 5757 1385 5824 artibus,
1415 5775 1543 5826 quas
1570 5763 1813 5812 maxime

228 5830 270 5871 ω
296 5840 420 5891 pace
444 5830 653 5897 ﬂorent,
675 5834 862 5885 oleum
884 5835 1016 5884 usui
1044 5835 1129 5884 sit.

1902 4610 2166 4682 signavit.
2198 4607 2413 4664 Deinde
2443 4607 2576 4662 alibi
2617 4607 2771 4661 idem
2814 4608 2983 4661 Pater
3020 4606 3244 4678 repetit,
3281 4608 3474 4663 dicens
3514 4625 3528 4662 :

1905 4725 1933 4753 .‹
1970 4703 2066 4757 Hic
2101 4706 2186 4758 est
2225 4702 2395 4755 Filius
2428 4716 2591 4755 meus
2630 4700 2889 4767 dilectus,
2933 4700 2991 4754 in
3032 4716 3145 4771 quo
3186 4701 3530 4773 complacui;

1905 4797 2093 4868 ipsum
2119 4795 2310 4850 audite
2341 4795 2580 4863 (Matth.,
2608 4810 2741 4861 xvn,
2764 4797 2835 4865 5),
2862 4815 2890 4845 »
2917 4794 3198 4850 dicentem
3224 4796 3421 4866 utique
3440 4812 3534 4849 au-

1907 4890 2024 4945 dite
2056 4906 2068 4944 :
2104 4911 2132 4939 «
2158 4891 2276 4959 Ego
2308 4893 2365 4943 et
2389 4890 2558 4943 Pater
2594 4904 2777 4944 unum
2813 4905 3010 4944 sumus
3045 4890 3238 4958 (10am,
3275 4905 3328 4957 x,
3361 4889 3470 4959 30).
3502 4908 3530 4938 »

1905 4985 2013 5049 Qui
2058 4998 2199 5054 ergo
2244 4981 2380 5037 Filio
2426 4998 2544 5037 non
2590 4982 2773 5038 credit
2816 4983 2943 5053 (28),
2986 4998 3100 5037 non
3144 4982 3322 5037 credit
3363 4983 3531 5039 Patri.

1974 5126 2069 5188 (26)
2099 5124 2259 5176 Rom.
2292 5124 2447 5185 edit.,
2488 5124 2746 5186 quoniam
2788 5126 2847 5173 in
2883 5124 3184 5175 divinitatis
3221 5125 3537 5190 substantia,

1909 5200 2066 5331 et(:27)
2124 5267 2282 5318 Rom.
2341 5267 2495 5328 edit.,
2545 5267 2718 5317 Filius
2770 5267 2865 5316 Dei
2922 5268 2979 5316 in
3040 5281 3098 5317 eo
3153 5269 3335 5332 utique
3399 5269 3541 5333 quod

1911 5342 2050 5389 Deus
2090 5344 2181 5398 est,
2226 5352 2335 5388 non
2372 5337 2640 5394 videatur,
2683 5336 3063 5396 demonstrare,
3112 5339 3218 5387 etc.
3262 5338 3406 5401 Vet.,
3450 5341 3542 5390 Fi-

1912 5410 2014 5459 lius
2056 5410 2250 5459 Dei.....
2299 5410 2437 5457 Deus
2471 5411 2567 5463 est,
2607 5419 2714 5455 non
2762 5406 2985 5467 videtur,
3024 5407 3113 5456 sed
3157 5407 3536 5460 demonstrare.

1913 5481 1998 5530 Ab
2037 5480 2125 5530 his
2169 5480 2394 5544 pr0pius
2437 5477 2705 5529 recedunt
2751 5478 2939 5541 scripti
2986 5477 3129 5538 cod.,
3175 5492 3317 5542 quos
3360 5482 3543 5544 sequi-

1913 5566 2070 5685 ωῗέἓ)
2114 5621 2259 5671 Edit.
2302 5635 2367 5671 ac
2410 5620 2573 5683 pauci
2617 5632 2771 5680 mss,
2817 5618 3011 5669 Filium
3050 5634 3158 5670 non
3200 5623 3386 5674 credit.
3433 5625 3543 5674 Alii

1912 5693 2121 5756 plures,
2160 5698 2215 5743 et
2259 5693 2518 5756 potiores,
2562 5690 2699 5741 Filio
2735 5703 2844 5740 non
2890 5692 3102 5743 credit:
3133 5694 3282 5758 quod
3318 5696 3542 5760 quidem

1915 5764 2097 5826 aptius
2117 5763 2359 5814 cohaeret
2383 5775 2510 5811 cum
2534 5761 2927 5826 superioribus.
