3972 6174
48 5677 78 5750 μί

48 5751 68 5826 Ξ

48 5833 78 5860 μ-

87 5759 152 5856 δέ

507 243 633 295 1671
1988 245 2042 298 S.
2086 246 2116 299 Α

2224 244 2402 301 ROSII
3679 261 3786 314 l672

500 363 672 417 Testis
715 367 797 417 est
833 361 929 416 ille
977 362 1047 418 de
1092 362 1228 418 Filio
1271 380 1284 418 :
1327 364 1373 418 si
1406 363 1701 419 dubitatur
1734 365 1806 419 de
1838 365 1998 432 Filio,
2036 384 2137 438 pa-
2164 369 2389 452 APatri
2455 367 2703 441 Filioque
2769 369 3068 441 participat
3131 373 3478 442 potestatem.
3531 374 3798 434 Credamus

501 461 665 510 terno
702 473 820 510 non
863 457 1114 512 creditur
1144 457 1488 512 testimonio.
1535 458 1744 514 Deinde
1779 475 1909 513 cum
1955 460 2089 514 dicit
2124 479 2134 512 :
2240 462 2410 529 Patri,
2453 463 2612 533 cujus
2649 478 2845 518 vocem
2885 465 3164 518 elementa
3189 470 3511 535 sonuerunt;
3541 469 3800 526 credamus

498 553 562 606 In
614 565 718 619 quo
767 551 1090 619 complacui;
1145 567 1262 605 non
1317 551 1502 606 aliena
1558 551 1615 605 in
1671 551 1826 621 Filio,
1885 553 1979 607 sed
2037 570 2138 607 sua
2238 555 2419 622 Patri,
2471 557 2632 627 cujus
2689 556 2814 611 voci
2867 558 3147 612 elementa
3201 557 3520 629 obsequium
3573 563 3799 631 praebue-

501 643 713 698 laudat.
759 643 905 706 Quid
952 647 1036 698 est
1079 645 1234 698 enim
1280 645 1467 699 dicere
1508 663 1522 700 :
1562 649 1625 701 In
1667 661 1772 716 quo
1817 648 2134 716 complacui,
2238 655 2391 704 runt.
2425 650 2675 704 Credidit
2709 650 2956 704 mundus
2993 651 3052 705 in
3084 651 3396 718 elementis,
3435 653 3610 707 credat
3643 657 3694 708 in
3720 657 3800 710 ho-

503 737 608 790 nisi
653 737 785 808 quia
821 737 1013 791 omnia
1043 753 1169 807 quae
1209 738 1385 792 habet
1412 739 1604 807 Filius,
1636 745 1691 792 et
1736 741 1894 794 Pater
1941 741 2133 809 habet,
2237 742 2516 808 minibus;
2561 742 2804 797 credidit
2846 743 2904 796 in
2948 744 3256 812 exanimis,
3293 743 3476 798 credat
3514 745 3570 798 in
3603 745 3804 802 viventi~

504 831 646 885 sicut
688 835 745 885 et
787 847 915 901 qua:
955 831 1136 885 Patris
1177 835 1328 898 sunt,
1370 831 1494 886 Filii
1539 833 1707 886 sunt?
1748 833 1920 886 Filius
1952 833 2132 888 dixit:
2236 835 2372 903 bus;
2437 835 2680 891 credidit
2729 836 2788 890 in
2839 837 3042 905 mutis,
3097 835 3290 890 credat
3349 837 3403 890 in
3461 838 3804 908 loquentibus;

503 944 531 975 ς(
581 924 783 978 Omnia
825 939 953 994 quae
999 924 1171 978 habet
1209 927 1394 992 Pater,
1436 942 1562 979 mea
1605 929 1734 979 sunt
1781 927 1980 993 (Joun.,
2023 943 2132 994 xw,
2236 928 2478 983 credidit
2507 929 2565 982 in
2604 929 2671 982 iis
2700 945 2826 1000 quas
2864 947 2974 984 non
3012 931 3225 984 habent
3251 946 3473 984 sensum
3501 932 3618 1001 (30),
3647 933 3811 987 credat

503 1018 620 1086 15);
664 1040 690 1066 ››
740 1017 1118 1072 indifferentis
1168 1020 1270 1085 (29)
1319 1017 1471 1072 enim
1519 1017 1829 1073 divinitatis
1877 1021 2135 1090 potentia
2235 1021 2293 1075 in
2331 1022 2397 1075 iis
2435 1021 2533 1092 qui
2579 1038 2831 1089 sensum,
2879 1027 2940 1076 ut
2983 1025 3160 1077 Deum
3205 1029 3613 1093 cognoscerent,
3643 1040 3809 1079 conse-

500 1127 616 1165 non
669 1111 911 1165 secernit
960 1112 1108 1166 inter
1157 1113 1385 1166 Patrem
1437 1114 1495 1164 et
1544 1111 1766 1180 Filium,
1821 1113 1916 1167 sed
1958 1129 2134 1168 unam
2234 1115 2348 1168 cuti
2376 1119 2526 1169 sunt.

561 1231 657 1293 (29)
701 1233 781 1280 Ita
819 1231 947 1281 edit.
996 1245 1224 1290 omnes;
1263 1237 1318 1282 at
1364 1234 1554 1282 contra
1599 1245 1791 1282 omnes
1834 1246 1984 1295 mss.,
2029 1233 2135 1284 nisi

501 1304 682 1352 omnia
736 1317 854 1366 qua
906 1302 1062 1352 habet
1125 1302 1326 1362 Filius,
1378 1316 1495 1352 mea
1561 1309 1713 1364 sunt,
1771 1304 1905 1353 sicut
1964 1305 2134 1355 Filius

497 1373 631 1422 dixit
674 1389 690 1420 :
739 1373 918 1422 omnia
971 1386 1086 1435 quae
1133 1373 1286 1422 habet
1333 1375 1508 1432 Pater,
1558 1388 1674 1422 mea
1723 1380 1866 1424 sunt.
1913 1376 2132 1440 Indi/fe—

494 1443 680 1500 rentis,
707 1448 812 1493 etc.
853 1443 916 1491 In
953 1457 1065 1492 uno
1107 1445 1194 1492 vel
1241 1444 1411 1496 altero
1457 1444 1729 1494 omittitur
1764 1447 1902 1496 sicut
1940 1448 2130 1504 Filius,

498 1519 626 1574 etc.,
676 1519 725 1563 et
770 1527 867 1576 pro
913 1513 1281 1577 Indi/ferentis,
1325 1516 1548 1579 ponitur
1594 1516 1978 1580 lndi/ferenter,
2034 1523 2129 1569 aut

497 1585 823 1648 Indi/ferens.

2297 1237 2391 1300 (30)
2423 1237 2820 1287 Desiderantur
2855 1239 2910 1287 in
2941 1251 3070 1287 mss.
3109 1242 3338 1301 septem,
3369 1251 3543 1302 neque
3574 1238 3673 1288 illis
3708 1242 3809 1304 qui-

2233 1307 2359 1358 dem
2383 1308 2590 1358 inﬁmaa
2612 1313 2779 1370 nota,
2803 1309 3025 1359 credidit
3053 1310 3110 1358 in
3146 1310 3211 1359 iis
3245 1322 3360 1372 quae
3383 1322 3487 1359 non
3515 1309 3690 1359 habent
3709 1324 3812 1360 scn-

2231 1393 2381 1441 sum;
2405 1392 2530 1442 quas
2556 1380 2723 1429 verba
2748 1394 2876 1429 cum
2899 1379 2967 1430 ad
2992 1380 3322 1430 sententiam
3343 1394 3450 1430 non
3476 1381 3578 1430 sint
3598 1380 3812 1430 absolute

2232 1451 2568 1510 necessaria,
2599 1454 2898 1514 potuerunt
2924 1452 2981 1500 in
3018 1452 3291 1514 sequioris
3317 1452 3417 1501 aevi
3452 1452 3567 1502 cod.
3594 1453 3812 1514 irrepere.

2233 1519 2376 1571 Cum
2405 1524 2590 1570 autem
2617 1525 2834 1571 exstent
2864 1523 2920 1570 in
2949 1522 3140 1571 multis
3167 1534 3297 1572 mss.
3328 1526 3379 1573 et
3414 1521 3659 1572 omnibus
3691 1521 3814 1583 edit,

2234 1604 2299 1641 ea
2329 1592 2451 1642 loco
2475 1605 2697 1642 movere
2723 1595 2905 1643 visum
2933 1606 3045 1643 non
3076 1597 3176 1643 est.

1718 2014 2058 2108 LIBER
2149 2017 2659 2111 TERTIUS.

566 2410 740 2476 (Vers.
807 2410 918 2480 25.)
986 2411 1055 2464 Et
1119 2410 1233 2481 ipse
1291 2411 1440 2465 Jesus
1503 2416 1621 2465 erat
1684 2413 1946 2481 incipiens
2009 2413 2200 2496 fereB
2227 2418 2424 2468 nostra
2459 2411 2847 2478 circumdolat,
2879 2412 2988 2466 cito
3015 2412 3259 2466 securim
3297 2411 3606 2466 admovens
3641 2406 3822 2462 arbori'

490 2518 754 2558 annorum
819 2505 1078 2568 triginta,
1147 2505 1246 2572 qui
1303 2505 1605 2573 putabatur
1665 2520 1775 2559 esse
1837 2505 1981 2574 ﬁlius
2039 2509 2122 2560 Jo-
2224 2506 2327 2559 bus
2370 2505 2706 2575 infecundis,
2751 2521 2941 2560 secare
2987 2507 3187 2560 doctus
3235 2506 3464 2576 exigua,
3511 2501 3820 2557 culminibus

490 2599 635 2668 εεΡῙιο
2222 2615 2441 2652 servare
2500 2599 2791 2665 sublimia,
2852 2599 3034 2667 rigida
3095 2600 3381 2653 mentium
3440 2597 3662 2668 spiritus
3708 2595 3818 2663 igne

561 2694 610 2744 1.
643 2691 719 2743 De
753 2688 1220 2759 generationibus
1254 2689 1478 2756 dicturi,
1511 2707 1759 2762 quarum
1786 2693 2118 2747 nonnullam
2221 2692 2465 2760 mollire,
2515 2698 2571 2746 et
2619 2691 2677 2746 in
2718 2692 2909 2747 varios
2943 2709 3076 2746 usus
3107 2708 3280 2746 omne
3327 2693 3637 2746 humanum
3668 2701 3820 2757 genus

487 2784 742 2838 videmus
767 2783 824 2836 in
866 2783 1165 2852 Evangelio
1203 2783 1522 2838 secundum
1551 2785 1902 2855 Matthaeum,
1933 2789 2017 2841 vel
2060 2787 2116 2840 in
2223 2784 2441 2838 diversa
2472 2785 2920 2839 ministeriorum
2950 2785 3226 2856 qualitate
3257 2785 3525 2838 formare.

488 2879 592 2931 hoc
636 2877 795 2946 cujus
835 2877 1372 2946 interpretationem
1411 2877 1684 2932 habemus
1729 2879 1787 2932 in
1832 2880 2117 2948 manibus,
2291 2882 2342 2933 3.
2389 2879 2502 2933 Cur
2541 2883 2730 2932 autem
2768 2878 2976 2948 Joseph
3019 2879 3199 2949 magis
3239 2895 3416 2948 quam
3453 2876 3632 2932 Mariae
3672 2887 3820 2944 gene-

489 2987 607 3025 esse
638 2970 986 3038 distantiam,
1026 2970 1302 3040 quoniam
1341 2986 1457 3024 non
1497 2974 1582 3024 est
1616 2972 1882 3026 credibile
1920 2973 2115 3027 adver-
2221 2971 2364 3026 ratio
2419 2971 2805 3040 describatur,
2859 2988 2990 3025 cum
3046 2971 3220 3026 Maria
3279 2972 3352 3025 de
3403 2970 3611 3042 Spiritu
3661 2973 3825 3021 sancto

487 3063 665 3118 santia
693 3063 799 3116 sibi
838 3067 1056 3117 sanctos
1094 3063 1240 3116 viros
1282 3063 1534 3133 potuisse
1581 3063 1790 3131 dicere,
1837 3065 1907 3120 de
1948 3067 2119 3136 gestis
2220 3065 2580 3136 generaverit
2606 3065 2916 3133 Christum,
2947 3069 3003 3120 et
3027 3065 3241 3136 Joseph
3280 3083 3312 3118 a
3347 3063 3707 3136 generatione
3733 3061 3821 3113 Do-

485 3157 803 3229 praesertim
856 3156 962 3226 (3t)
1019 3155 1246 3209 Domini
1292 3155 1621 3223 Salvatoris,
1673 3165 1884 3228 quanto
1932 3159 2118 3212 studio
2220 3158 2360 3212 mini
2415 3158 2672 3214 videatur
2727 3159 2981 3225 alienus,
3043 3157 3307 3212 dubitare
3360 3173 3676 3228 possemus,
3733 3153 3823 3208 nisi

487 3265 818 3321 possumus,
875 3264 991 3303 non
1048 3248 1251 3303 dixisse
1300 3265 1394 3303 eos
1446 3249 1832 3320 discrepantia
1887 3252 2119 3307 demon-
2217 3252 2569 3307 consuetudo
2610 3269 2714 3306 nos
2753 3252 3058 3306 instrueret
3081 3251 3679 3322 Scripturarum,quaa
3703 3262 3825 3300 sem-

487 3350 751 3398 stremus.
2218 3362 2322 3416 per
2344 3346 2451 3399 viri
2482 3345 2766 3416 originem
2805 3345 3030 3416 quaerit.
3074 3345 3163 3400 Sic
3201 3345 3358 3399 enim
3398 3344 3571 3399 habes
3603 3363 3616 3398 :
3645 3341 3826 3396 Phares

557 3439 608 3490 2.
642 3437 707 3491 Et
744 3434 994 3506 primum
1038 3436 1297 3490 omnium
1339 3437 1629 3492 neminem
1679 3455 1906 3494 movere
1947 3440 2118 3494 debet
2216 3439 2321 3493 fuit
2363 3439 2508 3493 ﬁlius
2547 3439 2704 3493 ludas
2750 3437 3024 3509 principis
3067 3438 3248 3492 tribus
3283 3457 3295 3493 :
3350 3460 3378 3487 ‹‹
3423 3438 3517 3492 Hic
3563 3432 3826 3507 generavit

487 3529 644 3602 quod
697 3531 776 3584 ita
825 3531 1097 3600 scriptum
1143 3534 1226 3583 est
1271 3547 1283 3584 :
1327 3532 1431 3598 Qui
1467 3533 1776 3602 putabatur
1822 3548 1930 3586 esse
1971 3534 2117 3603 ﬁlius
2218 3534 2449 3599 Hesron,
2482 3538 2538 3587 et
2565 3533 2781 3586 Hesron
2809 3532 3102 3603 generavit
3135 3536 3326 3599 Aram,
3372 3537 3430 3586 et
3459 3533 3629 3585 Aram
3669 3542 3823 3598 gene-

481 3625 692 3694 Joseph.
718 3623 868 3678 Bene
890 3623 1044 3677 enim
1073 3623 1392 3694 putabatur,
1418 3625 1554 3694 quia
1581 3628 1788 3680 natura
1818 3643 1930 3680 non
1958 3631 2110 3695 erat;
2217 3626 2358 3680 ravit
2404 3624 2831 3693 Hamminadab,
2867 3631 2921 3680 et
2953 3625 3374 3680 Hamminadab
3419 3623 3705 3696 generavit
3739 3621 3825 3672 Na-

482 3718 581 3773 sed
628 3717 758 3772 ideo
798 3717 1123 3787 putabatur,
1162 3717 1296 3788 quia
1337 3734 1470 3772 eum
1512 3718 1702 3785 Maria,
1741 3735 1870 3790 qum
1909 3721 2115 3790 Joseph
2214 3719 2442 3786 hasson,
2482 3723 2538 3772 et
2573 3718 2861 3772 Nahasson
2907 3718 3198 3789 generavit
3237 3719 3494 3785 Salmon,
3530 3721 3588 3771 et
3625 3715 3825 3770 Salmon

483 3811 603 3866 viro
647 3827 750 3865 suo
796 3815 921 3864 erat
962 3809 1330 3881 desponsata,
1384 3815 1783 3881 generaverat;
1830 3812 1909 3867 sic
1959 3814 2115 3868 enim
2136 3791 2190 3865 Ο
2216 3811 2512 3882 generavit
2552 3812 2714 3878 Booz,
2747 3817 2802 3866 et
2829 3812 2969 3866 Booz
3002 3812 3296 3882 generavit
3324 3811 3545 3879 Hobed,
3577 3814 3632 3864 et
3657 3802 3824 3862 Hobed

482 3905 702 3960 habes:
739 3924 766 3953 ‹‹
798 3904 992 3958 Nonne
1031 3903 1120 3956 hic
1150 3909 1234 3957 est
1261 3904 1407 3959 ﬁlius
1445 3905 1652 3976 Joseph
1693 3905 1834 3959 fabri
1873 3906 2111 3976 (Matth.,

483 4015 596 4066 xm,
644 3998 774 4068 55)?
814 4017 840 4046 »
879 3996 1133 4051 Diximus
1173 4014 1341 4068 supra
1391 4014 1506 4068 qua
1550 3999 1770 4053 ratione
1820 4015 1920 4070 per
1951 4000 2115 4070 virgi-

485 4107 621 4145 nem
675 4107 687 4143 :
745 4089 988 4144 diximus
1041 4089 1211 4144 etiam
1262 4107 1378 4162 qua
1433 4091 1652 4146 ratione
1708 4108 1809 4162 per
1869 4093 2111 4164 despon-

485 4187 700 4249 satam,
757 4186 815 4235 et
866 4198 1044 4252 quare
1100 4199 1300 4237 census
1355 4188 1608 4254 tempore
1667 4185 1818 4239 nasci
1873 4186 2116 4242 voluerit

482 4275 758 4332 Dominus
800 4275 1074 4330 Salutaris
1103 4292 1114 4329 :
1147 4292 1259 4329 non
1295 4277 1548 4330 alienum
1586 4278 1759 4332 etiam
1798 4278 2024 4333 videtur
2050 4284 2115 4334 ut

484 4387 598 4442 qua
628 4370 848 4425 ratione
883 4368 1110 4424 fabrum
1139 4375 1360 4440 patrem
1401 4371 1668 4425 habuerit
1699 4374 1831 4442 (32),
1861 4372 2109 4428 declare-

483 4481 628 4519 mus.
670 4465 784 4519 Hoc
818 4463 972 4518 enim
1003 4469 1138 4534 typo
1166 4479 1299 4517 eum
1338 4469 1563 4534 patrem
1591 4464 1700 4517 sibi
1737 4481 1859 4520 esse
1887 4466 2114 4520 demon-

479 4562 618 4612 strat
673 4558 772 4628 qui
820 4556 1123 4610 fabricator
1163 4557 1426 4611 omnium
1481 4557 1740 4612 condidit
1789 4560 2112 4628 mundum;

471 4653 636 4724 juxta
672 4648 926 4722 1315
959 4650 1110 4720 quod
1147 4649 1419 4721 scriptum
1462 4657 1544 4706 est
1591 4669 1603 4705 :
1653 4673 1679 4700 ι(
1726 4655 1788 4707 In
1834 4653 2110 4724 principio

480 4745 617 4799 fecit
653 4745 800 4798 Deus
835 4744 1040 4798 coelum
1081 4749 1136 4797 et
1163 4747 1376 4798 terram
1409 4745 1580 4812 (Gen.,
1613 4763 1650 4812 ι,
1684 4751 1751 4817 l).
1782 4768 1808 4796 »
1842 4747 1978 4801 Nam
2008 4747 2111 4802 etsi

476 4841 730 4896 humana
768 4855 885 4892 non
927 4841 1060 4891 sunt
1105 4839 1490 4908 comparanda
1537 4839 1758 4906 divinis,
1812 4846 1980 4911 typus
2031 4848 2111 4895 ta-

481 4949 617 4987 men
653 4932 878 5002 integer
909 4934 993 4985 est
1029 4931 1180 5000 quod
1208 4932 1376 4984 Pater
1412 4932 1620 4986 Christi
1671 4933 1800 5004 igne
1846 4938 2112 5004 operatur

479 5033 537 5082 et
587 5025 824 5096 Spiritu,
877 5029 934 5078 et
980 5027 1253 5095 tanquam
1305 5025 1487 5079 bonus
1529 5025 1736 5079 anime:
1782 5027 1937 5081 faber
1980 5027 2110 5082 vitia

2217 3905 2510 3976 generavit
2550 3906 2721 3971 .Iesse,
2769 3909 2826 3958 et
2855 3905 3008 3959 Iesse
3052 3904 3350 3974 generavit
3395 3903 3566 3959 David
3609 3898 3824 3973 (Matth.,

2215 4016 2252 4064 1,
2291 4001 2320 4053 3
2353 4000 2503 4067 seq.).
2539 4019 2566 4047 »
2596 3997 2707 4050 Viri
2737 3998 2891 4052 enim
2923 4013 3168 4068 persona
3208 3998 3510 4070 quaeritur,
3550 3995 3644 4066 qui
3677 3993 3824 4048 etiam

2217 4093 2273 4146 in
2315 4095 2518 4146 senatu
2559 4095 2615 4145 et
2656 4090 2890 4162 reliquis
2932 4090 3101 4145 curiis
3146 4091 3255 4161 (33)
3297 4091 3591 4146 civitatum
3628 4084 3827 4160 generis

2213 4185 2408 4241 asserit
2436 4185 2796 4255 dignitatem.
2830 4184 3011 4248 Quam
3042 4185 3302 4239 deforme
3332 4192 3532 4240 autem
3560 4183 3624 4248 si,
3653 4179 3823 4236 relicta

2211 4279 2318 4333 viri
2346 4278 2588 4349 origine,
2627 4277 2787 4348 origo
2814 4277 3041 4332 femina:
3070 4282 3450 4349 quaereretur,
3481 4281 3547 4332 ut
3565 4275 3825 4332 videretur

2213 4378 2437 4444 patrem
2490 4387 2609 4425 non
2658 4371 2922 4425 habuisse
2978 4370 3072 4424 ille
3127 4371 3301 4426 totius
3367 4371 3568 4427 mundi
3624 4365 3823 4441 populis

2213 4463 2647 4536 praedicandus?

2284 4560 2334 4613 4.
2379 4557 2486 4612 Sed
2525 4558 2697 4612 etiam
2735 4557 2867 4612 alibi
2907 4558 3128 4613 diverso
3168 4559 3368 4615 ordine
3412 4557 3817 4630 genera-tionem

2213 4653 2516 4707 doceamus
2552 4667 2674 4705 esse
2713 4650 3048 4720 decursam;
3081 4668 3152 4706 ne
3191 4635 3286 4706 hic
3328 4669 3561 4724 quoque
3603 4662 3819 4717 evange-

2212 4746 2354 4800 lista:
2401 4745 2723 4816 discrepare
2769 4745 3082 4812 videantur,
3138 4746 3235 4816 qui
3283 4749 3542 4801 veterem
3589 4743 3819 4798 ordinem

2212 4845 2342 4894 sunt
2370 4838 2568 4894 secuti.
2594 4839 2684 4893 Sic
2712 4839 2866 4892 enim
2896 4839 3070 4893 habes
3101 4856 3114 4893 :
3148 4860 3173 4886 «
3201 4840 3326 4893 Fuit
3353 4839 3530 4894 homo
3562 4855 3628 4892 ex
3647 4831 3817 4894 Arath,

2211 4939 2267 4988 et
2295 4949 2504 4987 nomen
2543 4931 2665 5001 ejus
2695 4933 2921 5000 Elcana,
2964 4932 3112 4987 filius
3144 4933 3475 4999 Hieremiel,
3520 4931 3664 4985 ﬁlius
3698 4925 3816 4988 Heli,

2211 5026 2360 5082 ﬁlius
2403 5028 2494 5082 Ozi
2526 5027 2640 5097 (34)
2681 5026 2748 5080 de
2788 5034 2981 5080 monte
3028 5026 3297 5096 Ephraim
3333 5026 3372 5094 (Ι
3411 5030 3565 5096 Reg.,
3611 5041 3647 5088 ι,
3694 5023 3757 5088 l).
3792 5038 3814 5064 υ

543 5149 638 5213 (3t)
676 5148 833 5200 Rom.
880 5146 1009 5198 edit.
1057 5147 1192 5209 sola,
1229 5147 1292 5197 de
1332 5147 1764 5210 generationibus
1799 5150 2190 5233 presertim,D
2273 5148 2370 5212 (33)
2396 5147 2601 5233 “Curia?
2657 5139 3813 5233 apud”Romanos#trigintaut‘ueruntl‘gl

479 5222 585 5272 etc.

545 5293 640 5356 (32)
673 5289 998 5356 Cujusmodi
1039 5291 1193 5342 faber
1229 5291 1397 5341 fuerit
1445 5291 1499 5342 S.
1541 5291 1748 5355 Joseph
1791 5293 1846 5342 in
1890 5297 2112 5343 contro-

477 5377 641 5416 verso
693 5368 794 5414 est.
849 5363 959 5413 Alii
1014 5362 1212 5413 volunt
1272 5363 1443 5412 fuisse
1503 5363 1828 5423 ferrarium,
1883 5365 2112 5427 quidam

477 5436 912 5495 cmmentarium,
957 5434 1142 5496 plures
1179 5433 1510 5497 lignarium;
1559 5433 1708 5482 unde
1759 5433 1895 5482 illud
1931 5435 2113 5483 eccle-

480 5506 692 5557 siastici
733 5506 835 5554 viri
874 5505 1085 5554 dictum
1133 5503 1201 5554 ad
1245 5505 1450 5554 Julian.
1503 5505 1696 5566 Apost.
1744 5521 1754 5552 :
1800 5502 1955 5558 Οὗτος
1995 5505 2046 5551 δὲ
2087 5505 2113 5550 ὁ

476 5578 692 5630 τέκτονος
713 5577 816 5630 υἱὸς
839 5577 984 5633 Θήχην
1009 5577 1140 5636 αὐτῷ
1170 5575 1352 5632 ξυλίνην
1387 5575 1502 5639 πρὸς
1532 5575 1726 5623 θάνατον
1753 5575 2112 5630 κατασκευάζει.

483 5645 718 5695 Videtur
739 5650 924 5694 autem
959 5644 1029 5693 ab
1071 5646 1262 5696 Ambr.
1307 5645 1607 5708 signiﬁcari
1648 5646 1814 5695 simul
1855 5650 1906 5694 et
1949 5646 2113 5696 ferra-

479 5715 620 5765 riam
659 5716 715 5762 et
753 5713 1040 5774 lignariam
1089 5721 1264 5764 artem
1305 5715 1614 5780 Josephum
1660 5717 2004 5779 exercuisse,
2053 5719 2113 5765 ut

481 5781 774 5848 sequentia
799 5781 944 5833 clare
974 5785 1288 5836 ostendunt.

2213 5233 2351 5284 quas
2396 5219 2668 5271 Romulus
2711 5221 3031 5268 universum
3089 5217 3361 5282 populum
3422 5217 3624 5277 divisit,
3670 5221 3812 5284 quem

2210 5282 2418 5341 morem
2449 5291 2577 5362 alias
2622 5302 2846 5354 quoque
2883 5290 3132 5362 civitates
3169 5290 3399 5340 imitatae
3447 5293 3593 5338 sunt.
3631 5282 3812 5362 Indica!

2211 5362 2397 5425 itaque
2442 5361 2646 5410 Doctor
2686 5365 2872 5410 noster
2909 5361 3056 5409 viros
3092 5361 3149 5409 in
3187 5371 3304 5410 sum
3350 5370 3629 5423 quemque
3665 5360 3811 5404 curia!

2209 5432 2426 5482 tabulas
2470 5431 2656 5482 referri
2704 5435 2871 5495 atque
2917 5430 3119 5481 ascribi
3164 5430 3377 5492 solitos,
3427 5443 3539 5479 non
3583 5427 3807 5495 feminas-

2209 5503 2362 5554 Alias
2388 5515 2612 5567 quoque
2641 5491 3076 5567 signiﬁcationes
3101 5502 3267 5552 habet
3293 5491 3370 5552 ea
3395 5515 3520 5560 vox,
3552 5510 3682 5562 quas
3711 5491 3809 5543 col-

2209 5575 2379 5639 ligere
2407 5579 2493 5625 est
2519 5588 2586 5624 ex
2614 5575 2738 5624 Cod.
2773 5575 2977 5631 Thood.,
3018 5574 3112 5623 lib.
3141 5587 3260 5634 xvr,
3309 5574 3390 5622 tit.
3426 5573 3486 5643 2,;
3514 5569 3604 5620 lib.
3650 5581 3700 5643 ιι,
3733 5574 3807 5643 Δξιι.

2209 5657 2334 5704 xxx,
2365 5648 2421 5695 et
2449 5645 2600 5694 alibi.
2632 5645 2938 5695 Nonnullae
2966 5646 3132 5696 etiam
3160 5643 3402 5694 Rosinus
3432 5641 3525 5693 lib.
3563 5653 3616 5690 vx
3652 5639 3806 5695 AM“!-

2211 5717 2374 5775 Rom.,
2405 5727 2524 5778 cap.
2556 5716 2604 5776 2,
2633 5717 2818 5777 refert,
2845 5719 3013 5780 atque
3042 5715 3152 5765 alii.
3192 5785 3203 5786 ί
3488 5785 3493 5786 γ
3695 5774 3752 5786 ,η

2273 5774 2373 5854 (34)
2416 5774 2598 5840 nam.
2627 5774 3316 5851 edit.,'Ea.~'Aramauain
3368 5785 3635 5852 Sophim...
3683 5774 3807 5848 illius
