3972 6174
157 282 263 335 1673

1219 280 1681 337 EXPOSITIONIS
1716 282 1788 337 IN
1828 281 2054 339 LUCAM
2092 281 2218 336 LIB.
2261 281 2351 334 III.

3322 283 3457 338 1674

150 406 281 461 Vides
314 410 363 458 et
410 420 440 457 a
477 403 729 474 patribus
760 404 829 459 ad
868 403 1036 473 ﬁlios,
1079 406 1136 459 et
1179 422 1212 459 a
1251 405 1379 461 filiis
1423 408 1493 461 ad
1539 412 1724 478 patres
1746 408 2056 493 ACertum
2098 411 2182 461 est
2208 406 2386 477 igitur
2415 404 2673 479 1316
2706 406 2873 461 etiam
2912 407 3141 462 Mariam
3178 409 3246 464 de
3284 409 3459 465 David

147 497 340 568 originis
378 496 815 569 descriptionem
853 499 1026 553 veteri
1057 515 1213 553 more
1254 506 1596 555 contextam.
1631 503 1721 554 Vi-

145 592 224 646 des
246 590 433 661 ubique
456 590 730 646 familiam
764 609 869 663 per
896 592 1151 647 virorum
1182 594 1577 663 generationes
1602 611 1722 649 esse

143 686 416 739 decursam.
464 684 586 738 Noli
634 684 834 740 mirari
882 686 927 740 si
969 687 1265 741 Mattheus
1312 687 1384 741 ab
1434 687 1722 742 Abraham

141 793 285 848 usque
333 776 401 830 ad
452 778 656 849 Ioseph
705 780 837 847 (35),
884 780 1059 834 Lucas
1100 797 1134 833 a
1171 781 1375 851 .Ioseph
1425 798 1601 852 usque
1651 781 1723 836 ad

140 872 300 936 Adam,
328 873 381 925 et
406 871 475 924 ad
501 872 682 926 Deum
713 874 1156 943 generationum
1192 874 1451 928 ordinem
1489 891 1720 945 percur-

138 964 209 1017 rit.
247 964 357 1017 Noli
400 964 593 1018 mirari
637 966 788 1035 quod
829 967 1039 1037 Joseph
1087 967 1248 1037 origo
1297 967 1576 1038 descripta
1616 973 1717 1023 est.

138 1057 341 1124 Etenim,
372 1058 681 1113 secundum
710 1076 942 1114 carnem
986 1062 1174 1127 natus,
1207 1077 1367 1115 usum
1408 1061 1605 1115 debuit
1630 1078 1720 1115 se—

136 1151 213 1222 qui
230 1151 418 1219 carnis,
448 1157 503 1206 et
542 1156 639 1223 qui
667 1153 724 1208 in
770 1154 1041 1208 saeculum
1086 1154 1258 1221 venit,
1300 1154 1487 1208 saeculi
1527 1155 1726 1209 debuit

138 1261 265 1299 more
315 1244 587 1313 describi;
644 1247 894 1301 maxime
951 1263 1078 1301 cum
1132 1247 1187 1301 in
1239 1248 1444 1318 Joseph
1500 1247 1724 1319 origine

136 1339 271 1392 etiam
305 1338 462 1409 origo
502 1339 574 1393 sit
612 1340 821 1395 Mariae.
865 1342 1005 1395 Nam
1042 1357 1171 1395 cum
1212 1342 1297 1395 vir
1330 1341 1517 1412 justus
1550 1341 1725 1395 fuerit

133 1432 318 1501 Joseph,
350 1432 549 1503 utique
578 1449 643 1487 ex
676 1434 826 1488 tribu
852 1451 953 1488 sua
976 1438 1033 1489 et
1058 1451 1125 1489 ex
1150 1435 1335 1506 patria
1369 1451 1469 1489 sua
1506 1434 1726 1506 accepit

134 1542 357 1593 uxorem,
402 1542 513 1580 nec
558 1526 745 1597 potuit
780 1527 969 1597 justus
1015 1529 1196 1583 facere
1240 1532 1433 1583 contra
1474 1528 1532 1582 id
1572 1528 1725 1599 quod

134 1621 229 1689 lege
263 1621 657 1691 praescriptum
699 1624 803 1675 est.
848 1620 939 1675 Sic
974 1621 1130 1676 enim
1164 1621 1358 1689 habes,
1386 1621 1520 1692 quia
1552 1638 1723 1676 unus-

134 1712 331 1783 quisque
358 1712 414 1767 in
444 1713 843 1769 hiereditatem
870 1714 1051 1769 tribus
1084 1731 1200 1770 suae
1234 1715 1430 1785 patriae
1462 1716 1722 1769 adhaere-

1824 502 2197 571 generatione
2239 516 2515 557 manasse.
2555 499 2734 555 Simul
2779 500 2950 555 etiam
2996 500 3260 555 discimus
3310 502 3454 557 nihil

1823 595 2031 649 referre
2064 611 2176 665 quo
2208 594 2411 649 ordine
2442 594 2826 665 generationis
2863 594 3041 648 series
3081 596 3455 665 exprimatur,

1821 704 1953 742 cum
1981 688 2091 741 iter
2118 687 2250 741 hinc
2274 691 2443 758 atque
2471 687 2603 741 inde
2637 687 2708 769 sit
2732 687 3016 758 pervium.

1894 785 1944 835 6.
2000 783 2112 837 Cur
2161 784 2355 834 autem
2408 784 2633 835 sanctus
2684 780 2981 835 Matthaeus
3044 781 3117 835 ab
3173 781 3458 835 Abraham

1824 874 2251 946 generationem
2299 890 2633 929 enumerare
2677 874 2908 945 coeperit
2949 874 3184 941 Christi,
3232 880 3459 930 sanctus

1824 984 1958 1023 vero
1996 968 2170 1023 Lucas
2209 985 2242 1021 a
2277 968 2501 1024 Christo
2543 985 2719 1039 usque
2759 968 2831 1022 ad
2877 969 3049 1022 Deum
3095 969 3455 1039 perduxerit,

1824 1061 2251 1132 eXpIanandum
2291 1062 2532 1117 videtur.
2579 1061 2688 1118 Sed
2732 1062 2891 1133 prius
2930 1079 3032 1117 cur
3068 1068 3292 1117 sanctus
3330 1064 3462 1118 Mat-

1824 1156 2007 1210 thteus
2048 1172 2176 1211 cum
2217 1156 2286 1210 ab
2327 1155 2614 1210 Abraham
2664 1156 2898 1227 cceperit
2942 1156 3327 1227 generationis
3366 1173 3456 1210 or-

1825 1248 2052 1315 dinem,
2120 1266 2234 1303 non
2300 1249 2378 1303 ita
2440 1248 2694 1319 posuerit
2762 1265 2775 1300 :
2842 1250 3009 1303 Liber
3074 1250 3459 1319 generationis

1823 1342 2099 1409 Abrahze,
2151 1341 2279 1408 sed,
2332 1363 2360 1389 ‹‹
2414 1342 2583 1396 Liber
2636 1342 3025 1412 generationis
3075 1344 3205 1397 Jesu
3248 1343 3464 1400 Christi

1824 1434 1923 1489 ﬁlii
1964 1436 2168 1501 David,
2208 1435 2307 1488 ﬁlii
2351 1435 2638 1489 Abraham
2686 1436 2927 1502 (Matth,
2972 1453 3007 1503 ι,
3056 1439 3126 1503 1).
3178 1459 3203 1485 ››
3256 1439 3321 1490 Et
3358 1454 3459 1491 cur

1826 1529 1930 1583 hos
1998 1529 2142 1583 duos
2204 1529 2572 1598 potissimum
2630 1528 3035 1597 nominaverit,
3094 1545 3459 1600 nequaquam

1824 1622 2286 1692 praetereundum
2336 1627 2493 1692 puto.
2544 1623 2662 1675 Non
2712 1622 2868 1676 enim
2916 1622 3096 1676 otiose
3143 1622 3457 1676 ﬁdelissimi

1822 1720 2082 1770 auctores
2115 1717 2337 1786 generis
2364 1716 2675 1786 eliguntur,
2706 1720 2770 1769 ut
2792 1715 3178 1785 intelligamus
3204 1716 3359 1786 quod
3398 1716 3458 1770 in

130 1804 243 1858 bunt
263 1805 357 1859 ﬁlii
381 1806 581 1876 Israel,
610 1823 715 1861 nec
744 1806 816 1861 de
842 1807 994 1862 tribu
1020 1808 1088 1863 ad
1116 1807 1327 1863 tribum
1369 1790 1800 1878 transibunt;B
1826 1809 1948 1880 ipsa
1988 1810 2360 1879 generatione
2400 1809 2606 1877 carnis,
2645 1808 2910 1880 spiritalis
2949 1809 3133 1879 magis
3176 1809 3457 1864 successio

132 1904 172 1952 et
208 1900 375 1953 omnis
430 1899 558 1954 ﬁlia
612 1916 739 1972 quae
793 1901 965 1955 habet
1019 1901 1418 1956 haereditatem
1470 1902 1724 1956 tribuum

132 1991 335 2046 ﬁliorum
377 1994 583 2063 Israel,
628 1994 728 2048 uni
768 2010 834 2049 ex
876 1995 1105 2066 populo,
1146 1999 1202 2050 et
1240 2011 1305 2049 ex
1346 1995 1501 2050 tribu
1550 1995 1725 2066 patris

132 2086 193 2138 sui
228 2086 325 2140 erit
365 2103 518 2141 uxor
556 2088 762 2155 (Num,
804 2104 988 2157 xxxvx,
1030 2090 1160 2157 6-8).
1204 2091 1401 2159 Itaque
1435 2094 1491 2143 et
1526 2105 1726 2144 census

130 2181 347 2249 tempore
402 2180 668 2235 ascendit
713 2183 921 2252 Ioseph
973 2181 1045 2235 de
1097 2181 1271 2237 domo
1323 2186 1381 2236 et
1432 2182 1502 2237 de
1544 2184 1727 2252 patria

130 2272 261 2326 David
299 2276 475 2343 (Luc.,
532 2291 590 2339 ιι,
635 2276 689 2340 4,
738 2276 811 2343 5),
856 2279 922 2329 ut
967 2274 1328 2346 proﬁteretur
1368 2292 1498 2329 cum
1546 2275 1726 2330 Maria

128 2380 267 2420 uxore
292 2384 410 2421 sua.
438 2370 585 2431 Quae
615 2384 683 2422 ex
710 2369 909 2423 eadem
935 2369 1105 2424 domo
1136 2374 1195 2423 et
1222 2386 1286 2423 ex
1313 2369 1511 2423 eadem
1540 2369 1725 2439 patria

128 2458 509 2527 professionem
537 2461 738 2530 defert,
769 2463 964 2534 utique
992 2462 1252 2533 ejusdem
1297 2461 1475 2517 tribus
1502 2465 1558 2516 et
1585 2462 1725 2532 ejus-

129 2552 228 2607 dem
249 2555 440 2625 patriae
469 2571 538 2610 se
562 2571 683 2610 esse
709 2556 989 2627 designat.

180 2651 221 2701 5.
270 2649 526 2719 Cognata
578 2665 805 2720 quoque
857 2649 1046 2704 Mariae
1098 2649 1386 2704 inducitur
1438 2649 1726 2703 Elizabeth

128 2742 263 2802 (Lua,
300 2759 337 2807 1,
382 2745 487 2804 36)
534 2759 547 2795 :
587 2742 772 2813 primo
819 2743 972 2813 quod
1016 2760 1212 2798 omnes
1255 2743 1434 2798 Judaei
1479 2744 1724 2813 cognati,

127 2835 462 2903 quemadmod
484 2852 580 2890 um
611 2841 667 2889 te
692 2837 993 2907 Apostolus
1022 2837 1215 2891 docuit
1243 2837 1433 2891 dicens
1462 2853 1474 2891 :
1505 2858 1532 2885 ‹‹
1562 2836 1728 2908 Opta-

128 2925 231 2981 bam
282 2930 434 2984 enim
506 2930 815 2984 anathema
873 2946 992 2984 esse
1048 2929 1234 3001 ipse...
1300 2947 1401 3001 pro
1463 2930 1727 2984 fratribus

130 3022 259 3091 meis,
297 3023 561 3094 cognatis
601 3023 913 3079 secundum
959 3040 1211 3093 carnem,
1253 3024 1350 3094 qui
1388 3028 1519 3078 sunt
1562 3026 1731 3078 Israe-

130 3113 216 3168 lita
241 3118 420 3183 (Rom,
464 3134 548 3184 1x,
589 3120 642 3183 3,
674 3118 750 3183 4).
792 3139 820 3166 ››
863 3120 1133 3189 Cognata:
1172 3133 1332 3189 ergo,
1378 3118 1508 3189 quia
1546 3118 1727 3172 ambae

130 3207 358 3265 Israelita:
383 3214 559 3266 erant
586 3232 595 3263 :
621 3210 787 3265 simul
807 3217 863 3265 et
889 3215 1164 3282 cognatae,
1189 3210 1323 3289 quia
1345 3212 1532 3265 ambae
1561 3216 1728 3265 erant

132 3315 181 3352 ex
203 3302 338 3358 tribu
362 3304 534 3359 Juda.
568 3303 822 3359 Didicisti
852 3320 919 3359 ex
949 3303 1098 3359 tribu
1129 3304 1272 3359 Juda
1297 3304 1545 3372 Mariam,
1574 3304 1726 3359 disce

131 3397 172 3446 et
194 3395 479 3453 Elizabeth.
504 3399 674 3465 Nam,
700 3419 726 3447 «
753 3399 1074 3469 Exsurgens
1093 3398 1265 3453 Maria
1291 3398 1349 3452 in
1377 3397 1577 3452 diebus
1595 3398 1724 3467 illis,

131 3487 238 3542 abiit
274 3491 329 3546 in
372 3496 659 3547 montana
702 3508 830 3547 cum
879 3492 1267 3561 festinatione,
1310 3492 1369 3547 in
1411 3492 1723 3561 civitatem,

131 3580 297 3653 inquit,
320 3586 503 3653 Iudae,
542 3588 602 3639 et
630 3586 861 3641 intravit
888 3587 948 3640 in
976 3586 1216 3641 domum
1245 3586 1525 3641 Zachariae
1552 3588 1722 3658 (Luc.,

132 3690 158 3733 I.
192 3680 277 3746 39,
320 3681 430 3745 40).
476 3702 505 3729 ››
552 3680 692 3734 Cum
733 3679 888 3734 enim
931 3680 1078 3734 intra
1124 3679 1302 3734 tribus
1342 3696 1470 3734 suas
1512 3681 1726 3751 Moyses

132 3767 348 3828 habitare
378 3789 859 3845 unumquemque
885 3773 1295 3845 praescripserit
1317 3776 1527 3843 (Num,
1560 3790 1622 3839 ιι,
1647 3777 1723 3842 2),

132 3864 289 3934 atque
328 3884 460 3921 eum
506 3867 571 3921 in
615 3866 840 3922 civitate
880 3868 1038 3922 Judae
1082 3868 1381 3933 manserit,
1414 3871 1538 3921 erat
1572 3873 1627 3922 et
1667 3868 1726 3921 in

132 3956 246 4013 tribu
273 3961 446 4027 Juda;
478 3960 730 4015 maxime
758 3977 888 4015 cum
922 3977 989 4015 ex
1032 3977 1243 4031 genere
1285 3961 1565 4016 Elizabeth
1608 3962 1727 4015 fue-

133 4050 222 4105 rint
262 4054 615 4123 sacerdotes,
670 4070 913 4125 quorum
961 4056 1104 4110 Deus
1155 4056 1339 4126 portio
1391 4058 1496 4109 est.
1544 4055 1726 4110 Simul

132 4158 269 4212 quam
298 4150 628 4219 pulchrum,
676 4154 739 4202 ut
774 4165 905 4203 cum
934 4148 1032 4203 illa
1073 4149 1458 4220 praenuntiam
1496 4150 1724 4219 Christi,

131 4238 370 4296 Christum
426 4243 541 4296 ista
596 4243 987 4313 generaverit,
1043 4248 1100 4296 et
1152 4243 1330 4297 altera
1383 4243 1455 4297 de
1513 4243 1727 4314 Spiritu

132 4339 287 4387 sancto
336 4334 696 4405 conceperit,
755 4336 934 4389 altera
991 4340 1184 4390 sancto
1238 4337 1456 4407 repleta
1513 4335 1726 4407 Spiritu

134 4426 558 4497 prophetaverit;
602 4429 914 4482 secundum
955 4444 1185 4483 carnem
1221 4446 1448 4501 quoque
1485 4430 1723 4484 videan—

1829 1904 2167 1973 requiratur.
2200 1904 2321 1957 Duo
2352 1905 2486 1957 sunt
2525 1902 2679 1957 enim
2710 1901 2799 1955 isti
2829 1901 2933 1955 viri
2970 1901 3031 1955 in
3072 1918 3217 1972 quos
3253 1918 3458 1957 mana-

1826 2002 2027 2051 verunt
2055 1996 2331 2067 promissa
2362 1995 2573 2049 divina.

1899 2095 1951 2143 7.
2011 2090 2175 2144 Prior
2228 2089 2518 2144 Abraham
2569 2089 2668 2160 qui
2720 2094 2850 2144 ante
2896 2089 3095 2160 Moysis
3141 2089 3361 2161 legem,
3408 2094 3465 2143 et

1825 2186 1955 2238 ante
1994 2184 2267 2254 populum
2310 2182 2636 2237 Judaaorum
2674 2182 2908 2254 propria
2947 2183 3372 2254 derelinquens,
3407 2187 3465 2237 et

1826 2293 2170 2348 cognoscens
2207 2278 2405 2343 Deum,
2456 2276 2666 2330 meruit
2704 2276 2836 2330 ﬁdei
2872 2275 3292 2338 testimonium;
3326 2275 3463 2346 quia

1829 2392 1856 2418 ‹‹
1895 2369 2153 2426 Credidit
2195 2370 2330 2435 Deo,
2372 2376 2428 2423 et
2468 2372 2794 2440 reputatum
2844 2372 2927 2423 est
2966 2370 3017 2423 ei
3067 2370 3137 2424 ad
3176 2369 3462 2439 justitiam

1829 2465 2006 2533 (Gem.
2039 2480 2128 2531 xv,
2156 2465 2243 2530 6);
2276 2484 2302 2513 ››
2337 2463 2433 2534 qui
2473 2463 2646 2517 etiam
2671 2480 2704 2515 a
2731 2464 2843 2516 Deo
2884 2462 3105 2533 accepit
3141 2464 3458 2529 oraculum,

1827 2557 2050 2612 dicente
2077 2556 2182 2611 sibi
2215 2573 2227 2610 :
2263 2578 2291 2605 ‹‹
2317 2557 2419 2610 Exi
2460 2556 2531 2610 de
2572 2560 2724 2611 terra
2761 2561 2880 2623 tua,
2914 2559 2971 2610 et
3006 2556 3075 2610 de
3120 2556 3463 2627 cognatione

1830 2657 1954 2717 tua,
2002 2650 2187 2703 etde
2239 2649 2409 2704 domo
2461 2650 2635 2721 patris
2683 2649 2796 2715 tui,
2849 2652 2907 2703 et
2953 2648 3093 2703 vade
3144 2650 3202 2703 in
3251 2652 3463 2703 terram

1826 2760 1997 2815 quam
2050 2743 2155 2796 tibi
2206 2743 2565 2811 monstrabo,
2623 2748 2678 2797 et
2731 2743 2932 2796 faciam
2992 2746 3046 2796 te
3102 2742 3161 2797 in
3229 2746 3463 2813 gentem

1827 2853 2117 2908 magnam,
2158 2842 2213 2889 et
2248 2836 2583 2891 benedicam
2619 2840 2692 2902 te,
2738 2839 2795 2889 et
2831 2836 3211 2907 magnificabo
3247 2850 3460 2891 nomen

1829 2933 2023 2999 tuum,
2082 2935 2138 2984 et
2191 2929 2301 2984 eris
2355 2929 2722 2997 benedictus,
2777 2931 2834 2983 et
2894 2929 3231 2984 benedicam
3282 2929 3459 2983 bene-

1827 3023 2080 3078 dicentes
2137 3027 2222 3091 te,
2277 3025 2335 3077 et
2395 3022 2730 3077 maledicam
2793 3022 3201 3077 maledicentes
3262 3026 3345 3092 te,
3405 3024 3463 3077 et

1826 3117 2233 3172 benedicentur
2274 3117 2333 3170 in
2375 3119 2430 3170 te
2470 3132 2670 3171 omnes
2716 3115 2895 3170 tribus
2922 3121 3093 3170 terrae
3139 3117 3315 3187 (Gem,
3364 3132 3458 3184 xu,

1830 3209 1966 3280 1-3).
2005 3230 2031 3262 »
2063 3210 2229 3265 Vides
2259 3210 2434 3281 igitur
2462 3210 2935 3281 congregationes
2963 3208 3247 3280 gentium,
3279 3216 3335 3264 et
3365 3226 3459 3265 sa-

1826 3307 2181 3359 crosanctum
2231 3304 2492 3358 Ecclesiae
2541 3306 2753 3358 emtum
2807 3304 3033 3359 oraculo
3087 3303 3278 3357 divino
3325 3302 3460 3358 huic

1826 3414 1946 3453 esse
1988 3398 2173 3469 primo
2220 3397 2582 3468 promissum.
2633 3399 2697 3451 Et
2740 3397 2868 3452 ideo
2910 3397 2955 3451 is
2992 3400 3189 3451 auctor
3233 3397 3461 3468 generis

1827 3492 2026 3546 debuit
2069 3492 2356 3563 designari
2404 3490 2502 3562 qui
2553 3490 2941 3546 instauranda
2986 3491 3247 3546 Ecclesia:
3292 3508 3461 3563 spon—

1827 3587 2051 3642 sionem
2076 3586 2297 3656 primus
2333 3584 2601 3640 emeruit.

1896 3682 1949 3734 8.
2002 3679 2173 3733 David
2221 3694 2444 3749 quoque
2490 3677 2696 3733 merito
2741 3682 2799 3731 et
2847 3677 2965 3747 ipse
3002 3682 3198 3732 auctor
3236 3679 3464 3749 generis

1826 3773 2177 3840 declaratur;
2204 3771 2340 3843 quia
2366 3787 2495 3825 cum
2514 3771 2892 3842 jurejurando
2921 3787 3279 3841 responsum,
3302 3772 3460 3842 quod

1827 3884 1893 3922 ex
1932 3868 2055 3937 ipso
2100 3865 2410 3921 secundum
2458 3881 2692 3919 carnem
2732 3864 2987 3918 Christus
3026 3864 3249 3918 futurus
3289 3870 3459 3932 esset,

1827 3960 2073 4031 accepit;
2109 3960 2186 4014 sic
2217 3960 2373 4013 enim
2404 3958 2677 4029 scriptum
2711 3961 2795 4011 est
2830 3978 2841 4012 :
2882 3979 2907 4006 ‹‹
2939 3957 3152 4012 Juravit
3184 3958 3461 4013 Dominus

1827 4052 2001 4108 David
2040 4053 2358 4119 veritatem,
2386 4058 2441 4107 et
2474 4068 2587 4105 non
2622 4050 2923 4122 paenitebit
2947 4067 3081 4105 eum
3117 4069 3128 4104 :
3169 4052 3243 4105 Ex
3272 4051 3463 4107 fructu

1826 4146 2038 4202 ventris
2065 4147 2147 4200 tui
2180 4162 2391 4217 ponam
2421 4161 2591 4216 super
2625 4144 2825 4199 sedem
2870 4148 3027 4199 tuam
3069 4144 3234 4214 (Psal.
3281 4160 3461 4214 cxxxr,

1830 4241 1937 4311 11).
1980 4262 2007 4290 »
2050 4242 2115 4296 Et
2152 4240 2283 4294 alibi
2318 4256 2330 4294 :
2369 4260 2396 4288 «
2440 4238 2624 4294 Semel
2660 4238 2849 4307 juravi
2880 4238 2939 4293 in
2979 4245 3172 4293 sancto
3214 4253 3366 4307 meo,
3409 4239 3460 4293 si

1826 4334 2003 4390 David
2045 4333 2308 4400 mentiar,
2346 4348 2541 4387 semen
2581 4332 2703 4403 ejus
2749 4332 2807 4385 in
2851 4337 3132 4387 aeternum
3182 4333 3458 4401 manebit,

1827 4432 1884 4483 et
1934 4427 2095 4482 sedes
2147 4426 2268 4496 ejus
2320 4426 2464 4481 sicut
2511 4426 2589 4479 sol
2639 4425 2698 4479 in
2750 4430 3052 4495 conspectu
3106 4440 3235 4478 meo
3290 4425 3459 4491 (Psal.

133 4520 203 4570 tur
224 4519 384 4577 fuisse
413 4527 701 4593 cognatm,
742 4538 869 4593 quae
900 4523 1213 4578 secundum
1239 4525 1416 4579 Deum
1455 4523 1727 4595 spiritalis
1745 4523 1805 4595 D
1827 4538 2079 4587 Lxxxvm,
2113 4521 2313 4589 36-38).
2343 4542 2371 4569 »
2396 4520 2462 4573 Et
2482 4519 2542 4573 in
2569 4518 3012 4588 Paralipomenis
3040 4517 3150 4587 (36)
3176 4535 3188 4571 :
3218 4540 3245 4567 «
3265 4519 3332 4572 Et
3352 4517 3461 4572 erit

134 4614 449 4681 cognationis
488 4615 772 4670 consortio
816 4632 933 4670 non
975 4616 1282 4671 carebant?
1314 4617 1475 4682 Quod
1512 4618 1555 4671 si
1599 4634 1720 4671 om-

136 4704 202 4758 nis
226 4706 450 4763 feminaz
485 4712 657 4780 caput
698 4709 800 4776 vir,
841 4709 1161 4765 secundum
1199 4716 1457 4765 sanctum
1495 4714 1727 4782 Aposto-

138 4793 229 4851 lum
275 4804 518 4873 (Ephes.,
568 4820 622 4871 v,
671 4807 784 4870 23),
832 4810 889 4858 et
941 4810 1074 4860 sunt
1120 4804 1233 4859 duo
1282 4805 1341 4859 in
1394 4821 1563 4859 carne
1610 4822 1726 4859 una

136 4894 407 4950 secundum
449 4898 647 4967 legem
684 4898 933 4954 divinam
969 4899 1144 4969 (Gem,
1187 4915 1243 4967 ιι,
1285 4899 1374 4965 24)
1405 4915 1418 4952 :
1453 4899 1649 4969 utique
1685 4897 1726 4951 ii

139 4986 214 5050 qui
253 5003 361 5043 una
402 5006 539 5045 caro
580 4995 772 5059 erant,
827 4995 886 5047 et
938 5009 1084 5047 unus
1133 4991 1392 5063 spiritus,
1435 4991 1726 5061 quomodo

141 5084 324 5142 poterat
344 5082 471 5138 ﬁeri
503 5088 564 5138 ut
582 5084 909 5140 viderentur
929 5087 1170 5157 patriam
1194 5089 1253 5139 et
1276 5085 1489 5139 tribum
1520 5085 1727 5139 habere

142 5166 378 5230 divisam?
431 5179 659 5233 Accedit
712 5178 849 5233 illud
902 5180 1053 5250 quod
1105 5179 1279 5235 etiam
1339 5179 1578 5250 angelus
1629 5180 1729 5234 Ga-

143 5258 255 5320 briel
295 5268 361 5323 de
410 5272 650 5327 Domino
703 5274 1213 5344 praenuntiaverat,
1273 5273 1425 5345 quod
1487 5294 1514 5323 ‹‹
1571 5272 1730 5328 Dabit

146 5352 204 5408 illi
236 5359 369 5416 Deus
405 5364 600 5419 sedem
638 5365 809 5420 David
869 5367 1041 5437 patris
1091 5366 1177 5421 sui
1224 5368 1399 5435 (Luc.,
1442 5386 1486 5433 ι,
1535 5368 1651 5433 32).
1698 5386 1726 5416 ››

153 5473 397 5551 {liminum
440 5484 546 5548 filii
582 5486 753 5546 Helia,
795 5487 893 5551 lilii
941 5488 1117 5551 Sophi.
1160 5488 1287 5539 Mss.
1322 5488 1506 5550 Carn.,
1547 5488 1727 5549 Gem.,

157 5542 281 5622 ξ’τεὶη
324 5568 385 5604 ex
434 5542 684 5614 hamum.
728 5542 839 5611 etc.
892 5542 1107 5611 Rursus
1152 5559 1334 5621 Gem.,
1383 5542 1548 5620 Prat.,
1590 5542 1731 5622 ﬁlius

157 5614 353 5694 Manet;
380 5625 568 5688 Carm,
595 5630 849 5685 Heromcl,
881 5629 1024 5693 ﬁlius
1048 5630 1184 5691 Heli,
1208 5614 1348 5694 filius
1372 5631 1481 5681 Zoi.
1512 5614 1730 5692 Quibus

159 5691 326 5765 {ccam
348 5695 535 5759 Corb.,
564 5701 664 5750 nisi
705 5700 855 5765 quod
882 5691 1081 5762 habet,
1112 5715 1180 5752 ea:
1208 5691 1408 5760 'Arath,
1445 5706 1499 5751 et
1540 5691 1733 5750 scribit

160 5753 375 5833 (heremi.
402 5753 618 5833 Reliqui
646 5753 777 5823 vero
800 5785 931 5823 cum
973 5753 1083 5823 ant:
1117 5771 1248 5823 edit.
1287 5753 1530 5824 nostram
1572 5771 1730 5822 exhi-

163 5822 263 5881 bent
282 5822 587 5891 lectionem.

435 5918 704 5989 Ριτιιοι.
750 5923 877 5991 XV.
924 5924 1105 6008 (XIV,
1153 5942 1308 5991 nas
1351 5923 1460 6007 II.)

1824 4632 1955 4670 cum
2001 4613 2264 4685 completi
2309 4612 2521 4666 fuerint
2564 4611 2683 4665 dies
2736 4610 2852 4679 tui,
2903 4615 2961 4665 et
3017 4610 3266 4665 dormies
3321 4627 3455 4667 cum

1826 4708 2079 4780 patribus
2125 4707 2253 4772 tuis,
2296 4704 2575 4759 suscitabo
2619 4719 2812 4758 semen
2852 4707 3015 4758 tuum
3062 4710 3185 4776 post
3239 4710 3312 4773 te,
3360 4704 3463 4777 qui

1825 4802 1937 4857 erit
1979 4803 2048 4855 de
2091 4803 2284 4854 ventre
2328 4804 2455 4867 tuo,
2504 4803 2560 4852 et
2606 4797 2816 4868 parabo
2859 4814 3103 4869 regnum
3143 4800 3284 4870 ejus.
3337 4800 3461 4869 Ipse

1826 4896 1967 4951 mihi
2004 4892 2306 4949 aediﬁcabit
2348 4892 2608 4957 domum,
2642 4894 2700 4945 et
2741 4890 2960 4962 erigam
3000 4891 3193 4946 sedem
3237 4892 3360 4962 ejus
3399 4893 3459 4946 in

1826 4988 2115 5044 saeculum.
2150 4987 2266 5055 Ego
2304 5002 2401 5040 ero
2444 4985 2496 5039 ei
2524 4985 2583 5039 in
2622 4990 2861 5055 patrem,
2905 4990 2962 5039 et
3004 4986 3124 5056 ipse
3166 4986 3273 5039 erit
3314 4984 3460 5039 mihi

1826 5083 1900 5150 in_
1925 5080 2109 5135 ﬁlium
2151 5088 2208 5133 et
2246 5078 2694 5133 misericordiam
2740 5094 2927 5133 meam
2968 5094 3082 5132 non
3131 5077 3460 5149 dispergam

1798 5176 1899 5232 ‘ab
1948 5191 2048 5240 eo,
2096 5173 2241 5227 sicut
2289 5172 2528 5244 dispersi
2573 5171 2644 5225 ab
2693 5170 2763 5225 iis
2805 5171 2901 5242 qui
2948 5173 3080 5224 ante
3122 5176 3178 5224 te
3227 5171 3462 5226 fuerunt

1830 5271 1870 5340 (I
1908 5269 2117 5332 Paral.,
2160 5282 2288 5333 xvn,
2333 5266 2541 5334 11-13).
2575 5285 2603 5315 ››
2641 5266 2748 5318 Per
2786 5264 2992 5317 Isaiam
3034 5279 3260 5333 quoque
3304 5264 3462 5319 idem

1828 5362 2099 5417 Dominus
2138 5362 2286 5415 Deus
2325 5357 2760 5430 generationem
2799 5356 3018 5410 Domini
3053 5356 3342 5425 revelavit,
3374 5358 3463 5412 di-

1895 5486 1991 5545 (35)
2019 5482 2146 5535 Noli
2168 5481 2365 5533 mirari
2387 5481 2435 5530 si
2458 5484 2672 5532 sanctus
2695 5477 3031 5529 Mattheus...
3070 5476 3310 5527 ordinem
3341 5491 3466 5542 per-

1830 5557 2022 5616 currit,
2052 5556 2109 5604 in
2137 5553 2271 5605 edit.
2300 5552 2455 5601 Rom.
2480 5549 2733 5614 jugulata
2762 5551 2909 5597 sunt.

1891 5628 1992 5690 (36)
2018 5626 2163 5676 Edit.
2196 5638 2263 5674 ac
2287 5623 2451 5686 pauci
2476 5634 2628 5681 mss,
2658 5621 2725 5669 Et
2756 5619 2813 5667 in
2842 5616 3310 5690 Paralipomenon.
3340 5620 3468 5671 Ali-

1830 5688 1969 5764 quot
2004 5698 2116 5759 alii,
2157 5696 2221 5746 Et
2270 5695 2327 5743 in
2370 5689 2882 5764 Paralipomenonjs.
2922 5688 3327 5764 MeliusCorb.
3370 5693 3466 5764 alii

1830 5760 2112 5833 nonnulli,
2140 5769 2199 5817 in
2222 5763 2666 5828 Paralipomenis,
2692 5774 2763 5813 ex
2786 5760 2985 5814 Grmco
3018 5761 3067 5810 ἐν
3101 5762 3462 5829 nepetam-out—

1832 5855 1952 5897 νοις.

3072 5919 3149 5982 53
