3926 6168
524 248 652 298 1675

1979 238 2033 291 S.
2078 234 2395 292 AMBROSII

3662 248 3761 301 l676

517 386 690 424 cens:
725 390 753 420 «
781 369 934 425 Exiet
961 369 1117 439 virga
1156 368 1225 422 de
1264 366 1457 423 radice
1487 368 1657 433 Iesse,
1700 371 1756 420 et
1793 366 1896 420 ﬂos
1936 381 2005 419 ex
2052 382 2139 419 ra-
2168 362 2471 447 Aerravit,
2502 364 2548 417 si
2589 362 2848 429 offendit,
2881 363 3034 417 vides
3072 361 3343 433 quoniam
3381 366 3602 433 promissi
3636 372 3768 424 series

518 459 641 514 dice
666 460 791 531 ejus
816 459 1099 528 ascendet,
1122 464 1178 514 et
1205 458 1524 529 requiescet
1543 472 1715 528 super
1738 471 1883 511 eum.
1899 454 2145 525 Spiritus

517 553 763 620 Domini,
796 553 1034 624 Spiritus
1059 552 1351 624 sapientia
1381 556 1439 606 et
1463 551 1777 605 intellectus
1805 552 1957 617 (lsa.,
1989 565 2063 614 xi,
2092 551 2142 614 1,

515 650 592 717 2).
624 671 649 697 r-
681 649 747 701 Et
770 647 953 702 infra:
992 669 1018 696 «
1047 648 1114 701 Et
1139 647 1249 702 erit
1277 645 1431 700 radix
1458 646 1631 712 Iesse,
1659 648 1715 698 et
1749 643 1847 714 qui
1881 646 2147 712 exsurget

516 742 802 812 imperare
833 740 1093 811 gentibus
1121 756 1134 794 :
1165 740 1222 794 in
1247 740 1367 811 ipso
1396 743 1595 810 gentes
1622 736 1931 808 sperabunt
1958 736 2142 803 (1bid.,

520 836 627 904 10).
662 858 689 885 ››
718 835 787 888 Et
809 834 945 889 alibi
975 851 988 888 :
1025 855 1053 881 α
1086 835 1233 888 Puer
1260 838 1423 887 natus
1453 835 1538 885 est
1570 831 1751 897 nobis,
1791 829 1942 883 ﬁlius
1980 828 2145 883 datus

518 933 602 982 est
626 928 812 997 nobis,
839 928 998 999 cujus
1033 926 1383 999 principium
1415 940 1588 996 super
1618 924 1883 979 humeros
1913 922 2055 994 ejus,
2089 925 2147 976 et

516 1020 809 1077 vocabitur
862 1036 1076 1076 nomen
1136 1021 1294 1091 ejus,
1353 1017 1548 1089 magni
1600 1016 1819 1073 consilii
1874 1016 2139 1087 Angelus.

516 1114 808 1169 Adducam
850 1114 1002 1168 enim
1046 1129 1244 1184 pacem
1287 1128 1459 1183 super
1484 1109 1769 1182 principes
1797 1116 1852 1163 et
1882 1110 2142 1176 salutem,

518 1212 576 1261 et
610 1224 819 1278 magna
853 1213 1095 1277 potestas
1120 1206 1260 1277 ejus,
1293 1209 1352 1259 et
1375 1204 1534 1277 pacis
1561 1203 1683 1273 ejus
1713 1219 1826 1257 non
1855 1202 1963 1256 erit
1994 1202 2143 1267 finis,

518 1302 575 1354 in
617 1301 747 1356 sede
778 1300 966 1369 David,
1007 1300 1151 1355 etin
1190 1315 1369 1370 regno
1409 1298 1533 1369 ejus
1573 1299 1725 1366 (Isa.,
1769 1312 1841 1362 ix,
1892 1298 1968 1361 6).
2014 1318 2039 1343 ››
2084 1296 2144 1348 In

518 1410 631 1464 quo
674 1393 837 1463 juxta
886 1392 1097 1463 Aquilae
1145 1407 1370 1463 quoque
1417 1388 1980 1461 interpretationem,
2028 1402 2144 1442 non

519 1486 676 1556 quasi
714 1485 783 1540 de
822 1486 1089 1552 homine,
1135 1483 1235 1539 sed
1278 1485 1350 1539 de
1398 1501 1483 1555 eo,
1518 1485 1615 1554 qui
1654 1484 1803 1537 ultra
1852 1481 2145 1535 hominem

517 1583 667 1633 esset
700 1577 953 1652 1317
997 1578 1243 1633 vidimus
1275 1578 1557 1632 exstitisse
1589 1575 1955 1648 promissum.
1985 1574 2143 1628 Idem

517 1672 672 1726 enim
706 1671 1115 1741 interpretatus
1151 1676 1235 1725 est
1263 1687 1275 1725 :
1314 1673 1455 1725 Puer
1481 1675 1642 1724 natus
1683 1675 1760 1723 est
1794 1669 1968 1731 nobis,
2003 1668 2148 1737 ﬁlius

2245 457 2532 512 Christum
2555 456 2877 529 spopondit.

2318 554 2401 604 10.
2439 552 2503 605 Et
2542 550 2666 606 ideo
2708 550 2845 605 istos
2882 550 3021 604 duos
3068 550 3295 621 generis
3334 556 3560 606 auctores
3585 568 3775 625 evange-

2242 643 2370 699 lista
2419 644 2630 716 delegit
2671 662 2684 699 :
2733 661 2943 712 unum,
2995 644 3093 715 qui
3145 642 3472 715 promissum
3511 647 3689 717 accepit
3727 649 3779 703 de
3878 662 3879 677 π

2244 737 2687 810 congregatione
2728 738 3103 810 populorum;
3148 737 3403 804 alterum,
3440 738 3529 808 qui
3563 738 3622 792 de
3658 756 3783 809 gene-

2245 833 2462 886 ratione
2508 832 2718 887 Christi
2762 830 3054 886 oraculum
3099 833 3427 885 consecutus
3464 836 3554 886 est.
3594 833 3650 885 Et
3688 833 3785 887 ideo

2244 923 2376 979 licet
2413 923 2611 980 ordine
2650 925 2722 979 sit
2748 924 3110 979 successionis
3144 923 3431 995 posterior,
3468 924 3606 994 prior
3637 931 3789 980 tamen
3880 918 3881 933 ¹

2244 1034 2415 1090 quam
2441 1018 2732 1073 Abraham
2757 1019 2816 1073 in
2842 1017 3070 1073 Domini
3096 1017 3459 1088 generatione
3488 1017 3788 1085 describitur;

2247 1111 2379 1182 quia
2402 1112 2528 1182 plus
2552 1117 2636 1166 est
2658 1111 2998 1183 promissum
3026 1111 3310 1182 accepisse
3337 1110 3403 1164 de
3426 1110 3642 1177 Christo,
3659 1127 3794 1182 quam
3880 1098 3881 1101 1

2246 1203 2319 1257 de
2358 1204 2622 1271 Ecclesia,
2664 1205 2929 1275 quoniam
2973 1204 3217 1258 Ecclesia
3253 1203 3373 1275 ipsa
3410 1219 3507 1274 per
3540 1203 3794 1258 Christum.

2247 1300 2392 1368 Ergo
2433 1314 2579 1352 unus
2608 1298 2869 1369 princeps
2907 1297 3129 1369 generis
3165 1295 3471 1352 secundum
3502 1312 3719 1364 carnem,
3743 1295 3801 1350 al~
3882 1348 3883 1379 ξ

2247 1395 2335 1446 ter
2360 1391 2621 1463 princeps
2660 1391 2889 1461 generis
2924 1391 3232 1453 secundum
3262 1389 3516 1460 spiritum
3544 1390 3674 1457 (38);
3698 1389 3804 1443 alter
3882 1406 3883 1467 ξ

2246 1485 2558 1540 secundum
2596 1485 2828 1539 seminis
2864 1484 3128 1555 gratiam,
3169 1483 3314 1538 alter
3349 1482 3639 1537 secundum
3667 1498 3806 1553 pepu-
3882 1504 3883 1537 ι

2245 1579 2429 1633 lorum
2470 1578 2679 1644 fidem;
2721 1578 2908 1649 potior
2945 1577 3099 1632 enim
3136 1576 3231 1649 qui
3270 1577 3450 1631 salvat
3471 1591 3536 1631 eo
3563 1575 3653 1646 qui
3678 1576 3809 1629 salva-

2246 1677 2355 1726 tur.
2393 1673 2461 1725 Et
2485 1672 2611 1727 ideo
2639 1671 2812 1726 David
2844 1671 2996 1725 filius
3023 1670 3230 1725 dicitur
3256 1688 3271 1724 :
3307 1692 3337 1719 ‹‹
3363 1669 3524 1724 Liber
3552 1667 3810 1740 generatio-
3882 1700 3883 1705 η

514 1766 680 1819 datus
706 1769 781 1819 est
808 1765 979 1827 nobis,
1020 1770 1069 1819 et
1093 1767 1250 1831 facta
1284 1768 1361 1819 est
1399 1778 1646 1818 mensura
1677 1763 1788 1831 ejus
1823 1764 1885 1815 in
1927 1744 2222 1816 humeroB
2246 1765 2333 1819 nis
2372 1766 2502 1820 Iesu
2543 1764 2772 1833 Christi,
2819 1764 2920 1818 filii
2965 1763 3141 1818 David
3180 1762 3422 1831 (Matth.,
3464 1778 3499 1830 ι,
3543 1764 3608 1829 1).
3651 1781 3677 1811 ιο
3716 1761 3815 1829 Ejus

516 1860 652 1927 ejus,
699 1863 749 1912 et
784 1858 1064 1912 vocabitur
1108 1873 1295 1912 nomen
1336 1858 1465 1925 ejus,
1512 1857 1854 1911 admirabilis
1893 1856 2143 1910 consilia-

516 1954 650 2011 rius,
688 1955 822 2006 Deus
845 1954 1024 2018 fortis,
1050 1958 1258 2019 potens,
1284 1957 1445 2021 pater
1468 1951 1671 2011 saeculi,
1699 1952 1946 2019 princeps
1966 1952 2139 2019 pacis.

516 2044 648 2112 Eius
670 2045 895 2114 impleta
923 2051 999 2097 est
1028 2044 1339 2115 disciplina,
1371 2050 1420 2097 et
1445 2047 1601 2114 pacis
1626 2044 1743 2112 ejus
1770 2059 1876 2098 non
1901 2048 1975 2098 est
1999 2045 2143 2111 ﬁnis,

514 2151 683 2207 supra
710 2138 885 2192 sedem
916 2137 1108 2199 Dauid,
1140 2142 1189 2193 et
1217 2152 1386 2208 supra
1411 2153 1637 2205 regnum
1665 2137 1797 2205 ejus.

589 2232 642 2285 9.
683 2230 883 2286 Omnia
924 2230 1225 2285 convenire
1270 2230 1339 2285 de
1375 2230 1595 2284 Christo
1633 2229 1989 2285 evidentibus
2026 2230 2142 2300 sig-

517 2327 687 2378 natur
724 2322 1001 2388 oraculis,
1044 2339 1148 2378 nec
1196 2340 1356 2395 posse
1400 2323 1605 2378 divinas
1644 2323 1896 2379 fructum
1943 2326 2141 2394 poten-

514 2418 608 2471 tiae
632 2417 704 2471 ad
734 2417 1058 2471 Salomonis
1088 2417 1334 2488 gratiam
1364 2417 1631 2484 derivari,
1666 2417 1764 2488 qui
1798 2416 1970 2471 David
1996 2416 2145 2472 filius

514 2510 640 2578 fuit,
669 2510 830 2581 cujus
853 2509 981 2565 ﬁnis
1010 2510 1162 2565 haud
1192 2510 1364 2566 dubie
1391 2511 1773 2581 cognoscitur.
1807 2510 1960 2564 Finis
1988 2511 2143 2564 enim

513 2603 622 2658 fuit
656 2604 820 2675 regni
860 2604 1203 2673 Salomonis,
1246 2610 1303 2659 et
1340 2604 1513 2675 pacis,
1560 2607 1621 2657 ut
1663 2604 1995 2675 Regnorum
2035 2604 2141 2659 lec-

512 2697 760 2753 tionibus
810 2696 1249 2753 demonstratur.
1304 2698 1459 2752 Unus
1513 2703 1597 2752 est
1647 2698 1927 2767 Christus,
1987 2698 2146 2768 cujus

514 2806 763 2863 regnum
798 2806 913 2845 non
960 2790 1132 2845 habet
1170 2788 1369 2845 ﬁnem.
1412 2789 1621 2845 Deinde
1664 2790 1834 2845 nullis
1881 2790 2145 2845 Salomon

515 2884 785 2957 gentibus
834 2884 1162 2955 imperavit,
1216 2884 1471 2938 Christus
1523 2900 1660 2938 vero
1712 2884 2021 2938 Ecclesium
2075 2884 2145 2938 de

514 2977 845 3033 nationibus
870 2976 1245 3048 congregavit
1272 2977 1569 3032 universis.
1600 2979 1890 3031 Postremo
1923 2977 2145 3032 vivente

517 3070 712 3140 David,
755 3076 812 3125 et
851 3074 1019 3125 natus
1056 3075 1140 3125 est
1180 3070 1467 3140 Salomon,
1511 3075 1566 3125 et
1606 3086 1849 3141 regnum
1889 3077 1974 3126 est
2008 3087 2143 3126 con-
2167 3111 2221 3184 Ο
2250 3088 2395 3127 rem.

523 3167 736 3184 aa___au-_
806 3164 897 3184 "ﬁ-
942 3166 1125 3184 --_L___..
1174 3162 1262 3184 .._-1
1311 3163 1660 3184 __-__211:A____
1730 3168 1849 3184 _-_1
1903 3167 2136 3184 _--a.a_u_
2327 3169 2375 3184 ιι

515 3167 760 3219 secutus.
806 3164 901 3218 Hic
938 3166 1130 3218 autem
1168 3162 1268 3235 qui
1310 3163 1681 3234 promittitur,
1729 3168 1853 3235 post
1901 3167 2145 3219 mortem

514 3256 687 3312 David
730 3258 1084 3311 surrecturus
1129 3272 1251 3311 esse
1298 3260 1679 3323 monstratur,
1730 3256 1874 3312 sicut
1915 3258 2140 3314 habes:

518 3372 546 3400 ι(
574 3350 718 3415 Quia
743 3366 875 3405 cum
915 3350 1181 3422 completi
1219 3350 1435 3406 fuerint
1462 3351 1583 3405 dies
1620 3351 1722 3419 tui,
1759 3357 1815 3407 et
1850 3352 2145 3407 dormieris

514 3460 645 3502 cum
692 3443 947 3515 patribus
996 3444 1126 3511 tuis,
1178 3443 1454 3499 suscitabo
1497 3444 1565 3499 de
1609 3445 1831 3500 semine
1877 3449 1994 3513 tuo,
2049 3446 2146 3517 qui

515 3539 624 3594 erit
666 3554 737 3592 ex
783 3543 977 3592 ventre
1020 3542 1141 3604 tuo,
1192 3540 1251 3592 et
1296 3537 1509 3610 parabo
1558 3555 1805 3610 regnum
1846 3540 1987 3611 ejus.
2026 3540 2146 3611 Ipse

515 3631 658 3687 mihi
693 3630 997 3686 ediﬂcabit
1033 3631 1293 3697 domum,
1337 3634 1396 3686 et
1432 3632 1652 3703 erigam
1693 3633 1885 3689 sedem
1928 3634 2047 3705 ejus
2086 3634 2143 3687 in

514 3725 784 3782 seculum
820 3726 863 3795 (Ι
889 3726 1099 3788 Paral.,
1129 3741 1263 3794 xvu,
1296 3728 1380 3792 11,
1418 3728 1525 3791 12).
1558 3748 1585 3776 ››
1618 3727 1905 3799 Numquid
1942 3728 1999 3782 in
2037 3744 2142 3782 sse-

514 3820 704 3875 culum
751 3818 1009 3891 regnavit
1053 3820 1353 3888 Salomon,
1404 3820 1503 3890 qui
1543 3820 1708 3874 annis
1747 3821 2146 3876 tantummodo

514 3912 892 3986 quadraginta
915 3912 1211 3984 regnavit?
1239 3933 1267 3962 ‹‹
1306 3913 1424 3984 Ego
1455 3929 1575 3980 ero,
1608 3914 1816 3985 inquit,
1861 3914 1911 3968 ei
1943 3915 2001 3968 in
2043 3931 2143 3985 pa-

514 4011 686 4076 trem,
723 4009 779 4061 et
820 4006 913 4061 ille
941 4005 1087 4061 mihi
1126 4006 1185 4061 in
1228 4005 1410 4061 tilium
1445 4007 1633 4073 (Ibid.,
1684 4010 1791 4069 13).
1837 4029 1863 4055 ιι
1904 4007 2037 4072 Quis
2063 4011 2148 4063 est

516 4100 620 4154 iste
648 4099 921 4170 proprius
956 4099 1059 4153 Dei
1096 4099 1286 4168 Filius,
1314 4099 1421 4154 nisi
1455 4099 1545 4154 cui
1583 4099 1794 4155 dictum
1831 4107 1953 4155 est:
1988 4122 2015 4151 «
2059 4101 2141 4155 Fi-

517 4192 626 4246 lius
658 4207 822 4246 meus
852 4208 913 4245 es
938 4195 1022 4259 tu,
1052 4208 1158 4263 ego
1188 4193 1357 4247 hodie
1400 4193 1571 4264 genui
1607 4199 1662 4247 te
1700 4196 1865 4259 (Psul.
1898 4211 1952 4263 ιι,
1987 4195 2084 4262 7)?
2118 4218 2142 4244 η

517 4286 603 4353 Et,
638 4305 667 4333 ‹‹
698 4285 1131 4340 Misericordiam
1165 4302 1351 4341 meam
1391 4302 1501 4340 non
1539 4285 1861 4357 dispergam
1905 4288 1972 4341 ab
2006 4304 2142 4343 eo...

517 4382 573 4433 et
612 4376 842 4433 ﬁdelem
874 4394 1008 4434 eum
1036 4378 1273 4434 servabo
1304 4378 1364 4432 in
1406 4378 1573 4433 domo
1602 4395 1751 4446 mea,
1784 4386 1839 4433 et
1868 4379 1927 4433 in
1969 4396 2147 4451 regno

2246 1858 2399 1913 enim
2443 1860 2631 1929 primo
2670 1858 2795 1913 loco
2834 1857 3033 1912 debuit
3070 1856 3218 1910 ﬁlius
3256 1856 3386 1924 dici,
3433 1854 3519 1909 cui
3560 1854 3666 1909 dari
3703 1853 3815 1906 ﬁlius
3884 1853 3885 1921 l

2246 1958 2332 2005 est
2364 1951 2703 2022 promissus;
2738 1951 2870 2005 licet
2897 1950 3195 2021 Apostolus
3221 1950 3395 2003 etiam
3419 1948 3649 2002 Abraha'.
3671 1945 3817 2001 Chris-
3884 1938 3885 1947 “

2248 2049 2368 2099 tum
2396 2046 2544 2099 dicat
2573 2061 2692 2099 esse
2736 2044 3081 2115 promissum
3112 2061 3124 2097 :
3159 2064 3187 2092 ‹‹
3213 2042 3456 2097 Abrahae
3484 2041 3665 2105 (enim)
3692 2038 3818 2092 dicte

2247 2144 2379 2193 sunt
2420 2138 2845 2208 promissiones,
2888 2141 2944 2191 et
2980 2136 3184 2191 semini
3223 2136 3368 2206 ejus.
3413 2136 3534 2188 Non
3570 2133 3697 2187 dicit
3733 2150 3743 2184 :
3776 2131 3823 2183 Et

2245 2231 2579 2300 seminibus,
2623 2237 2897 2301 tanquam
2938 2230 2993 2284 in
3038 2229 3249 2295 multis,
3295 2228 3397 2283 sed
3441 2228 3582 2282 sicut
3604 2226 3659 2281 in
3694 2241 3819 2279 uno:
3886 2226 3887 2289 Ῑ

2248 2326 2313 2380 Et
2350 2325 2556 2379 semini
2593 2331 2711 2391 tuo,
2753 2324 2849 2396 qui
2888 2327 2971 2378 est
3004 2323 3258 2380 Christus
3289 2323 3522 2388 (Galat.,
3560 2338 3636 2385 ιιι,
3676 2322 3776 2381 1ὃ);
3808 2339 3825 2361 ιι
3886 2362 3887 2367 η

2247 2425 2307 2472 ut
2354 2418 2515 2473 alteri
2572 2418 2886 2489 proprietas
2938 2416 3354 2489 generationis,
3394 2414 3727 2487 principatus
3765 2410 3829 2463 al-

2246 2512 2349 2566 teri
2383 2512 2695 2566 deferatur.
2726 2512 2811 2565 Illi
2847 2511 3099 2566 delatum
3137 2516 3241 2577 est,
3278 2514 3340 2564 ut
3374 2511 3538 2564 Jesus
3574 2508 3687 2577 ejus
3717 2505 3833 2559 ﬁlius

2246 2605 2530 2660 diceretur
2570 2622 2583 2659 :
2626 2605 2759 2659 huic
2796 2605 2956 2677 quasi
2996 2603 3271 2675 principi,
3314 2602 3550 2658 familias
3589 2599 3829 2671 gentium-

2245 2716 2356 2771 que
2410 2698 2789 2769 praerogativa
2839 2696 3096 2771 1318
3142 2703 3438 2761 servatur;
3481 2700 3545 2749 ut
3590 2694 3654 2748 ab
3696 2691 3833 2748 Abra-
3888 2688 3889 2763 ξ

2246 2792 2380 2847 ham
2439 2792 2822 2863 generationis
2878 2791 3182 2846 Dominicm
3236 2792 3506 2845 manaret
3561 2786 3833 2842 exordium.

2245 2886 2350 2949 Qui
2390 2886 2544 2940 enim
2593 2885 2727 2941 fidei
2765 2889 2960 2940 auctor
2999 2889 3116 2953 est,
3158 2884 3353 2956 ipsum
3402 2898 3655 2938 asserere
3689 2876 3839 2946 Scrip-

2246 2982 2373 3033 tura
2431 2995 2660 3050 quoque
2720 2978 2918 3034 debuit
2976 2978 3184 3033 divina:
3242 2974 3634 3048 generationis
3684 2973 3839 3026 aucto-

2324 3169 2407 3221 ll.
2461 3166 2618 3221 Unde
2664 3170 2722 3240 ej
2768 3167 2946 3221 Lucas
2988 3166 3056 3220 ad
3108 3166 3284 3219 Deum
3337 3166 3563 3236 putavit
3608 3160 3842 3231 originem

2246 3260 2371 3331 ejus
2411 3276 2531 3315 esse
2571 3260 2959 3328 referendam;
3002 3258 3155 3330 quod
3194 3275 3371 3313 verus
3410 3256 3620 3315 Christi
3657 3265 3848 3325 genera-

2246 3360 2339 3409 tor
2378 3356 2524 3409 Deus
2562 3354 2666 3423 sit,
2708 3353 2795 3408 vel
2834 3352 3152 3408 secundum
3202 3368 3403 3407 veram
3458 3348 3845 3422 generationem

2246 3454 2424 3520 pater,
2450 3449 2534 3502 vel
2560 3448 2871 3503 secundum
2897 3446 3106 3502 lavacri
3134 3445 3651 3518 regenerationem
3671 3435 3848 3511 mystici

2247 3542 2499 3598 muneris
2532 3547 2746 3596 auctor.
2779 3542 2847 3595 Et
2871 3540 3000 3597 ideo
3027 3556 3143 3595 non
3169 3557 3204 3594 a
3237 3541 3434 3611 primo
3463 3536 3851 3611 generationem

2247 3636 2369 3706 ejus
2394 3636 2565 3707 coepit
2597 3635 2918 3691 describere
2941 3678 2955 3703 ,
2993 3635 3090 3689 sed
3130 3640 3330 3706 postea
3375 3633 3726 3705 baptismum
3760 3625 3855 3695 ejus

2246 3730 2536 3800 explicuit,
2568 3734 2860 3785 auctorem
2892 3729 3152 3784 omnium
3179 3729 3370 3783 Deum
3398 3744 3507 3799 per
3546 3724 3855 3795 baptismum

2245 3823 2478 3895 cupiens
2523 3822 2938 3891 demonstrare,
2983 3822 3273 3878 Christum
3317 3836 3563 3893 quoque
3595 3835 3630 3873 a
3653 3819 3757 3873 Deo
3793 3826 3859 3866 or—

2246 3916 2378 3972 dine
2420 3932 2678 3971 manasse
2719 3914 3090 3971 successionis
3119 3916 3414 3970 asseruit:
3454 3914 3714 3968 universa
3751 3921 3858 3961 con-

2245 4013 2457 4077 texens,
2489 4016 2547 4064 ut
2577 4014 2632 4065 et
2666 4009 2982 4065 secundum
3012 4013 3301 4076 naturam,
3342 4014 3403 4063 et
3430 4005 3743 4063 secundum
3768 4014 3860 4071 gra-

2245 4103 2402 4167 tiam,
2438 4107 2495 4157 et
2536 4103 2849 4159 secundum
2892 4118 3119 4157 carnem
3147 4102 3243 4157 Dei
3285 4102 3507 4157 Filium
3539 4099 3859 4155 demonstra-

2246 4199 2349 4251 ret.
2406 4197 2566 4261 Quod
2617 4201 2807 4251 autem
2862 4196 3176 4251 evidentius
3229 4196 3448 4250 divinae
3508 4182 3862 4265 generationis

2246 4289 2553 4357 indicium,
2609 4306 2784 4360 quam
2840 4289 2993 4360 quod
3049 4289 3118 4343 de
3175 4289 3565 4359 generatione
3618 4280 3862 4340 dictum}

2246 4383 2433 4453 ipsum
2464 4384 2685 4438 Patrem
2721 4383 2989 4454 praemisit
3026 4383 3366 4454 loquentem
3404 4400 3416 4436 :
3455 4406 3481 4431 α
3517 4381 3615 4435 Hic
3644 4380 3726 4431 est
3747 4371 3865 4428 ﬁlius

517 4471 640 4542 ejus
667 4472 725 4526 in
756 4472 1027 4527 saeculum
1057 4473 1293 4541 (Paral.,
1317 4488 1444 4539 xvu,
1477 4474 1561 4538 13,
1594 4473 1716 4541 l4)?
1738 4493 1765 4521 ι)
1793 4474 1865 4527 At
1891 4490 2021 4529 vero
2045 4478 2144 4531 Sa-
2166 4483 2224 4554 D
2249 4491 2410 4531 meus
2462 4476 2695 4531 dilectus
2717 4518 2730 4543 ,
2783 4476 2840 4529 in
2895 4492 3008 4547 quo
3060 4475 3393 4545 complacui
3454 4476 3631 4541 (Luc,
3688 4486 3755 4533 ιιι,
3798 4466 3866 4527 ῒὶι

514 4565 804 4619 lomonem
852 4565 1088 4621 fortasse
1140 4565 1263 4621 ideo
1314 4581 1528 4622 errasse
1578 4572 1697 4620 tam
1744 4567 2024 4638 graviter,
2074 4585 2145 4623 ne

515 4662 771 4712 errarent
807 4657 1092 4728 homines,
1126 4663 1183 4713 et
1209 4660 1277 4713 ad
1306 4659 1491 4730 ipsum
1521 4660 1857 4715 crederetur
1888 4677 2146 4717 manasse

514 4750 879 4823 promissum,
902 4750 1225 4806 divinarum
1247 4753 1390 4808 serie
1416 4754 1789 4822 cognovimus
1814 4754 2144 4809 lectionum.

515 4842 825 4898 Ediﬁcavit
875 4843 1032 4897 enim
1085 4844 1365 4915 templum
1418 4847 1656 4900 Astarte;
1711 4846 1861 4902 idolo
1914 4852 2148 4919 propter

514 4952 775 4993 amorem
816 4935 1072 4991 mulieris
1111 4939 1245 5005 (37),
1287 4940 1344 4991 et
1387 4937 1715 5009 indignatus
1754 4945 1839 4995 est
1877 4941 2147 4995 Dominus

513 5030 571 5084 in
614 5029 979 5085 Salomonem
1019 5029 1111 5097 (Ill
1154 5031 1306 5097 Reg.,
1349 5047 1427 5097 xi,
1474 5032 1508 5085 4
1548 5034 1680 5102 seq).
1725 5033 1782 5088 Si
1828 5034 2020 5104 igitur,
2064 5035 2142 5088 vi-

513 5127 681 5179 vente
719 5122 914 5191 David,
946 5137 1185 5194 regnare
1224 5123 1395 5194 coepit
1428 5124 1528 5191 (sic
1565 5125 1724 5180 enim
1761 5126 1955 5197 habes,
1996 5128 2145 5199 quod

512 5230 644 5272 cum
714 5221 864 5270 esset
932 5216 1261 5270 nuntiatum
1330 5216 1501 5271 David
1570 5234 1811 5289 regnare
1881 5220 2143 5275 Salomo-

510 5324 673 5377 nem,
736 5309 994 5365 adoravit
1040 5325 1134 5364 rex
1190 5309 1359 5363 David
1410 5310 1468 5363 in
1516 5310 1686 5366 cubili
1735 5329 1858 5379 suo,
1908 5317 1962 5368 et
2005 5314 2147 5369 dixit

514 5403 608 5469 (III
661 5404 813 5470 Reg.,
871 5420 907 5470 ι,
966 5404 1058 5475 48)
1115 5426 1127 5457 :
1184 5425 1211 5451 α
1271 5404 1606 5458 Benedictus
1667 5405 1942 5460 Dominus
2004 5408 2146 5462 Deus

510 5493 699 5562 Israel,
731 5495 830 5565 qui
855 5496 1011 5550 dedit
1037 5496 1180 5551 mihi
1216 5496 1388 5551 hodie
1419 5496 1489 5552 de
1523 5498 1742 5553 semine
1783 5515 1913 5554 meo
1949 5500 2138 5555 seden-

509 5589 628 5639 tem
675 5587 736 5641 in
790 5587 996 5643 throno
1043 5604 1207 5657 meo,
1262 5596 1318 5645 et
1360 5591 1505 5646 oculi
1559 5592 1673 5646 mei
1723 5591 1969 5661 vident),
2020 5614 2046 5640 ››
2099 5593 2141 5646 si

566 5705 661 5768 (37)
686 5705 844 5758 Rom.
876 5707 1031 5771 edit.,
1058 5714 1282 5773 propter
1305 5724 1541 5764 amorem
1565 5712 1869 5764 mulierum.

563 5776 665 5842 (38)
705 5776 833 5827 Mss.
863 5789 1065 5829 novem
1104 5781 1431 5842 antiquioris
1474 5797 1695 5845 manus,
1722 5782 1862 5835 alter
1899 5785 2145 5850 princeps

2245 4574 2421 4640 supr.)
2438 4570 2466 4624 Ἰ
2495 4593 2520 4619 »ι

2319 4666 2405 4718 12.
2439 4663 2535 4717 Hic
2564 4678 2793 4735 quoque
2820 4662 2994 4734 aliqui
3019 4664 3202 4717 solent
3226 4663 3506 4717 inserere
3536 4658 3867 4733 quaestiones,

2247 4756 2398 4829 quod
2452 4757 2745 4811 Matthaeus
2798 4756 2869 4811 ab
2912 4756 3203 4811 Abraham
3246 4771 3446 4828 usque
3498 4755 3569 4810 ad
3615 4749 3867 4809 Christum

2248 4850 2634 4922 quadraginta
2672 4849 2813 4904 duas
2854 4850 3255 4921 generationes
3297 4845 3755 4911 enumeraverit,
3792 4840 3872 4893 ια’

2248 4960 2342 4999 cas
2380 4960 2510 5000 vero
2550 4943 2964 5015 quadraginta;
3007 4949 3065 4998 et
3102 4943 3255 5015 quod
3298 4960 3417 5015 per
3455 4943 3599 4997 alias
3636 4944 3869 5011 personas

2246 5036 2571 5103 Matthaaus,
2613 5052 2715 5107 per
2754 5038 2893 5091 alias
2932 5037 3105 5091 Lucas
3143 5038 3603 5106 generationem
3643 5038 3870 5087 manasse

2248 5129 2610 5201 descripserit
2639 5146 2653 5184 :
2687 5130 2745 5184 in
2777 5146 2892 5201 quo
2922 5130 3047 5201 jam
3078 5135 3235 5200 potes
3266 5129 3422 5183 illud
3464 5127 3713 5200 probare
3741 5113 3865 5191 quod

2248 5221 2515 5291 diximus,
2561 5223 2696 5293 quia
2734 5239 2861 5277 cum
2902 5223 3041 5277 alios
3077 5221 3389 5277 Matthmus
3430 5220 3678 5291 majores
3714 5208 3869 5270 Domi-

2249 5315 2360 5370 nici
2406 5315 2654 5386 generis,
2684 5316 2827 5370 alios
2854 5331 2988 5369 vero
3026 5315 3202 5369 Lucas
3234 5314 3296 5369 in
3331 5314 3549 5369 ordine
3586 5303 3867 5381 generatim

2247 5408 2334 5463 nis
2374 5409 2651 5475 texuerit;
2690 5409 2761 5463 ab
2791 5409 3079 5465 Abraham
3115 5412 3310 5462 tamen
3342 5411 3405 5463 et
3435 5405 3610 5462 David
3650 5401 3868 5469 reliquos

2248 5506 2510 5557 auctores
2541 5502 2774 5572 generis
2800 5506 3037 5574 uterque
3064 5501 3437 5573 signiﬁcavit.

2320 5598 2405 5650 l3.
2433 5595 2591 5659 Quod
2618 5611 2750 5651 vero
2777 5611 2882 5667 per
2907 5596 3275 5651 Salomonem
3310 5593 3618 5650 Mattheus
3650 5598 3865 5660 genera-

2243 5716 2450 5778 generis
2475 5716 2758 5768 secundum
2787 5717 3067 5768 Christum.
