3972 6174
166 289 263 340 1677

1193 284 1653 339 EXPOSlTiONlS
1691 283 1755 338 IN
1798 283 2019 338 LUCAM
2064 286 2190 339 LlB.
2236 285 2323 339 Ill.

3299 292 3431 343 l678

154 411 320 463 tionem
340 405 689 460 derivandam
713 405 947 477 putavit,
972 406 1145 461 Lucas
1171 424 1298 462 vero
1328 424 1428 479 per
1448 408 1701 477 Nathau;
1729 422 1785 492 Α
1811 423 1969 475 rum;
2016 408 2115 461 sed
2162 408 2477 464 secundum
2540 409 2784 464 litteram
2835 411 3135 481 accipiens,
3188 413 3432 483 gratiam

144 502 253 556 alter
278 499 523 571 regalem,
549 500 689 554 alter
724 500 1139 556 sacerdotalem
1175 502 1382 557 Christi
1422 502 1697 556 familiam

144 596 313 649 videtur
333 592 636 648 ostendere.
669 594 828 657 Quod
856 610 975 649 non
1003 595 1082 649 ita
1113 595 1371 666 accipere
1397 596 1696 663 debemus,

142 686 256 760 quod
294 686 515 742 alterum
560 688 738 742 altero
779 688 1001 756 verius,
1046 689 1145 743 sed
1189 690 1331 744 alter
1376 690 1540 744 alteri
1580 690 1702 760 pari

141 781 222 834 ﬁde
243 784 293 833 et
313 780 532 835 veritate
558 782 878 837 concordet.
914 782 1037 836 Fuit
1073 782 1224 837 enim
1251 799 1380 838 vere
1412 788 1470 837 et
1498 799 1699 837 secun-

140 874 241 929 dum
275 889 486 928 carnem
528 875 752 945 regalis,
796 880 852 929 et
895 875 1256 930 sacerdotalis
1298 876 1531 930 familia
1562 893 1575 929 :
1606 892 1700 931 rex

139 985 185 1021 ex
213 967 436 1037 regibus,
474 966 733 1022 sacerdos
773 984 837 1023 ex
880 969 1283 1035 sacerdotibus,
1327 970 1456 1024 licet
1501 986 1698 1024 oracu-

139 1063 222 1115 lam
262 1076 361 1113 non
403 1060 470 1114 de
513 1061 855 1128 carnalibus,
904 1062 1005 1116 sed
1040 1063 1110 1117 de
1158 1063 1473 1117 ccelestibus
1521 1063 1702 1134 expri-

138 1160 299 1218 matur;
329 1154 595 1223 quoniam
635 1158 689 1207 et
735 1171 831 1208 rex
866 1155 924 1208 in
970 1155 1062 1209 Dei
1102 1156 1308 1210 virtute
1339 1156 1582 1223 lis-tatur,
1612 1157 1702 1210 cui

130 1246 356 1316 judicium
383 1263 416 1300 a
439 1248 598 1301 Patre
644 1264 776 1318 rege
819 1248 1091 1315 defertur,
1138 1253 1195 1302 et
1232 1249 1491 1304 sacerdos
1520 1254 1603 1305 est
1642 1250 1698 1303 in

133 1344 373 1408 aeternum,
410 1342 721 1396 secundum
763 1342 921 1412 quod
961 1343 1234 1413 scriptum
1276 1349 1359 1397 est
1398 1360 1410 1397 :
1455 1366 1480 1392 ‹‹
1518 1345 1597 1397 Tu
1643 1360 1703 1399 es

132 1434 414 1488 sacerdosin
452 1438 730 1489 aeternum
768 1436 1078 1489 secundum
1121 1437 1383 1491 ordinem
1421 1437 1702 1491 Melchise-

131 1527 233 1580 dech
273 1528 427 1594 (Psal.
479 1544 584 1594 CIX,
622 1529 697 1599 4).
746 1552 772 1577 ››
820 1530 967 1583 Bene
1013 1530 1187 1599 igitur
1230 1534 1471 1601 uterque
1519 1531 1704 1584 tenuit

131 1618 286 1687 ﬁdem;
328 1624 388 1673 ut
427 1621 724 1675 Mattheeus
772 1638 874 1692 per
922 1638 1091 1692 reges
1140 1623 1367 1678 ductam
1420 1624 1702 1695 originem

129 1715 489 1782 comprobaret,
522 1721 579 1769 et
622 1716 793 1769 Lucas
830 1732 933 1786 per
967 1717 1285 1771 sacerdotes
1310 1733 1342 1770 a
1370 1718 1480 1772 Deo
1519 1723 1699 1771 trans-

1806 501 2056 572 corrupit
2099 503 2329 557 oraculi.
2380 503 2535 557 Alius
2579 503 2736 557 enim
2783 508 2902 558 erat
2943 504 3137 569 frater,
3186 506 3280 575 qui
3327 506 3430 560 de-

1803 594 2128 649 functorum
2166 596 2409 649 fratrum
2451 612 2649 651 semen
2687 597 3064 663 resuscitaret,
3108 613 3223 651 non
3258 599 3435 653 frater

1803 688 2121 742 secundum
2189 691 2371 744 carnis
2425 690 2893 760 germanitatem,
2953 690 3051 744 sed
3115 691 3433 745 secundum

1805 781 1998 852 gratias
2046 782 2372 853 puritatem.
2420 783 2489 836 Et
2539 783 2669 838 ideo
2713 783 2966 851 fortasse,
3017 807 3042 833 (ι
3089 785 3280 839 Frater
3320 801 3434 839 non

1803 875 2066 943 redimit,
2115 876 2357 931 redimet
2402 876 2575 930 homo
2629 879 2796 945 (Psal.
2854 894 3045 945 XLVI”,
3103 880 3245 947 8);»
3304 879 3436 951 quia

1803 984 1918 1023 non
1960 985 2269 1039 germanus
2307 971 2479 1025 frater
2518 970 2632 1037 ille,
2673 971 2769 1025 sed
2817 972 3085 1026 Dominus
3124 977 3181 1025 et
3219 974 3431 1029 media-

1802 1066 1893 1115 tor
1921 1061 2015 1116 Dei
2046 1065 2104 1116 et
2132 1061 2429 1117 hominum
2472 1063 2643 1117 homo
2672 1063 2929 1117 Christus
2955 1066 3115 1119 Iesus
3145 1082 3425 1121 resurrec-

1808 1155 1977 1209 tionis
2017 1156 2265 1227 gratiam
2302 1158 2651 1227 propagavit.
2687 1156 2834 1212 Licet
2879 1158 2950 1212 sit
2984 1160 3242 1213 versiculi
3276 1159 3435 1215 istius

1803 1251 1860 1301 et
1888 1248 1999 1302 alia
2025 1248 2441 1319 interpretatio,
2470 1266 2640 1320 quam
2662 1266 2765 1304 suo
2787 1251 3039 1306 dicemus
3065 1253 3185 1307 loco
3209 1254 3431 1308 (Enarr.

1802 1343 1861 1394 in
1891 1343 2040 1396 Psal.
2068 1343 2275 1413 XLVIII).

1878 1437 1960 1488 16.
1998 1435 2115 1489 Non
2140 1434 2450 1489 absurdum
2479 1441 2671 1491 autem
2697 1437 2917 1491 videtur
2937 1438 3109 1509 quod,
3140 1441 3431 1509 geminato

1806 1527 2043 1597 mystico
2086 1545 2347 1595 numero,
2390 1534 2590 1599 quater
2630 1530 2802 1584 denas
2844 1532 3240 1601 generationes
3291 1533 3431 1586 divi-

1805 1619 2017 1674 dendas
2057 1624 2281 1675 sanctus
2317 1622 2606 1676 Matthaeus
2649 1624 2887 1693 putavit,
2929 1624 2999 1679 ab
3028 1626 3310 1679 Abraham
3341 1643 3429 1680 us-

1805 1730 1917 1783 que
1944 1714 2015 1768 ad
2042 1714 2236 1782 David,
2263 1732 2294 1768 a
2325 1716 2493 1769 David
2537 1732 2712 1786 usque
2755 1716 2828 1771 ad
2871 1718 3432 1788 transmigrationem

130 1806 305 1860 missam
343 1808 398 1861 in
446 1808 739 1862 Christum
791 1810 997 1863 seriem
1050 1810 1278 1880 generis
1335 1789 1780 1878 deducendo,B
1807 1807 2127 1877 Babylonis,
2172 1825 2205 1862 a
2256 1809 2753 1879 transmigratione
2798 1810 3099 1881 Babylonis
3139 1828 3321 1883 usque
3361 1814 3431 1867 ad

128 1901 409 1954 sanctiorem
460 1900 643 1973 ipsam
692 1902 974 1972 originem
1026 1902 1362 1958 declararet.
1416 1904 1593 1959 Simul
1646 1906 1704 1959 in

129 1992 202 2046 hoc
244 2010 453 2064 quoque
501 1995 665 2049 vituli
712 1995 899 2067 figura
947 1995 1241 2067 signatur,
1292 1998 1442 2067 quod
1497 1998 1702 2068 ubique

134 2086 426 2142 sacerdotale
453 2089 799 2160 mysterium
825 2094 990 2160 putat
1014 2106 1136 2144 esse
1164 2091 1523 2145 servandum.

178 2180 241 2233 14.
269 2181 368 2234 Nec
391 2182 624 2237 mireris
662 2183 708 2236 si
734 2183 804 2237 ab
836 2183 1122 2238 Abraham
1163 2185 1351 2254 plures
1379 2185 1700 2239 secundum

127 2272 280 2327 Lucam
309 2276 689 2331 successiones
719 2293 900 2348 usque
942 2275 1014 2330 ad
1051 2278 1334 2334 Christum
1375 2284 1527 2346 sunt,
1557 2295 1699 2348 pau-

126 2367 260 2420 ciores
282 2368 594 2423 secundum
634 2370 991 2439 Mattbaaum;
1025 2387 1155 2425 cum
1199 2388 1299 2441 per
1338 2372 1479 2426 alias
1508 2389 1697 2443 perso-

125 2475 195 2513 nas
229 2463 649 2530 generationem
698 2464 928 2518 fatearis
973 2481 1091 2519 esse
1137 2464 1471 2535 decursam;
1516 2473 1703 2536 potest

127 2552 236 2606 enim
260 2554 368 2609 fieri
408 2562 474 2610 ut
508 2556 613 2610 alii
642 2557 960 2627 longaevam
987 2558 1370 2629 transegerint
1395 2560 1588 2623 vitam,
1618 2560 1697 2614 al-

125 2647 252 2699 terius
275 2664 399 2703 vero
422 2651 813 2719 generationis
843 2650 946 2703 viri
972 2650 1284 2706 immatura
1312 2656 1477 2705 aetate
1511 2652 1703 2706 deces-

124 2738 273 2806 serint,
310 2756 434 2796 cum
491 2742 786 2798 videamus
839 2744 1157 2815 complures
1207 2761 1368 2799 senes
1403 2762 1539 2798 cum
1587 2746 1701 2799 suis

124 2833 363 2901 nepotibus
387 2835 602 2902 vivere,
629 2836 770 2891 alios
796 2853 927 2891 vero
957 2837 1104 2891 viros
1144 2838 1336 2892 statim
1372 2838 1501 2892 filiis
1543 2838 1700 2893 obire

123 2927 359 2997 susceptis.

171 3022 237 3072 l5.
296 3020 430 3075 Illud
506 3037 741 3093 quoque
818 3023 1167 3077 advertimus
1243 3025 1395 3095 quod
1474 3030 1701 3079 sanctus

119 3108 387 3231 Eumaeus,
440 3115 621 3169 Iacob
684 3116 783 3187 qui
842 3116 950 3170 fuit
1006 3123 1168 3187 pater
1226 3119 1467 3189 Ioseph,
1519 3118 1774 3231 filiumC

153 3204 288 3231 λη.--
336 3224 445 3231 --η
502 3210 911 3231 __-_.-___-_:.
961 3211 1145 3231 HL...
1258 3228 1270 3231 _
1357 3212 1471 3231 .m,

117 3200 292 3260 Mathan
332 3224 448 3263 esse
500 3210 915 3265 memoraverit
959 3211 1202 3281 (Matth.,
1258 3228 1293 3278 ι,
1352 3212 1475 3283 15);
1528 3213 1698 3267 Lucas

120 3310 218 3351 vero
234 3300 423 3371 Ioseph
458 3302 559 3356 cui
598 3301 940 3374 desponsata
966 3310 1085 3359 erat
1120 3304 1308 3373 Maria,
1335 3305 1516 3359 tilium
1547 3306 1691 3373 Heli;

119 3388 205 3444 lleli
242 3400 417 3449 autem
468 3395 663 3450 ﬁlium
707 3396 906 3452 Melchi
949 3414 1070 3452 esse
1122 3397 1483 3469 descripserit
1525 3398 1695 3468 (Luc.,

118 3486 278 3555 111,24).
302 3488 600 3552 Quomodo
627 3488 677 3562 1
694 3488 811 3563 31
828 3489 888 3563 9
925 3491 1088 3545 unius
1115 3492 1226 3546 duo
1254 3494 1465 3563 patres,
1499 3492 1558 3546 id
1591 3500 1694 3560 est,

119 3574 207 3630 lleli
241 3587 290 3635 et
332 3583 548 3638 Iacob?
594 3585 887 3648 Quomodo
932 3585 1103 3640 etiam
1147 3586 1262 3640 duo
1313 3586 1533 3657 paterni
1585 3587 1691 3657 avi,

26 3684 31 3691 ί
117 3667 289 3727 Matban
330 3680 388 3730 et
433 3676 680 3733 Melchi?
732 3677 842 3733 Sed
885 3678 931 3731 si
980 3694 1112 3733 vere
1159 3678 1388 3750 quaeris,
1442 3680 1696 3734 invenies

117 3763 270 3830 (Deut,
293 3786 411 3836 xxv,
442 3773 496 3841 5)
524 3769 686 3840 quod
703 3771 872 3840 juxta
897 3772 1296 3842 prmscriptum
1321 3772 1461 3843 legis
1489 3774 1695 3828 veteris

117 3853 197 3910 duo
232 3859 425 3917 fratres
474 3862 731 3918 diversos
793 3864 939 3919 filios
1003 3866 1257 3920 uterinos
1306 3866 1414 3935 (39)
1465 3883 1529 3921 ex
1582 3883 1698 3921 una

22 3952 23 3977 ³
118 3963 249 4007 uxore
269 3957 674 4025 generaverint
707 3958 929 4027 (Euseb.
958 3961 1095 4015 Caes.
1126 3960 1328 4014 Eccles.
1360 3963 1499 4015 Hist.
1524 3960 1624 4014 lib.
1655 3977 1693 4027 ι,

20 5036 25 5071 ι

20 5118 23 5205 l

116 4048 228 4114 αῖ).
261 4049 514 4105 Traditur
556 4052 710 4105 enim
753 4052 997 4118 Mathan,
1040 4052 1135 4124 qui
1181 4069 1216 4106 a
1245 4052 1550 4109 Salomone
1595 4070 1693 4125 ge-

116 4152 187 4191 nus
240 4142 420 4212 duxit,
483 4145 662 4201 Iacob
739 4162 1036 4216 generasse
1109 4146 1322 4214 ﬁlium,
1393 4151 1451 4201 et
1526 4163 1697 4203 uxore

114 4237 377 4303 superstite,
424 4238 755 4306 decessisse,
790 4255 961 4310 quam
1001 4245 1200 4310 postea
1240 4240 1435 4295 Melchi
1480 4241 1697 4312 accepit

113 4338 319 4397 uxorem,
354 4348 422 4386 ex
463 4348 583 4402 qua
629 4337 938 4402 generatus
986 4338 1072 4387 est
1118 4334 1286 4389 Heli:
1333 4350 1529 4389 rursus
1577 4335 1696 4389 Heli

115 4414 243 4474 fratre
276 4423 393 4478 sine
436 4425 638 4479 liberis
681 4426 1015 4495 decedente,
1044 4428 1337 4499 ecpulatus
1382 4431 1470 4482 est
1506 4429 1695 4483 fratris

1803 1900 2089 1956 Christum
2112 1918 2124 1955 :
2154 1902 2207 1955 in
2232 1919 2346 1972 quo
2364 1903 2509 1957 vices
2537 1904 2916 1957 mutationum
2938 1907 3151 1975 pariter
3171 1906 3429 1978 designa-

1805 1994 1901 2047 vit.
1933 1995 2016 2048 Ab
2045 1994 2329 2048 Abraham
2359 1996 2509 2050 enim
2545 2013 2719 2067 usque
2740 1998 2811 2051 ad
2835 1997 3012 2052 David
3035 2004 3293 2069 tempora
3312 2000 3432 2055 sine

1804 2087 2037 2159 regibus
2062 2088 2170 2151 fuit
2198 2090 2440 2159 populus
2474 2090 2831 2158 Iudaeorum;
2864 2107 3107 2163 regnum
3135 2093 3287 2147 enim
3308 2093 3429 2164 jus-

1804 2188 1925 2235 tum
1974 2198 2007 2234 a
2052 2182 2225 2235 David
2268 2182 2462 2252 cmpit;
2508 2183 2713 2238 deinde
2760 2201 2866 2255 per
2909 2201 3070 2256 reges
3106 2190 3295 2240 actum
3341 2204 3435 2258 ge-

1806 2291 1910 2328 nus
1952 2291 2122 2331 omne
2154 2279 2237 2328 est
2277 2276 2626 2343 Iudaeorum,
2672 2280 2729 2330 et
2764 2278 3104 2333 intemerata
3143 2296 3322 2350 usque
3359 2284 3432 2335 ad

1805 2367 2366 2435 transmigrationem
2416 2385 2613 2424 eorum
2668 2386 2846 2441 regna
2900 2375 3254 2427 manserunt.
3302 2375 3434 2429 Post

1805 2460 2365 2531 transmigratiouem
2413 2479 2546 2516 vero
2600 2462 2657 2516 in
2709 2480 2972 2518 occasum
3029 2464 3435 2536 degenerantis

1804 2554 2000 2624 pOpuli
2039 2554 2303 2609 nobilitas
2345 2556 2681 2610 circumcisa
2714 2558 2997 2628 vergebat.
3034 2559 3109 2612 De
3149 2559 3431 2630 quinqua-

1803 2647 1964 2717 ginta
2007 2664 2142 2702 vero
2189 2649 2636 2703 successionibus
2684 2651 2791 2719 (40)
2848 2667 2986 2722 quas
3028 2651 3099 2704 ab
3150 2651 3433 2708 Abraham

1803 2740 1977 2793 Lucas
2005 2742 2392 2796 contexendas
2430 2743 2667 2813 putavit,
2697 2744 2921 2798 numeri
2967 2745 3185 2816 mystici
3214 2750 3435 2801 servata

1801 2834 1988 2903 gratia
2034 2835 2167 2889 satis
2220 2835 2417 2890 claret.
2464 2837 2602 2889 Nam
2643 2845 2699 2890 ct
2750 2837 3006 2891 decimus
3058 2844 3115 2892 et
3157 2840 3432 2909 septimus

1803 2942 2075 2981 numerus
2118 2928 2386 2999 mysticus
2424 2934 2529 2997 est,
2573 2933 2631 2983 et
2663 2929 2831 2984 tertio
2874 2934 3117 3003 uterque
3156 2932 3433 3002 repetitus

1802 3020 2135 3090 mysterium
2188 3022 2392 3092 signat.
2452 3023 2519 3076 Et
2581 3025 2938 3092 pentecoste,
3003 3025 3165 3094 cujus
3225 3024 3429 3092 Lucas,

1800 3119 1856 3169 et
1914 3118 2303 3183 tesseracostc,
2349 3115 2510 3186 cujus
2559 3115 2852 3171 Matthmus
2900 3120 3126 3171 secutus
3177 3124 3259 3172 est
3306 3132 3432 3189 gra-

1801 3208 1961 3276 tiam,
1993 3208 2128 3263 satis
2169 3224 2455 3279 superque
2483 3224 2793 3263 numerum
2821 3210 3126 3280 mysticum
3158 3211 3430 3282 prodide-

1800 3305 1957 3356 runt.

1872 3400 1956 3450 l7.
1986 3394 2249 3466 Plerique
2284 3394 2455 3449 etiam
2500 3396 2785 3451 mirantur
2819 3412 2920 3452 cur
2947 3397 3197 3453 Thamar
3233 3397 3434 3453 mulie-

1798 3489 1875 3542 ris
1916 3488 2171 3554 famosze,
2208 3492 2269 3542 ut
2312 3487 2422 3541 illis
2458 3488 2698 3556 videtur,
2743 3490 3042 3545 Matthaeus
3081 3507 3430 3548 commemo-

1800 3581 2080 3636 rationem
2137 3580 2196 3635 in
2251 3581 2539 3636 Dominica
2582 3583 2956 3652 generatione
3008 3585 3432 3639 contexendam

1798 3675 2103 3746 putaverit.
2134 3674 2243 3728 Cur
2267 3675 2441 3729 etiam
2471 3674 2646 3743 Ruth,
2674 3692 2777 3730 cur
2822 3676 2945 3746 ejus
2974 3693 3199 3747 quoque
3234 3677 3434 3733 mulie-

1798 3769 1875 3823 ris
1903 3784 2030 3839 quaz
2074 3767 2219 3823 Uriee
2263 3784 2406 3822 uxor
2443 3767 2570 3833 fuit,
2610 3772 2669 3822 et
2701 3768 2884 3824 occiso
2912 3768 3168 3843 1320
3196 3771 3427 3840 marito,

1798 3863 1856 3916 in
1888 3862 2061 3917 David
2091 3862 2318 3932 nuptias
2346 3861 2749 3932 commigravit
2776 3863 2911 3931 (41);
2941 3880 3072 3917 cum
3110 3863 3429 3934 praesertim

1797 3956 1999 4022 Sarrae,
2040 3960 2100 4010 et
2134 3956 2418 4023 Rebecca),
2464 3961 2522 4010 et
2561 3956 2787 4022 Rachel,
2818 3960 3146 4011 sanctarum
3183 3957 3427 4012 femina-

1800 4065 1949 4115 rum,
1974 4065 2261 4120 nusquam
2284 4049 2483 4103 fecerit
2508 4050 2878 4103 mentionem.
2909 4049 2995 4105 Sic
3020 4050 3177 4103 enim
3200 4050 3378 4105 habes
3410 4067 3425 4105 :

1800 4165 1827 4191 ι(
1869 4142 2154 4197 Abraham
2231 4140 2428 4213 genuit
2500 4144 2684 4212 Isaac,
2754 4146 2905 4197 Isaac
2973 4143 3171 4213 genuit
3233 4144 3425 4213 Iacob,

1794 4236 1961 4291 Iacob
2006 4235 2208 4307 genuit
2246 4235 2446 4290 Iudam
2485 4242 2541 4290 et
2583 4236 2792 4290 fratres
2834 4236 2984 4307 ejus;
3025 4236 3195 4291 Iudas
3236 4243 3428 4292 autem

1797 4329 1999 4398 genuit
2042 4329 2254 4383 Phares
2297 4333 2353 4383 et
2394 4329 2593 4383 Zaram
2638 4345 2707 4384 ex
2750 4329 2995 4383 Thamar
3029 4330 3272 4397 (Matth,
3302 4346 3339 4395 I,
3364 4334 3421 4396 2,

1794 4425 1868 4491 3).
1898 4443 1925 4471 »
1971 4423 2092 4477 Non
2133 4422 2307 4477 otiose
2351 4422 2544 4493 itaque
2582 4422 2753 4492 hujus
2788 4421 3045 4476 mulieris
3084 4420 3428 4491 evangelista

117 4515 258 4581 uxori,
284 4521 339 4571 et
374 4518 677 4589 generavit
712 4518 891 4574 filium
917 4520 1144 4591 Ioseph,
1184 4521 1283 4591 qui
1308 4521 1470 4591 juxta
1505 4523 1775 4602 legemD
1797 4531 2009 4570 nomen
2051 4517 2305 4583 inseruit,
2335 4516 2403 4570 de
2441 4531 2555 4585 qua
2595 4515 2766 4569 divise
2804 4514 3030 4568 interim
3067 4513 3426 4569 tractandum

117 4600 242 4660 Iacob
265 4609 403 4665 ﬁlius
428 4611 661 4679 dicitur,
694 4613 970 4684 quoniam
1004 4629 1203 4668 semen
1230 4614 1417 4668 fratris
1444 4614 1695 4669 defuncti

117 4695 250 4753 frater
266 4703 425 4772 juxta
458 4705 605 4776 legis
632 4707 835 4761 veteris
864 4706 1065 4761 seriem
1092 4707 1413 4763 suscitabat.
1443 4709 1522 4762 Ita
1553 4708 1693 4763 duo-

120 4802 211 4845 rum
246 4794 383 4851 filius
424 4798 616 4853 dictus
650 4806 755 4866 est,
798 4816 912 4855 non
956 4800 1025 4854 ab
1069 4806 1313 4872 utroque
1363 4807 1693 4871 generatus,

117 4882 188 4936 38d
210 4889 326 4957 quia
365 4891 603 4946 alterius
640 4892 957 4947 secundum
993 4894 1439 4965 generationem,
1467 4896 1696 4951 alterius

20 4980 27 5059 ε
117 4980 379 5038 secundum
407 4986 597 5055 legem
621 4985 801 5042 factus
826 4990 912 5041 est
935 4987 1105 5042 ﬁlius.
1136 4990 1197 5043 In
1224 5004 1338 5058 quo
1368 4990 1695 5059 praescripto

120 5064 201 5137 legi
234 5073 476 5131 futuram
530 5079 972 5149 perpetuitatem
1019 5081 1416 5135 defunctorum
1463 5081 1696 5137 seminis

122 5158 242 5216 nobis
268 5182 380 5223 esse
402 5171 741 5241 promissam
765 5189 876 5226 non
903 5173 1184 5228 intellexit
1211 5176 1451 5245 populus
1475 5175 1696 5229 Iudaeo-

165 5326 240 5391 t39)
271 5331 471 5386 Vocem
502 5338 732 5388 uterinos
760 5338 915 5389 Rom.
944 5338 1075 5389 edit.
1102 5340 1415 5391 sustulerat.

172 5400 247 5461 (ω)
280 5403 481 5457 Omnes
521 5409 647 5458 edit.
692 5415 747 5461 et
790 5412 955 5474 pauci
1004 5424 1156 5474 mss.,
1196 5413 1260 5462 de
1300 5413 1698 5477 quinquaginta

134 5478 678 5587 gubgeneratimtibus;
709 5481 801 5531 alii
827 5482 1014 5544 plures
1049 5488 1106 5532 et
1143 5484 1384 5547 potiores
1410 5520 1470 5543 ..,
1501 5496 1694 5533 succos-

199 5556 208 5584 ι
240 5556 305 5591 us.

142 5609 374 5688 λυσαν
397 5619 558 5688 etiam
597 5622 746 5680 Ruth,
785 5635 881 5672 cur
923 5624 1097 5685 ejus...
1147 5625 1533 5688 commigravit.
1561 5623 1697 5674 Hec

141 5683 178 5719 ω
200 5676 324 5733 Rom.
349 5687 476 5738 edit.
501 5704 608 5741 non
632 5676 1014 5744 inveniuntur.

187 5749 257 5829 (ti)
300 5754 471 5818 Quam
529 5766 681 5827 turpe
727 5764 897 5815 fuerit
944 5768 1074 5816 ante
1118 5770 1333 5829 partum
1388 5766 1698 5830 virgineum

144 5825 410 5888 coniugam:
458 5825 639 5885 liberis
702 5848 928 5898 carere,
975 5825 1221 5888 declarat
1274 5825 1500 5889 Rachel.
1536 5836 1698 5895 Gen.,

1798 4609 2042 4664 videtur.

1872 4706 1956 4757 18.
1991 4702 2243 4756 Primum
2272 4701 2426 4754 enim
2455 4702 2501 4754 si
2533 4698 2675 4754 veris
2698 4698 2959 4753 intendas
2982 4702 3268 4771 animum,
3302 4702 3425 4757 haec

1799 4797 2002 4850 mulier
2046 4811 2161 4848 non
2207 4800 2324 4848 tam
2373 4794 2611 4861 famosa,
2656 4810 2829 4864 quam
2863 4794 3053 4865 justa;
3101 4813 3217 4850 non
3266 4795 3423 4850 enim

1796 4889 2128 4960 temporalis
2155 4903 2319 4941 usum
2352 4887 2604 4942 libidinis
2639 4889 2952 4959 requisivit,
2993 4890 3088 4943 sed
3121 4889 3422 4943 successio-

1797 4984 1887 5037 nis
1926 4984 2170 5053 gratiam
2200 4981 2539 5051 concupivit.
2570 4982 2705 5036 Erat
2739 4982 2893 5036 enim
2929 4982 3183 5037 deforme
3218 4981 3426 5036 liberos

1796 5078 1906 5145 (42)
1948 5092 2064 5130 non
2110 5074 2367 5129 habere:
2399 5074 2550 5145 quod
2589 5074 2765 5128 etiam
2806 5076 2995 5145 legum
3039 5075 3288 5129 civilium
3314 5074 3427 5129 fuit

1796 5169 2128 5224 auctoritate
2179 5168 2533 5223 mulctatum.
2590 5168 2925 5223 Promiserat
2976 5184 3103 5222 eam
3156 5167 3271 5222 filio
3323 5183 3425 5222 suo

1799 5349 1945 5397 xxx,
1980 5336 2026 5397 l,
2055 5336 2152 5385 ubi
2186 5334 2364 5385 Jacob
2407 5335 2641 5385 marito:
2679 5336 2758 5384 Da
2801 5333 2931 5384 mihi
2973 5332 3182 5392 liberos,
3224 5334 3421 5399 inquit,

1797 5408 2043 5472 alioquin
2084 5408 2307 5456 moriar.
2354 5405 2503 5456 ldem
2551 5406 2715 5455 etiam
2763 5406 3156 5468 cognoscimus
3196 5409 3314 5455 tum
3356 5419 3425 5456 ex

1797 5479 1985 5530 dolore
2042 5481 2219 5528 Anum
2273 5478 2467 5527 matris
2524 5477 2819 5537 Samuelis,
2879 5476 3037 5538 Reg,
3088 5478 3132 5533 t.
3183 5480 3300 5527 tum
3355 5490 3425 5527 ex

1798 5551 1980 5601 verbis
2019 5554 2196 5600 Annae
2240 5550 2432 5599 matris
2474 5549 2705 5597 Joannis
2748 5547 3026 5610 Baptistae,
3070 5548 3222 5607 Luc.,
3260 5561 3297 5609 I,
3340 5548 3423 5597 25.

1797 5622 1969 5685 Leges
2017 5634 2240 5685 quoque
2299 5620 2494 5669 civiles
2556 5617 2701 5681 apud
2766 5617 3047 5668 Romanos
3105 5618 3233 5667 latas
3282 5623 3425 5668 sunt

1798 5699 1991 5744 contra
2038 5692 2243 5744 caelibes
2298 5697 2345 5741 et
2392 5690 2576 5749 orbos,
2623 5690 2888 5739 nimirum
2948 5690 3057 5739 Lea:
3115 5691 3316 5752 Papia,
3367 5695 3424 5740 et

1796 5765 1905 5815 Lex
1943 5762 2094 5813 Julia
2118 5778 2135 5811 :
2178 5774 2417 5826 quarum
2462 5772 2655 5824 pennas
2695 5762 3000 5825 Augustus,
3044 5762 3107 5810 ut
3150 5776 3182 5811 a
3230 5760 3423 5812 Sueto-

1797 5835 1893 5884 nio
1961 5846 2027 5884 ac
2085 5833 2278 5883 Tacito
2339 5828 2620 5894 proditum
2674 5835 2785 5892 est,
2842 5830 3016 5882 auxit.
3072 5829 3279 5882 Verum
3329 5842 3423 5881 eas
