3972 6174
542 272 678 349 1679

2014 265 2071 319 8.
2109 230 2433 319 ΑΜΒΒοὲῐι

3693 280 3803 335 i680

539 393 733 463 Judas,
775 395 832 447 et
872 390 969 446 diu
1013 392 1313 463 pactarum
1347 388 1560 446 foedera
1607 389 1903 446 distulerat
1943 389 2169 460 nuptia-
2196 391 2580 471 Atractemus
2633 389 2993 457 historicum,
3054 392 3113 444 et
3173 389 3457 461 mysticum
3512 396 3793 455 ventilemus

539 503 692 542 rum.
730 487 839 541 Per
876 501 1097 540 moram
1134 484 1397 556 promissi
1441 484 1742 541 defunctus
1784 486 1871 539 est
1906 499 2165 556 sponsus.

539 580 802 636 Nondum
886 578 1259 650 virginitatis,
1336 577 1600 633 nondum
1684 576 1968 632 viduitatis
2038 580 2168 631 ante

538 672 743 731 Christi
783 672 1089 728 adventum
1129 672 1241 743 (43)
1291 672 1562 727 vernabat
1609 671 1812 743 gratia.
1864 670 2071 726 Dolens
2111 687 2168 725 se

539 767 659 822 sine
710 766 840 821 ﬁliis
888 766 1253 834 remansisse,
1304 767 1497 821 dolum
1554 766 1739 821 studio
1787 764 2168 837 generationis

538 864 865 916 commenta
902 864 1006 931 est,
1050 863 1105 915 et
1141 860 1342 915 Judam
1385 859 1621 915 consilio
1667 859 1981 931 praevertit;
2019 863 2083 913 ut
2111 874 2169 912 se

538 954 726 1010 eidem
782 953 1011 1009 offerret
1065 958 1349 1021 ornatam,
1400 958 1777 1025 posteaquam
1835 952 2167 1006 defunctam

539 1048 663 1119 ejus
690 1048 956 1120 cognovit
986 1063 1237 1102 uxorem.
1282 1046 1448 1102 Vides
1485 1046 1684 1118 utique
1714 1044 1968 1100 mulieris
1997 1045 2168 1100 vitam

538 1142 791 1213 probari,
823 1141 976 1212 quod
1004 1157 1119 1196 non
1157 1140 1409 1195 alienum
1439 1138 1738 1212 praeripuit
1760 1139 2014 1209 thorum,
2051 1154 2167 1192 non

539 1235 861 1291 meretricio
922 1235 1108 1290 studio
1169 1234 1328 1305 quasi
1396 1234 1659 1289 meretrix
1716 1234 1989 1287 adornata
2051 1236 2165 1301 est;

539 1346 656 1384 non
687 1329 838 1385 enim
866 1344 1073 1400 vagam
1110 1328 1355 1399 captavit
1389 1327 1708 1394 libidinem,
1738 1326 1839 1381 sed
1867 1327 1964 1381 diu
1990 1326 2170 1381 soceri

538 1423 802 1478 fraudata
838 1421 1154 1493 promissis,
1184 1437 1254 1476 ex
1294 1438 1361 1476 ea
1401 1421 1615 1475 familia
1660 1437 1834 1491 quam
1878 1420 2171 1491 delegerat

538 1531 808 1571 converso
848 1515 996 1582 dolo,
1032 1517 1283 1570 fructum
1313 1514 1490 1570 voluit
1518 1513 1886 1569 successionis
1913 1513 2166 1584 adipisci.

538 1610 670 1674 Quis
721 1611 917 1681 itaque
970 1609 1208 1678 castior,
1261 1608 1358 1663 illa
1412 1624 1538 1680 quas
1582 1607 1783 1662 tandiu
1835 1606 2172 1678 exspectavit

540 1703 904 1774 promissam,
945 1719 1018 1757 an
1061 1703 1151 1757 ille
1190 1702 1287 1772 qui
1330 1717 1588 1756 amorem
1634 1701 1782 1756 ferre
1828 1717 1943 1755 non
1989 1699 2171 1771 potuit

541 1770 841 1851 oblatum?
885 1770 983 1851 llla
1030 1812 1159 1867 quae
1207 1770 1403 1867 sponsi
1446 1796 1719 1851 familiam
1764 1811 1878 1849 non
1933 1770 2245 1865 refugit,B

540 1907 612 1944 an
638 1890 744 1943 iste
772 1889 870 1960 qui
901 1890 1257 1943 meretricem
1286 1889 1549 1960 putavit?
1579 1890 1672 1944 Illa
1696 1905 1824 1961 quae
1853 1889 2053 1943 horam
2082 1887 2166 1942 sui

541 1981 793 2053 corporis
834 1982 1151 2036 volentibus
1195 1999 1308 2035 non
1352 1982 1609 2053 permisit
1655 1981 1723 2036 ad
1767 1981 2053 2052 copulam,
2097 1997 2170 2035 an

540 2077 646 2130 iste
678 2074 775 2146 qui
801 2076 951 2146 quod
995 2074 1180 2129 studio
1222 2076 1391 2147 coepit
1432 2076 1659 2143 erroris,
1698 2075 1772 2129 ad
1806 2074 2169 2130 successionis

542 2168 786 2239 gratiam
827 2169 1085 2223 castitate
1128 2168 1381 2223 mulieris
1420 2168 1867 2224 consummavit?
1906 2169 2004 2223 illa
2044 2185 2170 2240 qua:

540 2263 689 2317 111108
730 2279 843 2317 non
894 2261 1157 2329 habebat,
1209 2269 1266 2318 et
1309 2268 1532 2334 tempus
1575 2262 1963 2334 conceptionis
2009 2278 2171 2317 mora

542 2356 793 2427 conjugii
843 2356 1077 2411 timebat
1137 2356 1359 2411 excludi
1417 2375 1429 2410 :
1485 2356 1581 2410 illa
1645 2373 1774 2427 qua:
1837 2356 2169 2427 gravitatem

538 2450 865 2504 maturioris
885 2449 1074 2520 elegit,
1102 2466 1174 2504 an
1194 2449 1299 2505 iste
1321 2449 1418 2521 qui
1439 2454 1670 2505 aetatem
1698 2449 2171 2505 adolescentioris

539 2542 858 2598 adamavit?
919 2543 1168 2615 Denique
1220 2544 1340 2615 ipse
1397 2544 1689 2598 confessus
1744 2547 1829 2598 est
1894 2543 2090 2598 dicens
2151 2560 2164 2597 :

542 2658 571 2687 ‹‹
609 2635 916 2692 Justiticata
957 2640 1042 2692 est
1084 2636 1333 2691 Thamar
1375 2637 1564 2708 magis
1616 2653 1787 2708 quam
1830 2653 1960 2709 ego,
2003 2653 2171 2708 prop-

539 2735 626 2786 ter
677 2730 826 2801 quod
884 2747 1001 2785 non
1052 2726 1181 2785 dedi
1236 2746 1363 2785 eam
1412 2730 1584 2786 Selon
1633 2730 1750 2784 filio
1809 2746 1938 2785 meo
1997 2729 2165 2799 (Gem,

541 2841 757 2893 xxxvm,
786 2825 897 2896 26).
927 2844 955 2874 »
989 2825 1179 2895 Itaque
1219 2823 1315 2878 illa
1343 2824 1591 2895 experiri
1622 2829 1945 2879 exactorem
1976 2824 2166 2895 ipsum

541 2935 656 2973 sua:
713 2917 886 2971 voluit
938 2916 1228 2972 castitatis.
1292 2917 1548 2989 Denique
1609 2934 1906 2989 nunquam
1973 2921 2168 2989 postea

538 3014 723 3066 virum
770 3016 1003 3082 experta
1045 3014 1150 3079 est,
1196 3011 1472 3065 amictum
1514 3010 1805 3065 viduitatis
1856 3011 2096 3081 sumpsit
2136 3028 2168 3065 a

543 3105 720 3171 coitu;
778 3105 880 3158 iste
937 3103 1105 3158 unius
1153 3103 1307 3158 horse
1362 3103 1697 3175 impatiens,
1752 3105 1848 3175 qui
1910 3120 2090 3159 annos
2136 3122 2242 3209 ac

541 3198 731 3269 puella
775 3200 1044 3268 exegerat
1088 3196 1383 3264 castitatis,
1425 3197 1641 3251 luctum
1675 3198 1911 3269 expulit,
1954 3201 2165 3253 vestem

541 3290 786 3346 mutavit
811 3291 942 3360 (44),
974 3306 1193 3346 comam
1221 3289 1489 3357 totondit,
1519 3306 1723 3362 rogum
1746 3291 2017 3362 deseruit,
2049 3292 2169 3347 tho-

542 3399 673 3440 rum
696 3387 922 3440 amator
952 3384 1222 3440 ascendit.

614 3482 698 3534 19.
727 3477 836 3534 Sed
864 3494 977 3533 non
1010 3478 1091 3533 ita
1123 3477 1279 3533 illam
1309 3478 1685 3549 defendimus,
1718 3483 1781 3534 ut
1804 3479 1974 3535 istum
1998 3496 2163 3536 accu-

540 3588 753 3642 semus,
792 3571 909 3627 imo
937 3577 1242 3644 utrumque
1273 3588 1635 3643 excusemus;
1664 3590 1779 3628 non
1820 3576 2010 3629 autem
2038 3590 2163 3641 nos,

540 3667 639 3723 sed
678 3665 1013 3738 mysterium
1045 3665 1201 3738 quod
1241 3667 1459 3738 copulae
1494 3666 1646 3722 illius
1679 3667 1897 3723 fructus
1934 3684 2163 3739 expres-

540 3760 640 3828 sit;
669 3758 961 3832 generavit
990 3759 1147 3816 enim
1190 3760 1402 3815 mulier
1426 3761 1634 3817 Phares
1667 3765 1724 3816 et
1763 3764 1962 3816 Zaram
1993 3761 2162 3829 ﬁlios,

540 3849 835 3922 generavit
896 3850 1176 3921 geminos.
1232 3849 1392 3904 Unde
1456 3866 1572 3905 non
1636 3851 1811 3906 otiose
1874 3851 2167 3906 Matthaaus

540 3943 852 4010 utrumque
886 3939 1152 4010 signavit,
1183 3955 1313 3993 cum
1342 3939 1550 3994 Phares
1577 3940 1976 3995 tantummodo
2009 3956 2164 3994 com-

544 4027 1024 4084 memorationem
1061 4043 1230 4082 causa
1269 4026 1514 4101 1321
1553 4029 1882 4100 deposceret
1912 4048 1925 4084 :
1959 4050 1987 4078 «
2020 4030 2163 4084 Pha-

540 4134 633 4173 res
662 4117 814 4174 enim
846 4116 1042 4187 genuit
1069 4117 1269 4183 Esron,
1302 4118 1472 4171 Esron
1501 4117 1697 4188 genuit
1725 4121 1892 4173 Aram
1926 4119 2163 4188 (Matth,

541 4225 581 4275 ι,
624 4210 707 4273 3);
742 4229 767 4256 n
816 4205 1025 4260 deinde
1072 4222 1174 4277 per
1219 4206 1477 4261 ordinem
1524 4207 1756 4278 singuli.
1800 4210 1912 4264 Cur
1950 4214 2163 4277 autem,

540 4311 673 4351 cum
703 4297 853 4351 Isaac
878 4293 1019 4349 duos
1045 4295 1429 4366 generaverit,
1460 4295 1633 4350 Jacob
1665 4296 1875 4366 plures,
1909 4296 2165 4368 singulo-

541 4403 668 4442 rum
740 4385 1139 4441 tantummodo
1203 4401 1343 4456 quos
1418 4385 1786 4441 successionis
1860 4386 2165 4442 Dominicas

2272 481 2467 554 Neque
2496 482 2653 537 enim
2694 484 2815 538 sine
2855 483 3126 556 mysterio
3160 487 3339 554 potest
3374 501 3485 540 esse
3510 490 3643 558 quod
3669 507 3816 547 annu-

2270 575 2411 644 lum,
2444 579 2503 630 et
2524 577 2737 632 monile
2766 577 3001 649 accepit,
3025 581 3084 631 et
3098 576 3335 649 virgam.
3357 579 3468 633 Non
3487 580 3599 635 vilis
3621 599 3819 653 persona

2269 685 2398 741 quae
2439 674 2693 726 meretur
2736 670 2997 743 accipere
3038 675 3453 739 ornamentum,
3495 674 3820 745 signaculum,

2268 765 2605 834 potestatem
2641 780 2655 818 :
2702 764 2985 819 factorum
3030 763 3403 835 signaculum,
3440 768 3655 837 pectoris
3694 785 3824 824 orna-

2268 860 2548 925 mentum,
2570 858 2746 929 regiae
2774 858 3050 913 libertatis
3079 858 3318 929 insigne.
3347 859 3486 930 Ergo
3510 863 3566 914 ut
3583 861 3827 917 ordiamur

2270 949 2586 1018 historiam,
2609 968 2740 1006 cum
2767 954 3069 1022 generaret
3092 952 3355 1022 Thamar,
3376 951 3555 1023 legisti
3574 954 3694 1024 quia
3712 971 3830 1009 unus

2270 1043 2339 1097 de
2385 1047 2550 1099 utero
2592 1045 2713 1115 ejus
2752 1044 3026 1116 prtemisit
3069 1061 3327 1112 manum,
3368 1061 3536 1116 quam
3567 1046 3830 1118 corripiens

2269 1136 2562 1206 obstetrix,
2590 1154 2823 1194 coccum
2862 1138 3061 1209 ligavit
3096 1138 3287 1193 dicens
3316 1159 3328 1193 :
3360 1158 3387 1187 ‹‹
3419 1139 3510 1193 ilic
3534 1139 3670 1193 exiet
3705 1139 3832 1210 prior

2272 1230 2445 1301 (Gen.,
2495 1248 2715 1301 xxxvm,
2763 1234 2876 1298 28).
2919 1254 2948 1282 ››
2989 1233 3060 1287 Ut
3106 1238 3297 1287 autem
3344 1247 3567 1287 manum
3607 1233 3838 1288 revocavit

2271 1340 2412 1395 puer
2456 1324 2514 1379 in
2557 1326 2749 1379 matris
2793 1330 3042 1393 uterum,
3086 1326 3279 1380 statim
3321 1325 3492 1381 exivit
3525 1325 3690 1381 frater
3725 1326 3838 1397 ejus.

2269 1418 2416 1472 Dixit
2460 1421 2655 1473 autem
2704 1418 2971 1474 obstetrix
3016 1435 3029 1473 :
3077 1439 3105 1467 (ι
3146 1418 3295 1483 Quid
3340 1418 3514 1473 incisa
3566 1423 3645 1474 est
3683 1434 3770 1490 per
3797 1425 3842 1473 te

2269 1512 2453 1582 sepis?
2480 1514 2539 1566 et
2557 1512 2777 1567 vocavit
2801 1528 3010 1568 nomen
3040 1512 3087 1583 ej
3099 1529 3160 1566 us
3185 1512 3416 1567 Phares.
3456 1514 3520 1566 Et
3543 1516 3660 1583 post
3689 1511 3842 1582 ipsum

2271 1607 2447 1662 frater
2483 1606 2623 1677 ejus,
2664 1607 2724 1661 in
2765 1607 2925 1677 cujus
2965 1622 3142 1661 manu
3180 1611 3305 1661 erat
3347 1621 3593 1671 coccum,
3627 1610 3678 1660 et
3710 1620 3844 1659 voca-

2270 1699 2348 1753 vit
2396 1715 2606 1755 nomen
2660 1699 2784 1770 ejus
2838 1701 3036 1755 Zaram
3089 1700 3284 1769 (Ibid.,
3338 1703 3435 1768 29,
3484 1701 3591 1765 30).
3649 1720 3673 1747 η
3720 1699 3849 1753 Vides

2270 1798 2485 1864 quanta
2510 1793 2819 1865 aenigmata
2854 1793 3195 1865 mysterium
3222 1791 3506 1864 prodant?
3530 1792 3710 1846 Manus
3732 1808 3847 1862 prae-
3940 1856 3941 1859 η

2269 1887 2460 1955 missa,
2493 1903 2721 1941 coccum
2748 1887 3016 1957 ligatum,
3062 1886 3299 1942 reducta
3327 1902 3551 1954 manus,
3578 1901 3673 1939 vox
3695 1884 3850 1938 obste-

2269 1980 2420 2035 tricis
2445 1980 2689 2051 gemina,
2721 1981 2870 2051 quod
2896 1980 3056 2052 prior
3098 1981 3246 2035 alter
3284 1979 3490 2048 exiret,
3519 1994 3704 2050 sepem
3741 1978 3853 2032 alter

2270 2073 2569 2128 incideret.

2342 2170 2428 2221 2t.
2464 2170 2576 2224 Cur
2600 2172 2795 2222 autem
2835 2168 2981 2223 alter
3017 2184 3257 2223 manum
3305 2166 3578 2239 praemisit
3613 2180 3678 2220 ex
3706 2167 3856 2230 utero,
3940 2230 3941 2235 η

2272 2261 2415 2315 alter
2443 2260 2675 2332 genitali
2701 2262 2990 2332 praecessit
3030 2267 3252 2329 exortu,
3285 2262 3397 2316 nisi
3427 2260 3560 2333 quia
3588 2274 3683 2331 per
3709 2256 3858 2329 gemi-
3940 2250 3941 2267 ³

2269 2371 2475 2409 norum
2515 2355 2850 2426 mysterium
2884 2357 3115 2427 gemina
3145 2355 3487 2411 describitur
3518 2353 3630 2408 vita
3666 2350 3861 2423 populo-
3940 2416 3941 2437 χ

2270 2465 2399 2503 rum
2434 2448 2543 2520 (45)
2575 2465 2588 2502 :
2620 2465 2729 2503 una
2762 2449 3075 2504 secundum
3115 2450 3327 2521 legem,
3370 2450 3553 2504 altera
3594 2444 3863 2502 secundum
3939 2454 3941 2515 ς

2269 2543 2470 2609 ﬁdem;
2519 2560 2630 2597 una
2674 2543 2987 2598 secundum
3030 2544 3308 2613 litteram,
3362 2542 3543 2597 altera
3586 2538 3862 2595 secundum
3940 2558 3941 2607 ξ

2271 2635 2544 2707 gratiam?
2574 2636 2733 2691 Prior
2760 2637 2940 2707 gratia
2966 2652 3139 2707 quam
3180 2636 3275 2690 lex
3312 2653 3325 2691 :
3361 2636 3523 2707 prior
3562 2633 3695 2688 ﬁdes
3722 2645 3864 2702 quam
3939 2633 3941 2705 j

2267 2728 2475 2784 littera.
2508 2730 2576 2783 Et
2600 2729 2727 2785 ideo
2756 2729 2949 2801 gratiae
2976 2735 3141 2801 typus
3169 2745 3416 2784 manum
3446 2732 3581 2784 ante
3604 2721 3866 2799 prtemisit,

2268 2822 2400 2894 quia
2428 2823 2627 2894 gratiae
2659 2826 2816 2878 actus
2857 2829 2990 2878 ante
3035 2823 3352 2895 praecessit,
3397 2823 3497 2895 qui
3535 2821 3641 2876 fuit
3678 2820 3732 2873 in
3768 2815 3867 2880 Job,

2268 2916 2689 2984 Melchisedech,
2737 2917 3043 2984 Abraham,
3086 2918 3262 2987 Isaac,
3314 2922 3374 2972 et
3416 2914 3609 2983 Jacob,
3659 2911 3749 2984 qui
3791 2923 3871 2981 per
3940 2911 3941 2985 1

2268 3008 2438 3064 ﬁdem
2467 3010 2588 3065 sine
2616 3011 2741 3081 lege
2774 3010 3068 3066 vivebant:
3099 3031 3126 3060 ‹‹
3155 3010 3423 3068 Credidit
3448 3012 3592 3065 enim
3620 3004 3872 3062 Abraham
3940 3042 3941 3095 ᾖ

2267 3105 2400 3171 Deo,
2430 3109 2485 3158 et
2510 3109 2835 3175 reputatum
2856 3110 2939 3160 est
2964 3104 3015 3159 ei
3045 3104 3119 3159 ad
3139 3104 3435 3176 justitiam
3467 3104 3643 3174 (Gem,
3664 3115 3748 3166 xv,
3768 3098 3832 3157 6).
3850 3116 3871 3143 ιι
3940 3122 3941 3157 1

2267 3196 2674 3253 Melchisedech
2734 3214 2964 3269 quoque
3030 3198 3205 3252 sancti
3258 3198 3517 3269 gratiam
3584 3190 3875 3267 praecedens

2268 3290 2522 3346 sacriﬁcii
2559 3291 2743 3363 figura
2788 3291 3126 3346 monstravit
3162 3290 3345 3362 (Gen.,
3389 3308 3502 3357 xiv,
3550 3290 3663 3360 t8);
3701 3297 3877 3358 preve-

2266 3385 2486 3440 nientes
2528 3385 2684 3440 enim
2712 3385 2897 3458 legem
2927 3385 3272 3458 patriarchae
3313 3385 3526 3453 sancti,
3554 3379 3875 3455 praescripto.

2267 3495 2397 3533 rum
2446 3478 2680 3534 vinculis
2726 3479 2999 3549 absoluti,
3056 3479 3234 3534 libera
3286 3483 3350 3534 et
3402 3474 3691 3534 consimili
3745 3467 3879 3528 nobis

2267 3572 2558 3643 Evangelii
2592 3572 2772 3644 gratia
2800 3572 3165 3628 refulserunt.

2337 3669 2425 3722 22.
2452 3666 2647 3721 Junior
2672 3666 2878 3722 horum
2921 3667 3111 3735 frater,
3145 3666 3439 3722 secundus
3479 3665 3625 3722 ordo
3660 3659 3880 3737 pietatis;

2270 3759 2488 3832 primus
2513 3759 2667 3815 enim
2702 3760 2761 3814 in
2796 3759 3153 3833 patriarchis,
3185 3761 3485 3816 secundus
3517 3761 3576 3815 in
3607 3756 3822 3828 regibus
3842 3756 3884 3804 et

2269 3849 2652 3904 sacerdotibus
2710 3852 2818 3904 est.
2871 3850 3123 3920 Utraque
3187 3850 3353 3904 enim
3422 3850 3541 3904 vita
3603 3842 3884 3903 secundum

2268 3939 2462 4008 Deum,
2493 3939 2627 4010 quia
2652 3939 2732 3993 illi
2767 3954 2996 4011 quoque
3035 3939 3132 4009 qui
3160 3940 3499 3995 secundum
3532 3939 3720 4008 legem
3744 3928 3887 4001 Moysi

2265 4029 2595 4100 religiosam
2637 4034 2693 4084 et
2737 4030 2895 4099 piam
2934 4029 3198 4084 militiam
3236 4029 3602 4095 militabant,
3639 4041 3751 4082 non
3783 4020 3890 4077 sunt

2268 4118 2464 4189 gratiae
2497 4125 2554 4173 et
2579 4118 2818 4173 honoris
2857 4122 3126 4184 exsortes,
3167 4117 3268 4171 sed
3310 4118 3484 4189 prior
3522 4115 3748 4189 pietatis
3776 4113 3893 4166 fruc-

2265 4212 2356 4262 tus
2389 4210 2446 4263 in
2487 4207 2832 4277 auctoribus,
2863 4223 3033 4278 quam
3075 4207 3134 4261 in
3173 4207 3545 4263 haeredibus.
3582 4207 3739 4262 Prior
3763 4200 3891 4257 enim

2266 4301 2436 4367 Zara,
2504 4298 2605 4369 qui
2666 4297 3132 4369 interpretatione
3194 4296 3502 4367 significat
3554 4297 3771 4362 oriens;
3818 4292 3893 4346 lux

2265 4389 2417 4443 enim
2460 4385 2684 4459 pietatis
2719 4386 2835 4441 veri
2874 4386 3145 4457 splendor
3182 4385 3436 4440 orientis
3479 4390 3590 4452 est,
3628 4386 3774 4439 illius
3802 4377 3891 4434 uti-

538 4493 703 4532 causa
737 4475 1026 4546 poscebat,
1058 4475 1191 4529 fecit
1232 4475 1541 4546 Scriptura
1568 4475 1746 4530 series
1782 4476 2375 4578 mentionem,une
2419 4478 2516 4549 qui
2557 4477 2735 4532 dixit:
2778 4476 2978 4531 Oriens
3020 4491 3232 4531 nomen
3281 4482 3376 4531 est
3426 4477 3625 4531 mihi:
3669 4475 3817 4544 cujus
3852 4471 3895 4523 in

540 4567 745 4620 horum
780 4570 975 4620 autem
1015 4566 1323 4636 utrumque
1354 4566 1717 4633 memoravit,
1756 4565 1866 4620 nisi
1906 4566 2043 4638 quia
2071 4567 2165 4621 hic

540 4655 600 4709 in
631 4657 871 4723 utroque
896 4652 1234 4724 mysterium
1261 4652 1381 4708 est?

611 4745 699 4798 20.
730 4741 1113 4798 Tractavimus
1140 4742 1412 4797 moralem
1442 4743 1653 4811 locum,
1682 4744 1812 4816 quia
1845 4761 1959 4799 non
1989 4762 2166 4817 opera

537 4830 853 4889 meretricis
878 4829 1146 4899 exercuit,
1174 4829 1275 4885 sed
1301 4847 1543 4886 munera
1573 4832 1934 4889 fecunditatis
1967 4835 2162 4906 elegit,

538 4966 763 5019 domum
828 4963 1175 5015 sustulerunt
1236 4962 1537 5014 Christiani
1596 4966 1981 5031 imperatores,
2034 4983 2163 5020 cum

538 5037 936 5090 Constantinus
974 5035 1207 5100 Magnus
1250 5040 1306 5086 et
1330 5036 1680 5088 Theodosius
1716 5040 1917 5090 Junior
1942 5040 2163 5093 easdem

528 5112 650 5174 jam
701 5121 901 5172 magna
944 5120 1013 5157 ex
1062 5110 1217 5171 parte
1266 5108 1613 5171 minuissent,
1663 5114 1724 5159 ut
1764 5110 2091 5175 intelligitur
2133 5125 2164 5163 θ

538 5181 673 5233 Cod.
708 5178 942 5241 Theod.,
970 5178 1065 5229 lib.
1110 5191 1229 5240 vm,
1274 5179 1357 5229 tit.
1391 5180 1468 5241 i6,
1510 5180 1568 5229 L.
1614 5181 1802 5243 unica,
1844 5182 1919 5230 De
1968 5182 2162 5245 infirm.

536 5252 703 5316 pernis
743 5250 931 5310 caelib.,
976 5252 1079 5300 etc.
1131 5250 1202 5299 Et
1245 5251 1374 5311 Tit.,
1421 5252 1490 5299 De
1524 5254 1649 5314 jure
1691 5251 1994 5308 liberorum,
2056 5259 2158 5305 etc.

538 5323 594 5375 L.
637 5325 669 5375 2
707 5329 760 5374 et
799 5323 849 5383 3,
894 5324 949 5372 in
999 5335 1141 5387 quas
1183 5322 1332 5371 sicut
1370 5325 1427 5371 et
1470 5322 1527 5370 in
1574 5322 1814 5386 Papiam,
1854 5337 1919 5374 ac
1965 5323 2162 5375 Iuliam

534 5394 765 5446 consule
789 5392 983 5446 Godef.
1012 5393 1179 5442 Porro
1206 5391 1355 5456 quod
1376 5392 1623 5454 additur,
1656 5395 1889 5445 nondum
1926 5396 2163 5460 virgini-

535 5468 679 5523 tatis,
708 5464 943 5515 nondum
964 5463 1243 5514 viduitatis
1267 5468 1391 5513 ante
1414 5464 1612 5513 Christi
1639 5464 1921 5516 adventum
1957 5481 2163 5518 verna-

536 5534 623 5585 bat
648 5535 849 5598 gratia,
877 5536 958 5585 sic
986 5535 1363 5598 interpretare,
1390 5537 1452 5584 ut
1476 5547 1587 5585 non
1612 5534 1863 5587 absolute
1891 5542 2163 5601 negentur

536 5605 830 5664 exstitisse,
878 5605 974 5667 qui
1026 5604 1128 5654 has
1178 5606 1412 5655 virtutes
1469 5605 1713 5656 colerent
1768 5611 1893 5658 ante
1941 5609 2161 5659 Domini

537 5673 839 5745 adventum
872 5686 1039 5745 {cum
1067 5676 1407 5725 contrarium
1437 5675 1604 5737 Elias,
1636 5677 1874 5729 Elisaaus
1899 5679 1968 5729 de
1998 5680 2162 5745 virgi-

536 5742 734 5810 nitate,
784 5739 1109 5810 Judith,iet
1162 5745 1324 5793 Anna
1377 5745 1725 5810 PrOphetissa
1773 5747 1842 5798 de
1891 5739 2160 5802 viduitate

536 5806 909 5867 convincam;
940 5809 1038 5858 sed
1060 5810 1334 5863 indicatur
1356 5806 1578 5867 easdem
1607 5817 1729 5869 illas
1771 5819 2022 5886 virtutes,
2056 5835 2161 5874 nec

2265 4567 2597 4640 patriarchis
2636 4566 2899 4637 primitus
2937 4564 3129 4620 radius
3171 4565 3316 4620 lucis
3358 4567 3562 4622 illuxit
3590 4565 3894 4633 (Zacchuvl.

2268 4656 2374 4727 t2).
2407 4656 2469 4710 Hi
2515 4654 2668 4711 enim
2697 4655 2866 4725 primi
2907 4655 3035 4709 vita:
3074 4671 3189 4709 suae
3228 4659 3437 4712 actum
3482 4658 3542 4712 in
3583 4658 3691 4713 hoc
3719 4650 3899 4710 saeculo

2264 4746 2684 4819 praemiserunt,
2716 4745 2774 4799 in
2803 4761 3048 4816 quorum
3082 4761 3255 4799 manu
3286 4747 3486 4801 nostri
3513 4761 3744 4819 quoque
3763 4745 3898 4797 actus

2263 4842 2536 4909 tanquam
2562 4835 2832 4908 plenioris
2858 4835 3126 4906 corporis,
3160 4836 3261 4907 qui
3291 4836 3502 4894 adhuc
3534 4844 3759 4893 natura:
3785 4846 3901 4905 quo;

2264 4970 2564 5021 admodum
2616 4970 2961 5035 frequentes,
3001 4982 3107 5021 nec
3149 4983 3365 5034 magno
3420 4973 3483 5022 in
3531 4972 3714 5038 pretio
3753 4966 3899 5018 fuisse

2264 5045 2390 5093 ante
2421 5040 2628 5093 Christi
2655 5045 2917 5105 tempora.

2326 5113 2421 5175 (43)
2450 5114 2580 5163 Ante
2612 5112 2812 5163 Christi
2851 5112 3153 5172 adventum,
3201 5113 3256 5162 in
3307 5112 3488 5165 Rom.
3530 5114 3664 5165 edit.
3711 5120 3898 5162 roseos-

2264 5187 2384 5234 tum
2409 5187 2507 5234 est.

2329 5255 2423 5318 (ιι)
2458 5256 2649 5305 Vestem
2682 5254 2925 5314 mutavit,
2950 5254 3245 5320 lugubrem
3278 5256 3591 5319 videlicet,
3621 5269 3724 5307 seu
3748 5250 3904 5303 vidul-

2262 5327 2405 5376 tatis.
2453 5325 2616 5389 Quod
2660 5330 2847 5377 autem
2895 5328 3062 5376 etiam
3114 5326 3351 5390 dicitur,
3404 5342 3625 5379 comam
3680 5320 3904 5378 totundil.

2260 5396 2515 5447 innuitur
2554 5411 2674 5448 mos
2710 5399 2928 5462 priscus
2973 5397 3332 5448 orientalium
3378 5402 3706 5464 praesertim
3744 5407 3908 5461 popu-

2259 5466 2443 5518 lorum
2480 5470 2577 5533 qui
2614 5470 2669 5518 in
2710 5470 2867 5520 luctu
2912 5467 3142 5519 barbam
3185 5469 3511 5532 ponebant,
3564 5472 3749 5521 crines
3791 5476 3907 5529 pm-

2261 5538 2571 5590 mittebant.
2614 5539 2779 5602 Quod
2815 5554 2946 5590 vero
2990 5539 3379 5604 subjungitur,
3428 5554 3631 5607 rogum
3670 5535 3908 5607 deseruit,

2259 5624 2416 5675 rogus
2440 5611 2550 5661 late
2575 5613 2815 5662 sumitur
2838 5626 2937 5676 pro
2965 5610 3200 5661 tumulo.
3226 5610 3382 5661 Nam
3413 5606 3673 5672 Hebmi,
3698 5611 3840 5659 sicut
3865 5606 3909 5652 et

2260 5682 2521 5747 Egyptii,
2549 5686 2797 5733 mortuos
2821 5696 2933 5734 non
2958 5682 3212 5733 urebant.

2322 5753 2418 5816 (45}
2471 5753 2587 5873 tanta
2628 5752 2963 5819 populorum.
3010 5753 3274 5806 Utttmam
3327 5766 3546 5807 vocem
3578 5748 3909 5819 expunxerat

2322 5836 2419 5873 3m.
2452 5835 2482 5873 Θ
2525 5837 2541 5873 ι
2570 5862 2582 5873 .

2262 5823 2419 5875 Rom.
2452 5823 2582 5876 edit.
