3972 6174
163 297 251 349 1681

1185 287 1651 346 EXPOSITIONIS
1690 291 1756 345 IN
1796 291 2022 348 LUCAM
2064 292 2186 347 LIB.
2227 293 2316 347 Ill.

3294 297 3312 349 1
3326 297 3428 352 682

149 423 245 476 dam
268 415 556 488 generantis
582 417 742 469 utero
773 414 1132 484 tenebamur,
1161 415 1346 486 ﬁgura
1386 417 1693 487 praecessit.
1721 429 1778 501 Α
1801 417 1924 485 tuit,
1967 418 2013 471 si
2052 418 2101 471 ei
2144 418 2272 471 vitae
2323 433 2451 488 quae
2496 413 2655 488 prior
2687 432 2922 472 manum
2962 418 3132 486 misit,
3173 421 3280 476 hoc
3319 427 3424 490 est,

147 513 223 569 Sed
252 508 413 565 media
441 512 704 580 tanquam
747 507 894 578 sepis
933 507 1155 578 objecta
1194 508 1335 580 legis
1375 515 1458 565 est
1499 510 1692 565 obser-

144 606 266 668 vatio,
291 608 338 656 et
363 601 765 674 quodammodo
785 602 896 656 vita
922 603 1209 672 majorum
1239 603 1461 658 videtur
1499 603 1693 672 incisa,

141 701 187 753 de
229 712 319 768 qua
362 696 413 749 in
464 699 594 765 typo
657 694 749 749 illa
814 695 1108 762 obstetrix,
1167 697 1402 752 fortasse
1451 697 1691 767 justitia,

141 808 229 863 quae
277 805 364 842 nos
425 789 649 842 emissos
710 788 833 842 alvo
897 794 1114 844 naturae
1177 790 1373 845 matris
1442 791 1691 861 excepit,

141 884 295 939 dixisse
318 881 562 953 proditur
592 898 604 936 :
640 881 688 954 1
706 881 905 955 322
930 886 1028 938 Hic
1049 885 1186 938 emiet
1200 885 1374 952 prior.
1403 887 1469 940 Et
1499 900 1693 940 revera

138 975 351 1032 mirabilis
381 975 470 1029 ille
514 981 632 1029 erat
668 976 807 1030 ordo
844 976 1094 1047 pietatis,
1126 993 1242 1031 non
1281 994 1315 1031 a
1349 977 1556 1049 Moyse,
1591 994 1692 1032 nec

134 1072 179 1125 ab
219 1069 379 1140 aliquo
433 1068 686 1137 homine,
745 1085 850 1124 nec
903 1085 1006 1141 per
1059 1070 1374 1139 hominem,
1417 1071 1515 1125 sed
1561 1087 1689 1125 mu-

134 1179 228 1218 nere
263 1162 489 1234 quodam
527 1163 822 1234 sapientiae
866 1168 1063 1235 sponte
1110 1181 1167 1218 se
1208 1164 1559 1219 infundentis
1589 1165 1691 1219 im-

133 1273 318 1329 pressus.

176 1353 242 1404 23.
288 1350 463 1404 Prima
524 1351 698 1421 igitur
747 1349 1046 1422 disciplina
1100 1351 1322 1422 pietatis
1372 1351 1688 1406 secundum

128 1444 429 1514 Evangelium
447 1461 463 1512 ;
489 1444 620 1514 quia
650 1460 752 1514 per
777 1460 1004 1499 crucem
1032 1448 1089 1498 et
1119 1445 1463 1516 sanguinem
1497 1445 1684 1500 credi-

127 1555 217 1592 mus
239 1538 421 1593 Christi
447 1539 578 1607 (46).
609 1538 769 1608 cujus
798 1537 1082 1592 Abraham
1113 1539 1263 1593 diem
1299 1538 1458 1605 vidit,
1497 1544 1553 1592 et
1583 1555 1686 1610 ga-

126 1633 228 1685 visus
251 1636 324 1685 est
349 1633 545 1700 (Joan.,
572 1647 687 1698 vui,
718 1631 806 1700 56)
823 1650 839 1700 ;
871 1632 1030 1701 cujus
1058 1633 1171 1687 Noe
1203 1633 1443 1702 gratiam
1469 1633 1528 1686 in
1555 1638 1688 1704 typo

124 1725 323 1778 Ecclesiae
355 1725 675 1795 ﬁguratam,
711 1724 950 1795 spiritali
989 1726 1315 1796 cognitione
1357 1726 1683 1796 prmsensit;

123 1820 235 1887 cujus
257 1819 394 1872 lsaac
423 1819 605 1873 vicem
648 1818 704 1872 in
733 1818 1008 1873 sacriﬁcio
1050 1835 1165 1874 non
1201 1820 1477 1874 recusavit
1505 1820 1683 1891 (Gen.,

124 1928 220 1978 nu,
275 1913 374 1982 l0);
437 1929 614 1982 quem
664 1912 831 1966 lacob
897 1928 1025 1966 cum
1088 1912 1364 1981 vinceret,
1428 1913 1687 1969 adoravit

123 2005 246 2072 (Gem,
282 2021 436 2074 xxxu,
467 2009 588 2073 25);
626 2005 787 2076 cujus
829 2005 1000 2060 Isaias
1045 2006 1317 2060 ruborem
1345 2006 1485 2061 vidit
1523 2007 1687 2062 vesti-

121 2102 382 2152 mentorum
414 2103 571 2166 (nam
614 2099 927 2153 secundum
960 2100 1324 2170 Evangelium
1360 2100 1472 2154 vita
1511 2101 1683 2155 etiam

120 2192 455 2263 prephetarum
496 2193 603 2264 est)
633 2195 778 2261 (Isa.,
819 2209 966 2259 Lxm,
998 2194 1050 2262 2)
1068 2210 1084 2260 ;
1115 2193 1173 2246 in
1213 2194 1374 2264 cujus
1403 2195 1682 2265 sanguine

120 2284 223 2337 inter
243 2286 443 2340 excidia
466 2285 669 2340 mundi
691 2286 928 2356 publicae
953 2287 1210 2340 futurum
1232 2287 1428 2342 salutis
1454 2287 1680 2358 insigne

120 2377 258 2431 Rahab
292 2379 377 2433 illa
427 2385 566 2450 typo
621 2379 888 2434 meretrix
934 2381 1128 2449 (Iosue,
1177 2397 1236 2448 ιι,
1286 2383 1358 2448 1),
1409 2381 1680 2451 mysterio

119 2471 298 2525 Ecclesia
344 2473 616 2526 indicavit
669 2490 680 2526 :
740 2489 867 2543 quae
918 2473 1234 2528 multorum
1297 2490 1681 2530 convenarum

116 2564 317 2633 copulam
344 2583 453 2620 non
480 2569 730 2632 recusat,
765 2569 822 2621 et
847 2582 960 2637 quo
1006 2567 1363 2638 conjunctior
1400 2567 1677 2638 pluribus,

117 2673 159 2709 eo
182 2659 374 2726 castior;
394 2660 766 2714 immaculata
793 2660 949 2730 virgo
971 2659 1102 2731 (47),
1124 2660 1244 2715 sine
1275 2676 1438 2731 ruga,
1462 2661 1680 2731 pudore

113 2749 296 2821 integra,
327 2769 521 2808 amore
572 2752 816 2824 plebeia,
857 2759 1012 2808 casta
1046 2753 1334 2822 meretrix,
1366 2754 1531 2808 vidua
1566 2758 1676 2808 ste-

112 2843 210 2908 rilis,
235 2845 374 2916 virgo
403 2847 674 2901 fecunda.
709 2847 989 2915 Meretrix,
1021 2846 1152 2917 quia
1181 2864 1214 2900 a
1238 2847 1495 2917 pluribus
1525 2863 1680 2902 ama-

113 2937 270 2992 toribus
309 2939 704 3011 frequentatur
747 2956 877 2994 cum
921 2939 1237 2994 dilectionis
1284 2940 1569 3008 illecebra,
1624 2947 1680 2996 et

113 3030 195 3083 sine
220 3032 508 3088 colluvione
558 3033 745 3087 delicti
778 3049 790 3086 :
827 3054 854 3082 ‹‹
887 3032 994 3096 Qui
1032 3036 1171 3087 enim
1210 3033 1464 3088 adhaeret
1495 3050 1675 3088 mere-

113 3124 213 3188 trici,
237 3141 396 3180 unum
431 3143 642 3197 corpus
683 3130 767 3180 est
807 3128 843 3194 (l
874 3129 1017 3186 Corn,
1053 3143 1126 3193 γι,
1162 3129 1264 3195 16).
1303 3149 1329 3175 ››
1362 3126 1537 3181 Vidua
1562 3130 1674 3182 ste-

109 3217 206 3283 rilis,
228 3235 336 3288 qua:
364 3220 480 3274 viro
513 3236 722 3292 parere
754 3236 870 3273 non
897 3219 1048 3274 norit
1071 3218 1304 3274 absente
1343 3238 1354 3272 :
1389 3220 1544 3274 venit
1570 3221 1673 3289 vir,

112 3313 148 3360 et
195 3311 320 3366 hunc
376 3314 662 3385 populum
726 3313 1069 3384 plebemque
1136 3313 1448 3384 generavit.
1507 3314 1676 3385 Virgo

110 3402 312 3472 fecunda,
335 3424 455 3478 qua:
482 3407 638 3462 hanc
661 3407 858 3477 genuit
883 3405 1303 3461 multitudinem
1330 3423 1460 3461 cum
1488 3406 1675 3462 fructu

111 3499 284 3567 amoris,
313 3501 428 3556 sine
457 3519 573 3556 usu
597 3500 864 3555 libidinis.

157 3592 222 3644 2i.
253 3593 349 3648 Sed
382 3601 445 3648 ut
483 3594 565 3649 ad
612 3593 912 3648 historiam
951 3600 1346 3649 revertamur:
1394 3593 1533 3664 quid
1571 3594 1676 3648 sibi

111 3682 249 3740 volunt
279 3686 595 3742 obstetricis
625 3687 848 3758 eloquia
883 3686 1120 3743 dicentis
1149 3704 1161 3740 :
1191 3689 1290 3743 Hic
1317 3689 1455 3742 ewiet
1485 3690 1674 3757 pm’or;

112 3776 184 3829 nisi
201 3781 308 3849 quia
327 3782 444 3851 ejus
469 3787 676 3852 typum
703 3780 955 3851 gerebat,
990 3780 1088 3851 qui
1115 3784 1243 3835 ortu
1271 3780 1522 3852 corporis
1551 3797 1676 3852 pos-

113 3870 249 3938 terior,
284 3875 481 3930 virtute
540 3880 594 3929 et
632 3875 864 3930 veritate
916 3875 1134 3944 primus
1179 3874 1472 3943 exsistens,
1519 3875 1672 3945 prin-

111 3961 295 4031 cipatum
330 3968 430 4022 sibi
461 3968 731 4022 omnium
761 3967 1105 4022 vindicavit?
1132 3967 1266 4022 Inde
1298 3972 1354 4022 et
1377 3969 1624 4022 Joannes
1661 3987 1672 4021 :

112 4076 127 4098 ίι
157 4057 254 4114 Post
276 4077 363 4116 me
391 4063 556 4117 venit
587 4062 689 4127 vir,
718 4061 815 4132 qui
848 4063 979 4116 ante
1018 4077 1112 4114 me
1153 4061 1336 4115 factus
1365 4063 1449 4115 est
1475 4060 1674 4133 (Joan.,

113 4152 238 4219 1:27).
266 4177 289 4204 ν
318 4155 463 4218 Quid
500 4154 611 4209 sibi
650 4155 769 4208 vult
811 4155 962 4225 quod
993 4170 1222 4209 coccum
1265 4154 1322 4208 in
1358 4170 1529 4208 manu
1556 4154 1677 4225 ejus

111 4240 268 4314 ligavit,
294 4248 395 4302 nisi
426 4249 567 4320 quia
596 4253 766 4319 typus
805 4248 926 4318 ejus
959 4251 1103 4314 erat,
1132 4247 1228 4319 qui
1257 4247 1438 4303 crucis
1465 4247 1674 4303 indicio

110 4350 187 4389 suae
219 4340 335 4408 (48),
376 4346 431 4397 et
474 4341 776 4413 sanguinis
823 4341 1099 4396 effusione
1146 4344 1338 4396 actum
1375 4341 1677 4396 illustravit

109 4426 398 4488 humanum?
452 4438 655 4506 Itaque
709 4440 1080 4507 posteaquam
1141 4449 1375 4489 manum
1427 4434 1672 4503 reduxit,

1796 515 1986 565 actum
2017 510 2260 565 ostendit
2301 527 2488 576 suum,
2519 527 2876 582 consequens
2915 510 3114 567 fuisset
3149 513 3270 583 ejus
3297 516 3426 572 vita:

1796 604 1997 658 militia
2039 621 2164 675 quae
2195 607 2385 659 secuta
2428 611 2511 658 est
2552 605 2683 675 (49).
2716 605 2885 659 Multo
2927 605 3080 660 enim
3125 607 3347 677 melius,
3381 610 3426 664 si

1795 697 2156 752 circumcisus
2191 699 2435 769 populus
2471 699 2641 752 vitam
2681 698 2963 768 majorum
2995 697 3265 754 voluisset
3293 701 3423 755 imi-

1794 791 1934 857 tari;
1968 791 2046 846 sic
2074 791 2228 845 enim
2258 792 2456 846 fuisset
2493 807 2602 845 una
2640 792 2808 861 sepis,
2852 807 2969 846 una
3008 792 3279 861 maceria,
3308 810 3423 849 una

1795 883 2094 938 aedificatio
2118 884 2371 956 priorum
2392 901 2454 938 ac
2477 884 2856 954 sequentium.
2882 884 2992 939 Sed
3015 885 3150 956 quia
3170 887 3424 957 primum

1793 977 1954 1032 illum
1996 977 2123 1032 vitae
2164 981 2353 1032 actum
2391 977 2724 1048 posterioris
2763 977 3064 1033 inﬁrmitas
3095 996 3208 1035 non
3240 981 3424 1052 potuit

1792 1071 2050 1140 implere,
2084 1071 2352 1125 incisione
2396 1070 2517 1126 siue
2559 1071 2734 1125 dubio
2775 1071 2922 1126 facta
2961 1072 3107 1142 sepis
3145 1073 3266 1144 ejus
3305 1075 3421 1130 sive

1791 1165 2078 1234 maceriae,
2110 1181 2236 1236 quae
2262 1165 2576 1219 secundum
2612 1166 2793 1218 Deum
2820 1165 3092 1221 mdilicata
3123 1170 3265 1235 erat,
3298 1171 3417 1223 tan-

1793 1274 1964 1328 quam
2013 1259 2234 1312 medius
2262 1259 2450 1329 paries
2489 1257 2822 1327 interjectus
2857 1263 2942 1313 est
2978 1276 2990 1313 :
3025 1266 3086 1313 ut
3125 1259 3220 1314 illa
3252 1261 3417 1332 sepia,

1790 1353 1895 1407 hoc
1926 1356 2028 1419 est,
2066 1359 2342 1424 perpetua
2370 1354 2542 1422 atque
2575 1351 2848 1406 continua
2873 1351 3155 1408 bonorum
3187 1370 3418 1410 morum

1793 1447 2088 1501 mdiﬁcatio
2135 1449 2520 1516 rumperetur.
2570 1445 2730 1516 Sepis
2777 1445 2933 1499 enim
2982 1452 3066 1501 est
3118 1464 3229 1518 qua
3283 1466 3419 1520 ager

1791 1539 2173 1594 circumdatur
2214 1540 2551 1607 fructuosus,
2584 1538 2726 1592 furis
2770 1543 3095 1594 removetur
3135 1539 3414 1610 incursus,

1788 1649 1916 1704 qua:
1947 1633 2093 1687 culta
2123 1633 2426 1699 concludit,
2459 1634 2677 1687 deserta
2709 1633 2970 1688 secernit.
3006 1633 3244 1690 Maceria
3272 1653 3412 1707 quo-

1788 1744 1900 1800 que
1944 1728 2178 1781 domum
2227 1725 2433 1780 claudit
2467 1742 2479 1780 :
2514 1726 2634 1780 haec
2673 1726 2718 1780 si
2757 1732 3006 1793 maneat,
3052 1727 3255 1783 domus
3294 1734 3416 1785 tuta

1788 1825 1891 1876 est.
1922 1821 2194 1891 Denique,
2227 1840 2254 1868 «
2287 1821 2580 1888 Auferam,
2615 1819 2819 1890 inquit,
2852 1821 3156 1876 maceriam
3185 1823 3325 1893 ejus,
3359 1826 3415 1878 et

1789 1914 1895 1971 erit
1923 1915 1982 1968 in
2013 1913 2393 1984 direptionem
2424 1914 2576 1984 (lsa.,
2604 1930 2656 1980 ν,
2685 1914 2756 1984 5).
2792 1935 2817 1962 ››

1854 2012 1942 2062 25.
1973 2008 2245 2078 Optemus
2275 2010 2339 2060 ut
2381 2007 2505 2061 haec
2546 2007 2769 2076 integra
2807 2006 2878 2061 sit
2922 2007 3168 2062 maceria
3207 2008 3410 2063 domus

1784 2105 2009 2168 nostrae,
2033 2102 2238 2156 domus
2262 2100 2530 2171 spiritalis
2555 2116 2681 2171 quae
2709 2100 2767 2154 in
2794 2100 2956 2154 nobis
2982 2106 3083 2168 est,
3109 2118 3222 2156 non
3251 2102 3408 2157 enim

1787 2193 2043 2267 1323
2091 2195 2161 2248 ab
2203 2193 2435 2248 homine
2476 2193 2812 2248 exaediﬁcari
2852 2198 3057 2264 potest,
3097 2195 3196 2249 sed
3231 2211 3262 2248 a
3303 2197 3410 2251 Deo

1783 2290 1927 2358 vivo,
1970 2287 2222 2360 qui'ait:
2270 2308 2296 2339 «
2333 2290 2398 2343 Et
2442 2287 2746 2342 maceriam
2792 2286 3137 2343 circumdedi
3174 2288 3325 2358 (lsa.,
3357 2307 3410 2356 v,

1783 2385 1855 2451 2).
1892 2404 1918 2430 »
1950 2381 2322 2436 Perdiderunt
2349 2381 2524 2452 igitur
2551 2381 2787 2435 salutem
2817 2381 2913 2452 qui
2939 2382 3245 2436 maceriam
3278 2399 3405 2453 per-

1785 2475 2069 2530 diderunt.
2099 2476 2321 2529 Maneat
2351 2491 2490 2544 ergo
2515 2475 2786 2542 maceria,
2819 2477 3052 2528 maneat
3081 2475 3203 2530 haec
3234 2476 3406 2546 sepis.

1782 2570 1875 2624 Vis
1915 2569 2057 2623 scire
2103 2584 2274 2640 quam
2323 2568 2396 2622 sit
2432 2568 2582 2622 utilis
2622 2568 2806 2638 sepis?
2847 2587 2872 2618 (ι
2907 2567 3034 2638 Sepi
3076 2584 3242 2622 aures
3282 2571 3408 2622 tuas

1781 2662 1956 2734 spinis
1996 2666 2052 2717 et
2095 2661 2334 2730 tribulis,
2364 2665 2421 2715 et
2465 2660 2578 2714 noli
2619 2659 2815 2713 audire
2863 2660 3115 2731 linguam
3157 2676 3407 2733 nequam

1783 2756 1992 2824 (Eccli.,
2035 2771 2223 2820 xxvm,
2255 2753 2364 2823 28).
2411 2773 2438 2800 »
2471 2753 2627 2824 Sepis
2667 2753 2818 2807 enim
2849 2753 2954 2807 ista
2997 2757 3050 2807 te
3093 2754 3347 2809 defendit
3372 2771 3404 2808 a

1781 2849 1966 2919 culpa.

1848 2945 1940 2997 26.
1984 2943 2130 3011 Ergo
2172 2940 2447 2995 Dominus
2493 2942 2649 2995 Jesus
2701 2941 2796 3012 qui
2848 2944 3042 3011 postea
3091 2941 3404 2996 secundum

1780 3051 2010 3089 carnem
2051 3033 2202 3089 venit
2242 3034 2298 3087 in
2337 3035 2540 3102 lucem,
2587 3034 2788 3089 veteris
2832 3034 2984 3089 illius
3024 3033 3403 3088 munitionem

1779 3129 1925 3200 sepis
1964 3128 2303 3194 instaurans,
2348 3128 2407 3182 in
2450 3127 2731 3198 majorum
2779 3143 2883 3181 nos
2925 3131 3115 3183 actum
3168 3131 3225 3181 et
3268 3128 3408 3181 anti-

1779 3239 1952 3294 quam
1987 3221 2409 3292 simplicitatem
2444 3221 2573 3276 tidei
2598 3221 2946 3275 reformavit.
2975 3221 3133 3276 Unde
3159 3221 3230 3276 de
3253 3238 3318 3275 eo
3352 3224 3408 3275 et

1777 3316 2058 3387 propheta
2078 3314 2217 3369 dixit
2233 3315 2338 3385 (50)
2364 3332 2376 3369 :
2401 3336 2426 3363 ‹‹
2444 3314 2741 3369 Vocaberis
2763 3315 3070 3369 aediﬁcator
3091 3314 3236 3385 sepis
3252 3314 3402 3385 (Isa.,

1779 3426 1926 3478 Lvnl,
1963 3412 2066 3477 l2).
2099 3432 2124 3457 ››
2156 3409 2307 3463 Tulit
2337 3409 2492 3463 enim
2527 3409 2686 3463 illum
2728 3408 2950 3463 obicem
2990 3409 3089 3479 qui
3128 3409 3405 3463 unitatem

1778 3503 1986 3558 mentis
2028 3506 2083 3557 et
2121 3501 2392 3573 corporis,
2426 3502 2744 3572 seriemque
2781 3501 2910 3555 vitae
2951 3501 3224 3572 simplicis
3257 3501 3402 3556 divi-

1777 3596 1968 3664 debat;
2004 3599 2173 3666 atque
2216 3595 2339 3665 ipse
2376 3594 2558 3649 factus
2603 3599 2685 3649 est
2734 3611 2843 3666 pax
2889 3600 3100 3663 nostra,
3130 3595 3228 3665 qui
3270 3595 3408 3650 fecit

1777 3693 2016 3760 utraque
2044 3704 2241 3754 unum,
2267 3693 2321 3742 et
2342 3687 2591 3743 medium
2613 3687 2896 3758 parietem
2919 3687 3064 3757 scpis
3087 3687 3248 3742 solvit
3267 3687 3401 3758 (51).

1776 3785 1955 3847 Quem
1976 3781 2258 3853 parietem
2285 3781 2518 3852 exponit
2538 3781 2838 3852 Apostolus
2858 3779 3182 3834 inimicitias
3203 3796 3321 3835 esse
3343 3781 3400 3834 in

1778 3892 1944 3931 carne
2004 3875 2238 3945 (Ephes.,
2285 3891 2340 3943 ιι,
2395 3874 2501 3944 14).
2550 3875 2657 3928 Has
2711 3889 2849 3944 ergo
2901 3872 3224 3928 inimicitias
3275 3873 3406 3927 tulit

1776 3970 2066 4036 Dominus,
2101 3971 2158 4022 et
2182 3983 2380 4038 pacem
2411 3967 2638 4035 refudit,
2669 3967 2971 4037 legemque
2998 3966 3402 4021 mandatorum

1777 4063 1834 4118 in
1888 4063 2128 4117 decretis
2185 4061 2503 4128 evacuavit,
2561 4065 2623 4115 ut
2674 4061 2814 4115 duos
2859 4059 3134 4114 conderet
3183 4059 3243 4114 in
3288 4076 3404 4114 uno

1775 4173 1918 4211 novo
1957 4155 2192 4210 homine
2235 4155 2419 4223 (lbid.,
2455 4154 2573 4224 l5);
2607 4153 2666 4208 in
2703 4170 2816 4225 quo
2857 4169 2972 4208 non
3015 4153 3202 4208 solum
3244 4157 3402 4208 exte-

1777 4249 1986 4304 riorem
2018 4254 2071 4304 et
2103 4248 2464 4314 interiorem,
2494 4248 2590 4301 sed
2623 4247 2792 4302 etiam
2827 4247 3090 4302 Judaeum
3121 4247 3406 4319 significat

1776 4350 1830 4398 et
1860 4344 2135 4409 Graecum,
2168 4345 2229 4395 ut
2268 4345 2419 4396 esset
2443 4340 2636 4395 omnia
2669 4345 2727 4395 et
2752 4341 2811 4394 in
2848 4341 3116 4394 omnibus
3147 4341 3402 4395 Christus

1779 4436 1820 4506 (Ι
1857 4436 1999 4497 ϐοτη
2043 4453 2130 4501 xv,
2166 4434 2278 4505 28).
2324 4433 2596 4488 Dominus
2636 4434 2793 4487 enim
2831 4432 3082 4499 Sabbati,
3130 4432 3400 4502 supersti-

111 4526 225 4588 quasi
279 4528 548 4584 incisione
614 4529 762 4583 facta
819 4529 998 4599 sepis,
1061 4528 1233 4583 exivit
1295 4529 1472 4583 frater
1523 4528 1995 4602 ejus,Dtionem
2035 4529 2161 4583 tulit
2203 4526 2435 4582 Sabbati
2475 4526 2802 4597 corporalis,
2843 4529 2900 4579 et
2947 4525 3105 4596 quasi
3151 4524 3404 4579 medium

113 4628 235 4682 quem
271 4623 421 4692 quasi
465 4621 723 4677 medium
769 4623 1050 4692 parietem
1096 4622 1244 4692 sepis
1278 4623 1364 4676 vel
1409 4623 1673 4677 maceriae

113 4713 341 4776 Apostolus
375 4715 698 4770 nominavit
738 4717 967 4786 (Ephes.,
1004 4732 1062 4784 ιι,
1102 4717 1205 4785 14),
1243 4718 1413 4787 atque
1443 4715 1564 4786 ipse
1602 4715 1673 4769 de

114 4804 325 4862 incisione
361 4825 570 4865 nomen
599 4808 846 4879 accepit;
880 4808 1086 4862 Phares
1125 4808 1280 4862 enim
1319 4807 1513 4862 divisio
1542 4812 1627 4863 est
1659 4826 1672 4862 :

117 4896 219 4950 unde
257 4907 306 4954 et
335 4901 604 4956 Pharisaai
637 4902 971 4973 nuncupati,
1003 4917 1070 4956 eo
1109 4901 1264 4973 quod
1303 4918 1335 4956 a
1364 4901 1676 4956 multorum

117 4999 152 5037 se
192 4992 658 5062 conjunctionibus
704 4997 1049 5066 separarent.
1105 4994 1326 5049 Beatius
1377 4998 1567 5051 autem
1623 5000 1678 5049 et

117 5081 248 5136 multo
286 5090 482 5142 melius
518 5088 710 5143 fuisset
749 5105 862 5142 non
905 5088 1073 5142 incidi
1117 5104 1334 5160 sepem,
1370 5089 1468 5143 sed
1501 5105 1677 5143 unam

119 5175 321 5232 eamdem
365 5186 421 5234 et
459 5181 755 5236 indivisam
799 5198 1152 5253 permanere.
1201 5181 1366 5245 Quod
1411 5181 1531 5236 ﬁeri
1571 5197 1673 5252 po-

161 5342 231 5404 (16)
256 5345 400 5398 Rom.
435 5348 586 5410 edit.,
616 5355 662 5400 et
693 5351 1001 5415 sanguinem
1035 5349 1295 5400 credimus
1330 5347 1592 5399 Christo...
1624 5348 1679 5397 in

125 5413 206 5469 ‘UPO
228 5429 350 5468 arcas
371 5419 672 5484 ﬁguratam,
699 5413 807 5472 etc;

168 5484 235 5539 ΤΠ)
272 5486 393 5538 Cod.
447 5490 610 5541 Mich.
657 5496 713 5542 et
760 5491 919 5543 Colb.
966 5503 1129 5552 unus,
1184 5491 1498 5541 intemerata
1537 5490 1680 5554 geni—

129 5553 213 5599 lm.
248 5557 306 5608 Et
351 5566 468 5624 post
511 5564 608 5612 tria
643 5563 830 5623 verba,
878 5561 977 5612 ubi
1027 5561 1178 5622 edit.,
1224 5575 1405 5612 amore
1459 5553 1675 5624 repleta,

128 5629 241 5678 βείηαὶ
291 5645 433 5692 mss.,
489 5647 668 5683 amore
722 5633 921 5697 plebeio
982 5637 1129 5683 casta
1151 5647 1167 5692 ;
1215 5633 1376 5696 longe
1433 5632 1676 5696 plurimi,

131 5702 259 5745 “mm
284 5702 492 5762 Plebeia,
536 5711 692 5756 casta.
730 5706 962 5766 Melius;
1006 5704 1154 5756 idem
1193 5707 1342 5756 enim
1382 5709 1464 5754 est
1510 5707 1678 5767 atque

132 5771 265 5882 ἔξω
307 5774 600 5839 popularis,
649 5776 798 5843 quod
853 5790 966 5828 non
1016 5776 1161 5828 male
1205 5779 1422 5841 aptatur
1472 5774 1677 5825 Eccle-

1775 4622 1938 4677 solvit
1980 4621 2120 4692 legis
2163 4620 2472 4692 parietem;
2518 4619 2615 4689 qui
2669 4635 2770 4672 nos
2805 4618 2875 4672 ab
2918 4635 2986 4672 ea
3031 4617 3240 4689 pietate
3277 4634 3405 4689 qua:

1776 4715 2091 4769 secundum
2118 4715 2297 4768 Deum
2329 4718 2433 4779 est,
2465 4712 2826 4766 decretorum
2852 4711 3182 4766 difﬁcultate
3208 4712 3402 4782 prohi-

1775 4808 1963 4876 bebat,
1999 4824 2065 4861 eo
2093 4806 2242 4878 quod
2276 4806 2444 4876 juxta
2488 4805 2659 4875 Moysi
2707 4806 2891 4876 legem
2929 4821 3043 4860 non
3084 4810 3206 4858 erat
3245 4804 3404 4859 facile

1777 4905 1947 4972 atque
1995 4899 2262 4971 possibile
2317 4899 2422 4968 (52)
2471 4899 2739 4970 gentibus
2787 4898 3034 4954 militare
3089 4899 3224 4964 Deo,
3274 4913 3405 4951 cum

1776 4994 1963 5049 inanis
1999 4992 2323 5064 superstitio
2359 4992 2687 5046 Judaeorum
2725 5008 2931 5062 purum
2969 4991 3230 5045 affectum
3260 5005 3398 5061 gen-

1778 5088 1923 5141 tium
1943 5103 1974 5140 a
1996 5086 2288 5140 subeunda
2305 5085 2701 5139 observatione
2725 5089 3032 5138 revocaret.
3054 5083 3201 5147 Quid
3224 5098 3362 5152 ergo
3380 5081 3406 5135 ?

1777 5181 1886 5234 Lex
1933 5179 2185 5233 inutilis?
2213 5178 2418 5232 Absit:
2467 5177 2565 5232 sed
2608 5177 2756 5231 utilis
2802 5176 3125 5241 incredulis,
3165 5175 3405 5229 inﬁrmis

1839 5349 1935 5410 (48)
1966 5347 2093 5398 Mss.
2126 5345 2402 5407 nonnulli,
2438 5343 2609 5396 crucis
2639 5344 2892 5394 incisione
2913 5357 3038 5394 suae.

1841 5418 1933 5480 (49)
1961 5419 2117 5469 Rom.
2159 5417 2310 5477 edit.,
2350 5427 2670 5479 consequens
2713 5413 2895 5475 [uisset
2931 5416 3044 5465 vita
3079 5426 3194 5477 qua
3229 5418 3405 5464 secula

1778 5495 1867 5541 est.

1839 5561 1934 5624 (50)
1962 5561 2091 5612 Mss.
2123 5561 2352 5624 aliquot,
2379 5565 2424 5610 el
2447 5557 2727 5622 prophetia
2759 5557 2910 5608 dixit.

1846 5633 1938 5694 (51)
1969 5633 2126 5683 Rom.
2155 5631 2306 5692 edit.,
2330 5630 2585 5695 parietem
2609 5629 2850 5679 maceriae
2871 5627 3042 5679 solvit.

1845 5704 1938 5765 (52)
1968 5704 2127 5754 Rom.
2157 5703 2310 5763 edit.,
2345 5706 2537 5752 contra
2575 5704 2920 5762 cretei-arum,
2947 5711 3012 5749 ac
3045 5710 3176 5748 mss.
3219 5697 3408 5759 ﬁdem,

1780 5775 2030 5834 eliserat,
2077 5779 2236 5837 atque
2281 5772 2545 5835 possibile.
2591 5770 2701 5822 Sed
2732 5772 2847 5833 jam
2892 5769 3254 5832 advertimus,
3299 5780 3408 5821 non

1778 5843 2026 5909 possibile
2049 5856 2197 5909 saepe
2222 5857 2322 5910 pro
2347 5841 2552 5907 difﬁcili
2581 5842 2855 5910 usurpari.
