3972 6174
537 278 667 333 1683

2020 277 2075 330 S.
2106 276 2196 330 AM
2205 272 2424 328 BROSII

3686 286 3703 336 l
3713 286 3798 338 685

531 404 871 469 necessaria,
904 419 1029 473 qua:
1060 402 1307 459 lubricos
1335 409 1389 455 et
1422 405 1675 456 errantes
1704 399 1974 473 praecepti
2001 399 2153 453 salu-
2180 410 2237 482 Α
2260 396 2510 450 historias
2538 398 2819 450 secretum
2851 411 3109 466 quaerere
3139 395 3399 463 veritatis,
3428 403 3480 452 et
3502 399 3553 452 in
3577 404 3801 472 quasdam

531 498 667 552 taris
693 496 1020 550 austeritate
1051 495 1364 562 cohiberet,
1397 499 1452 549 et
1477 495 1937 550 Observationum
1972 497 2152 547 atten-

526 591 683 645 tione
711 589 1091 644 concluderet.
1125 590 1276 643 Bona
1305 595 1492 643 autem
1527 590 1616 642 lex
1644 593 1745 654 est,
1777 589 1912 658 quia
1939 587 2158 657 spirita-

528 685 616 739 lis.
647 684 708 739 Ei
735 700 872 753 ergo
902 699 1016 736 non
1044 683 1214 748 bona,
1242 683 1341 752 qui
1373 699 1482 735 non
1515 687 1672 752 putat
1699 681 2037 752 spiritalem;
2061 681 2154 751 qui

527 780 718 833 mente
758 777 998 847 exiguus
1033 775 1376 846 humilisque
1409 776 1608 841 factus,
1654 791 1775 828 eam
1823 792 1951 844 quae
1989 789 2158 844 super

524 873 716 942 legem
762 877 863 936 est,
911 869 1270 939 majestatem
1310 869 1525 922 scilicet
1567 867 1770 923 Christi
1811 867 1999 922 videre
2041 884 2154 922 non

527 965 730 1036 potuit.
776 964 957 1027 Quam
1003 963 1198 1033 utique
1243 965 1509 1032 tanquam
1553 977 1722 1031 supra
1761 961 1921 1014 illum
1968 962 2152 1031 parie-

531 1064 648 1113 tem
691 1056 996 1126 respiciens
1036 1056 1127 1110 ille
1167 1058 1359 1110 mente
1404 1054 1658 1109 sublimis
1709 1054 1876 1108 Isaias
1917 1054 2154 1124 gloriam

529 1152 626 1205 Dei
658 1151 795 1204 vidit
820 1151 970 1220 (13a...
1005 1167 1073 1215 νι,
1108 1151 1174 1217 1),
1201 1164 1328 1218 quae
1354 1148 1576 1202 videtur
1602 1148 1657 1201 iu
1693 1146 2008 1216 montibus,
2040 1164 2153 1202 non

528 1245 588 1298 in
617 1245 868 1297 collibus.

601 1340 690 1391 27.
723 1336 918 1390 Docuit
958 1335 1146 1406 itaque
1184 1351 1284 1388 nos
1329 1334 1574 1389 Ecclesia
1614 1335 1672 1388 in
1703 1334 1945 1388 Canticis
1974 1333 2152 1387 canti-

531 1446 764 1494 corum,
832 1430 978 1500 quod
1045 1428 1151 1484 iste
1216 1430 1399 1499 paries
1464 1429 1700 1482 Domino
1763 1435 1952 1482 nostro
2026 1429 2156 1481 Jesu

528 1525 749 1580 Christo
784 1525 1004 1578 obstare
1037 1540 1150 1577 non
1192 1523 1398 1592 potuit,
1442 1539 1545 1577 nec
1584 1523 1630 1576 ei
1677 1523 1774 1592 qui
1812 1525 2033 1576 secutus
2075 1528 2157 1576 est

530 1618 836 1684 Christum,
885 1617 1076 1672 dicens
1123 1634 1135 1671 :
1191 1637 1217 1666 ‹‹
1257 1618 1368 1669 Vox
1423 1616 1610 1670 fratris
1663 1616 1775 1669 mei
1822 1633 1834 1669 :
1883 1631 2010 1670 ecce
2065 1615 2156 1668 hic

529 1712 686 1765 venit
737 1711 945 1764 saliens
996 1726 1167 1780 super
1219 1716 1464 1777 montes,
1517 1715 1572 1763 et
1620 1709 1942 1762 transiliens
1985 1724 2156 1778 super

2259 506 2376 545 non
2416 488 2799 560 intelligibiles
2843 489 3155 544 secundum
3195 488 3428 543 litteram
3466 491 3806 562 disputationes

2258 599 2485 638 sensum
2527 583 2766 650 referre,
2800 582 3050 636 scribens
3078 599 3090 634 :
3129 601 3156 632 ‹‹
3186 581 3354 635 Dicite
3383 583 3515 638 mihi
3538 585 3621 654 qui
3653 587 3805 656 legem

2256 676 2495 748 legistis,
2540 677 2726 746 legem
2769 692 2880 729 non
2931 674 3166 728 audistis
3212 675 3359 744 (54)?
3397 676 3652 746 Scriptum
3685 681 3808 735 enim

2258 775 2342 824 est
2369 771 2504 840 quia
2543 769 2826 824 Abraham
2867 768 3007 822 duos
3033 768 3179 822 tilios
3206 767 3395 822 habuit
3424 785 3437 822 :
3471 785 3630 824 unum
3656 786 3707 825 ex
3730 790 3806 826 an-

2256 864 2402 932 cilla,
2436 866 2492 916 et
2525 879 2700 916 unum
2731 863 2800 916 de
2825 862 3040 928 libera;
3072 859 3172 914 sed
3197 860 3292 931 qui
3319 877 3384 915 ex
3408 862 3610 928 ancilla,
3645 880 3809 918 secun-

2256 957 2392 1011 dum
2421 972 2654 1010 carnem
2688 960 2850 1009 natus
2875 961 2987 1022 est;
3022 955 3118 1025 qui
3147 959 3336 1008 autem
3364 954 3429 1008 de
3456 955 3632 1021 libera,
3661 973 3812 1011 secun-

2257 1051 2392 1104 dum
2423 1049 2880 1121 promissionem.
2921 1049 3058 1112 Quae
3097 1051 3246 1116 sunt,
3289 1047 3486 1119 inquit,
3513 1065 3606 1119 per
3637 1049 3812 1121 allego-

2254 1148 2397 1202 riam
2423 1148 2589 1202 dicta.
2625 1150 2752 1201 Haec
2785 1147 2942 1202 enim
2969 1151 3100 1200 sunt
3131 1146 3243 1200 duo
3270 1147 3608 1200 Testamenta
3629 1147 3814 1215 (Galat,

2254 1259 2328 1309 1v,
2371 1244 2583 1310 21-24).
2623 1262 2646 1291 ι)
2701 1243 2764 1294 Et
2810 1241 2956 1295 infra
3003 1257 3015 1294 :
3050 1260 3076 1289 ‹‹
3109 1241 3243 1303 Quae
3290 1244 3473 1295 autem
3517 1256 3716 1294 sursum
3753 1247 3819 1295 est

2253 1335 2568 1390 Jerusalem
2598 1335 2782 1388 libera
2806 1339 2890 1388 est
2915 1334 3100 1404 (lbid.,
3126 1333 3237 1405 26).
3270 1355 3296 1383 »

2327 1432 2415 1483 29.
2448 1429 2528 1483 Ad
2562 1429 2720 1482 illam
2749 1428 2922 1499 igitur
2957 1443 3132 1499 quam
3159 1426 3382 1481 medius
3418 1426 3594 1497 paries
3619 1427 3822 1481 incidere

2257 1529 2312 1577 et
2361 1522 2612 1576 dividere
2663 1538 2775 1575 non
2827 1521 3041 1591 potuit,
3099 1519 3308 1574 mentis
3357 1519 3680 1573 sublimitate
3719 1525 3820 1573 ten-

2257 1616 2477 1670 damus.
2539 1615 2764 1670 Solutus
2818 1619 2904 1669 est
2955 1613 3109 1668 enim
3159 1613 3471 1668 secundum
3525 1613 3824 1666 intellectum

2257 1710 2618 1779 corporalem
2654 1708 2750 1761 ille
2790 1707 2974 1778 paries
3005 1707 3218 1761 Veteris
3246 1706 3608 1772 Testamenti;
3637 1705 3826 1775 expulsa

530 1804 732 1870 colles,
800 1804 1000 1857 similis
1061 1778 1233 1857 frater
1295 1819 1454 1856 meus
1516 1819 1700 1874 Caprae
1768 1804 1852 1857 vel
1916 1778 2340 1857 hinnuloBest
2363 1778 2589 1869 ancilla,
2633 1804 2862 1855 tenetur
2906 1801 3100 1855 libera.
3135 1803 3207 1856 Ex
3252 1800 3426 1854 libera
3462 1815 3643 1853 sumus
3667 1799 3826 1864 liberi;

530 1913 825 1952 cervorum
864 1897 924 1949 in
965 1896 1255 1950 montibus
1298 1896 1509 1950 Betliel.
1540 1897 1675 1950 Ecce
1713 1897 1805 1950 hic
1845 1903 1996 1950 retro
2029 1901 2152 1967 post

527 1990 804 2062 parietem
843 1995 1119 2056 nostrum,
1149 1989 1495 2059 prospiciens
1539 2006 1641 2059 per
1687 1989 1981 2058 fenestras,
2017 2006 2148 2060 pro-

531 2083 772 2153 spiciens
813 2098 914 2153 per
957 2083 1114 2136 retia.
1145 2083 1454 2152 ReSpundit
1493 2082 1665 2136 frater
1706 2099 1889 2148 meus,
1923 2087 1976 2136 et
2015 2082 2152 2137 dixit

529 2177 673 2230 mihi
712 2194 723 2230 :
774 2177 970 2246 Surge,
1017 2176 1164 2242 veni,
1212 2175 1474 2245 proxima
1519 2192 1667 2240 mea,
1717 2176 1962 2245 speciosa
2001 2192 2147 2241 mea,

530 2269 794 2324 columba
823 2286 986 2337 mea;
1021 2269 1287 2339 quoniam
1329 2285 1457 2322 ecce
1489 2269 1671 2323 hiems
1711 2269 1985 2335 transivit,
2023 2269 2148 2339 plu-

529 2364 618 2416 via
658 2363 814 2428 abiit,
865 2362 1117 2416 discessit
1163 2362 1287 2429 sibi,
1339 2362 1501 2416 flores
1545 2362 1646 2415 visi
1689 2368 1817 2416 sunt
1861 2362 1914 2414 in
1977 2366 2147 2428 terra,

527 2455 752 2522 tempus
806 2451 1030 2504 secandi
1082 2451 1336 2519 advenit,
1394 2467 1494 2504 vox
1549 2451 1783 2504 turturis
1835 2451 2022 2505 audita
2071 2458 2152 2506 est

528 2546 733 2614 (Cant.,
774 2560 832 2608 ιι,
867 2545 1036 2612 8-12).
1069 2565 1096 2593 ››
1125 2545 1334 2610 Flores,
1379 2544 1651 2614 apostoli;
1695 2549 1915 2614 tempus
1957 2545 2151 2598 messis

525 2637 738 2692 fructus
765 2642 846 2691 est
883 2637 1089 2691 Christi
1121 2639 1254 2706 (53);
1293 2653 1397 2691 vox
1430 2637 1684 2703 turturis,
1720 2654 1824 2691 vox
1863 2639 2145 2691 Ecclesiae.

525 2731 657 2786 Jure
686 2731 865 2800 igitur
894 2731 990 2784 Dei
1025 2730 1192 2784 Filius
1218 2736 1582 2802 posteaquam
1609 2735 1861 2785 terrenos
1887 2732 2150 2786 homines

527 2841 630 2878 nec
662 2823 982 2892 gradientes
1009 2824 1079 2877 ad
1112 2841 1378 2894 superna,
1414 2829 1469 2878 et
1495 2825 1876 2895 corporalibus
1907 2826 2152 2896 inspexit

525 2916 800 2988 angustiis
849 2921 1160 2971 coarctatos
1215 2917 1348 2987 (non
1405 2917 1560 2970 enim
1619 2922 1741 2971 erat
1789 2919 1886 2988 qui
1939 2919 2153 2973 faceret

525 3013 759 3077 bonum,
807 3027 921 3064 non
963 3015 1083 3063 erat
1131 3025 1309 3080 usque
1361 3009 1432 3063 ad
1481 3027 1657 3063 unum
1701 3011 1865 3078 (Psul.
1917 3028 2028 3079 xm,
2073 3012 2148 3081 3),

527 3104 863 3158 descendere
906 3103 962 3155 in
1011 3108 1186 3156 terras
1227 3102 1345 3172 ipse
1387 3102 1656 3171 dignatus
1691 3109 1801 3170 est,
1853 3109 1912 3157 ut
1961 3105 2148 3174 parie-

527 3201 641 3248 tem
698 3196 855 3248 illum
920 3196 1080 3266 legis,
1141 3195 1244 3248 hoc
1295 3201 1395 3257 est,
1453 3196 1657 3248 molem
1723 3197 2027 3266 quamdam
2097 3203 2152 3251 et

528 3287 988 3357 superstitionem
1024 3288 1342 3342 intellectus
1379 3289 1686 3358 corporalis
1726 3290 1992 3357 auferret,
2027 3308 2152 3362 quas

527 3380 686 3451 quasi
712 3385 1000 3450 premeret
1026 3379 1073 3451 1
1091 3379 1287 3452 324
1321 3387 1374 3435 et
1400 3381 1766 3436 obumbraret
1787 3383 1958 3436 corda
1981 3401 2152 3454 popu-

525 3475 734 3528 lorum.
758 3473 949 3527 Melior
970 3473 1145 3544 igitur
1166 3474 1412 3528 maceria
1445 3491 1618 3545 quam
1649 3475 1854 3545 paries.
1891 3476 2150 3547 Denique

526 3585 640 3624 non
702 3567 885 3622 bonus
949 3568 1134 3638 paries
1189 3567 1501 3623 dealbatus.
1566 3570 1728 3632 Quod
1791 3587 1906 3624 non
1973 3572 2150 3625 otiose

527 3662 739 3718 dictum
791 3666 876 3715 est
921 3661 1166 3732 principi
1232 3662 1590 3716 sacerdotum
1651 3679 1717 3716 eo
1771 3664 1918 3734 quod
1977 3664 2152 3718 medii

523 3755 751 3828 parietis
778 3745 1194 3826 impedimenta
1221 3755 1484 3810 servabat
1507 3757 1670 3824 (Act.,
1699 3773 1851 3822 xxm,
1882 3756 1956 3829 3),
1979 3773 2152 3828 quem

522 3849 796 3907 Dominus
827 3850 988 3903 Jesus
1017 3849 1244 3902 abstulit
1283 3851 1442 3919 quasi
1476 3850 1676 3904 duram
1722 3849 2004 3918 militiam,
2037 3867 2150 3922 quo

523 3945 829 3999 clariorem
873 3942 1288 3996 observantiam
1338 3943 1631 4012 religionis
1681 3944 2042 4009 infunderet;
2089 3951 2152 3998 ut

516 4038 641 4108 jam
687 4053 798 4090 non
857 4052 1036 4089 unum
1078 4035 1403 4089 Judzeorum
1454 4053 1634 4106 genus
1675 4038 1835 4108 quasi
1881 4037 2152 4108 corporali

523 4129 770 4201 quodam
838 4129 1166 4199 praescripto
1224 4129 1368 4198 legis
1432 4129 1731 4197 inclusum,
1787 4131 1887 4184 sed
1952 4147 2151 4185 omnes

525 4226 725 4294 gentes
771 4221 843 4275 ad
890 4221 983 4274 Dei
1035 4222 1248 4275 cultum
1301 4239 1405 4292 per
1451 4223 1821 4292 Evangelium
1874 4239 2146 4277 vocaren-

524 4320 634 4370 tur.

594 4412 682 4465 28.
713 4411 831 4464 Duo
858 4409 1034 4479 igitur
1063 4409 1278 4480 gemini
1307 4409 1435 4463 duae
1464 4409 1710 4479 geminae
1736 4409 1884 4475 vitae,
1907 4409 2034 4464 dua:
2059 4429 2150 4481 ge-

2173 3145 2226 3217 C

2252 1896 2432 1949 libera
2477 1901 2560 1948 est
2606 1894 2762 1949 enim
2822 1894 3089 1960 Ecclesia,
3139 1894 3378 1964 expulsa
3426 1896 3508 1948 est
3557 1892 3826 1963 Synagoga.

2251 1989 2542 2044 Serviebat
2585 1989 2741 2042 enim
2785 1989 3025 2058 populus
3065 1987 3422 2054 Judaeorum,
3471 1990 3736 2040 remotum
3770 1987 3829 2037 est

2251 2081 2775 2151 servitutisjugum,
2799 2081 2946 2152 quod
2977 2083 3188 2135 nostrae
3208 2080 3417 2134 animus
3445 2079 3695 2150 quaedam
3719 2079 3829 2131 colla

2251 2174 2619 2246 reprimebat,
2659 2192 2732 2228 ne
2772 2174 2923 2228 ultra
2964 2174 3236 2244 parietem
3274 2173 3406 2226 vitae
3449 2171 3640 2243 prioris
3675 2187 3829 2241 posse-

2251 2285 2376 2322 mus
2401 2267 2673 2338 aspicere.
2705 2267 2984 2321 Habemus
3001 2267 3210 2336 jugum
3236 2267 3452 2320 bonum
3481 2282 3541 2320 ac
3561 2266 3693 2330 leve,
3714 2262 3829 2333 quod

2251 2361 2489 2416 habenis
2515 2361 2670 2432 pacis
2705 2364 2760 2414 et
2783 2361 2981 2431 gratiae
3010 2360 3246 2414 vinculis
3268 2360 3455 2430 magis
3481 2358 3676 2430 erigat,
3696 2372 3833 2427 quam

2251 2455 2533 2526 deprimat
2558 2454 2870 2526 copulatus.
2905 2455 3000 2507 Hic
3028 2459 3112 2508 est
3141 2454 3440 2520 Dominus,
3474 2453 3624 2522 cujus
3649 2451 3701 2504 in
3727 2453 3836 2504 Zara

2251 2555 2416 2619 typus
2465 2553 2594 2601 ante
2652 2547 2967 2617 praecessit;
3030 2563 3096 2600 eo
3151 2548 3305 2618 quod
3364 2563 3427 2600 ex
3491 2546 3635 2599 tribu
3685 2547 3733 2598 et
3785 2559 3836 2595 ex

2253 2643 2464 2695 semine
2509 2641 2657 2694 illius
2701 2643 2854 2694 Zarae
2900 2639 3170 2694 Dominus
3213 2641 3380 2694 Jesus
3419 2639 3714 2693 secundum
3749 2652 3839 2688 car.

2254 2752 2388 2789 nem
2439 2751 2555 2788 non
2606 2735 2786 2788 solum
2842 2749 2873 2786 a
2926 2733 3160 2799 femina,
3217 2733 3319 2786 sed
3373 2732 3542 2787 etiam
3596 2730 3688 2784 sub
3737 2729 3836 2797 lege

2253 2833 2556 2900 generatus
2586 2831 2697 2895 est;
2728 2829 2792 2880 ut
2821 2843 2914 2882 eos
2949 2826 3046 2897 qui
3073 2826 3176 2880 sub
3206 2825 3337 2897 lege
3382 2829 3543 2881 erant
3583 2823 3842 2878 redimeret

2251 2921 2434 2992 pretio
2480 2920 2772 2991 sanguinis
2821 2919 2926 2973 sui.
2977 2920 3147 2989 Cujus
3193 2919 3381 2990 ﬁgura
3427 2919 3551 2973 ideo
3599 2918 3653 2971 in
3700 2929 3841 2969 manu

2253 3015 2400 3068 illius
2443 3017 2599 3068 Zaraa
2650 3013 2953 3084 praecessit,
3005 3016 3070 3067 ut
3117 3013 3492 3084 promitteret
3544 3011 3697 3066 nobis
3738 3009 3843 3078 quia

2252 3113 2524 3162 venturus
2553 3112 2690 3176 erat,
2726 3107 2821 3176 qui
2865 3106 3071 3160 veteris
3113 3106 3245 3160 vitae
3279 3111 3577 3161 revocaret
3612 3118 3779 3167 usum,
3802 3106 3843 3152 et

2250 3201 2570 3255 libertatem
2604 3215 2774 3270 quam
2803 3199 3080 3254 tribuerat
3106 3198 3294 3270 primo
3324 3199 3406 3253 illi
3432 3198 3587 3265 Adae,
3624 3198 3674 3250 in
3700 3195 3842 3251 Adam

2254 3293 2554 3348 novissimo
2582 3294 2952 3357 reformaret;
2984 3297 3048 3346 ut
3064 3293 3191 3362 jam
3220 3309 3410 3364 genus
3439 3292 3730 3348 hominum
3753 3287 3843 3341 sine

2251 3388 2377 3458 lege
2405 3388 2478 3441 sit
2506 3386 2813 3440 servitutis.

2323 3484 2409 3535 30.
2439 3481 2493 3536 Si
2522 3479 2696 3551 igitur
2720 3480 2965 3534 Thamar
2995 3480 3373 3550 cognovimus
3402 3484 3631 3552 propter
3673 3479 3843 3546 myste-

2253 3573 2402 3628 rium
2449 3574 2602 3628 inter
2644 3573 2959 3627 Dominicas
3006 3575 3423 3643 generationes
3475 3591 3593 3628 esse
3637 3568 3844 3634 descrip-

2252 3671 2371 3721 tam
2415 3666 2554 3738 (55),
2604 3667 2754 3721 Ruth
2807 3683 3037 3737 quoque
3087 3667 3212 3720 sine
3265 3668 3447 3722 dubio
3505 3665 3621 3738 pari
3669 3661 3847 3717 ratione

2252 3760 2486 3815 minime
2521 3760 2960 3830 praetermissam
2988 3759 3272 3816 aestimare
3303 3760 3586 3815 debemus
3615 3775 3626 3812 :
3665 3757 3730 3810 de
3765 3768 3848 3824 qua

2253 3853 2490 3907 sensisse
2523 3853 2748 3907 videtur
2775 3855 3072 3924 Apostolus
3103 3857 3352 3922 sanctus,
3385 3869 3519 3907 cum
3545 3850 3850 3920 alienigena-

2252 3963 2379 4000 rum
2425 3939 2781 4000 vocationem
2835 3946 3092 4017 gentium
3143 3947 3348 4016 spiritu
3405 3946 3736 4018 pravideret
3774 3954 3852 4010 per

2252 4039 2618 4111 Evangelium
2647 4056 2764 4094 esse
2792 4039 3211 4108 celebrandum,
3235 4041 3437 4096 dicens
3465 4040 3617 4111 quod
3643 4039 3744 4092 Lex
3761 4049 3850 4088 non

2251 4132 2326 4188 sit
2344 4135 2511 4203 justis
2542 4134 2742 4204 posita,
2773 4134 2869 4187 sed
2897 4133 3121 4203 injustis
3151 4136 3192 4202 (Ι
3230 4137 3399 4197 Tim.,
3431 4152 3468 4201 ι,
3503 4137 3576 4202 9).
3603 4125 3853 4196 Quomodo

2251 4227 2403 4282 enim
2446 4228 2618 4289 Ruth,
2667 4243 2796 4280 cum
2839 4230 2986 4281 esset
3033 4227 3385 4298 alienigena,
3427 4226 3622 4281 Judan
3658 4217 3851 4292 nupsit?

2251 4321 2316 4374 Et
2347 4336 2460 4390 qua
2499 4321 2723 4374 ratione
2768 4319 2825 4373 in
2865 4319 3072 4375 Christi
3112 4320 3488 4390 generatione
3521 4320 3643 4389 ejus
3674 4311 3854 4387 putavit

2250 4413 2592 4483 evangelista
2612 4414 2831 4483 copulae
2852 4413 3470 4468 commemorationem
3493 4429 3612 4468 esse
3635 4409 3681 4482 1
3697 4401 3852 4481 325

522 4504 694 4559 minae
720 4507 851 4557 sunt
878 4503 1116 4568 militiae,
1147 4504 1226 4557 ita
1254 4507 1315 4556 ut
1337 4503 1489 4573 prior
1515 4503 1723 4557 melior
1755 4504 1824 4556 sit
1851 4509 2143 4574 sequente.
2167 4509 2225 4582 Ι)
2248 4505 2587 4572 faciendam,
2639 4523 2766 4577 quae
2812 4507 2953 4576 legis
2998 4506 3143 4560 serie
3185 4507 3537 4562 vetabatur?
3581 4507 3694 4559 Non
3744 4512 3854 4565 ergo

521 4599 592 4652 Et
621 4596 748 4651 ideo
776 4597 924 4668 quod
950 4601 1032 4650 est
1062 4597 1261 4651 melius
1286 4597 1658 4651 reformatum
1687 4602 1786 4651 est.
1808 4596 1940 4660 Quis
1960 4601 2151 4652 autem

522 4693 700 4761 neget
726 4690 1089 4761 Evangelium
1127 4694 1390 4762 praestare
1429 4691 1586 4761 legi?
1625 4691 1774 4745 Bona
1821 4695 2017 4745 tamen
2043 4692 2146 4758 lex,

523 4786 572 4839 si
617 4800 786 4854 supra
830 4785 1078 4837 litteram
1127 4788 1379 4837 mentem
1425 4783 1641 4854 erigas;
1694 4807 1719 4833 α
1764 4784 1951 4838 littera
1996 4785 2149 4839 enim

524 4878 731 4933 occidit
761 4879 822 4946 (ll
861 4877 1006 4944 Corn,
1039 4894 1121 4945 ιιι,
1163 4880 1235 4945 6).
1267 4900 1292 4925 ››
1335 4877 1479 4940 Quid
1516 4883 1709 4932 autem
1755 4878 1991 4932 haberet
2029 4880 2148 4932 haec

521 4972 760 5026 historia
782 4972 996 5041 gratiae,
1019 4970 1125 5024 nisi
1145 4971 1330 5024 lucem
1361 4970 1501 5023 tanti
1520 4971 1777 5041 mysterii
1793 4971 2150 5027 videremus?

522 5066 726 5121 Docuit
752 5065 904 5119 enim
952 5081 1053 5118 nos
1083 5065 1380 5135 Apostolus
1423 5070 1644 5118 sanctus
1687 5065 1744 5118 in
1786 5065 2146 5135 simplicitate

585 5190 678 5251 (53)
709 5187 856 5238 Edit.
889 5191 941 5236 et
970 5186 1197 5250 quidam
1225 5201 1381 5247 mss.,
1405 5186 1610 5249 fructus
1639 5193 1710 5237 est
1742 5188 1999 5237 Christus.

583 5261 678 5323 (54)
731 5261 810 5308 Ita
858 5259 1049 5308 cuncti
1099 5271 1228 5306 mss.
1281 5255 1427 5306 Edit.
1477 5270 1624 5316 vero,
1675 5257 1841 5306 Dicite
1891 5258 2016 5306 mihi
2057 5257 2148 5306 sub

522 5333 630 5396 lege
682 5330 910 5380 volentes
962 5343 1100 5388 esse,
1159 5328 1348 5391 legem,
1402 5331 1507 5377 etc.
1565 5328 1665 5376 His
1717 5327 1933 5377 accedit
1993 5330 2146 5391 Apo-

520 5403 646 5453 stoli
685 5405 867 5451 textus
905 5405 1071 5464 atque
1103 5414 1294 5450 omnes
1330 5400 1625 5460 versiones,
1667 5403 1894 5460 excepta
1935 5399 2146 5448 Ethio-

519 5474 674 5536 pica,
729 5472 826 5521 ubi
894 5471 1205 5522 secundum
1266 5471 1619 5532 interpretem
1683 5470 1881 5531 legitur
1935 5484 1950 5516 :
1999 5471 2146 5518 Dici-

522 5544 586 5592 tis
627 5542 754 5591 mihi
789 5558 805 5590 :
844 5543 904 5590 In
942 5546 1197 5606 praecepto
1249 5539 1373 5603 legis
1418 5553 1620 5600 sumus,
1675 5544 1720 5588 et
1767 5551 1873 5587 non
1919 5540 2147 5590 audistis

523 5612 680 5673 legem
691 5648 700 5657 .
975 5640 987 5648 -

582 5680 680 5740 (55)
724 5679 880 5728 Rom.
923 5680 1050 5730 edit.
1092 5681 1227 5740 sola,
1266 5681 1351 5730 Sic
1391 5681 1610 5744 igitur...
1642 5679 1957 5742 descriptam
1999 5695 2017 5728 :
2049 5681 2146 5741 Qui

521 5748 624 5810 fuit
649 5745 804 5807 Obed,
835 5749 926 5809 qui
958 5748 1058 5808 fuit
1087 5752 1248 5808 Booz,
1279 5755 1382 5801 etc.
1420 5750 1527 5800 Cur
1561 5751 1720 5800 etiam
1763 5748 1893 5800 Ruth
1928 5751 2143 5799 mentio-

520 5828 640 5865 nem
663 5813 782 5876 fecit
804 5815 1093 5868 Matt/mus.

2252 4615 2316 4654 ex
2367 4599 2621 4669 legitima
2677 4602 2785 4666 (56)
2840 4599 3091 4654 Salvator
3153 4599 3534 4671 generatione
3599 4588 3854 4652 manavit?

2250 4692 2487 4747 Videtur
2519 4709 2637 4746 esse
2674 4692 2951 4761 deforme,
2991 4692 3098 4746 nisi
3135 4692 3206 4746 ad
3245 4693 3628 4763 apostolicam
3657 4694 3854 4744 senten‘

2250 4786 2388 4839 tiam
2426 4784 2741 4851 revertaris,
2774 4807 2799 4833 ‹‹
2831 4785 2962 4855 quia
2989 4786 3074 4839 lex
3103 4802 3217 4839 non
3248 4790 3336 4839 est
3358 4785 3535 4856 justis
3566 4782 3755 4855 posita,
3781 4774 3855 4830 sed

2250 4878 2496 4948 injustis.
2533 4900 2559 4926 η
2590 4879 2717 4932 Haec
2739 4878 2896 4932 enim
2924 4895 3054 4932 cum
3091 4879 3162 4931 sit
3191 4877 3531 4949 alienigena
3560 4881 3616 4931 et
3643 4869 3856 4930 Moabitis

2253 4970 2592 5042 (praesertim
2633 4988 2760 5026 cum
2801 4972 2885 5026 lex
2920 4971 3091 5042 Moysi
3133 4971 3468 5040 prohiberet
3508 4972 3608 5025 has
3643 4963 3854 5036 nuptiaS.

2251 5066 2473 5133 (Exod.,
2503 5081 2684 5130 xxx1v,
2716 5068 2824 5132 16),
2846 5065 3229 5134 Moabitasque
3260 5065 3602 5119 excluderet
3621 5061 3688 5116 ab
3710 5056 3854 5114 Eccle-

2311 5187 2408 5248 (56)
2451 5185 2596 5235 Edit.
2643 5185 2866 5236 Amerb.
2908 5189 3076 5249 atque
3113 5185 3260 5244 Era.,
3305 5187 3431 5235 Non
3476 5197 3602 5247 ergo
3644 5178 3772 5246 quod
3806 5187 3857 5249 ιζ

2249 5243 2500 5320 legitima,
2537 5260 2640 5306 etc.
2673 5256 2801 5307 Gill.
2835 5269 2963 5305 cum
2986 5243 3195 5318 'paucis
3233 5243 3404 5317 mss.,
3435 5243 3558 5305 Νοτῖ
3597 5243 3712 5316 σν·ρο
3744 5243 3859 5320 (ιιι-σά

2246 5314 2356 5376 min
2392 5340 2458 5375 ea;
2489 5314 2737 5389 legitima
2775 5314 3021 5376 Salvator
3065 5314 3413 5388 generatione
3457 5314 3696 5374 manavit
3736 5314 3854 5366 cide.

2246 5402 2353 5452 tur,
2380 5401 2482 5446 etc.
2516 5397 2679 5446 Nullo
2723 5410 2907 5446 sensu.
2938 5395 3084 5444 Edit.
3128 5396 3308 5454 Rom.,
3339 5397 3463 5445 Non
3514 5408 3636 5457 ergo
3675 5404 3738 5439 ex
3771 5398 3858 5434 nou

2248 5467 2478 5531 legitima
2506 5467 2834 5517 Salvator-em
2873 5467 3208 5530 generatione
3237 5479 3497 5516 "inﬂasse
3530 5465 3747 5531 ludetur,
3769 5462 3853 5504 elC-

2247 5530 2364 5588 Non
2397 5538 2614 5598 melius,
2647 5539 2780 5588 licet.
2818 5537 2898 5586 illi
2941 5551 3088 5586 unus
3126 5551 3156 5587 θ
3186 5537 3309 5584 Vat.
3354 5536 3481 5586 cod.
3537 5530 3855 5604 astipuletur.

2245 5610 2350 5659 nisi
2389 5607 2537 5673 quod
2584 5614 2708 5659 ante
2755 5609 2985 5674 legitima
3034 5608 3191 5658 deest
3230 5620 3359 5655 non.
3395 5607 3674 5658 Germana
3715 5602 3858 5674 lectio

2245 5683 2346 5743 est,
2401 5670 2567 5744 quam
2615 5693 2682 5730 ex
2738 5670 2870 5730 mss.
2928 5679 3121 5730 decem
3171 5678 3401 5742 Optimae
3453 5681 3599 5727 notia
3643 5670 3854 5722 restitui-

2245 5764 2387 5801 mus.
