3972 6174
186 227 290 280 1685

1247 221 1712 276 EXPOSITIONIS
1753 222 1820 277 IN
1863 223 2089 279 LUCAM
2133 225 2256 279 LIB.
2301 225 2383 280 lll.

3364 226 3495 279 l686

175 349 261 411 sia;
287 347 360 400 sic
388 345 539 399 enim
579 345 847 416 scriptum
887 351 971 399 est
999 363 1010 398 2
1047 367 1073 392 ‹‹
1105 345 1363 400 Moabita:
1404 361 1518 399 non
1557 346 1756 400 introi-
1784 361 1842 430 Α
1865 352 2096 417 praestat
2126 348 2295 418 priori
2340 348 2466 417 (59).
2497 348 2654 412 Quod
2686 347 2909 402 brevius
2939 347 3030 400 hic
3069 347 3330 413 dicimus,
3362 349 3495 418 quia

174 441 292 496 bunt
317 439 370 493 in
397 437 697 493 Ecclesiam
728 437 953 492 Domini
974 455 1153 510 usque
1175 439 1245 493 ad
1265 438 1491 494 tertiam
1519 442 1576 494 et
1596 455 1760 510 quar-

173 541 267 588 tam
293 532 737 602 generationem,
767 537 823 586 et
865 549 1042 603 usque
1082 531 1141 586 in
1185 533 1476 600 saeculum)
1507 555 1532 581 ››
1565 535 1761 599 (Deut,

173 642 296 693 uni,
325 628 398 692 3),
439 625 729 696 quomodo
769 625 998 680 intravit
1032 625 1094 680 in
1136 625 1457 691 Ecclesiam,
1495 626 1601 680 nisi
1630 628 1765 698 quia

171 725 334 774 sancta
375 723 433 772 et
471 719 837 773 immaculata
882 719 1132 774 moribus
1177 735 1347 790 supra
1385 719 1572 790 legem
1617 721 1764 774 facta

169 814 268 869 est?
293 812 349 866 Si
384 812 542 866 enim
583 812 676 866 lex
708 812 895 882 impiis
936 818 990 868 et
1020 812 1408 883 peccatoribus
1445 813 1627 884 posita
1658 817 1762 880 est,

168 906 330 976 utique
356 906 530 973 Ruth,
560 921 688 976 quae
721 905 1111 961 definitionem
1143 906 1281 977 legis
1305 906 1558 976 excessit,
1589 911 1644 961 et
1673 907 1762 962 in-

169 999 304 1054 travit
331 999 388 1052 in
416 998 741 1067 Ecclesiam,
780 1007 833 1054 et
869 999 1013 1054 facta
1039 1003 1124 1073 est
1157 1000 1444 1066 lsraelitis,
1474 1003 1530 1054 et
1557 1001 1767 1054 meruit

168 1093 288 1146 inter
309 1092 550 1161 majores
592 1093 869 1147 Dominici
912 1092 1135 1162 generis
1162 1092 1500 1163 computari,
1533 1098 1768 1164 propter

166 1185 529 1256 cognationem
557 1185 762 1240 mentis
799 1186 980 1240 electa
1021 1203 1134 1240 non
1176 1187 1449 1256 corporis,
1490 1203 1764 1258 magnum

168 1279 302 1333 nobis
325 1279 653 1348 exemplum
692 1285 796 1346 est,
831 1280 966 1350 quia
1004 1279 1061 1333 in
1101 1279 1198 1334 illa
1223 1283 1485 1334 nostrum
1511 1281 1766 1336 omnium

167 1373 244 1444 qui
262 1372 477 1427 collecti
501 1389 567 1427 ex
590 1372 854 1442 gentibus
878 1389 1092 1440 sumus,
1119 1373 1481 1444 ingrediendi
1504 1373 1560 1427 in
1587 1375 1768 1428 Eccle-

168 1466 281 1520 siam
316 1465 547 1521 Domini
580 1465 763 1537 figura
808 1467 1111 1536 prmcessit.
1153 1468 1304 1520 lianc
1331 1467 1508 1537 igitur
1535 1470 1764 1522 aemule-

165 1575 286 1624 mur,
309 1565 365 1612 ut
380 1559 481 1629 qui
504 1559 624 1613 haec
648 1559 898 1613 moribus
920 1560 1065 1613 hanc
1089 1559 1528 1630 praerogativam
1553 1561 1770 1615 meruit

166 1653 513 1706 adsciscendze
540 1653 824 1707 societatis
845 1669 982 1719 suae,
1011 1653 1154 1707 sicut
1179 1651 1418 1708 historia
1444 1654 1640 1720 docet;
1666 1671 1769 1708 nos

1863 441 2086 512 plenius
2128 442 2184 496 in
2231 441 2383 495 libris
2427 441 2763 512 digessimus
2803 457 2946 512 quos
2985 440 3056 494 de
3103 426 3237 494 Fide
3277 441 3494 510 scripsi,

1862 536 1983 606 (lib.
2023 553 2099 604 ιιι,
2144 539 2211 591 De
2247 536 2352 604 ﬁde
2386 535 2461 589 ad
2499 535 2775 596 Gratiam,
2808 551 2857 589 c.
2904 535 2978 601 5).
3017 533 3499 604 Appropinquavit

1864 633 2054 686 autem
2085 630 2181 700 qui
2213 631 2385 698 longe
2415 634 2570 696 erat;
2599 629 2734 698 quia
2763 627 3049 698 elongavit
3077 626 3174 697 qui
3205 626 3497 697 proximus

1866 729 2008 791 erat,
2067 729 2122 777 et
2178 722 2627 777 calceamentum
2680 721 2946 792 proximi,
3003 720 3248 775 muliere
3303 721 3496 791 acqui-

1865 817 1994 871 sivit
2043 819 2295 886 accepta.
2361 817 2472 870 Mos
2529 815 2686 869 enim
2743 819 2864 869 erat
2930 819 2991 868 ut
3051 813 3150 884 qui
3206 813 3501 884 proximus

1866 914 2009 977 erat,
2027 897 2094 964 ἐἰ
2135 911 2306 964 nollet
2339 909 2597 980 accipere
2636 909 2694 963 in
2739 908 3068 979 conjugium
3115 906 3500 977 propinquam

1867 1020 2052 1070 suam,
2081 1003 2533 1058 calceamentum
2553 1019 2719 1056 suum
2749 1003 3011 1067 solveret,
3041 1005 3097 1054 et
3123 998 3246 1054 aliis
3276 999 3502 1054 cederet

1867 1099 2048 1166 (Ruth,
2084 1114 2166 1165 iv,
2206 1101 2258 1163 7;
2294 1101 2468 1159 θαλίη
2513 1113 2635 1162 xxv,
2682 1098 2765 1165 9);
2806 1096 2866 1149 in
2902 1111 3016 1165 quo
3055 1109 3167 1148 non
3211 1091 3500 1149 mediocre

1868 1190 2234 1260 mysterium,
2278 1205 2346 1243 eo
2397 1188 2550 1258 quod
2599 1189 2644 1240 is
2688 1188 2785 1258 qui
2833 1186 3217 1258 alienigenam
3261 1187 3318 1240 in
3366 1191 3498 1256 typo

1870 1283 2129 1354 sumpsit,
2162 1281 2579 1352 evangelizandi
2607 1281 2826 1351 accepit
2857 1279 3209 1333 facultatem.

1939 1379 2027 1432 33.
2068 1375 2321 1446 Denique
2364 1375 2421 1429 in
2462 1380 2596 1446 typo
2636 1374 2740 1427 has
2784 1372 2958 1427 fuisse
2995 1372 3218 1443 nuptias
3257 1378 3496 1428 testatur

1870 1468 2186 1524 benedictio
2217 1469 2505 1523 seniorum
2534 1466 2879 1522 dicentium:
2910 1467 3057 1519 «Det
3078 1465 3350 1520 Dominus
3371 1483 3494 1520 mu-

1870 1564 2069 1618 lierem
2119 1578 2246 1632 qua:
2284 1562 2460 1615 intrat
2502 1561 2558 1614 in
2607 1561 2841 1614 domum
2882 1565 3058 1625 tuam,
3107 1558 3250 1612 sicut
3295 1558 3498 1614 Rachel

1871 1664 1928 1712 et
1951 1656 2095 1710 sicut
2124 1656 2297 1722 Liam,
2331 1671 2458 1725 qua:
2490 1642 2920 1708 aediﬁcaverunt
2944 1652 3180 1707 domum
3212 1653 3402 1719 Israel,
3443 1656 3500 1706 et

164 1761 355 1816 quoque
408 1749 647 1816 propter
692 1761 917 1800 morum
965 1745 1296 1800 electionem
1351 1746 1412 1800 in
1468 1722 1848 1801 EcclesiamB
1874 1751 2057 1804 facere
2086 1722 2441 1803 virtutem—in
2483 1747 2757 1818 Ephrata;
2793 1749 2849 1800 et
2890 1747 2962 1799 sit
2993 1761 3206 1800 nomen
3238 1746 3296 1799 in
3330 1745 3494 1800 Beth-

167 1839 376 1903 Domini,
407 1837 628 1892 meritis
656 1838 1121 1909 suifragantibus,
1155 1839 1487 1909 allegemur.

217 1935 292 1985 3|.
318 1931 546 1985 Etenim
579 1948 706 1985 cum
734 1932 1018 1986 lsraelitas
1048 1932 1109 1986 in
1143 1931 1341 1986 diebus
1379 1931 1634 1987 iudicum
1673 1949 1766 1986 su-

166 2024 446 2094 perioribus
487 2024 674 2078 fames
721 2024 1066 2095 temporibus
1110 2030 1360 2095 urgeret,
1401 2042 1433 2078 a
1478 2026 1771 2080 Bethleem

167 2117 350 2172 civitate
377 2117 616 2183 Judaeae,
656 2117 711 2171 in
748 2134 863 2189 qua
902 2121 1065 2171 natus
1103 2124 1187 2173 est
1223 2118 1493 2185 Christus,
1519 2118 1658 2172 abiit
1687 2119 1770 2173 vir

167 2211 313 2264 colere
356 2211 413 2264 in
462 2227 611 2280 agro
661 2211 820 2265 Moab
865 2228 996 2264 cum
1046 2228 1213 2265 uxore
1260 2217 1316 2266 et
1359 2211 1580 2266 duobus
1618 2213 1766 2279 liliis,

168 2303 439 2357 Elimelech
485 2304 612 2356 viro
659 2321 886 2372 nomen,
935 2304 1162 2358 mulieri
1212 2305 1432 2359 Noemi.
1479 2305 1600 2360 Filii
1647 2306 1769 2376 ejus

169 2403 473 2467 acceperunt
540 2396 650 2450 sibi
712 2413 911 2452 uxores
975 2397 1302 2451 Moabitidas
1349 2414 1361 2451 :
1407 2415 1614 2452 nomen
1668 2399 1766 2452 uni

169 2489 339 2559 Orpha,
376 2493 432 2544 et
470 2506 688 2544 nomen
727 2490 985 2545 secundae
1017 2490 1197 2556 Ruth;
1231 2494 1288 2544 et
1314 2490 1768 2546 inhabitaverunt

171 2582 256 2635 illic
281 2583 434 2653 quasi
465 2584 673 2638 decem
708 2583 895 2650 annis,
928 2587 984 2637 et
1016 2584 1227 2639 mortui
1268 2587 1418 2638 sunt.
1453 2584 1563 2639 Sed
1605 2585 1764 2639 dere-

171 2674 272 2728 licta
299 2677 515 2742 mulier,
554 2675 775 2732 duobus
802 2676 930 2730 tiliis
969 2680 1024 2730 et
1065 2677 1181 2730 viro
1215 2676 1444 2748 proprio
1482 2677 1766 2744 destituta,

171 2770 356 2838 cognito
385 2769 538 2840 quod
580 2770 730 2823 Deus
769 2769 1017 2823 visitaret
1049 2771 1237 2837 Israel,
1272 2769 1500 2841 regredi
1531 2770 1767 2824 domum

172 2877 355 2929 parans,
385 2862 559 2934 cmpit
597 2862 836 2917 suadere
871 2866 929 2916 ut
961 2862 1196 2916 domum
1234 2863 1525 2934 propriam
1559 2870 1769 2934 repete-

173 2963 269 3008 rent
305 2973 500 3011 uxores
541 2955 791 3009 ﬁliorum
832 2972 1088 3010 suorum.
1123 2957 1244 3010 Una
1276 2958 1582 3023 concessit;
1617 2957 1768 3012 Ruth

173 3063 276 3101 vero
311 3066 432 3102 cum
477 3065 651 3104 socru
693 3048 915 3102 mansit.
954 3049 1052 3104 Cui
1094 3065 1224 3102 cum
1268 3049 1483 3104 diceret
1525 3066 1719 3104 socrus
1755 3073 1763 3102 :

177 3163 196 3185 ιι
227 3142 342 3195 Ecce
378 3143 501 3212 jam
555 3158 867 3213 consponsa
915 3145 1011 3196 tua
1047 3142 1116 3196 ad
1162 3143 1431 3213 populum
1471 3160 1634 3197 suum
1678 3161 1765 3198 re-

176 3249 328 3302 gressa
355 3241 455 3304 est,
493 3243 555 3291 et
586 3235 659 3290 ad
699 3235 838 3289 deos
868 3251 1031 3302 suos;
1063 3239 1120 3290 et
1156 3241 1213 3290 tu
1248 3239 1526 3291 revertere
1557 3237 1770 3308 pariter

175 3343 275 3381 cum
298 3345 615 3400 consponsa
646 3333 758 3396 tua,
783 3329 1078 3400 respondit
1104 3330 1254 3384 Ruth
1284 3346 1296 3384 :
1327 3331 1450 3384 Non
1478 3331 1771 3402 contingat

178 3420 289 3475 mihi
314 3422 605 3478 dimittere
634 3426 710 3490 te,
741 3425 798 3476 et
824 3422 1008 3477 redire
1036 3423 1109 3477 ad
1135 3422 1269 3477 deos
1296 3439 1453 3478 meos
1479 3425 1608 3493 (57),
1638 3425 1770 3496 quia

180 3529 481 3587 quocunque
508 3521 576 3571 tu
605 3515 758 3584 ieris,
781 3515 878 3570 ibo
901 3521 1107 3583 tecum,
1131 3521 1186 3572 et
1205 3517 1303 3571 ubi
1329 3521 1387 3571 tu
1412 3517 1766 3583 habitaveris,

177 3605 417 3664 habitabo.
455 3610 712 3680 Populus
750 3612 900 3678 tuus,
945 3611 1185 3680 populus
1214 3627 1411 3680 meus;
1444 3611 1590 3665 Deus
1619 3615 1767 3677 tuus,

178 3699 288 3752 Deus
329 3718 502 3757 meus.
552 3703 618 3756 Et
662 3701 754 3756 ubi
798 3707 1022 3757 mortua
1065 3703 1258 3770 fueris,
1307 3704 1544 3772 moriar;
1579 3709 1634 3758 et
1677 3704 1770 3758 ubi

180 3795 354 3862 sepulta
395 3796 610 3862 fueris,
660 3796 897 3866 sepeliar
942 3797 1126 3866 (Ruth,
1173 3813 1208 3862 ι,
1264 3798 1466 3868 l5-l7).
1514 3819 1538 3845 ι)
1591 3801 1771 3870 Atque

182 3884 238 3938 ita
268 3887 381 3942 dua:
423 3894 817 3959 pervenerunt
859 3889 1166 3944 Bethleem.
1200 3891 1310 3944 llos
1351 3889 1523 3960 igitur
1564 3907 1768 3957 mores,

180 3984 311 4049 atque
339 3981 475 4036 hanc
507 3981 875 4036 sanctitatem
909 3999 1043 4053 erga
1073 3999 1295 4038 socrum
1335 3985 1465 4053 (58),
1499 3983 1769 4054 pietatem

181 4086 286 4142 erga
303 4074 650 4140 defunctum,
673 4075 1017 4146 religionem
1041 4093 1179 4147 erga
1206 4077 1384 4132 Deum
1408 4093 1537 4131 cum
1560 4094 1766 4148 cogno-

183 4163 312 4220 visset
333 4169 467 4223 Booz
491 4185 731 4241 proavus
750 4169 921 4224 David
954 4170 1140 4237 (Ruth,
1165 4187 1236 4236 iv,
1269 4173 1371 4238 l3),
1394 4170 1561 4240 juxta
1587 4171 1772 4242 legem

182 4254 332 4325 Moysi,
362 4264 422 4314 ut
462 4275 661 4314 semen
698 4258 946 4313 defuncti
979 4259 1224 4329 proximi
1254 4259 1542 4314 suscitaret
1567 4262 1768 4330 (Deut..

187 4359 279 4410 ιιι,
305 4349 373 4418 5),
401 4365 525 4402 eam
556 4348 660 4402 sibi
692 4349 865 4419 elegit
895 4364 1156 4402 uxorem.

1869 1844 2054 1911 leem;
2085 1846 2142 1896 et
2171 1842 2266 1895 fiat
2296 1842 2498 1895 domus
2527 1846 2625 1894 tua
2656 1841 2799 1894 sicut
2829 1839 3034 1894 domus
3067 1839 3296 1906 Phares,
3326 1854 3499 1910 quem

1871 1935 2094 2007 peperit
2122 1935 2372 1989 Thamar
2399 1934 2575 1989 Judae.
2615 1935 2691 1988 De
2723 1933 2942 1987 semine
2980 1940 3078 1987 tuo
3119 1933 3212 1986 det
3246 1931 3351 1986 tibi
3386 1933 3493 1986 Do-

1869 2029 2060 2083 minus
2090 2044 2154 2082 ex
2182 2028 2290 2081 hac
2317 2027 2526 2097 puella.
2557 2027 2624 2080 Et
2648 2025 2864 2096 accepit
2892 2027 3036 2080 Booz
3064 2025 3236 2089 Ruth,
3265 2030 3319 2078 et
3349 2024 3499 2079 facta

1871 2129 1953 2177 est
1979 2123 2035 2175 in
2067 2120 2499 2175 matrimonium
2526 2119 2709 2188 (Ibid.,
2743 2122 2950 2188 ll-l3),
2978 2143 3002 2165 υ
3027 2125 3081 2172 et
3103 2118 3324 2188 peperit
3343 2117 3497 2172 Obed

1872 2222 2089 2286 patrem
2137 2217 2307 2281 Jesse,
2361 2230 2526 2267 avum
2573 2213 2759 2267 David.
2813 2213 2985 2268 Recte
3042 2212 3220 2282 igitur
3272 2218 3498 2266 sanctus

1870 2309 2165 2363 Mattheus
2193 2324 2294 2378 per
2331 2305 2700 2376 Evangelium
2734 2312 2932 2376 gentes
2969 2305 3037 2358 ad
3072 2303 3371 2358 Ecclesiam
3403 2321 3494 2358 vo-

1872 2406 2121 2466 caturus,
2152 2405 2441 2455 auctorem
2469 2399 2655 2470 ipsum
2684 2399 2984 2452 Dominum
3016 2396 3243 2468 gentilis
3269 2413 3498 2467 congre-

1871 2495 2116 2566 gationis
2146 2494 2278 2564 (60),
2317 2493 2768 2563 alienigenarum
2807 2491 3249 2560 generationem
3290 2505 3493 2544 secun-

1871 2587 2008 2642 dum
2047 2602 2276 2641 carnem
2319 2585 2683 2657 assumpsisse
2713 2584 3072 2650 memoravit;
3107 2585 3172 2636 ut
3200 2581 3322 2652 jam
3365 2584 3496 2636 tunc

1871 2687 2014 2734 esset
2057 2679 2331 2734 indicium
2367 2677 2522 2749 quod
2553 2679 2645 2732 illa
2684 2675 2972 2748 generatio
3008 2674 3200 2729 ederet
3234 2674 3497 2744 gentium

1870 2777 2214 2839 vocatorem,
2243 2789 2415 2842 quem
2441 2786 2815 2842 sequeremur
2842 2785 3039 2823 omnes
3070 2784 3136 2821 ex
3163 2767 3496 2838 alienigenis

1869 2865 2216 2937 congregati,
2247 2865 2635 2936 relinquentes
2662 2868 2918 2933 paterna,
2952 2864 3009 2916 et
3035 2861 3288 2914 dicentes
3319 2860 3369 2913 ei
3399 2861 3496 2931 qui

1869 2978 1971 3014 nos
2011 2960 2082 3014 ad
2123 2958 2215 3014 Dei
2259 2959 2472 3013 cultum
2509 2962 2750 3024 vocaret,
2781 2955 2936 3009 verbi
2969 2954 3146 3025 gratia
3181 2953 3372 3022 Paulo,
3403 2959 3500 3006 aut

1871 3053 2188 3123 cuicunque
2215 3051 2478 3122 episcopo
2507 3068 2520 3105 :
2551 3073 2576 3099 ι(
2599 3049 2848 3120 P0pulus
2879 3052 3026 3114 tuus,
3051 3047 3289 3118 populus
3315 3061 3496 3112 meus,

1870 3151 1925 3202 et
1953 3147 2098 3200 Deus
2129 3153 2276 3211 tuus,
2309 3146 2454 3199 Deus
2483 3160 2640 3198 meus
2667 3143 2848 3208 (Ruth,
2881 3159 2918 3208 ι,
2953 3144 3057 3209 l6).
3088 3161 3115 3188 »
3145 3141 3294 3210 Ergo
3324 3140 3494 3202 Ruth.

1870 3239 2013 3294 sicut
2040 3239 2129 3293 Lia
2154 3245 2210 3293 et
2236 3238 2464 3304 Rachel,
2489 3237 2666 3291 oblita
2693 3235 2966 3306 pOpulum
2989 3249 3156 3287 suum
3185 3237 3242 3287 et
3262 3232 3499 3287 domum

1871 3333 2044 3403 patris
2083 3333 2190 3398 sui,
2234 3332 2453 3386 solvens
2492 3331 2776 3384 vinculum
2821 3329 2982 3398 legis,
3023 3328 3278 3395 ingressa
3319 3332 3400 3379 est
3441 3327 3496 3379 in

1871 3426 2194 3481 Ecclesiam.

1942 3521 2030 3573 34.
2064 3519 2238 3573 Solvit
2263 3523 2455 3573 autem
2496 3517 2962 3579 calceamentum,
3001 3513 3097 3584 qui
3136 3529 3244 3566 non
3282 3510 3499 3581 accepit

1872 3613 2192 3668 Ecclesiam.
2228 3613 2293 3666 Et
2321 3611 2491 3682 Moysi
2524 3610 2728 3664 dicitur
2756 3625 2768 3663 :
2803 3629 2831 3658 «
2859 3607 3022 3662 Solve
3051 3606 3496 3659 calceamentum

1872 3708 2081 3780 pedum
2111 3710 2338 3761 tuorum
2368 3704 2583 3772 (Exod.,
2624 3719 2698 3769 ιιι,
2728 3702 2801 3771 5);
2836 3724 2862 3749 ››
2887 3717 2958 3755 ne
2987 3700 3106 3771 ipse
3131 3713 3372 3768 sponsus
3399 3698 3496 3752 Ec-

1871 3800 2054 3856 clesiae
2091 3799 2436 3854 crederetur.
2469 3797 2630 3852 Solus
2672 3796 2766 3850 ille
2811 3811 2925 3848 non
2969 3792 3153 3859 solvit,
3196 3790 3295 3861 qui
3338 3805 3498 3844 verus

1872 3898 1958 3950 est
1986 3909 2243 3964 sponsus.
2272 3893 2340 3945 Et
2364 3891 2490 3945 ideo
2516 3889 2653 3944 dicit
2670 3890 2917 3944 Joannes
2941 3903 2953 3941 :
2982 3907 3008 3935 (ι
3038 3885 3209 3954 Cujus
3236 3899 3351 3937 non
3373 3898 3497 3936 sum

1873 3987 2080 4058 dignus
2121 3987 2334 4040 solvere
2373 3983 2672 4054 corrigiam
2704 3979 3075 4036 calceamenti
3109 3979 3248 4048 ejus.
3284 4000 3309 4025 ››
3350 3977 3497 4043 Ergo

1874 4084 1931 4136 et
1960 4080 2052 4135 hic
2078 4085 2241 4150 typus
2269 4081 2374 4146 est,
2407 4081 2463 4131 et
2492 4075 2782 4132 aediﬁcavit
2811 4074 3048 4128 domum
3074 4071 3258 4127 lsrael.

1945 4177 2032 4228 35.
2088 4175 2264 4237 Quam
2317 4187 2449 4225 vero
2505 4168 2968 4225 commemoratio
3022 4167 3144 4236 ejus
3196 4165 3497 4220 Dominicm

1875 4262 2154 4334 prosapiae
2180 4261 2353 4316 fuerit
2383 4259 2696 4325 inserenda,
2729 4258 2977 4312 declarat
3004 4254 3256 4325 mysterii
3284 4253 3500 4307 altioris

1876 4352 2187 4424 expressio,
2220 4367 2332 4422 qua
2361 4349 2771 4422 prophetatum
2811 4350 2895 4399 est
2937 4361 3005 4398 ex
3039 4359 3246 4414 genere
3283 4343 3402 4411 ejus
3441 4342 3497 4394 in

238 4437 307 4488 3'2.
337 4437 520 4492 Refert
551 4443 738 4492 autem
765 4438 1057 4491 advertere
1085 4437 1233 4507 quod
1261 4443 1316 4491 et
1349 4438 1402 4491 in
1429 4455 1567 4510 agro
1594 4441 1766 4510 pleno
1787 4447 1844 4518 Ι)
1869 4443 2111 4513 Ephrata
2141 4441 2428 4494 Christum
2469 4453 2587 4491 esse
2633 4433 3046 4507 generandum,
3079 4447 3207 4486 cum
3243 4429 3450 4484 dicitur
3484 4446 3494 4480 :

191 4526 345 4579 messis
373 4532 623 4599 reperta,
648 4527 981 4597 manipulos,
1005 4526 1148 4580 sicut
1175 4527 1444 4598 scriptum
1475 4531 1560 4582 est
1587 4528 1768 4598 (Ruth,

192 4626 232 4672 ιι,
261 4616 350 4682 l7),
374 4616 665 4686 colligens,
698 4621 753 4669 et
781 4615 961 4669 socrui
988 4615 1204 4669 fructus
1233 4631 1541 4683 reservans,
1573 4622 1627 4670 et
1656 4634 1769 4672 non

192 4709 284 4767 post
302 4704 561 4773 juvenem
588 4705 744 4771 abiit,
768 4705 863 4759 sed
895 4704 1075 4758 virum
1103 4704 1418 4774 perfectum
1449 4709 1642 4760 secuta
1668 4712 1768 4769 est,

451 4795 599 4849 unde
643 4800 699 4848 et
748 4794 961 4848 meruit
1001 4794 1196 4847 audire
1245 4811 1256 4846 :
1303 4816 1328 4840 ‹‹
1378 4794 1522 4857 Quia
1570 4796 1774 4849 mule

194 4878 370 4935 virtutis
406 4901 463 4938 es
494 4889 576 4950 tu,
621 4884 707 4937 vel
746 4883 878 4954 quia
914 4883 1062 4937 bene
1101 4882 1283 4937 fecisti
1322 4883 1771 4938 misericordiam

198 4970 314 5025 luam
329 4974 700 5041 novissimam,
715 4975 841 5045 plus
857 4990 1029 5044 quam
1050 4973 1295 5044 primam
1316 4973 1520 5040 (Rulh.,
1534 4989 1610 5039 ιιι,
1630 4975 1731 5042 l0).
1745 4999 1766 5019 ι»

200 5055 462 5116 Novissima
496 5064 645 5117 enim
688 5061 1076 5117 misericordia
1114 5061 1368 5115 Ecclesiae
1413 5065 1771 5131 congregata:

247 5189 324 5246 (57')
359 5191 477 5242 Mss.
513 5207 622 5243 non
665 5193 845 5256 pauci,
887 5191 1061 5241 redire
1103 5191 1174 5241 ad
1207 5192 1370 5241 Deum
1411 5205 1599 5240 meum.
1641 5192 1770 5252 Alii,

204 5262 240 5304 et
263 5260 392 5324 edit.,
415 5265 586 5315 redire
615 5266 686 5315 ad
712 5265 834 5315 deos
859 5277 1014 5312 meos.
1046 5263 1155 5314 Sed
1186 5263 1242 5312 in
1267 5263 1439 5312 sacris
1469 5262 1589 5312 cod.
1635 5277 1772 5312 neu-

208 5331 315 5380 trum
350 5334 604 5397 invenias,
635 5341 695 5385 ut
733 5335 1030 5386 verisimile
1072 5335 1142 5383 sit
1177 5348 1386 5385 meram
1424 5347 1545 5384 esse
1585 5334 1774 5384 verbo-

210 5410 297 5475 rum
320 5405 495 5456 Noemi
521 5409 897 5471 repetitionem
925 5407 994 5456 ab
1024 5407 1212 5470 aliquo
1246 5405 1469 5456 librario
1507 5407 1774 5470 scriptore

214 5481 249 5517 In
273 5477 662 5530 Ambrosianum
688 5484 898 5530 textum
925 5478 1226 5529 inductam.

259 5544 330 5612 (58)
354 5547 497 5597 Rom.
523 5551 669 5611 edit.,
697 5549 833 5599 hanc
856 5549 1167 5604 charitatem
1195 5563 1323 5612 erga
1351 5561 1582 5598 socrum.

261 5611 336 5670 (ὅθι
362 5615 431 5666 Ita
458 5632 580 5668 mss.
611 5634 705 5669 sex
742 5618 1132 5683 probatissimi,
1166 5611 1349 5683 neque
1387 5618 1457 5668 ab
1505 5619 1589 5668 his
1623 5631 1773 5670 rece-

221 5674 486 5762 ‘litlnteditq
527 5691 624 5739 nisi
667 5674 814 5754 quod
855 5704 971 5762 pro,
1000 5674 1274 5762 dicimus;
1297 5689 1509 5762 legunt,
1548 5701 1775 5751 compre-

223 5743 362 5811 Wi,
401 5743 499 5809 non
546 5743 701 5813 secus
748 5776 811 5812 ac
853 5743 1011 5811 multi
1059 5774 1128 5813 ex
1174 5743 1304 5812 mss.
1351 5743 1601 5812 Aliorum
1645 5743 1775 5811 vero

1876 4553 1902 4579 ‹‹
1947 4531 2050 4585 Det
2084 4528 2184 4583 tibi
2217 4527 2558 4582 Dominus...
2603 4525 2789 4578 facere
2826 4523 3090 4576 virtutem
3124 4519 3182 4574 in
3227 4519 3497 4590 Ephrata,

1875 4622 1930 4673 et
1970 4618 2040 4672 sit
2075 4632 2282 4670 nomen
2315 4615 2373 4668 in
2407 4614 2699 4668 Bethleem
2733 4612 2915 4680 (Ruth,
2949 4626 3022 4676 ιν,
3062 4611 3165 4679 ll).
3201 4631 3226 4656 ››
3258 4609 3391 4672 Quae
3420 4614 3499 4660 est

1875 4708 2028 4762 enim
2051 4707 2244 4769 virtus,
2266 4704 2374 4758 nisi
2396 4720 2524 4774 qua:
2551 4719 2650 4772 per
2667 4699 2954 4754 Christum
2984 4699 3239 4769 gentium
3265 4697 3500 4768 populos

1875 4793 2268 4865 congregavit?
2301 4792 2459 4855 Quod
2508 4797 2696 4844 autem
2743 4805 2973 4857 nomen,
3018 4789 3124 4842 nisi
3171 4787 3311 4840 illud
3347 4785 3497 4855 quod

1877 4884 2160 4938 Bethleem
2209 4882 2388 4952 patria
2435 4879 2660 4935 Domini
2715 4879 3022 4932 secundum
3079 4891 3309 4929 carnem
3371 4890 3494 4926 nas-

1875 4972 2051 5027 centis
2077 4976 2161 5026 est
2199 4969 2388 5024 facta?
2418 4969 2573 5024 Unde
2613 4984 2713 5038 per
2743 4967 3082 5038 prophetam
3123 4963 3333 5018 dictum
3371 4967 3454 5016 est
3484 4979 3495 5014 :

1875 5083 1902 5108 ‹‹
1936 5063 2000 5115 Et
2027 5065 2106 5124 tu,
2133 5059 2422 5112 Bethleem
2450 5058 2676 5124 Judaeae,
2704 5073 2814 5109 non
2840 5071 2898 5108 es
2920 5054 3157 5108 minima
3182 5053 3332 5105 inter
3354 5051 3501 5121 prin-

1874 5193 2148 5254 nonnulli,
2171 5197 2385 5255 praestat
2413 5191 2586 5254 priori
2618 5205 2633 5239 :
2659 5191 2712 5238 in
2739 5203 2843 5252 quo
2869 5201 2978 5236 non
3017 5185 3272 5236 mediocre
3303 5190 3498 5248 myste-

1875 5264 2048 5324 rium;
2076 5263 2321 5327 quidam,
2348 5266 2563 5326 prastat
2587 5260 2777 5324 priori.
2808 5259 2875 5307 Et
2901 5269 3010 5306 non
3032 5255 3289 5305 mediocre
3317 5260 3498 5318 myste-

1876 5335 2035 5394 rium,
2082 5339 2210 5394 etc.,
2258 5333 2486 5398 quidam
2529 5333 2692 5381 etiam
2747 5330 3027 5386 omittunt,
3069 5339 3194 5398 non.
3238 5329 3306 5398 At
3351 5330 3499 5376 certe

1876 5406 1999 5456 haec
2029 5405 2194 5455 verba
2222 5420 2234 5463 ;
2262 5397 2314 5452 in
2344 5417 2448 5467 quo
2476 5415 2582 5451 non
2624 5401 2881 5450 mediocre
2922 5397 3250 5467 mysterium,
3288 5397 3499 5467 incuria

1876 5475 2303 5525 amanuensium
2327 5465 2415 5522 vel
2446 5472 2571 5522 loco
2595 5475 2762 5528 mota,
2791 5469 2875 5518 vel
2910 5465 3264 5530 superaddita
3309 5466 3500 5515 viden-

1877 5553 1985 5607 tur,
2012 5560 2141 5597 cum
2167 5544 2360 5597 eadem
2390 5544 2556 5608 paulo
2582 5546 2705 5606 post
2734 5543 3068 5604 repetantur.

1941 5618 2035 5682 (60)
2067 5618 2192 5668 Era.
2221 5620 2270 5667 et
2298 5629 2411 5678 seq.
2442 5613 2592 5673 edit.,
2616 5612 2892 5662 Dominum
2920 5610 3184 5674 gentilitic
3218 5621 3505 5672 congrega-

1878 5690 2049 5739 tionis.
