3926 6168
492 274 509 324 1
524 271 624 323 687

1941 267 1998 321 S.
2039 266 2350 324 AMBROSII

3640 280 3655 329 l
3663 280 3741 334 688

486 398 638 469 cipes
687 396 828 451 Juda
881 396 1018 467 (61);
1066 412 1134 450 ex
1189 399 1243 452 te
1295 396 1450 450 enim
1505 394 1653 449 exiet
1700 395 1961 465 princeps
2019 393 2116 464 qui
2138 394 2437 479 Abemus,
2464 395 2524 449 in
2550 410 2665 466 quo
2693 394 3055 465 naufragium
3084 395 3156 449 sit
3181 396 3752 468 honorum;praasertim

488 490 743 563 1327
768 494 933 560 regat
959 490 1233 561 populum
1265 505 1459 544 meum
1491 490 1655 543 Israel
1684 488 1893 557 (Mida,
1921 504 1973 556 v,
1993 492 2114 555 2).»

486 586 759 639 Videmus
802 583 975 654 igitur
1015 583 1323 636 mulierum
1362 581 1895 636 commemorationi
1936 580 2112 636 histo-

485 677 652 745 riam,
680 693 891 745 mores,
926 677 1258 747 mysterium
1287 676 1588 730 convenire
1618 676 1745 744 (6'2).

555 773 641 826 36.
671 772 862 840 Neque
890 775 1085 825 tamen
1108 770 1294 824 abnuo
1320 785 1447 823 cum
1474 769 1721 823 Thamar
1746 772 1803 821 et
1830 767 1983 822 Ruth
2010 768 2114 821 de-

490 864 678 931 fendo,
724 869 1041 933 peccatores
1078 878 1314 935 quoque
1362 862 1515 917 inter
1558 862 1801 931 majores
1841 861 2118 915 Dominici

490 958 715 1030 generis
760 962 1151 1027 computatos;
1208 972 1452 1027 quorum
1506 955 2116 1010 commemorationem

490 1054 715 1105 sanctus
758 1052 930 1104 Lucas
970 1049 1254 1103 declinare
1296 1048 1642 1114 desiderans,
1687 1048 1865 1102 alium
1914 1064 2115 1119 quem-

492 1146 620 1199 dam
655 1143 1071 1198 successionum
1117 1142 1377 1197 ordinem
1420 1141 1635 1208 tenuit;
1682 1158 1870 1213 neque
1907 1142 2115 1209 Achab,

489 1254 675 1309 neque
710 1236 1064 1303 Jechoniam,
1115 1251 1301 1306 neque
1349 1240 1642 1306 postremo
1687 1235 1834 1290 Urim
1879 1250 2119 1289 uxorem

489 1331 865 1387 nominandos
923 1328 1178 1399 putavit,
1246 1334 1311 1382 ut
1376 1328 1802 1385 immaculatum
1861 1328 2116 1383 sacerdo-

487 1425 616 1480 talis
664 1423 888 1495 generis
939 1422 1149 1476 seriem
1200 1421 1540 1476 declararet.
1585 1421 1693 1476 Sed
1740 1424 1803 1475 ut
1851 1422 1932 1475 illi
1981 1437 2116 1476 con-

485 1517 597 1573 silii
660 1518 746 1571 sui
807 1517 948 1570 ratio
1022 1514 1275 1569 subsistit
1342 1514 1453 1585 (63)
1503 1531 1516 1569 :
1572 1515 1652 1569 ita
1716 1514 1891 1569 etiam
1943 1515 2122 1569 sancti

484 1609 735 1666 Matthtei
769 1609 1074 1664 consilium
1109 1626 1142 1663 a
1173 1608 1409 1663 rationis
1430 1608 1653 1678 justitia
1681 1625 1797 1663 non
1830 1608 2117 1664 abhorret.

489 1703 634 1759 Nam
650 1719 782 1757 eum
801 1702 1215 1773 evangelizaret
1232 1701 1537 1756 Dominum
1557 1702 1870 1756 secundum
1892 1718 2119 1757 carnem

2216 504 2345 542 cum
2390 493 2579 543 tantus
2628 489 2716 542 vir
2764 487 2924 542 nobis
2968 492 3023 542 et
3073 487 3378 559 magisterii
3421 496 3587 546 auctor
3623 495 3681 549 sit
3714 503 3755 550 et

2219 582 2483 653 exempli,
2514 581 2610 653 qui
2640 582 2797 654 quasi
2827 581 3172 651 palinodiam
3200 581 3489 652 quamdam
3515 585 3575 638 ad
3599 602 3755 657 repro-

2216 675 2540 747 pitiandum
2593 675 2890 729 Dominum
2943 675 3002 729 in
3064 674 3456 746 posterioribus
3504 680 3759 735 canendam

2218 770 2456 840 putavit,
2499 769 2693 823 dicens
2723 783 2737 823 :
2769 789 2797 817 ‹‹
2834 768 3096 835 Domine,
3133 784 3253 823 non
3289 772 3370 823 est
3396 770 3664 826 exaltatum
3689 790 3764 828 cor

2218 878 2435 929 meum,
2473 878 2655 933 neque
2692 862 2753 916 in
2795 860 2975 916 altum
3005 861 3138 916 elati
3177 864 3310 915 sunt
3342 862 3478 916 oculi
3506 864 3603 919 mei
3636 866 3762 931 (Psal.

2218 972 2376 1022 cxxx,
2408 957 2479 1027 i);
2514 977 2542 1006 »
2584 961 2660 1023 et,
2698 977 2725 1005 ‹‹
2762 954 3038 1010 Dominus
3063 972 3096 1009 a
3131 954 3341 1010 dextris
3368 956 3518 1023 meis,
3552 973 3613 1011 ne
3646 974 3766 1014 com-

2218 1066 2454 1104 movear
2490 1050 2653 1116 (Psal.
2695 1065 2781 1118 xv,
2816 1050 2893 1117 8);
2933 1068 2962 1097 »
3002 1047 3161 1103 scivit
3189 1049 3342 1103 enim
3373 1049 3581 1119 quando
3612 1067 3661 1104 se
3691 1052 3771 1106 sibi

2220 1142 2482 1210 credidit,
2518 1157 2636 1197 esse
2679 1159 2737 1196 se
2774 1142 3016 1212 lapsum.
3063 1141 3320 1213 Denique
3358 1141 3492 1195 nihil
3523 1143 3652 1197 aliud
3681 1160 3772 1199 esse

2219 1236 2278 1291 in
2311 1234 2546 1291 homine
2576 1235 2915 1306 designavit,
2946 1236 3055 1289 nisi
3086 1234 3219 1306 quia
3247 1233 3494 1307 1328
3520 1236 3672 1290 Deum
3697 1254 3773 1291 no-

2218 1329 2317 1385 vit.
2359 1330 2446 1385 Sic
2477 1328 2632 1384 enim
2662 1329 2878 1384 habes:
2908 1350 2934 1377 ‹‹
2967 1328 3115 1393 Quid
3146 1332 3230 1383 est
3267 1328 3455 1398 homo,
3484 1330 3621 1399 quod
3651 1330 3775 1384 inno-
3863 1398 3869 1407 '

2219 1423 2379 1478 tuisti
2424 1424 2510 1488 ei;
2554 1427 2654 1477 aut
2697 1422 2847 1477 ﬁlius
2890 1422 3163 1491 hominis,
3207 1421 3339 1492 quia
3381 1427 3647 1492 computes
3679 1439 3779 1477 eum

2221 1517 2390 1585 (Psal.
2421 1532 2597 1585 cxun,
2621 1516 2691 1571 3?
2711 1535 2738 1567 »
2768 1515 2829 1571 Si
2848 1531 2984 1586 ergo
3009 1514 3183 1570 David
3207 1514 3561 1570 insolentiam
3580 1514 3781 1582 damnat,

2219 1609 2602 1664 humilitatem
2646 1609 2852 1678 induit,
2899 1611 3053 1663 recte
3100 1607 3160 1662 in
3199 1608 3438 1663 historia
3474 1608 3646 1662 uxoris
3671 1609 3783 1663 Uria:

2221 1702 2613 1773 magisterium
2687 1701 2833 1757 istud
2909 1700 3246 1757 affectanda
3313 1700 3628 1756 humilitatis
3676 1701 3785 1755 asci-

492 1814 617 1852 esse
663 1802 1027 1868 generatum,
1076 1794 1175 1866 qui
1216 1795 1473 1849 omnium
1514 1798 1745 1865 peccata
1788 1777 2196 1866 suseiperet,B
2224 1796 2419 1850 scitur.

490 1890 812 1961 subjectum
860 1887 1105 1957 injuriis,
1154 1887 1439 1943 subditum
1493 1886 1776 1957 passioni,
1828 1904 1900 1943 ne
1952 1888 2123 1959 hujus

491 1983 725 2055 quidem
752 1982 970 2053 putavit
998 1986 1277 2036 exsortem
1310 1980 1681 2036 asserendum
1713 1998 1831 2035 esse
1872 1980 2119 2052 pietatis,

489 2080 557 2130 ut
598 2075 900 2130 maculata;
942 2090 1166 2145 quoque
1214 2073 1448 2144 originis
1490 2091 1602 2128 non
1650 2080 1933 2129 recusaret
1972 2074 2119 2145 inju-

491 2169 669 2235 riam;
711 2168 881 2222 simul
919 2184 990 2222 ne
1028 2168 1269 2239 puderet
1295 2166 1599 2221 Ecclesiam
1630 2166 1700 2221 de
1737 2168 2123 2237 peccatoribus

493 2262 853 2333 congregari,
884 2277 1015 2315 cum
1044 2260 1316 2315 Dominus
1345 2259 1414 2314 de
1441 2260 1833 2330 peccatoribus
1858 2276 2120 2316 nascere-

490 2360 604 2411 tur.
633 2358 923 2410 Postremo
960 2358 1026 2409 ut
1059 2354 1403 2409 beneﬁcium
1445 2354 1851 2424 redemptionis
1877 2356 2049 2408 etiam
2091 2372 2125 2409 a

493 2449 606 2504 suis
636 2448 946 2518 majoribus
987 2447 1322 2515 inchoaret;
1356 2464 1429 2502 ne
1467 2447 1594 2518 quis
1628 2451 1853 2519 putaret
1890 2447 2124 2519 originis

492 2541 779 2597 maculam
824 2540 1234 2612 impedimento
1277 2557 1439 2613 posse
1482 2557 1602 2596 esse
1646 2540 1871 2609 virtuti;
1913 2559 2020 2596 nec
2065 2558 2126 2597 se

495 2635 748 2689 insolens
792 2634 863 2688 de
895 2635 981 2688 sui
1023 2650 1081 2688 se
1119 2634 1346 2705 generis
1378 2633 1668 2689 nobilitate
1694 2634 1948 2704 jactaret,
1989 2651 2124 2691 neve

493 2732 798 2799 parentum
861 2727 1099 2781 crimina
1161 2727 1534 2783 verecundior
1590 2727 1983 2794 erubesceret,
2035 2729 2127 2782 cui

497 2820 913 2875 obumbrandse
941 2819 1175 2890 originis
1197 2820 1439 2875 facultas
1466 2820 1699 2875 daretur
1717 2820 1858 2875 ﬂore
1879 2821 2121 2876 virtutis.

566 2916 655 2968 37.
698 2918 784 2968 An
828 2929 962 2969 vero
1005 2916 1235 2968 sanctus
1273 2913 1467 2981 David,
1513 2913 1648 2969 licet
1688 2915 1865 2968 multa
1902 2914 2025 2985 ejus
2067 2916 2125 2969 in

496 3008 835 3081 mysterium
859 3006 1200 3078 figurentur,
1231 3022 1348 3061 non
1376 3023 1442 3062 eo
1477 3008 1811 3077 prmeelsior,
1839 3008 1991 3079 quod
2019 3010 2125 3063 ho-

495 3102 715 3157 minem
781 3116 839 3155 se
896 3116 1015 3155 esse
1073 3100 1360 3171 cognovit,
1415 3104 1471 3154 et
1532 3101 1900 3155 commissum
1961 3118 2130 3173 super

499 3194 739 3264 abrepta
760 3192 906 3248 Uria:
927 3209 1096 3247 uxore
1123 3197 1418 3263 peccatum
1439 3192 1784 3263 poenitentiae
1804 3194 2024 3265 putavit
2042 3195 2123 3249 la-

496 3285 702 3357 crymis
721 3285 1095 3355 abluendum,
1112 3286 1416 3341 ostendens
1436 3286 1596 3341 nobis
1617 3287 1909 3342 neminem
1927 3289 2130 3343 virtuti

495 3379 740 3451 propriae
768 3378 972 3434 debere
1004 3379 1332 3434 conﬁdere?
1365 3379 1647 3434 Habemus
1686 3380 1840 3435 enim
1873 3382 2131 3436 adversa-

496 3472 648 3527 rium
689 3488 987 3543 magnum,
1029 3474 1128 3545 qui
1171 3473 1319 3527 vinci
1358 3490 1392 3527 a
1433 3474 1599 3529 nobis
1638 3475 1761 3529 sine
1796 3475 1895 3529 Dei
1936 3476 2131 3531 favore

495 3582 615 3622 non
660 3566 858 3638 possit.
901 3567 966 3620 Et
1007 3567 1345 3638 plerumque
1391 3567 1449 3621 in
1495 3567 1807 3623 illustribus
1846 3573 1904 3624 et
1947 3568 2131 3624 beatis

496 3659 631 3716 viris
664 3659 856 3730 gravia
885 3663 1114 3730 peccata
1142 3659 1315 3713 fuisse
1342 3661 1616 3731 reperies;
1648 3664 1713 3715 ut
1754 3662 1914 3733 quasi
1947 3662 2131 3716 homi-

498 3769 600 3808 nes
650 3752 953 3807 tentationi
1011 3752 1260 3824 patuisse
1308 3769 1639 3825 cognoscas,
1696 3770 1766 3809 ne
1828 3754 2132 3815 virtutibus

500 3846 749 3919 egregiis
797 3847 1095 3917 plusquam
1136 3847 1397 3902 homines
1439 3846 1834 3903 crederentur.
1876 3848 1931 3903 Si
1977 3848 2132 3903 enim

499 3940 679 3996 David
718 3939 853 4011 quia
896 3940 1341 4011 praesumptione
1381 3940 1603 3995 virtutis
1635 3942 1815 3995 elatus
1857 3942 2083 3996 dixerat
2118 3964 2129 3994 :

503 4054 533 4082 ‹‹
556 4034 613 4089 Si
634 4032 862 4088 reddidi
884 4033 1333 4087 retribuentibus
1360 4033 1502 4088 mihi
1522 4034 1672 4088 mala
1690 4035 1856 4105 (Psul.
1885 4051 1980 4102 vn,
2004 4038 2076 4106 5);
2103 4057 2131 4085 »

504 4128 562 4181 et
585 4125 715 4179 alibi
744 4143 757 4180 :
799 4146 822 4175 α
853 4126 972 4197 Ego
1006 4128 1197 4180 autem
1226 4126 1344 4180 dixi
1370 4126 1429 4180 in
1461 4142 1587 4181 mea
1615 4126 1983 4199 abundantia,
2017 4145 2135 4184 non

502 4217 779 4273 movebor
808 4218 867 4271 in
904 4222 1188 4272 aeternum
1219 4220 1381 4287 (Psal.
1424 4235 1572 4285 xxxx,
1603 4224 1675 4289 7);
1708 4240 1733 4271 »
1769 4221 1959 4276 statim
1986 4222 2133 4276 inso-

502 4311 698 4366 lentiae
729 4310 898 4381 hujus
925 4326 1150 4381 paanam
1179 4311 1413 4366 subiisse
1442 4328 1498 4367 se
1528 4314 1879 4383 memoravit,
1903 4314 2130 4369 dicens:

505 4424 536 4456 ‹‹
576 4405 843 4460 Avertisti
880 4403 1079 4460 faciem
1115 4407 1268 4459 tuam
1305 4421 1338 4458 a
1378 4421 1489 4473 me,
1524 4410 1581 4461 et
1615 4406 1796 4461 factus
1840 4424 1965 4461 sum
2005 4425 2134 4463 cou-

2293 1891 2379 1943 38.
2429 1890 2496 1944 Et
2545 1891 2741 1942 tamen
2790 1887 2835 1941 si
2877 1903 2946 1943 ex
2996 1903 3063 1941 ea
3107 1890 3270 1942 natus
3316 1890 3400 1942 est
3440 1887 3528 1941 ille
3576 1886 3793 1958 paciﬁcus

2223 1982 2512 2049 Salomon,
2550 1981 2838 2037 videamus
2879 1996 2949 2035 ne
2990 1981 3137 2036 forte
3175 1981 3513 2051 mysterium
3545 1982 3627 2047 sit,
3655 1980 3790 2051 quod,

2224 2074 2443 2130 sublato
2475 2090 2540 2129 eo
2568 2074 2636 2129 de
2668 2073 2881 2140 medio,
2916 2072 3013 2143 qui
3042 2078 3174 2128 ante
3204 2073 3473 2145 conjugio
3500 2089 3593 2128 suo
3616 2072 3795 2145 plebem

2225 2168 2483 2240 gentium
2533 2166 2888 2233 vindicabat,
2946 2166 3039 2222 alii
3091 2167 3339 2222 Ecclesia
3383 2168 3502 2221 viro
3550 2166 3795 2236 nupserit,

2224 2278 2355 2317 vero
2390 2262 2586 2316 David.
2629 2260 2805 2316 David
2852 2260 3005 2315 enim
3052 2263 3281 2315 vocatus
3329 2265 3413 2316 est
3458 2261 3721 2329 Christus,
3754 2260 3797 2312 in

2222 2354 2469 2428 parentis
2506 2370 2714 2410 nomen
2753 2354 2981 2421 ascitus,
3018 2353 3185 2424 juxta
3223 2354 3377 2425 quod
3414 2353 3671 2425 scriptum
3702 2357 3798 2407 est:

2229 2472 2255 2499 «
2282 2450 2470 2504 Inveni
2510 2448 2679 2502 David
2712 2464 2935 2503 servum
2968 2464 3163 2503 meum
3195 2448 3365 2519 (Psal.
3398 2463 3643 2514 Lxxxvni,
3666 2448 3757 2514 2t);
3780 2464 3800 2495 ι

2224 2542 2315 2598 cui
2353 2542 2544 2614 nupsit
2573 2541 2851 2607 Ecclesia;
2885 2557 3045 2612 quae,
3082 2541 3246 2596 Verbi
3282 2542 3522 2610 semine,
3554 2548 3607 2595 et
3640 2538 3805 2610 Spiritu

2225 2636 2327 2692 Dei
2365 2636 2549 2707 plena,
2591 2634 2799 2691 Christi
2825 2650 3028 2707 corpus
3069 2634 3289 2702 effudit,
3332 2636 3601 2707 populum
3637 2632 3807 2687 scilicet

2225 2728 2625 2787 Christianum.
2673 2730 2767 2782 Est
2816 2744 2952 2800 ergo
2998 2727 3225 2794 mulier,
3279 2745 3410 2800 quae
3459 2729 3670 2783 vivente
3715 2726 3806 2778 viro

2226 2822 2458 2894 alligata
2494 2825 2579 2877 est
2612 2821 2763 2893 legi;
2802 2826 2858 2877 et
2894 2821 3024 2876 ideo
3063 2825 3328 2876 mortuus
3367 2826 3451 2877 est
3491 2821 3573 2875 vir
3610 2820 3732 2891 ejus,
3763 2822 3809 2871 ut

2227 2931 2341 2969 non
2383 2919 2533 2970 esset
2566 2914 2847 2983 adultera,
2888 2914 2932 2968 si
2971 2917 3115 2969 esset
3158 2930 3293 2969 cum
3324 2914 3434 2969 alio
3474 2914 3608 2969 viro.
3648 2914 3809 2984 Myste-

2227 3007 2377 3064 rium
2405 3008 2585 3079 igitur
2620 3007 2679 3061 in
2716 3006 2920 3078 ﬁgura,
2954 3012 3252 3078 peccatum
3291 3008 3353 3062 in
3391 3007 3654 3076 historia;
3681 3004 3811 3075 culpa

2228 3118 2333 3173 per
2356 3102 2675 3171 hominem,
2708 3105 3064 3156 sacramenta
3090 3117 3194 3171 per
3218 3101 3478 3157 verbum.
3507 3102 3584 3156 De
3615 3116 3714 3172 qua
3734 3099 3814 3152 his-

2230 3195 2375 3250 toria
2396 3194 2665 3266 quoniam
2682 3193 2816 3248 alibi
2837 3194 3055 3264 plenius
3076 3194 3345 3262 diximus,
3363 3194 3456 3249 hic
3477 3201 3813 3249 transcurren-

2229 3288 2367 3344 dum
2394 3287 2637 3342 videtur.
2668 3286 2975 3357 Meritoque
3004 3289 3232 3341 sanctus
3260 3286 3441 3342 David
3462 3287 3528 3342 de
3555 3287 3655 3342 hac
3678 3286 3816 3340 histo-

2234 3381 2316 3436 ria
2364 3381 2670 3452 mystieum
2711 3381 2999 3451 psalmum
3045 3380 3592 3452 quinquagesimum
3641 3377 3815 3448 scripsit

2230 3477 2471 3547 prepter
2502 3473 2775 3528 Bersabee
2816 3473 3066 3544 nuptias,
3104 3472 3301 3528 dicens
3331 3490 3345 3528 :
3382 3496 3410 3522 ‹‹
3454 3475 3513 3528 ln
3552 3471 3815 3544 plurimum

2230 3568 2352 3623 lava
2382 3584 2477 3623 me
2504 3566 2574 3622 ab
2612 3566 2890 3637 iujustitia
2922 3582 3073 3636 mea,
3107 3571 3166 3621 et
3190 3584 3224 3621 a
3249 3567 3460 3623 delicto
3492 3583 3615 3622 meo
3647 3563 3817 3620 munda

2233 3678 2326 3716 me
2369 3662 2536 3731 (Psal.
2574 3677 2626 3728 L,
2665 3660 2741 3731 4).
2781 3681 2809 3709 ››
2848 3659 2903 3715 Si
2939 3659 3302 3731 iniquitatem
3332 3677 3496 3716 suam
3533 3660 3623 3716 Dei
3650 3657 3818 3714 amicus

2232 3754 2508 3825 agnoscit,
2539 3758 2597 3808 et
2623 3753 2839 3808 meritis
2868 3752 2981 3807 suis
3017 3753 3241 3809 obstare
3275 3754 3591 3823 delictum;
3620 3753 3661 3807 si
3690 3750 3816 3805 deni-

2236 3864 2345 3919 que
2380 3849 2493 3901 Deo
2536 3863 2594 3901 se
2635 3862 2890 3917 peccasse
2932 3847 3256 3917 conﬁtetur;
3293 3864 3399 3903 cur
3442 3851 3505 3903 tu
3540 3847 3607 3903 de
3639 3845 3816 3901 confes-

2234 3940 2397 3995 sione
2440 3939 2697 3994 criminis
2740 3939 3052 4019 erubescas,
3098 3957 3230 3995 cum
3274 3941 3537 3996 criminis
3575 3953 3818 3996 commen-

2234 4040 2381 4102 tum,
2410 4049 2524 4088 non
2551 4032 2824 4088 confessio
2852 4032 2926 4087 sit
2952 4033 3207 4104 pudori?

2307 4130 2395 4182 39.
2450 4130 2596 4199 Ergo
2650 4142 2782 4180 cum
2845 4126 3015 4182 David
3070 4126 3339 4183 Bersabee
3397 4127 3683 4183 historiam
3734 4138 3823 4178 non

2237 4219 2666 4293 praetermiserit
2690 4220 2751 4274 in
2785 4220 2898 4274 suis
2936 4220 3210 4287 Psalmis;
3246 4227 3308 4277 ut
3344 4222 3405 4276 in
3446 4238 3511 4277 ea
3538 4221 3624 4276 vel
3657 4222 3822 4290 myste-

2236 4315 2407 4383 rium,
2437 4314 2525 4368 vel
2564 4316 2754 4368 actum
2794 4314 3059 4383 perfectae
3090 4315 3447 4384 poenitentiae
3478 4331 3580 4369 nos
3619 4314 3823 4373 doceret,

2232 4408 2363 4479 jure
2410 4407 2667 4463 videmus
2719 4406 2891 4462 etiam
2946 4407 3006 4461 in
3053 4408 3521 4478 generationibus
3569 4402 3826 4464 Dominicis

503 4497 767 4553 turbatus
794 4499 978 4569 (lbid.,
1008 4501 1080 4567 8),
1113 4520 1140 4549 ››
1165 4499 1211 4552 si
1238 4498 1357 4569 ipse
1387 4499 1661 4553 Dominici
1690 4499 1913 4571 generis
1944 4503 2215 4573 auctorD
2242 4518 2352 4555 non
2405 4501 2876 4571 praetermissam;
2929 4500 3065 4571 quia
3109 4504 3167 4555 et
3216 4502 3333 4572 ipse
3384 4502 3556 4557 David
3599 4501 3689 4573 qui
3725 4512 3825 4552 eam

505 4590 823 4645 insolentias
878 4592 1097 4663 excepit
1166 4592 1478 4659 offensam;
1534 4597 1744 4664 quanto
1798 4593 1983 4665 magis
2039 4611 2140 4649 nos

507 4683 695 4739 caeteri
735 4689 1077 4755 peccatores,
1112 4686 1319 4757 quibus
1349 4685 1505 4741 nulla
1545 4685 1889 4758 suffragatur
1921 4703 2137 4758 praero-

509 4777 697 4850 gativa
728 4777 1083 4846 meritorum,
1122 4778 1441 4834 insolentiae
1477 4779 1773 4850 scopulum
1803 4780 2006 4836 timere
2037 4781 2136 4836 de-

573 4894 670 4955 (6l)
713 4893 873 4943 Rom.
918 4892 1071 4955 edit.,
1110 4892 1365 4943 Bethleem
1397 4893 1661 4957 Ephrata,
1697 4907 1803 4945 non
1840 4908 1892 4945 es
1919 4894 2141 4947 minima

508 4965 570 5015 in
616 4962 856 5013 millibus
902 4964 1050 5014 Juda
1090 4978 1106 5012 :
1147 4964 1411 5013 nimirum
1455 4977 1525 5013 ex
1573 4964 1742 5021 LXX,
1793 4965 1939 5029 apud
1982 4981 2138 5030 quos,

504 5037 589 5085 καὶ
629 5036 709 5095 σὺ,
746 5035 959 5098 Βηθλεὲμ
1009 5035 1140 5091 οἶκος
1182 5035 1417 5099 Ἐφραθὰ,
1453 5035 1697 5096 ὀλιγοστὸς
1735 5036 1777 5084 εὶ
1816 5054 1899 5085 του
1936 5041 2056 5087 εἶναι
2093 5039 2141 5086 ἐν

506 5108 713 5174 χιλιάσιν
759 5107 933 5157 Ἰούδᾶ.
970 5106 1075 5159 Ubi
1112 5112 1297 5157 tamen
1338 5108 1492 5156 vides
1535 5109 1887 5170 negationem
1929 5110 2139 5170 deesse,

510 5194 678 5245 quam
702 5195 807 5231 nec
834 5181 949 5230 ulla
980 5179 1151 5230 biblia
1183 5179 1421 5227 aliorum
1456 5178 1782 5227 idiomatum
1814 5186 2139 5243 agnoscunt.

509 5250 633 5301 Vet.
692 5256 881 5301 autem
932 5251 1083 5309 edit.,
1136 5248 1418 5299 Bethlehcm
1481 5247 1632 5297 Iuda:
1682 5249 1821 5297 inter
1880 5251 2143 5315 principes

507 5322 665 5372 Juda.
732 5320 839 5372 Cui
890 5322 1116 5372 lectioni
1169 5318 1541 5380 suffragantur
1596 5320 1789 5381 scripti
1841 5320 1987 5380 cod.,
2035 5323 2142 5371 nisi

511 5391 659 5455 quod
684 5393 890 5455 Optime
922 5392 1149 5451 habent,
1184 5388 1475 5439 Bethlehem
1517 5388 1749 5449 Judzae;
1783 5393 1836 5439 et
1874 5391 1966 5439 alii
2001 5405 2142 5440 non-

511 5462 669 5523 nulli,
696 5475 1039 5527 nequaquam
1064 5463 1287 5512 minima
1312 5475 1389 5520 es;
1419 5474 1530 5525 quo
1574 5460 1739 5510 modo
1773 5461 1939 5510 etiam
1980 5475 2145 5526 repe-

512 5532 650 5580 ritur
681 5534 827 5593 apud
853 5533 1066 5596 Matth.,
1096 5547 1154 5595 Il,
1180 5533 1228 5583 6.

575 5601 672 5663 (62)
704 5602 862 5652 Rom.
890 5603 1041 5666 edit.,
1070 5602 1611 5655 commemorationem
1634 5601 1884 5663 historiae,
1909 5602 2144 5655 moribus

512 5672 819 5734 mysterium
853 5676 1146 5724 convenire.
1178 5675 1300 5725 Vet.
1344 5688 1476 5725 cum
1512 5675 1706 5738 paucis
1740 5688 1892 5735 mss.,
1924 5689 2142 5725 comme-

510 5740 801 5788 morationi
848 5740 1155 5800 historiam,
1210 5745 1474 5803 moribus,
1526 5750 1631 5796 etc.
1686 5745 1797 5795 Alii
1842 5759 1972 5797 vero
2021 5747 2141 5797 cod.

511 5821 715 5876 magno
743 5821 976 5859 numero
1006 5815 1062 5863 et
1090 5815 1430 5877 auctoritate,
1457 5819 1517 5866 ut
1541 5817 1602 5867 in
1629 5819 1800 5869 textu.

2241 4594 2455 4665 accepit
2513 4595 2572 4649 in
2638 4610 2872 4649 uxorem
2930 4594 3053 4662 sibi,
3120 4595 3504 4665 generationis
3565 4592 3825 4649 Dominica:

2240 4687 2550 4743 secundum
2591 4703 2821 4741 carnem
2860 4704 3170 4759 praecessor
3205 4690 3502 4744 asseritur.
3535 4689 3692 4759 Cujus
3725 4700 3824 4755 spe-

2240 4780 2403 4850 ciale,
2459 4784 2519 4834 ut
2564 4779 2832 4850 diximus,
2887 4780 3176 4850 meritum,
3224 4785 3290 4836 ut
3337 4783 3601 4838 Ecclesiae
3646 4781 3699 4835 in
3740 4778 3823 4833 hoc

2302 4896 2400 4959 (63)
2434 4897 2514 4946 Ita
2552 4894 2679 4947 edit.
2726 4910 2791 4947 ac
2833 4908 2960 4945 mss.
3003 4909 3213 4957 omnes,
3257 4897 3438 4948 tribus
3475 4898 3721 4960 exceptis,
3753 4892 3826 4955 qui

2240 4968 2434 5031 legunt
2460 4980 2471 5014 :
2498 4964 2592 5017 Ille
2620 4967 2826 5017 consilii
2852 4968 2937 5016 sui
2967 4968 3175 5017 ratione
3217 4968 3470 5018 substitit.
3500 4968 3693 5019 Contra
3723 4973 3825 5013 vero

2240 5052 2371 5088 mss.
2400 5037 2821 5101 quatuordecim
2847 5037 3068 5100 Optima:
3093 5043 3241 5088 notas
3268 5040 3323 5088 in
3358 5039 3474 5090 ﬁne
3502 5041 3607 5089 loci
3639 5035 3823 5087 habent,

2241 5123 2277 5158 a
2301 5109 2528 5158 rationis
2559 5108 2779 5169 justitia
2820 5107 3107 5169 abhorret;
3157 5108 3253 5158 ubi
3308 5109 3445 5159 edit.
3487 5114 3541 5159 et
3581 5108 3676 5157 soli
3715 5114 3823 5166 qua-

2241 5185 2366 5231 tuor
2394 5193 2548 5241 mss.,
2578 5194 2613 5229 a
2641 5181 2856 5229 ratione
2873 5180 3115 5243 justitiz,
3149 5184 3252 5231 etc.
3290 5182 3550 5245 Denique
3583 5179 3672 5229 ubi
3703 5174 3824 5245 edit,

2241 5251 2305 5301 de
2348 5252 2490 5301 Zara
2534 5262 2641 5301 esse
2683 5256 3027 5313 generatum;
3070 5253 3126 5300 in
3175 5243 3497 5302 memoratis
3539 5243 3824 5315 quatuorde-

2243 5322 2354 5373 cim
2396 5335 2524 5371 mss.
2566 5336 2677 5372 non
2725 5323 2993 5383 invenias,
3033 5322 3096 5372 de
3130 5323 3290 5382 Zara,
3334 5323 3486 5387 quod
3523 5322 3722 5371 videtur
3747 5314 3823 5387 ah-

2243 5393 2407 5442 surde
2450 5393 2901 5456 superadditum;
2944 5407 3074 5444 eum
3113 5384 3445 5445 Ambrosius
3492 5395 3603 5457 ipse
3643 5402 3740 5440 non
3772 5384 3824 5433 de

2244 5463 2396 5524 Zara,
2442 5463 2539 5514 sed
2587 5463 2653 5513 de
2701 5465 2907 5515 Phares
2957 5464 3241 5516 Christum
3279 5464 3627 5521 descendere,
3672 5468 3823 5519 supra.

2244 5548 2395 5584 num.
2426 5537 2503 5597 19,
2535 5535 2922 5587 observaverit.
2959 5535 3096 5585 Nam
3125 5537 3275 5600 quod
3302 5536 3452 5587 idem
3491 5536 3564 5583 ait
3596 5542 3731 5579 num.
3759 5524 3824 5581 29.

2244 5605 2543 5655 Dominum
2574 5619 2643 5656 ex
2670 5606 2817 5656 tribu
2846 5610 2899 5655 et
2926 5607 3140 5656 semine
3177 5606 3323 5656 Zarse
3362 5607 3674 5669 generatum
3707 5609 3824 5651 esse,

2245 5676 2351 5725 hoc
2383 5676 2612 5739 perinde
2650 5678 3075 5741 interpretamur
3108 5691 3174 5728 ac
3213 5678 3259 5726 si
3292 5678 3557 5739 scriptum
3590 5674 3735 5741 esse}.
3768 5677 3824 5713 ει

2245 5736 2439 5797 eadem
2486 5746 2632 5797 tribu
2693 5751 2749 5797 et
2793 5736 3027 5810 Bemiue,
3073 5748 3277 5813 quibus
3321 5736 3504 5799 editus
3552 5741 3649 5793 fuit
3692 5736 3825 5795 Zara,

2246 5814 2530 5867 Christum
2557 5829 2679 5869 esse
2706 5824 3087 5886 propagatum.
