3972 6174
245 230 350 284 1689
1285 222 1741 279 EXPOSITIONIS
1779 225 1813 278 ll

1977 225 2112 280 CAM
2152 229 2277 282 LIB.
2321 227 2408 281 111.
3415 228 3545 280 1690

238 350 470 420 mysterio
517 347 728 402 videret
777 350 1053 414 exortum,
1100 348 1156 401 et
1195 347 1474 418 acciperet
1517 349 1812 401 oraculum
1833 359 2050 432 Anare
2101 352 2418 421 przeceptus
2465 355 2567 404 est.
2621 350 2789 420 Cujus
2843 350 3092 404 Herodes
3142 349 3289 404 ﬁlius
3339 355 3397 404 et
3445 349 3542 403 alii

233 443 359 515 quod
395 457 456 495 ex
496 457 592 495 suo
625 439 878 496 Christus
917 457 1125 511 genere
1170 446 1515 495 nasceretur.
1555 441 1810 494 Alterum
1911 443 2229 498 tetrarchae.
2273 443 2436 507 Quod
2481 443 2609 498 ideo
2654 460 2718 498 ex
2765 444 3093 499 Graecorum
3138 443 3390 497 historiis
3433 461 3535 513 pn-

232 538 358 591 enim
381 535 446 589 ad
476 535 765 588 Ecclesiam
795 534 1060 604 pertinet,
1091 535 1239 604 quod
1274 533 1415 588 dixit
1447 551 1458 588 :
1491 537 1621 589 Ecce
1647 534 1808 588 audi-
1910 536 2152 590 tavimus
2194 536 2649 591 transferendum
2699 539 2842 606 (69),
2890 543 2954 590 ut
3001 536 3212 590 clareat
3256 536 3538 590 Herodem

227 633 370 684 vimus
413 645 523 682 eam
567 631 624 681 in
662 630 944 697 Ephratu;
987 630 1289 681 invenimus
1331 643 1446 682 eam
1498 630 1558 680 in
1606 630 1810 696 campis
1910 630 2064 683 nullo
2118 630 2350 684 affinem
2412 629 2607 699 generi
2659 631 3016 696 Judaeorum,
3077 644 3320 699 regnum
3375 629 3536 682 adul-

222 725 344 777 silr-a:
382 723 535 784 (Psal.
579 737 760 787 cnxt,
808 722 881 788 6).
925 721 1182 774 Alterum
1230 721 1548 790 specialiter
1591 720 1663 774 ad
1703 721 1806 774 Do-
1898 722 2092 777 terina
2125 723 2319 777 fraude
2364 724 2644 794 quaesisse.
2678 723 2935 793 Denique
2975 722 3229 776 conscius
3268 721 3536 790 ignobili-

223 816 388 871 minici
441 815 693 886 corporis
753 814 1116 884 sponsionem
1179 817 1310 882 (64),
1373 813 1525 886 quod
1579 815 1810 869 oraculo
1910 819 2045 870 tatis
2089 833 2235 884 suae,
2279 834 2350 872 ne
2389 835 2503 888 qua
2543 817 2778 887 posteris
2817 817 2929 870 suis
2967 817 3053 869 vel
3095 816 3165 869 de
3206 815 3538 885 praescripto

219 909 645 965 manifestissimo
676 909 973 974 reveletur,
1003 925 1133 962 cum
1169 908 1374 963 dicitur
1403 927 1414 961 :
1455 930 1481 956 «
1518 911 1594 964 Ex
1624 909 1809 962 fructu
1910 911 2085 964 veteri
2125 911 2360 981 quaastio
2400 914 2743 977 moveretur,
2775 910 3080 980 scripturas
3111 925 3308 962 eorum
3346 909 3535 961 incen-

217 1002 396 1057 ventris
434 1002 515 1055 tui
551 1018 761 1072 ponam
797 1019 969 1072 super
1004 1003 1195 1056 sedem
1229 1006 1384 1056 tuam
1415 1002 1600 1072 (Ibid,
1640 1003 1743 1072 11).
1779 1027 1806 1050 ››
1911 1003 2014 1071 dit,
2051 1004 2378 1058 existimans
2415 1004 2571 1074 quod
2609 1005 2651 1057 si
2682 1003 2884 1058 indicia
2913 1003 2983 1056 de
3013 1001 3237 1072 publico
3279 1000 3537 1055 sustulis-

214 1097 314 1150 Noli
359 1102 543 1150 tamen
597 1099 756 1149 tanto
810 1096 1112 1166 negligens
1161 1111 1280 1149 esse
1330 1095 1639 1166 promisso;
1691 1112 1806 1150 non
1909 1100 2011 1163 set,
2046 1097 2213 1150 nullis
2252 1097 2372 1150 aliis
2411 1097 2751 1152 testimoniis
2791 1098 2998 1151 clarere
3040 1103 3248 1166 posset,
3287 1095 3425 1166 quin
3467 1095 3538 1148 de

212 1190 342 1244 enim
369 1189 486 1242 sine
528 1188 863 1243 deﬁnitione
901 1190 1005 1257 (65)
1042 1190 1240 1243 datum
1275 1194 1374 1243 est.
1407 1189 1516 1243 Sed
1543 1190 1588 1242 si
1617 1195 1805 1244 custo-
1908 1191 2364 1260 patriarcharum
2419 1191 2506 1244 vel
2556 1190 2973 1260 proselytorum
3023 1191 3281 1242 veterum
3329 1203 3538 1259 genere

210 1283 357 1336 dieris
400 1286 828 1349 testamentum,
871 1285 928 1336 et
981 1283 1304 1337 testimonia
1348 1283 1651 1338 servaveris
1696 1284 1803 1337 Do-
1909 1283 2262 1338 demanaret.
2308 1283 2413 1339 Sed
2458 1287 2518 1337 ut
2562 1285 2830 1354 pleraque
2874 1298 3024 1336 cura).
3073 1283 3338 1336 humana:
3381 1285 3538 1347 sunt,

207 1376 346 1441 mini,
369 1392 494 1446 quae
524 1377 581 1429 in
608 1376 916 1445 Evangelio
945 1393 1002 1430 se
1027 1377 1325 1446 pollicetur
1349 1393 1468 1430 esse
1495 1370 1804 1445 dicturum,
1907 1377 2220 1448 cognitioni
2276 1378 2382 1432 hoc
2441 1382 2496 1432 et
2548 1377 2804 1447 indagini
2854 1375 3105 1430 veritatis
3166 1374 3535 1446 praejudicare

205 1469 288 1522 tibi
329 1485 554 1540 quoque
603 1469 766 1540 copia
812 1469 958 1524 sedis
1009 1469 1220 1540 patebit
1269 1477 1520 1525 aeterna.
1568 1471 1694 1524 Haec
1738 1471 1806 1525 de
1906 1487 2025 1525 non
2055 1470 2259 1542 potuit.

207 1577 351 1617 uxore
378 1563 544 1616 Uria-3.
1979 1567 2066 1619 42.
2095 1567 2172 1618 Ne
2204 1563 2368 1618 nobis
2397 1566 2586 1618 tamen
2623 1564 2792 1634 possit
2821 1562 3192 1634 prtejudicare
3220 1561 3532 1627 videamus,

259 1658 336 1709 40.
370 1657 445 1709 De
488 1655 684 1710 Achab
715 1659 907 1710 autem
951 1656 1085 1710 satis
1119 1657 1311 1725 claret,
1346 1656 1434 1710 cui
1466 1673 1613 1710 uxor
1650 1657 1800 1710 Jeza-
1825 1727 1858 1729 _
1906 1658 2002 1729 qui
2067 1658 2184 1712 veri
2239 1657 2562 1728 regalisque
2631 1656 2860 1727 generis
2919 1655 3155 1710 dicimus
3213 1654 3530 1720 Christum,

205 1747 278 1802 bel
327 1749 416 1818 (Ill
472 1752 626 1818 Reg.,
682 1766 791 1815 xvr,
849 1749 970 1817 31);
1027 1754 1084 1804 et
1134 1749 1204 1803 de
1253 1749 1521 1804 Jechonia
1573 1749 1643 1804 de
1693 1727 1959 1820 quoBet
1990 1767 2093 1821 per
2120 1766 2281 1805 veros
2312 1753 2370 1803 et
2396 1727 2616 1805 nobiles
2647 1765 2811 1820 reges
2842 1753 3036 1802 actum
3075 1748 3301 1802 Domini
3333 1763 3532 1818 genus.

203 1842 314 1894 satis
359 1841 606 1895 idoneus
658 1846 857 1896 auctor
904 1848 989 1896 est
1031 1843 1320 1910 Jeremias,
1363 1843 1592 1896 maximi
1640 1859 1802 1896 reum
1904 1844 2016 1899 Sed
2047 1844 2142 1898 ubi
2172 1843 2485 1897 adulterina
2519 1859 2763 1913 regnum
2791 1841 3068 1897 affectavit
3098 1857 3376 1912 propago,
3408 1857 3530 1894 suc-

201 1951 297 1989 esse
319 1935 503 1989 delicti
533 1952 546 1989 :
581 1935 671 1989 cui
697 1935 868 1990 etiam
898 1936 1051 2006 quod
1085 1936 1284 1990 habuit
1306 1953 1542 2004 nomen,
1572 1936 1798 2006 eripuit.
1904 1938 2223 1992 cessionem
2255 1937 2568 1991 nobilitatis
2599 1953 2736 2000 suae,
2771 1952 2882 1989 non
2915 1935 3202 2006 potentiae,
3232 1935 3329 1988 sed
3360 1949 3531 2004 gene-

201 2029 252 2081 Et
291 2028 411 2083 ideo
461 2029 565 2099 qui
603 2029 862 2083 Joachim
910 2029 966 2082 in
1007 2031 1338 2099 Regnorum
1391 2030 1548 2083 libris
1596 2030 1804 2084 dicitur
1904 2032 2142 2085 rationis
2179 2031 2316 2084 ordo
2344 2030 2597 2084 servavit.
2627 2031 2841 2083 Tamen
2881 2029 3064 2099 ipsum
3101 2044 3296 2099 regem
3329 2043 3530 2081 secun-

201 2124 267 2184 (ἰν
304 2126 448 2192 Reg.,
501 2139 653 2191 xxrv,
696 2127 742 2192 l)
788 2123 1081 2177 Jechonias
1125 2140 1158 2178 a
1193 2123 1442 2179 Jeremia
1487 2129 1571 2177 est
1615 2124 1798 2178 nomi-
1904 2125 2041 2179 dum
2102 2127 2377 2178 honorem
2431 2123 2622 2177 saeculi
2677 2139 2787 2177 non
2849 2122 3170 2193 accepimus
3221 2122 3530 2177 Christum.

199 2219 354 2280 natus,
389 2216 619 2269 dicente
658 2231 746 2282 eo,
781 2238 806 2263 u
847 2215 1109 2286 Abjectus
1136 2220 1220 2270 est
1244 2217 1542 2270 Jechonias
1583 2222 1643 2270 ut
1682 2234 1800 2284 vas,
1902 2217 2198 2282 Quomodo
2226 2233 2362 2287 ergo
2397 2238 2422 2266 ι(
2457 2219 2525 2270 Ex
2553 2217 2740 2270 fructu
2768 2215 2978 2270 ventris
3009 2215 3090 2268 tui
3125 2231 3334 2284 ponam
3364 2231 3536 2284 super

199 2324 290 2363 non
313 2314 393 2363 est
421 2326 557 2362 usus
589 2309 647 2363 in
679 2325 746 2364 eo
775 2310 916 2380 (66);
947 2315 1177 2380 propter
1203 2309 1354 2380 quod
1385 2308 1643 2382 1329
1679 2326 1804 2381 pro~
1903 2311 2099 2366 sedem
2127 2315 2280 2364 tuam
2303 2311 2470 2379 (Psul.
2501 2326 2680 2378 CXXXI,
2715 2310 2840 2378 l2)?
2874 2331 2900 2358 »
2930 2309 3230 2372 Quomodo
3267 2316 3321 2362 et
3354 2324 3534 2378 ange-

195 2403 346 2468 jectus
371 2411 455 2456 est
481 2404 628 2474 ipse,
659 2407 717 2456 et
742 2419 936 2457 semen
964 2404 1103 2472 ejus.
1127 2405 1316 2469 Terra,
1340 2403 1667 2474 terra,audi
1690 2406 1798 2474 (67)
1903 2406 1988 2459 lus
2037 2405 2107 2459 de
2153 2421 2221 2459 eo
2265 2404 2418 2472 dicit,
2471 2404 2623 2474 quod
2669 2422 2696 2453 α
2736 2403 2902 2456 Dabit
2945 2402 3024 2456 illi
3069 2402 3339 2457 Dominus
3387 2403 3534 2455 Deus

197 2494 403 2549 verbum
452 2495 714 2561 Domini,
757 2495 938 2550 scribe
988 2496 1170 2550 virum
1219 2497 1389 2551 istum
1438 2496 1799 2565 abdicatum;
1902 2498 2094 2552 sedem
2135 2497 2308 2553 David
2341 2497 2516 2568 patris
2543 2497 2649 2561 sui,
2683 2500 2739 2550 et
2778 2495 3038 2566 regnabit
3063 2496 3122 2548 in
3163 2495 3335 2548 domo
3364 2495 3533 2548 Jacob

200 2589 312 2657 quia
340 2605 451 2642 non
479 2596 755 2660 exsurget
783 2606 851 2642 ex
878 2589 1094 2644 semine
1121 2589 1244 2658 ejus
1271 2590 1476 2643 sedens
1505 2591 1564 2644 in
1593 2590 1802 2645 throno
1904 2592 2078 2661 (Luc.,
2105 2609 2140 2659 1,
2172 2592 2302 2658 32)?
2336 2611 2362 2641 »
2406 2589 2701 2654 Quomodo
2737 2605 2979 2660 regnare
3017 2588 3388 2659 promittitur,
3429 2603 3534 2641 nec

198 2681 370 2750 David,
411 2683 681 2752 princeps
727 2682 910 2736 adhuc
952 2683 1008 2735 in
1048 2683 1193 2736 Juda
1242 2684 1476 2752 (Ie-rem,
1527 2699 1655 2749 xxn,
1707 2685 1799 2737 28-
1905 2684 2260 2739 ostenditur?
2311 2687 2422 2737 Aut
2485 2683 2772 2754 quomodo
2835 2699 2900 2736 ex
2963 2681 3180 2735 semine
3241 2679 3532 2735 Jechonite

200 2776 287 2840 30).
315 2797 340 2824 ››
375 2777 452 2829 Eo
480 2776 646 2830 enim
687 2781 982 2846 regnante,
1012 2777 1267 2831 Judteam
1298 2777 1591 2847 Babylonii
1622 2783 1800 2831 vasta-
1901 2778 2092 2832 nullus
2123 2781 2465 2848 regnaturus
2501 2776 2708 2830 dicitur
2739 2792 2839 2846 per
2872 2775 3250 2846 prophetam?
3282 2773 3339 2828 Si
3378 2774 3532 2827 enim

198 2875 390 2936 verunt,
421 2885 617 2940 neque
648 2873 844 2939 postea
876 2885 1128 2940 unquam
1157 2869 1225 2924 de
1255 2870 1470 2924 semine
1503 2871 1625 2941 ejus
1667 2887 1800 2941 reg-
1902 2872 2153 2925 Christus
2179 2870 2459 2941 regnavit,
2489 2887 2558 2925 ex
2587 2869 2800 2924 semine
2828 2873 3018 2924 autem
3045 2867 3327 2922 Jechoniae
3352 2867 3537 2923 Chris-

198 2977 310 3016 num
353 2963 667 3033 quisquam
715 2962 774 3016 in
822 2963 1015 3016 Judma
1059 2963 1245 3034 potuit
1281 2963 1562 3018 obtinere.
1604 2966 1803 3019 Postea
1902 2969 1989 3020 tus
2032 2970 2132 3033 est,
2185 2965 2474 3035 propheta
2526 2963 2800 3018 mentitus
2853 2969 2956 3029 est,
3011 2961 3251 3016 mentita
3299 2965 3429 3015 sunt
3479 2966 3535 3015 et

199 3055 329 3108 enim
371 3056 621 3127 populus
662 3056 731 3110 de
773 3056 1088 3126 captivitate
1133 3057 1425 3124 dimissus,
1471 3056 1574 3110 sub
1616 3073 1799 3112 sacer-
1825 3091 1878 3163 Ο
1905 3058 2149 3112 oracula.
2182 3058 2289 3112 Sed
2315 3058 2428 3111 illic
2455 3057 2674 3112 futuros
2697 3073 2765 3110 ex
2793 3055 3008 3110 semine
3037 3055 3326 3110 Jechoniae
3351 3058 3538 3124 poste-

199 3147 392 3201 dotibus
443 3155 500 3204 et
553 3149 856 3203 tetrarchis
901 3149 1024 3203 fuit.
1081 3149 1236 3204 Unde
1284 3150 1452 3204 etiam
1506 3167 1681 3222 usque
1733 3151 1805 3204 ad
1831 3147 1878 3163 ν
1907 3169 1996 3206 ros
2026 3168 2137 3206 non
2164 3155 2440 3223 negatur;
2473 3155 2531 3204 et
2570 3151 2698 3205 ideo
2729 3151 2797 3204 de
2828 3150 3043 3204 semine
3077 3149 3199 3219 ejus
3225 3155 3307 3203 est
3345 3148 3532 3203 Chris-

198 3241 373 3296 Christi
422 3243 860 3314 generationem
907 3259 1164 3298 mansere
1207 3244 1536 3310 tetrarchae,
1585 3261 1654 3298 ne
1700 3244 1804 3314 ipsi
1909 3251 1996 3298 tus
2030 3263 2042 3299 :
2075 3248 2131 3298 et
2159 3244 2312 3315 quod
2343 3245 2603 3314 regnavit
2632 3243 2904 3309 Christus,
2937 3259 3052 3297 non
3077 3247 3272 3296 contra
3297 3241 3536 3313 prophe-

198 3335 423 3403 quidem,
445 3340 737 3407 quantum
769 3336 1006 3390 historia
1032 3337 1214 3403 docet,
1235 3337 1443 3407 regalis
1465 3337 1805 3407 dignitatem
1907 3338 2047 3393 tiam
2085 3342 2201 3402 est;
2231 3354 2346 3392 non
2387 3338 2540 3391 enim
2578 3337 2832 3391 szeculari
2868 3337 3087 3390 honore
3119 3335 3392 3406 regnavit,
3432 3351 3536 3389 nec

199 3429 393 3497 generis
423 3435 807 3484 reservantes.
1907 3432 1964 3486 in
1983 3431 2267 3485 Jechonize
2290 3431 2522 3484 sedibus
2543 3430 2704 3496 sedit,
2725 3431 2820 3484 sed
2845 3429 3101 3500 regnavit
3119 3429 3172 3482 in
3197 3429 3327 3483 sede
3344 3428 3535 3484 David.

253 3525 329 3576 41.
359 3526 567 3578 Fertur
591 3523 744 3577 enim
769 3523 841 3577 ab
867 3523 974 3590 his,
1003 3524 1099 3594 qui
1125 3523 1239 3577 sive
1263 3523 1667 3594 argumentati,
1692 3523 1803 3578 sive
2278 3527 2365 3578 43.
2408 3526 2614 3577 Verum
2664 3540 2792 3577 cum
2845 3524 2964 3593 ipse
3013 3523 3312 3578 Jechonias
3364 3522 3536 3575 David

199 3615 506 3686 simpliciter
553 3616 837 3684 docentes,
878 3617 990 3670 sive
1029 3633 1158 3670 vere
1197 3620 1514 3671 astruentes
1555 3617 1800 3670 tradide-
1906 3619 2115 3673 sederit
2153 3618 2383 3682 sedem,
2427 3616 2913 3687 quemadmodum
2955 3617 3191 3670 solvitur
3227 3615 3378 3688 quod
3417 3615 3534 3669 dic-

198 3710 516 3778 runtnobis,
551 3710 647 3779 qui
683 3710 919 3764 Idumaei
957 3711 1205 3764 latrones
1240 3711 1572 3764 Ascalonem
1606 3710 1804 3764 urbem
1905 3717 2026 3766 tum
2095 3715 2210 3777 est,
2279 3711 2409 3782 quia
2475 3710 2650 3765 David
2717 3710 2913 3763 sedem
2978 3710 3259 3764 Jechoniae
3327 3708 3536 3779 posteri

198 3802 481 3858 Palaestinae
508 3804 776 3873 ingressi,
809 3803 876 3858 de
909 3805 1038 3857 fano
1065 3805 1341 3874 Apollinis
1371 3804 1525 3876 quod
1557 3804 1803 3859 vicinum
1908 3822 2025 3859 non
2075 3804 2390 3870 sedebunt,
2431 3820 2559 3858 cum
2609 3803 2806 3858 eadem
2857 3803 3014 3857 sedes
3065 3803 3234 3857 fuisse
3285 3801 3539 3854 videatur

197 3897 347 3951 muris
393 3903 538 3959 erat,
583 3897 940 3967 Antipatrum
990 3897 1220 3952 Herodis
1265 3897 1564 3968 cujusdam
1609 3898 1801 3953 hiero-
1905 3898 2244 3952 amborum?
2273 3900 2462 3968 Itaque
2489 3901 2544 3951 et
2569 3912 2674 3950 nos
2703 3897 2896 3951 sedem
2926 3897 3095 3952 David
3125 3896 3294 3950 fuisse
3322 3910 3535 3964 negare

198 3988 294 4043 duli
342 3993 448 4061 ('68)
512 3991 695 4044 tilium
750 3991 898 4045 inter
954 3991 1094 4046 alios
1147 3990 1431 4045 abduxere
1485 3992 1802 4062 captivum,
1907 4008 2023 4045 non
2068 4007 2401 4061 possumus;
2449 4008 2563 4044 non
2612 3991 2876 4045 eamdem
2923 3995 3118 4044 tamen
3165 3989 3315 4060 regis
3363 3988 3538 4042 David

197 4099 342 4152 quem
367 4089 537 4155 pater
559 4085 837 4139 redimere
864 4091 1094 4155 propter
1117 4088 1506 4155 paupertatem
1530 4085 1802 4156 nequivit.
1908 4085 2100 4140 sedem
2153 4085 2430 4152 Christus,
2482 4101 2654 4155 quam
2703 4083 3001 4138 Jechonias
3055 4083 3225 4151 sedit;
3271 4083 3386 4136 imo
3437 4098 3539 4136 nec

197 4177 235 4228 ls
250 4177 414 4248 igitur
435 4178 697 4232 imbutus
723 4177 1033 4249 disciplinis
1061 4184 1116 4231 et
1144 4177 1428 4249 mysteriis
1455 4178 1802 4245 Iudaeorum,
1906 4178 2213 4249 quisquam
2242 4179 2384 4232 alius
2416 4195 2482 4232 ex
2525 4194 2733 4249 genere
2764 4178 2935 4232 David
2967 4178 3164 4232 sedem
3205 4177 3326 4248 ejus
3356 4176 3541 4248 potuit

197 4270 426 4339 Hyrcano
460 4272 676 4326 Judzeae
707 4274 832 4342 regi
862 4271 1113 4326 amicitia
1143 4271 1462 4342 copulatur,
1493 4289 1665 4343 quem
1701 4288 1804 4342 pro
1909 4272 2129 4339 sedere,
2183 4289 2358 4343 quam
2408 4272 2694 4340 Christus;
2751 4272 2884 4342 quia
2938 4289 3040 4326 nec
3089 4271 3144 4324 in
3194 4271 3303 4323 alio
3346 4288 3540 4324 semen

197 4377 244 4415 se
294 4365 362 4418 ad
416 4365 753 4434 Pompeium
808 4366 1094 4435 Hyrcanus
1149 4367 1396 4435 legatum
1451 4365 1682 4431 direxit;
1753 4371 1807 4419 et
1908 4366 2029 4436 ejus
2070 4370 2344 4420 aeternum
2393 4373 2498 4432 est,
2531 4366 2633 4420 sed
2671 4366 2731 4419 in
2775 4365 3020 4430 Christo,
3064 4365 3210 4416 sicut
3245 4365 3388 4415 Deus
3419 4363 3537 4432 ipse

198 4457 308 4524 quia
332 4458 638 4528 legationis
666 4459 853 4512 fructu
881 4459 1093 4529 potitus
1131 4465 1233 4527 est,
1271 4475 1368 4529 per
1398 4475 1524 4512 eam
1567 4459 1807 4529 gratiam
1829 4458 2116 4531 Djuravit
2142 4459 2337 4512 dicens
2367 4475 2379 4512 :
2414 4479 2441 4509 «
2481 4459 2670 4512 Semel
2698 4457 2882 4527 juravi
2913 4457 2970 4510 in
3012 4459 3205 4510 sancto
3236 4472 3363 4510 meo
3408 4456 3537 4525 (70),

198 4554 396 4617 partem
453 4551 618 4621 regni
675 4551 973 4606 affectavit.
1021 4552 1212 4606 Occiso
1265 4557 1457 4606 autem
1506 4551 1804 4621 Antipatro
1910 4552 1955 4605 si
1982 4552 2153 4607 David
2188 4552 2449 4618 mentiar,
2483 4567 2678 4605 semen
2717 4551 2836 4620 ejus
2865 4550 2918 4603 in
2953 4553 3234 4604 aeternum
3262 4549 3537 4616 manebit,

199 4647 414 4713 propter
475 4644 756 4698 felicitatis
815 4645 1114 4713 invidiam,
1177 4645 1325 4699 (ilius
1383 4645 1504 4714 ejus
1563 4646 1808 4700 Herodes
1909 4649 1965 4701 et
2022 4646 2184 4699 sedes
2232 4646 2355 4715 ejus
2400 4646 2545 4699 sicut
2595 4644 2672 4697 sol
2727 4645 2785 4697 in
2834 4648 3138 4715 conspectu
3191 4661 3320 4699 meo
3372 4645 3536 4712 (Psul.

201 4739 379 4802 postea
431 4738 539 4791 sub
594 4738 836 4792 Antonio
891 4739 1377 4793 senatusconsulto
1427 4738 1632 4792 Iudaeis
1685 4755 1806 4809 reg-
1911 4755 2166 4806 Lxxxvui,
2226 4738 2440 4808 36-38).
2494 4760 2520 4787 ››
2579 4736 2759 4800 Quem
2817 4737 2992 4808 igitur
3047 4738 3180 4793 dicit
3233 4738 3366 4792 hic?
3419 4739 3540 4790 Non

254 4859 338 4919 (64)
383 4859 592 4909 Omnes
631 4859 784 4921 edit.,
823 4860 893 4909 ad
934 4859 1195 4909 Dominici
1243 4860 1480 4924 corporis
1525 4861 1806 4923 susceptio-
1973 4863 2067 4923 (68)
2097 4861 2389 4917 Hieroduli,
2418 4861 2526 4910 hoc
2553 4865 2654 4922 est,
2685 4861 2828 4912 servi
2858 4875 2958 4912 seu
2991 4862 3224 4910 ministri
3250 4859 3540 4923 cujusdam

202 4937 299 4975 nem
318 4944 335 4989 ;
359 4943 556 4980 omnes
587 4944 782 4992 mss...,
807 4933 1162 4994 sponsionem.
1909 4933 2044 4983 mdis
2088 4945 2277 4994 sacrm,
2328 4937 2460 4996 puta
2503 4932 2769 4994 custodis,
2824 4939 2882 4982 ut
2932 4935 3360 4996 interpretantur
3401 4931 3536 4981 Cod.

256 5002 344 5060 (63)
404 5003 563 5052 Rom.
619 5003 768 5062 edit,
822 5004 935 5052 sine
993 5003 1306 5052 conditione.
1365 5004 1504 5052 Alia:
1554 5017 1618 5053 ac
1673 5017 1802 5053 mss.
1910 5003 2068 5054 Colb.
2101 5016 2266 5064 unus,
2296 5007 2348 5052 et
2383 5003 2503 5052 Ful.

204 5082 406 5132 omnes,
455 5074 564 5122 sine
611 5074 929 5137 deﬁnitione.
973 5073 1081 5124 Sed
1133 5075 1224 5123 hic
1266 5076 1557 5138 utriusque
1614 5077 1807 5125 eadem
1974 5077 2066 5137 (69)
2097 5075 2232 5124 Haec
2263 5075 2457 5124 iisdem
2489 5087 2630 5138 pene
2660 5075 2841 5124 verbis
2869 5075 3131 5136 leguntur
3172 5075 3315 5137 apud
3359 5075 3543 5125 Euse-

204 5139 344 5201 plane
372 5144 699 5206 signiﬁcatio
729 5149 828 5195 est.
1910 5146 2084 5206 bium,
2138 5147 2231 5195 lib.
2287 5160 2304 5195 ι
2355 5148 2512 5206 Hist,
2561 5159 2682 5209 cap.
2726 5148 2776 5201 7,
2831 5148 2986 5209 isque
3045 5159 3106 5196 ea
3163 5158 3230 5193 ex
3284 5147 3543 5198 Africano

257 5213 342 5274 (66)
396 5215 549 5265 Rom.
607 5215 735 5265 edit.
781 5229 909 5266 cum
956 5215 1176 5264 duobus
1222 5221 1317 5265 aut
1366 5217 1541 5266 tribus
1583 5218 1807 5267 omnino
1910 5217 2284 5280 desumpsisse
2312 5230 2370 5266 se
2399 5220 2658 5274 testatur;
2691 5217 2788 5266 sed
2819 5216 3058 5265 narratio
3093 5215 3187 5264 illa
3223 5220 3283 5264 ut
3322 5231 3545 5280 prorsus

207 5295 340 5344 mss,
388 5288 536 5348 cujus
564 5300 670 5335 non
705 5292 778 5335 est
813 5300 937 5336 usus
981 5287 1036 5333 in
1074 5299 1341 5347 eo;unus
1389 5294 1485 5336 aut
1526 5288 1681 5348 alter,
1727 5290 1810 5338 cui
1910 5287 2160 5336 fabulosa
2209 5292 2263 5338 et
2323 5289 2701 5338 commentitia
2757 5288 3035 5349 rejicitur;
3079 5299 3263 5349 neque
3315 5290 3543 5338 omnino

208 5364 297 5400 non
328 5362 396 5405 est
426 5370 549 5406 usus
573 5358 628 5405 in
654 5371 728 5407 eo.
766 5357 937 5406 Paulo
975 5362 1097 5419 post
1132 5356 1295 5407 Corb.
1341 5358 1514 5418 solus,
1554 5365 1600 5407 et
1639 5372 1811 5408 semen
1911 5360 2173 5423 probatur
2224 5360 2533 5409 Ambrosio.
2569 5359 2843 5410 Caeterum
2887 5371 2986 5408 cur
3025 5358 3116 5408 hic
3165 5363 3318 5409 tanto
3359 5361 3544 5411 studio

211 5424 359 5494 {jusa
395 5433 559 5476 terra.
597 5428 758 5486 Audi,
791 5433 893 5478 etc.
927 5429 1069 5488 Ful.,
1108 5433 1155 5476 et
1196 5441 1367 5477 semen
1402 5429 1516 5490 ejus
1549 5430 1605 5476 in
1645 5435 1806 5478 terra.
1912 5430 1980 5480 de
2023 5429 2228 5480 Christi
2271 5431 2590 5494 genealogia
2635 5430 2966 5492 disputetur,
3008 5443 3118 5480 non
3171 5431 3276 5479 alia
3325 5433 3548 5482 videtur

214 5492 378 5553 Terra,
429 5497 591 5556 audi,
646 5504 751 5548 etc.
805 5499 1087 5548 Postremo
1131 5499 1306 5561 major
1351 5512 1414 5548 ac
1460 5500 1636 5562 potior
1685 5513 1810 5562 pars
1913 5513 2031 5551 esse
2057 5514 2243 5561 causa,
2277 5492 2443 5564 quam
2472 5499 2737 5550 utJudaei
2772 5504 2824 5550 et
2858 5500 3112 5564 gentiles,
3146 5503 3240 5564 qui
3280 5515 3407 5551 cum
3445 5505 3546 5553 Ju-

215 5577 344 5637 r_nss.,
395 5568 649 5633 princeps.
701 5570 877 5618 Adhuc
925 5583 984 5618 eo
1039 5570 1176 5618 enim
1225 5573 1510 5631 regnante;
1568 5574 1696 5631 tres,
1755 5573 1812 5620 in
1912 5571 2058 5621 liano
2090 5571 2236 5633 apud
2268 5572 2435 5634 Cyri].
2465 5571 2560 5620 lib.
2594 5585 2713 5629 vni,
2744 5575 2799 5620 et
2837 5571 2959 5620 aliis
2994 5571 3132 5620 locis
3173 5573 3549 5637 evangelista-

214 5632 374 5709 Iudaea
405 5632 668 5709 regnante,
696 5646 798 5691 etc.
1911 5657 2035 5691 rum
2066 5632 2470 5692 dissensionem
2503 5642 2832 5693 Christianis
2861 5657 3149 5708 nunquam
3178 5658 3288 5694 non
3319 5632 3547 5709 objicie-

267 5706 350 5762 (67)
393 5708 623 5769 Quidam
667 5724 817 5776 mss,
867 5717 913 5766 et
963 5723 1134 5764 semen
1187 5712 1296 5777 ejus
1347 5725 1382 5762 a
1433 5716 1592 5762 terra.
1655 5713 1810 5771 Audi,
1912 5711 2069 5772 bant,
2100 5713 2534 5762 revincerentur.

219 5776 305 5824 etc.
1214 5776 1218 5777 ⁷
1973 5782 2067 5846 (70)
2095 5781 2263 5846 Edit.,
2294 5782 2352 5832 in
2379 5782 2582 5834 Christo
2613 5797 2722 5836 meo
2737 5799 2756 5850 ;
2783 5799 2936 5853 mss.,
2971 5787 3028 5838 in
3059 5793 3244 5839 sancto
3278 5800 3403 5845 meo.
