3926 6168
453 233 576 286 1691

1902 233 1958 286 S.
2000 232 2309 288 AMBROSII

3618 241 3720 294 1892

445 353 814 409 Salomonem
841 353 1056 425 utique,
1091 370 1204 409 non
1251 354 1525 424 Roboam,
1557 372 1674 411 non
1703 357 1942 424 Nathan,
1975 356 2072 411 sed
2096 371 2151 442 Α
2174 361 2395 412 sanctus
2430 356 2722 412 Matthqu
2749 357 3003 428 posuerit
3029 363 3086 413 et
3113 372 3300 412 rursus
3328 374 3358 411 a
3380 359 3619 413 Jechonia
3651 376 3723 414 us-

441 446 607 501 illum
637 446 707 501 de
739 463 851 518 quo
888 448 1009 501 solo
1049 451 1230 518 potest
1260 448 1448 503 dicere
1482 465 1495 502 :
1533 470 1560 498 ‹‹
1589 451 1793 504 Ponam
1832 450 1889 504 in
1927 450 2072 504 mari

448 557 683 594 manum
716 540 856 610 ejus,
890 545 947 595 et
983 541 1040 595 in
1081 541 1412 595 ﬂuminibus
1452 542 1744 597 dexteram
1776 543 1915 613 ejus.
1953 544 2072 614 Ipse

447 633 729 688 invocabit
763 650 879 703 me,
909 635 1074 688 Pater
1109 650 1273 688 meus
1309 651 1367 689 es
1396 641 1454 688 tu
1484 636 1663 705 (Ibid,
1692 639 1781 703 26,
1813 638 1930 705 27);
1960 658 1986 684 ››
2018 640 2074 690 et

451 749 476 776 ‹‹
500 728 711 782 Ponant
738 726 797 780 in
826 728 1095 783 saeculum
1125 729 1316 783 saeculi
1343 744 1536 782 semen
1563 729 1701 799 ejus,
1726 735 1783 784 et
1803 729 2072 784 thronum

448 820 573 892 ejus
613 821 760 874 sicut
799 819 921 876 dies
961 821 1082 876 cmli
1114 823 1294 890 (Ibid.,
1328 825 1433 889 30).
1467 845 1492 870 ››
1521 823 1639 876 Non
1684 822 1881 894 utique
1925 824 2072 878 hunc

449 913 719 969 thronum
761 914 1030 970 Salomon
1068 914 1231 983 sedit,
1265 932 1380 970 non
1419 916 1691 982 Roboam,
1727 932 1840 970 non
1884 916 2071 971 Jecho—

448 1007 593 1062 nias.
637 1008 726 1061 Vis
770 1008 912 1062 scire
956 1007 1080 1078 quis
1122 1008 1371 1063 sederit?
1412 1009 1507 1063 Hic
1551 1011 1636 1062 est
1675 1011 1746 1064 de
1784 1026 1896 1080 quo
1943 1010 2076 1064 dicit

445 1102 680 1173 angelus
719 1101 792 1156 ad
828 1100 1057 1155 Mariam
1099 1117 1111 1154 :
1151 1125 1176 1149 (ι
1210 1104 1348 1157 Ecce
1389 1102 1672 1173 concipies
1710 1102 1767 1156 in
1810 1108 1988 1169 utero,
2020 1109 2076 1156 et

445 1194 630 1267 paries
676 1193 878 1262 tilium,
923 1200 979 1248 et
1021 1194 1242 1248 vocabis
1286 1211 1501 1249 nomen
1547 1196 1670 1266 ejus
1717 1197 1929 1250 Iesum.
1980 1196 2074 1250 Hic

446 1290 556 1344 erit
592 1304 853 1358 magnus,
887 1293 943 1341 et
986 1287 1131 1341 ﬁlius
1176 1288 1440 1342 Altissimi
1474 1289 1789 1356 vocabitur;
1831 1293 1887 1343 et
1917 1289 2076 1344 dabit

445 1381 527 1435 illi
556 1380 829 1435 Dominus
852 1382 999 1435 Deus
1028 1380 1226 1435 sedem
1256 1381 1426 1435 David
1455 1382 1629 1452 patris
1659 1383 1764 1449 sui,
1794 1386 1852 1436 et
1878 1399 2075 1454 regna-

444 1475 527 1530 bit
563 1474 622 1527 in
656 1475 829 1529 domo
866 1475 1035 1529 Jacob
1075 1475 1132 1528 in
1171 1478 1470 1544 aeternum,
1507 1482 1563 1529 et
1594 1476 1758 1547 regni
1800 1477 1920 1547 ejus
1962 1493 2074 1530 non

444 1568 554 1623 erit
595 1567 723 1621 ﬁnis
756 1567 926 1636 (Luc.,
967 1585 1004 1635 ι,
1046 1572 1134 1635 31,
1167 1570 1274 1641 32).
1309 1590 1335 1617 ››
1378 1570 1436 1624 Si
1474 1570 1675 1640 angelo
1716 1587 1831 1624 non
1877 1570 2074 1637 credis,

441 1660 546 1732 ipsi
578 1661 778 1715 saltem
819 1661 1064 1716 Domino
1096 1661 1266 1717 crede
1304 1661 1512 1717 dicenti
1544 1679 1557 1716 :
1592 1684 1620 1710 ‹‹
1646 1664 1727 1717 Tu
1756 1663 1915 1730 dicis,
1945 1664 2078 1734 quia

445 1769 554 1824 ego
593 1769 719 1808 sum
759 1770 858 1808 rex
904 1755 1099 1823 (Joan.,
1131 1771 1282 1822 xvm,
1322 1756 1430 1825 37).
1465 1777 1491 1804 ››
1521 1756 1804 1827 Numquid
1847 1733 1985 1827 ergo
2023 1733 2154 1812 etB

446 1846 565 1919 ipse
605 1847 882 1902 mentitus
920 1854 1022 1915 est,
1063 1848 1199 1920 quia
1241 1865 1479 1919 regnare
1521 1866 1579 1903 se
1626 1849 1784 1917 dixit,
1830 1850 1927 1921 qui
1959 1866 2075 1904 non

446 1940 709 2010 regnavit
765 1941 823 1994 in
874 1941 1079 1996 terris?
1131 1942 1430 2005 Quomodo
1483 1942 1771 2014 Scriptura
1824 1944 2072 2007 solvitur,

444 2049 572 2105 quae
608 2050 852 2104 regnare
885 2050 1016 2088 eum
1047 2034 1201 2104 dicit,
1230 2040 1286 2089 et
1313 2051 1556 2106 regnare
1584 2053 1701 2091 non
1727 2037 1970 2091 astruit?

519 2126 604 2180 44.
651 2127 713 2180 In
761 2127 1069 2198 abruptum
1119 2127 1518 2198 disputationis
1567 2129 1843 2196 venimus,
1892 2130 2074 2184 haere-

445 2236 573 2274 mus
600 2219 654 2272 in
685 2219 848 2287 vado,
879 2224 936 2274 et
963 2221 1208 2291 quodam
1238 2221 1486 2276 veritatis
1513 2223 1815 2293 naufragio
1841 2224 2078 2278 ﬂuctua-

448 2328 592 2366 mus.
625 2312 950 2366 Excitemus
979 2314 1153 2383 igitur
1192 2314 1500 2382 Christum,
1535 2315 1720 2385 ipsum
1760 2316 2073 2386 interroge-

448 2421 604 2472 mus,
670 2406 789 2476 ipse
845 2407 1205 2477 respondeat.
1263 2409 1686 2478 Interrogemus
1740 2409 2072 2480 Scripturas.

448 2498 773 2552 Invenimus
822 2500 954 2570 quia
1003 2517 1245 2570 regnum
1299 2501 1518 2555 Domini
1575 2518 1689 2555 non
1730 2508 1812 2556 est
1851 2503 1918 2556 de
1970 2502 2079 2556 hoc

448 2592 692 2659 mundo;
720 2592 842 2663 ipse
872 2593 1025 2647 enim
1062 2593 1244 2650 dixit:
1277 2616 1304 2643 ι(
1336 2595 1595 2666 Regnum
1627 2611 1819 2650 meum
1847 2613 1960 2650 non
1997 2603 2080 2652 est

446 2685 517 2740 de
543 2686 647 2740 hoc
682 2686 896 2741 mundo
937 2688 1119 2758 (Ibid.,
1160 2687 1271 2760 36).
1305 2711 1331 2736 η
1366 2687 1472 2753 Qui
1515 2689 1655 2744 dicit
1692 2705 1807 2744 non
1847 2707 1968 2744 esse
2011 2691 2079 2745 de

447 2779 556 2833 hoc
610 2779 826 2834 mundo
884 2796 1128 2851 regnum
1183 2798 1371 2851 suum,
1433 2782 1681 2838 ostendit
1732 2800 1854 2837 esse
1910 2801 2080 2854 supra

387 2933 390 2938 ,
451 2873 751 2927 mundum.
792 2876 870 2928 Ita
909 2881 963 2929 et
1002 2881 1122 2928 erat
1171 2892 1412 2945 regnum
1453 2877 1604 2946 ejus,
1646 2881 1702 2931 et
1744 2893 1859 2931 non
1899 2882 2020 2931 erat
2063 2895 2075 2932 :

449 2983 562 3021 non
599 2970 720 3020 erat
753 2967 810 3020 in
842 2970 1069 3033 saeculo,
1103 2974 1222 3023 erat
1255 2986 1422 3039 supra
1451 2970 1740 3024 smculum.
1779 2972 1909 3024 Erat
1939 2987 2077 3041 ergo

449 3075 695 3130 regnum
728 3060 879 3114 aliud
923 3061 1039 3114 veri
1081 3062 1274 3129 David,
1307 3062 1464 3133 quod
1507 3063 1656 3116 solus
1695 3063 1944 3118 Christus
1983 3081 2074 3131 ac-
2101 3097 2154 3170 Ο

451 3153 630 3222 cepit;
674 3159 730 3206 et
775 3159 896 3208 erat
936 3170 1128 3209 semen
1173 3155 1327 3210 aliud
1374 3156 1564 3224 David,
1614 3157 1765 3226 quod
1809 3157 1865 3210 in
1913 3161 2075 3211 aster-

453 3262 591 3298 num
638 3252 855 3314 manet,
886 3247 957 3300 de
995 3264 1106 3318 quo
1146 3249 1298 3302 solus
1346 3252 1654 3319 generatus
1686 3257 1770 3303 est
1805 3250 2077 3318 Christus,

454 3338 554 3408 qui
590 3340 738 3392 solus
766 3355 929 3394 verus
966 3339 1114 3394 tilius
1154 3341 1350 3409 David,
1389 3342 1550 3411 cujus
1590 3343 1756 3397 etiam
1795 3344 1943 3397 solus
1983 3361 2079 3398 no-

453 3447 586 3485 men
633 3433 866 3503 accepit,
910 3434 1076 3504 juxta
1120 3435 1269 3505 quod
1315 3435 1588 3506 scriptum
1635 3441 1717 3490 est
1759 3453 1772 3490 :
1817 3458 1841 3483 ι(
1884 3438 2078 3491 Inveni

452 3525 623 3580 David
671 3543 896 3581 servum
946 3543 1166 3594 meum,
1219 3528 1276 3581 in
1331 3529 1459 3583 oleo
1514 3534 1705 3584 sancto
1759 3547 1886 3584 meo
1942 3532 2080 3585 unxi

453 3635 586 3674 eum
635 3619 805 3690 (Psul.
859 3637 1111 3688 Lxxxvm,
1165 3621 1278 3691 2t).
1325 3644 1350 3670 ››
1399 3623 1559 3686 Quod
1613 3625 1805 3694 utique
1849 3641 1965 3678 non
2009 3625 2077 3679 de

453 3713 731 3783 propheta
761 3713 950 3780 David,
991 3715 1089 3768 sed
1121 3715 1190 3768 de
1224 3715 1464 3770 Domino
1505 3716 1616 3770 dici
1648 3717 1942 3788 praemissa
1980 3717 2076 3772 de-

449 3808 694 3876 clarant;
743 3807 1016 3878 scriptum
1064 3811 1148 3862 est
1194 3809 1347 3863 enim
1385 3825 1397 3862 :
1442 3832 1467 3858 u
1505 3810 1672 3864 Posui
1731 3810 2076 3880 adjutorium

451 3917 623 3971 super
676 3906 998 3971 potentem,
1053 3906 1108 3955 et
1159 3903 1399 3956 exaltavi
1448 3903 1686 3958 electum
1742 3905 1811 3959 de
1867 3904 2080 3975 populo

450 4011 578 4048 meo
618 3995 803 4063 (1bid.,
842 3997 950 4066 20).
995 4017 1019 4042 ι)
1054 3997 1212 4050 Solus
1241 3996 1394 4050 enim
1426 4003 1649 4067 potens,
1684 3997 1836 4051 solus
1868 3998 2079 4052 electus

453 4090 538 4139 est
579 4087 852 4142 Christus.
893 4091 1225 4143 Sanctorum
1265 4090 1418 4143 enim
1450 4091 1632 4160 majus
1673 4091 1730 4144 in
1764 4091 1875 4146 ﬁde
1907 4107 2079 4162 quam

452 4179 508 4232 in
548 4181 916 4250 generatione
945 4199 1144 4236 semen
1180 4189 1281 4236 est.
1326 4185 1391 4237 Et
1426 4183 1558 4236 ideo
1603 4185 1899 4253 Apostolus
1930 4201 1942 4239 :
1971 4209 1997 4235 ‹‹
2025 4185 2077 4239 Si

453 4273 605 4327 enim
636 4273 734 4344 qui
765 4290 827 4328 ex
860 4275 968 4329 fide
999 4278 1151 4343 sunt,
1185 4275 1242 4328 hi
1270 4276 1368 4328 ﬁlii
1405 4281 1537 4330 sunt
1567 4275 1807 4330 Abrahae
1846 4278 2074 4346 (Galat.,

452 4383 531 4431 ιιι,
561 4369 634 4439 7),
667 4390 692 4416 ››

2172 466 2283 521 que
2311 450 2384 505 ad
2407 451 2616 522 Joseph
2646 466 2777 505 cum
2809 451 3018 505 viritim
3048 451 3155 520 (7t)
3190 447 3423 522 1331
3460 454 3728 522 generatio-

2174 560 2272 598 nes
2311 543 2611 599 duodecim
2655 547 3076 614 computentur,
3127 550 3319 614 postea
3363 547 3730 614 quattuordecim

2175 637 2574 707 generationes
2599 636 2912 707 descriptas
2937 653 3058 692 esse
3089 636 3490 691 memoraverit.
3510 637 3590 692 Sic
3613 639 3734 693 enim

2174 730 2347 785 habes
2378 747 2390 784 :
2425 750 2451 779 ι(
2481 731 2690 786 Omnes
2729 729 3147 801 generationes,
3187 729 3256 782 ab
3294 730 3560 784 Abraham
3596 747 3739 803 usque

2174 823 2245 878 ad
2288 822 2458 878 David
2505 824 2902 893 generationes
2951 823 3405 894 quatuordecim;
3451 827 3504 877 et
3545 841 3573 877 a
3607 825 3742 879 David

2172 933 2352 987 usque
2393 917 2464 970 ad
2505 916 3075 987 transmigrationem
3116 916 3423 986 Babylonis,
3465 917 3743 986 generatio-

2175 1026 2276 1064 nes
2317 1009 2783 1080 quatuordecim;
2826 1013 2885 1063 et
2908 1026 2939 1062 a
2968 1009 3467 1079 transmigratione
3497 1009 3746 1079 Babylonis

2176 1119 2353 1173 usque
2422 1102 2493 1157 ad
2560 1102 2845 1158 Christum
2913 1103 3308 1174 generationes
3371 1101 3749 1172 quatuordecim

2174 1196 2413 1266 (Matth,
2459 1212 2494 1262 ι,
2539 1199 2644 1267 17).
2690 1218 2715 1244 ››
2760 1197 2827 1250 Et
2867 1197 3114 1266 primum
3163 1199 3386 1265 oportet
3421 1211 3749 1265 cognoscere,

2175 1291 2329 1362 quod
2372 1293 2504 1345 ante
2535 1291 2659 1360 jam
2695 1289 2960 1353 diximus,
3000 1305 3159 1359 posse
3198 1289 3392 1359 plures
3421 1303 3535 1343 esse
3571 1305 3751 1344 succes-

2177 1383 2397 1451 siones,
2438 1389 2493 1437 et
2541 1382 2838 1453 pauciores
2888 1382 3302 1452 generationes.
3356 1383 3585 1436 Possunt
3631 1383 3754 1437 enim

2177 1476 2390 1531 diutius
2423 1477 2609 1531 vivere
2646 1475 2842 1547 aliqui,
2875 1479 2932 1530 et
2960 1475 3140 1531 serius
3179 1491 3473 1546 generare,
3501 1480 3594 1529 aut
3632 1479 3753 1529 certe

2179 1570 2403 1640 penitus
2442 1571 2690 1624 exsortes
2729 1569 3119 1639 generationis
3164 1569 3421 1622 existere.
3462 1569 3640 1638 Itaque
3669 1585 3759 1623 non

2180 1679 2305 1734 quas
2348 1678 2575 1734 regum,
2620 1662 2823 1717 eadem
2862 1661 3297 1734 generationum
3339 1665 3606 1732 tempora.
3631 1660 3760 1716 Unde

2179 1759 2235 1811 et
2262 1757 2555 1810 Matthaaus
2585 1771 2677 1811 eos
2707 1772 2849 1826 quos
2884 1756 2953 1809 ad
2992 1755 3419 1826 generationem
3454 1770 3562 1810 non
3586 1753 3764 1824 putavit

2179 1850 2485 1920 pertinere,
2538 1849 2834 1920 praeteriit.
2884 1850 3023 1903 Nam
3071 1849 3116 1902 si
3167 1849 3514 1919 propositum
3554 1850 3685 1901 esset
3724 1847 3763 1900 ei

2177 1942 2556 1997 successiones
2600 1942 2942 2010 describere,
2983 1940 3391 1996 rationabiliter
3430 1956 3765 2004 moveremur,

2179 2052 2279 2090 cur
2318 2052 2447 2090 cum
2494 2037 2823 2106 Regnorum
2860 2035 2988 2089 libri
3026 2039 3082 2090 et
3123 2033 3559 2105 Paralipomenis
3595 2049 3764 2087 conve-

2177 2130 2326 2198 niat,
2380 2129 2532 2200 quod
2590 2135 2712 2199 post
2761 2131 2952 2184 Joram
3011 2128 3283 2182 Ochozias
3342 2128 3680 2198 regnaverit,
3727 2134 3768 2180 et

2176 2223 2405 2290 Jodam,
2457 2225 2514 2277 et
2564 2223 2815 2276 Amasias
2876 2245 2885 2274 :
2938 2221 3179 2276 Amasies
3231 2225 3430 2275 autem
3483 2220 3770 2274 successerit

2177 2315 2369 2381 Ozias;
2423 2319 2645 2370 sanctus
2689 2316 2981 2371 Matthteus
3028 2321 3140 2369 tres
3185 2314 3312 2369 illos
3359 2330 3521 2385 reges
3567 2316 3766 2384 prater-

2179 2409 2326 2475 ierit,
2357 2409 2676 2476 Ochoziam,
2708 2409 2909 2464 Jodam
2944 2411 3000 2463 et
3033 2408 3342 2476 Amasiam,
3372 2411 3428 2461 ct
3463 2411 3586 2478 post
3611 2407 3770 2460 Joram

2178 2503 2445 2573 Josaphat
2481 2503 2783 2572 subjecerit
2809 2502 2919 2572 (72)
2967 2503 3052 2573 (IV
3083 2505 3231 2571 Reg.,
3279 2517 3375 2556 VIII
3409 2517 3590 2571 seqq.;
3621 2501 3660 2553 ll
3684 2502 3769 2553 Ρα⁴

2180 2597 2310 2660 ral.,
2340 2597 2495 2666 χχιι).
2529 2596 2635 2650 Sed
2663 2611 2774 2648 non
2806 2611 2938 2649 eum
2968 2596 3025 2649 in
3059 2610 3258 2665 regum
3303 2595 3668 2658 successione,
3693 2591 3772 2645 sed

2179 2689 2236 2744 in
2301 2689 2666 2760 generatione
2730 2688 2984 2758 subjecit.
3047 2688 3310 2758 Denique
3379 2687 3773 2758 generationum

2179 2782 2479 2838 relatorem
2517 2798 2572 2836 se
2612 2781 2780 2836 fuisse
2824 2781 3157 2835 memoravit
3189 2797 3202 2833 :
3232 2781 3425 2852 potuit
3462 2786 3642 2834 autem
3677 2775 3773 2830 ﬁeri

2183 2879 2245 2930 ut
2281 2883 2338 2931 et
2364 2879 2551 2930 Joram
2591 2875 2802 2930 tardius
2832 2874 3213 2946 generaverit,
3249 2878 3311 2929 et
3338 2873 3600 2945 Josaphat
3627 2871 3775 2925 serius

2180 2970 2500 3041 perceperit
2525 2985 2768 3040 regnum
2800 2984 2813 3022 :
2851 2973 3022 3039 atque
3050 2969 3127 3022 ita
3156 2970 3348 3022 .Ioram
3388 2967 3535 3039 patri
3565 2982 3678 3029 suo,
3705 2963 3774 3015 cui

2181 3064 2237 3117 in
2275 3066 2608 3134 potestatem
2637 3078 2751 3116 non
2783 3061 3064 3127 successit,
3095 3060 3149 3114 in
3183 3061 3556 3130 generatione
3593 3073 3774 3112 succes-

2181 3157 2332 3210 serit.

2250 3253 2337 3303 46.
2379 3248 2542 3312 Quod
2574 3265 2706 3302 vero
2745 3253 2872 3318 post
2903 3247 3237 3302 Jechoniam
3288 3245 3589 3301 duodecim
3631 3259 3776 3316 gene-

2179 3344 2423 3398 rationes
2471 3358 2837 3396 enumerasse
2890 3341 3110 3396 videtur
3156 3340 3546 3411 Evangelista,
3592 3339 3635 3391 si
3677 3336 3777 3390 dili-

2181 3441 2383 3508 genter
2424 3437 2700 3504 advertas,
2747 3435 2839 3488 hic
2884 3450 3104 3505 quoque
3155 3431 3589 3505 quatuordecim
3638 3445 3776 3501 gene-

2181 3530 2463 3584 rationum
2533 3527 2744 3599 poteris
2818 3525 3070 3581 invenire
3134 3526 3443 3580 rationem.
3514 3522 3777 3579 Duodecim

2181 3624 2337 3678 enim
2374 3639 2554 3693 usque
2596 3622 2664 3676 ad
2701 3621 2905 3691 Joseph
2949 3624 3347 3685 numerantur,
3377 3635 3493 3673 non
3528 3633 3693 3689 usque
3724 3613 3780 3667 ad

2179 3716 2483 3771 Christum.
2532 3716 2750 3770 Tertius
2799 3714 3052 3769 decimus
3101 3716 3186 3766 est
3236 3712 3501 3766 Christus
3542 3709 3660 3780 (73).
3696 3707 3777 3760 Sed

2179 3809 2320 3864 nihil
2347 3809 2520 3863 refert
2550 3814 2741 3862 utrum
2772 3808 2829 3861 in
2873 3807 3088 3861 duabus
3127 3804 3618 3876 generationibus,
3648 3819 3710 3855 an
3735 3799 3778 3852 in

2177 3919 2295 3957 una
2325 3901 2689 3956 mendacium
2720 3901 2810 3956 sit.
2851 3902 3064 3954 Tamen
3095 3915 3166 3953 ne
3198 3898 3293 3952 hic
3331 3899 3563 3970 quidem
3603 3909 3778 3950 crecum

2180 3997 2433 4067 aliquem
2476 3995 2770 4065 scopulum
2820 3999 2916 4047 aut
2958 3991 3322 4063 naufragium
3368 3991 3621 4046 invenias
3655 3987 3776 4040 veri-

2179 4091 2310 4144 tatis
2356 4090 2482 4159 (74).
2529 4090 2674 4143 Duos
2702 4087 2981 4153 Joachim,
3020 4086 3130 4140 hoc
3175 4088 3283 4151 est,
3339 4085 3485 4140 duos
3526 4081 3780 4138 Jechonias

2179 4183 2346 4238 fuisse
2388 4182 2626 4237 historia
2666 4180 2886 4235 indicat
2918 4197 2931 4233 :
2964 4195 3143 4232 unum
3185 4183 3318 4233 ante
3360 4174 3776 4247 transmigratio-

2183 4293 2333 4343 nem,
2365 4277 2606 4329 alterum
2650 4276 2708 4329 in
2734 4275 2868 4345 ipsa
2907 4270 3414 4341 transmigratione
3453 4272 3778 4340 generatum,

2180 4370 2238 4424 id
2279 4374 2382 4437 est,
2431 4373 2648 4440 patrem
2689 4373 2745 4422 et
2774 4367 2973 4421 tilium.
3008 4367 3155 4435 Ergo
3197 4369 3360 4434 pater
3389 4363 3537 4418 inter
3575 4374 3779 4434 genera-

523 4463 608 4516 45.
645 4461 782 4515 Illud
810 4478 1035 4533 quoque
1065 4478 1176 4516 non
1207 4462 1762 4534 praetermittendum
1793 4463 2159 4535 putamus,,D
2187 4464 2366 4518 tiones
2430 4462 2747 4532 superiores
2810 4463 2893 4513 est
2945 4460 3336 4528 computalus,
3399 4457 3497 4527 qui
3554 4451 3781 4508 successit

453 4554 600 4624 quod
638 4571 670 4606 a
703 4555 873 4608 David
906 4556 1258 4626 temporibus
1289 4572 1464 4626 usque
1494 4555 1565 4609 ad
1590 4555 1940 4625 Jeehoniam,
1976 4558 2080 4611 hoc

450 4647 553 4711 est,
597 4660 771 4714 usque
813 4645 886 4698 ad
929 4646 1334 4716 captivitatem,
1364 4664 1492 4700 cum
1528 4647 1726 4701 decem
1767 4653 1823 4700 et
1859 4651 2078 4716 septem

452 4732 661 4787 fuerint
712 4749 875 4803 reges
916 4733 1146 4800 .Iudzrsc,
1201 4735 1633 4804 quatuordecim
1680 4736 2081 4805 generationes

520 4857 612 4917 (7t)
664 4855 790 4905 Mss.
839 4867 950 4904 non
998 4857 1196 4919 pauci,
1252 4869 1367 4904 eum
1420 4858 1692 4906 varietate.
1741 4857 1940 4907 Melius
1989 4858 2080 4906 alii

451 4932 617 4990 atque
645 4940 840 4978 omnes
865 4926 1020 4984 edit..,
1047 4940 1162 4975 cum
1192 4926 1412 4976 viritim.

513 4999 610 5056 (τέ)
651 4998 857 5049 Omnes
895 4997 1048 5055 edit.,
1090 5001 1135 5046 et
1172 5001 1285 5058 post
1322 4996 1510 5046 Joram
1553 4997 1738 5047 Oziam
1784 4997 2078 5060 subjeccrit.

450 5069 577 5120 Mss.
621 5083 652 5119 e
699 5070 993 5129 contrario,
1040 5069 1104 5117 Et
1156 5073 1270 5131 post
1312 5070 1495 5117 .Ioram
1542 5068 1802 5131 Josaphat
1851 5069 2082 5131 subjece-

449 5141 538 5189 rit.
569 5139 706 5202 Quae
728 5140 955 5204 quidem
982 5153 1110 5189 vera
1131 5139 1296 5189 lectio
1323 5142 1424 5197 est,
1457 5153 1588 5188 cum
1627 5140 1767 5188 intra
1804 5140 1861 5188 in
1903 5141 2083 5189 omni-

449 5211 557 5262 bus
601 5213 827 5262 omnino
870 5225 999 5260 mss.
1046 5213 1100 5260 et
1143 5209 1268 5258 edit.
1313 5209 1418 5258 hoc
1462 5210 1643 5272 ipsum
1688 5223 1889 5260 nomen
1929 5211 2082 5258 inve-

450 5283 650 5331 niatur.
727 5281 1002 5345 Quocirca
1078 5281 1219 5330 nihil
1296 5280 1523 5330 absurdi
1600 5281 1880 5330 dicturum
1953 5295 2081 5330 eum

451 5357 734 5416 putamus,
786 5355 885 5418 qui
944 5352 1258 5411 afﬁrmarit,
1307 5351 1494 5401 Oziam
1557 5351 1848 5401 Ambrosio
1913 5351 2082 5400 trino-

454 5423 660 5473 niinem
703 5425 895 5483 fuisse,
933 5438 998 5475 ac
1032 5437 1142 5474 non
1181 5422 1345 5472 modo
1386 5421 1574 5473 Oziam
1613 5425 1781 5486 atque
1810 5424 2082 5482 Asariam,

456 5492 658 5557 quibus
687 5495 975 5546 vocabulis
1014 5497 1070 5544 in
1110 5494 1281 5544 sacris
1321 5493 1536 5557 paginis
1573 5497 1948 5556 nuncupatur,
1986 5505 2083 5556 ap-

457 5563 742 5628 pellatum,
788 5565 884 5614 sed
938 5570 992 5614 et
1045 5567 1134 5615 avi
1188 5565 1414 5615 nomine
1467 5562 1748 5627 Josaphat.
1795 5564 1908 5613 Nec
1957 5576 2084 5613 vero

460 5635 663 5685 desunt
713 5635 965 5699 exempla
1017 5637 1380 5687 Hebraeorum
1429 5635 1525 5700 qui
1575 5634 1828 5684 similiter
1886 5633 2083 5697 triplici

460 5705 685 5758 nomine
711 5707 932 5756 vocitati
963 5707 1090 5767 sint,
1122 5711 1183 5756 ut
1212 5707 1400 5758 videre
1439 5711 1524 5757 est
1557 5705 1705 5771 apud
1740 5705 1904 5758 Corn.
1933 5706 2082 5756 Jans.

462 5779 741 5830 Comment.
772 5778 828 5825 in
859 5777 1012 5827 Cone.
1043 5779 1266 5842 Evang.,
1292 5783 1429 5844 part.
1461 5793 1494 5841 ι,
1517 5792 1633 5843 cap.
1662 5779 1708 5828 6.

2181 4557 2385 4612 Josiae:
2425 4555 2573 4608 ﬁlius
2621 4552 2772 4608 inter
2813 4551 3170 4622 posteriores,
3200 4549 3294 4620 qui
3340 4547 3600 4602 successit
3641 4541 3778 4616 patri,

2182 4646 2235 4700 id
2280 4649 2383 4710 est,
2415 4659 2594 4714 nepos
2631 4642 2811 4695 Josiaa.
2847 4642 2994 4694 Duos
3034 4644 3222 4692 autem
3267 4637 3444 4691 fuisse
3489 4638 3777 4705 Regnorum

2184 4735 2310 4788 libri
2349 4733 2614 4786 indicant.
2649 4730 2736 4785 Sic
2775 4729 2925 4783 enim
2967 4728 3235 4798 scriptum
3279 4733 3367 4778 est
3414 4743 3427 4778 :
3473 4746 3499 4772 ι(
3537 4725 3600 4777 Et
3631 4722 3778 4789 impe-

2246 4857 2343 4916 (73)
2389 4855 2521 4905 Mss.
2564 4853 2791 4916 aliquot,
2844 4850 3043 4900 Tertius
3091 4848 3320 4898 decimus
3364 4852 3439 4897 est
3481 4845 3698 4897 Christus
3729 4852 3778 4888 ex

2182 4927 2386 4978 Josenh.

2244 4941 2480 5060 ῗξῧηὶῖἱο
2518 4995 2779 5045 trifariam
2828 4990 3151 5041 dividuntur
3188 5002 3320 5038 mss.
3361 4989 3579 5039 Etenim
3621 4983 3774 5037 Corb.

2188 5069 2351 5120 Micb.
2383 5072 2436 5118 et
2457 5067 2551 5117 alii
2577 5079 2674 5115 sex
2699 5063 2922 5128 optima)
2963 5065 3108 5111 notae
3153 5061 3493 5124 praeferunt:
3525 5060 3696 5129 Tamen
3728 5063 3775 5129 {te

2185 5140 2270 5190 hic
2301 5138 2510 5203 quidem
2545 5150 2661 5186 eum
2701 5127 2886 5197 capere
2932 5132 3166 5195 aliquem
3205 5129 3496 5203 scopulum,
3533 5132 3619 5203 aut
3656 5127 3771 5203 (qui-

2185 5198 2331 5271 dam,
2361 5210 2422 5270 et)
2457 5205 2809 5269 naufragium
2847 5204 3085 5252 invenias
3111 5202 3220 5260 (vel
3260 5206 3320 5250 ut
3354 5199 3619 5258 nonnulli,
3657 5198 3771 5271 inre-

2185 5261 2330 5342 nias),
2363 5261 2614 5328 veritatis.
2662 5261 2883 5337 Reliqui
2927 5285 3070 5342 vero,
3099 5272 3296 5336 partim
3347 5273 3622 5342 cumnam.
3665 5261 3769 5314 edit.

2185 5339 2379 5416 legunt
2420 5365 2431 5397 :
2478 5350 2668 5398 Tamen
2711 5359 2775 5394 ne
2818 5344 2900 5393 hic
2942 5341 3150 5416 quidem
3200 5355 3394 5416 cupere
3429 5339 3771 5416 aliquem-sco-

2185 5409 2369 5486 pulum
2417 5424 2510 5468 aut
2563 5416 2913 5480 naufragium
2969 5415 3166 5476 possis,
3218 5413 3447 5486 {viventes
3501 5409 3770 5486 veritojsm;

2186 5472 2384 5557 partim
2421 5504 2551 5540 cum
2594 5472 2724 5540 edit.
2763 5472 2919 5537 Rom.
2948 5472 3011 5536 ut
3049 5472 3771 5560 suprainicorpore.’

2187 5547 2311 5614 cod.
2363 5575 2682 5627 quanquam
2734 5560 3056 5624 pauciores,
3107 5547 3266 5607 nobis
3303 5559 3502 5627 tamen
3534 5547 3772 5627 rvidentur

2188 5635 2296 5686 hoc
2325 5616 2446 5684 loco
2470 5616 2887 5698 potioresfcum
2919 5616 3148 5679 sensum
3181 5626 3467 5679 clariorem
3494 5626 3647 5685 atque
3678 5616 3769 5666 ele-

2186 5705 2494 5772 gantiorem
2523 5703 2767 5770 phrasim
2797 5700 3113 5755 exhibeant.
