3972 6174
240 316 352 377 ιδθῑι

1310 310 1765 369 EXPOSITIONIS
1802 311 1871 367 IN
1911 312 2137 369 LUCAM
2176 313 2300 368 LIB.
2344 313 2430 369 III.

3408 315 3429 367 l
3440 312 3544 367 694

234 435 356 492 ravit
388 435 595 489 Pharao
635 449 806 505 super
834 433 1029 500 Israel,
1063 431 1319 489 Joachim
1348 432 1466 489 ﬁlio
1490 433 1656 489 Josiaa
1680 449 1814 505 reg-
1837 446 1897 521 Α
1919 436 2048 490 Levi
2084 434 2333 491 ofﬁcium
2370 436 2682 492 sacerdotis
2713 436 2916 503 (Num,
2950 452 3029 502 ιιι,
3066 436 3141 507 6).
3178 438 3282 491 Per
3320 436 3537 491 Nathan

231 533 378 584 nante
423 528 477 582 in
511 528 704 582 Judaza
740 543 844 598 pro
882 527 1034 582 Josia
1067 531 1229 598 patre
1272 544 1404 596 suo;
1448 531 1506 582 et
1536 527 1814 583 convertit

228 638 411 678 nomen
453 621 707 676 Joachim
757 620 815 675 in
865 621 1184 691 regnando,
1219 626 1276 676 et
1323 620 1589 676 undecim
1632 637 1814 676 annos

226 713 454 788 1332
494 713 751 785 regnavit
792 714 851 769 in
886 714 1198 769 Jerusalem
1230 714 1315 779 (IV
1348 717 1502 784 Reg.,
1538 729 1687 782 χχιιι,
1722 716 1811 780 34,

222 812 312 876 36).
361 830 384 857 υ
429 808 639 873 Quibus
689 808 925 879 subjecit
974 825 988 862 :
1037 828 1065 857 «
1122 809 1189 863 Et
1239 807 1462 878 reliqua
1513 808 1813 862 verborum

217 900 469 967 Joachim,
497 906 553 957 et
579 902 771 956 omnia
799 918 928 973 quas
957 901 1114 967 fecit,
1144 917 1336 956 nonne
1363 900 1572 972 scripta
1599 905 1731 955 sunt
1754 901 1815 955 in

216 995 341 1050 libro
376 994 702 1062 verborum,
728 1000 788 1049 et
815 996 875 1050 in
913 994 1112 1050 diebus
1151 1010 1373 1062 eorum,
1406 995 1501 1066 qui
1533 1010 1812 1065 regnave-

213 1091 332 1143 runt
358 1087 414 1142 in
443 1089 678 1143 Iudaea?
703 1090 772 1142 Et
806 1088 1077 1144 dormivit
1110 1087 1369 1143 Ioachim
1403 1104 1534 1143 cum
1564 1087 1817 1159 patribus

213 1182 329 1248 suis,
355 1184 412 1235 et
435 1181 698 1253 regnavit
721 1182 977 1236 Joachim
1008 1181 1157 1236 ﬁlius
1193 1182 1317 1251 ejus
1353 1198 1458 1252 pro
1496 1197 1675 1238 eo.....
1728 1180 1816 1235 Fi-

210 1274 306 1329 lius
336 1275 530 1330 decem
556 1280 611 1330 et
641 1277 768 1329 octo
808 1291 1094 1330 annorum
1131 1281 1251 1329 erat
1281 1274 1561 1341 Joachim,
1591 1277 1651 1329 et
1687 1290 1819 1330 cum

209 1374 480 1439 regnaret,
510 1367 693 1423 tribus
736 1368 1022 1423 mensibus
1057 1368 1318 1439 regnavit
1356 1368 1415 1422 in
1454 1368 1769 1423 Jerusalem
1802 1384 1814 1421 :

208 1476 404 1516 nomen
441 1462 646 1517 matris
680 1461 804 1532 ejus
834 1462 1041 1516 Mesola
1085 1460 1312 1533 (75).....
1358 1464 1417 1515 et
1456 1461 1649 1515 omnia
1690 1477 1817 1531 quae

208 1554 329 1609 fecit
354 1554 456 1610 sub
485 1555 665 1610 oculis
694 1554 912 1610 Domini
950 1558 1115 1626 pater
1151 1555 1294 1624 ejus,
1323 1559 1381 1609 et
1407 1554 1528 1625 ipse
1558 1554 1692 1609 fecit
1721 1571 1734 1608 :
1763 1557 1822 1609 et

208 1647 261 1702 in
296 1648 490 1703 diebus
530 1649 656 1719 ejus
695 1649 947 1704 ascendit
985 1647 1531 1716 Nabuchodonosor,
1578 1663 1682 1702 rex
1726 1649 1820 1702 Ba-

1914 547 2143 602 quoque
2184 546 2507 600 expressam
2540 528 2890 584 advertimus
2928 528 3246 599 prophetia;
3287 528 3536 599 dignita-

1913 627 2030 679 tem
2075 624 2139 694 (ll
2176 626 2329 691 Beg.,
2363 640 2458 689 xu,
2501 624 2571 693 l);
2612 626 2676 677 ut
2716 623 2852 693 quia
2897 638 3041 677 unus
3069 621 3262 675 omnia
3288 621 3540 676 Christus

1911 719 2090 785 Jesus,
2128 717 2186 771 in
2224 716 2461 787 singulis
2498 732 2725 788 quoque
2760 715 3071 787 majoribus
3110 730 3324 787 genera
3363 713 3535 768 virtu-

1914 816 2035 866 tum
2067 810 2289 864 diversa
2325 810 2731 880 praecederent.

1986 906 2073 959 48.
2101 904 2215 958 Noe
2252 919 2480 975 quoque
2509 902 2651 972 justi
2682 903 2830 958 inter
2860 901 3174 957 Dominicas
3214 900 3539 973 generatio-

1915 1013 2017 1053 nes
2044 996 2504 1051 commemoratio
2533 1013 2649 1051 non
2677 996 2876 1051 debuit
2902 994 3293 1067 pratermitti;
3321 999 3386 1049 ut
3408 993 3543 1064 quia

1916 1090 2228 1145 aediﬁcator
2277 1091 2535 1146 Ecclesiae
2582 1090 2944 1156 nascebatur,
2985 1105 3119 1144 eum
3176 1087 3262 1141 sui
3319 1086 3546 1159 generis

1916 1190 2210 1239 auctorem
2255 1183 2594 1254 praemisisse
2640 1183 2917 1249 videatur,
2974 1182 3072 1253 qui
3116 1196 3243 1236 eam
3294 1180 3355 1235 in
3406 1185 3543 1250 typo

1916 1281 2049 1333 ante
2101 1276 2437 1332 fundaverat
2486 1276 2662 1347 (Gen.,
2725 1292 2797 1344 v1,
2868 1275 2974 1343 14).
3024 1276 3165 1329 Nam
3215 1275 3285 1329 de
3324 1272 3543 1328 Mathu-

1917 1372 2033 1426 sala
2077 1371 2184 1441 (76)
2226 1371 2362 1442 quid
2401 1370 2605 1436 dicam,
2645 1369 2802 1440 cujus
2844 1369 2987 1424 ultra
3032 1368 3312 1423 diluvium
3347 1382 3546 1422 nume-

1917 1468 2121 1520 rantur
2166 1464 2303 1519 anni
2355 1465 2525 1534 (Gem,
2574 1480 2628 1531 v,
2675 1463 2795 1532 27);
2846 1467 2907 1517 ut
2948 1462 3221 1534 quoniam
3261 1461 3416 1516 solus
3463 1464 3548 1514 est

1919 1558 2196 1626 Christus,
2234 1558 2395 1628 cujus
2423 1558 2539 1612 vita
2569 1556 2784 1611 nullam
2820 1556 2993 1612 sensit
3030 1559 3280 1621 aetatem,
3319 1554 3379 1608 in
3422 1570 3544 1608 ma-

1913 1651 2134 1722 joribus
2170 1668 2398 1722 quoque
2433 1651 2548 1704 suis
2589 1667 2702 1705 non
2744 1650 2986 1705 sensisse
3335 1646 3547 1701 diluvia

112 1746 151 1828 ἷθ
170 1724 1557 1828 Μωλθρλξξεμὲβῖῡ).
1586 1761 1614 1791 ››
1653 1740 1821 1795 Vides
1842 1813 1893 1828 ﬂ
1920 1745 2226 1800 videretur.
2277 1744 2472 1799 Enoch
2517 1759 2648 1799 vero
2693 1759 2883 1798 nonne
2922 1742 3284 1797 manifestum
3324 1743 3382 1795 et
3424 1739 3542 1811 pie-

208 1813 1384 1913 WWETWT
1412 1834 1556 1888 alius
1592 1850 1766 1904 nepos
1803 1850 1815 1888 :
1842 1813 1898 1885 Β
1922 1838 2052 1893 tatis
2082 1837 2381 1892 Dominicae
2411 1841 2469 1891 et
2498 1836 2806 1892 divinitatis
2838 1835 3112 1891 indicium
3144 1838 3265 1903 est;
3294 1849 3363 1888 eo
3395 1832 3546 1905 quod

208 1927 341 1982 ﬁlius
364 1928 485 1994 ille,
510 1928 603 1983 cui
627 1928 904 1983 Ieremias
932 1943 1147 1983 nomen
1176 1926 1466 1998 imposuit,
1490 1944 1669 1998 nepos
1694 1927 1818 1994 iste,

207 2021 293 2091 qui
341 2021 518 2092 patris
572 2023 798 2077 vocatus
848 2025 933 2076 est
980 2021 1233 2076 nomine.
1284 2022 1354 2074 Et
1401 2020 1548 2075 bene
1597 2026 1823 2075 sanctus

204 2114 484 2169 Mattheus
535 2132 571 2169 a
622 2115 904 2185 PrOpheta
956 2114 1139 2168 noluit
1189 2113 1535 2185 discrepare,
1595 2118 1656 2167 ut
1707 2130 1821 2167 non

203 2208 476 2275 Joachim,
538 2208 640 2263 sed
699 2207 1029 2263 Jechoniam
1094 2206 1440 2261 nominaret.
1508 2206 1711 2273 Simul,
1760 2210 1825 2261 ut

204 2317 357 2371 supra
391 2302 668 2368 diximus,
699 2301 979 2372 majorem
1022 2301 1269 2355 fructum
1296 2300 1605 2355 Dominicae
1639 2300 1820 2371 pieta-

206 2395 265 2445 tis
291 2396 552 2459 astruxit,
582 2395 627 2449 si
665 2394 891 2466 generis
919 2393 1278 2458 nobilitatem
1306 2409 1423 2448 non
1463 2394 1523 2447 in
1559 2394 1824 2448 omnibus

205 2488 460 2543 Dominus
504 2488 835 2559 requisivit,
884 2486 984 2541 sed
1028 2487 1100 2541 de
1147 2486 1377 2557 captivis
1421 2490 1479 2542 et
1516 2487 1820 2557 peccatori-

204 2580 297 2634 bus
319 2597 580 2653 congrue
609 2581 760 2636 nasci
789 2580 985 2650 voluit,
1018 2580 1115 2652 qui
1146 2580 1536 2635 remissionem
1566 2580 1827 2635 veniebat

206 2675 498 2744 praedicare
543 2674 795 2746 captivis.
839 2675 961 2730 Non
1004 2674 1182 2745 igitur
1225 2674 1540 2745 suppressit
1579 2673 1826 2728 alterum

207 2769 568 2839 evangelista,
594 2768 691 2823 sed
723 2772 1031 2839 utrumque
1072 2768 1349 2838 signavit;
1391 2767 1544 2838 quod
1587 2771 1825 2838 uterque

206 2862 491 2917 Jechonias
538 2861 724 2917 dictus
766 2862 854 2916 sit.
905 2863 986 2916 lta
1028 2860 1222 2916 addito
1260 2861 1494 2933 juniore
1534 2860 1825 2927 Jechouia,

209 2956 604 3026 generationes
631 2954 1066 3027 quatuordecim
1102 2959 1529 3026 computantur.
1560 2954 1708 3025 Ergo
1734 2954 1825 3007 illa

205 3048 508 3104 Matthaeus.

1921 1948 2024 1987 nec
2078 1937 2319 1986 mortem
2364 1932 2602 1985 senserit
2646 1929 2935 1998 Dominus,
2987 1931 3045 1983 et
3094 1927 3168 1982 ad
3212 1927 3418 1982 caelum
3458 1942 3546 1979 re-

1922 2025 2222 2093 meaverit,
2266 2024 2425 2095 cujus
2469 2024 2697 2095 generis
2741 2026 2940 2078 auctor
2984 2026 3181 2093 raptus
3227 2020 3301 2075 ad
3343 2020 3549 2074 caelum

1922 2118 2052 2174 est?
2098 2118 2255 2173 Unde
2304 2117 2674 2173 manifestum
2718 2121 2821 2183 est,
2869 2121 2926 2170 et
2967 2115 3255 2173 Christum
3305 2112 3551 2184 potuisse

1922 2229 2037 2267 non
2086 2211 2253 2280 mori,
2303 2212 2403 2266 sed
2446 2211 2695 2265 noluisse
2746 2211 2876 2280 (77);
2931 2213 2994 2263 ut
3040 2208 3203 2263 nobis
3251 2223 3405 2261 mors
3458 2205 3554 2260 illa

1923 2306 2229 2377 prodesset.
2289 2306 2355 2360 Et
2402 2304 2495 2358 ille
2542 2303 2775 2375 quidem
2822 2307 3016 2373 raptus
3059 2304 3162 2368 est,
3214 2316 3286 2354 ne
3337 2299 3554 2354 malitia

1924 2401 2171 2453 mutaret
2206 2415 2301 2453 cor
2341 2397 2465 2468 ejus
2507 2414 2519 2452 :
2555 2395 2833 2451 Dominus
2873 2399 3066 2449 autem
3111 2410 3286 2464 quem
3333 2392 3553 2447 malitia

1925 2491 2114 2547 saeculi
2150 2494 2371 2547 mutare
2410 2506 2528 2544 non
2569 2493 2805 2561 poterat,
2845 2504 2911 2543 eo
2960 2488 3109 2543 unde
3152 2491 3406 2553 venerat,
3448 2502 3551 2539 na-

1926 2591 2070 2641 turre
2107 2601 2224 2639 suae
2266 2584 2561 2655 majestate
2604 2582 2898 2637 remeavit.
2943 2581 3154 2637 Siletur
3194 2595 3330 2633 sane
3371 2577 3551 2649 parri-

1926 2679 2050 2733 cida
2093 2677 2313 2743 fratris;
2352 2692 2536 2747 neque
2576 2675 2727 2730 enim
2772 2673 3113 2730 rationabile
3156 2678 3279 2727 erat
3324 2674 3385 2725 ut
3422 2687 3555 2725 eum

1929 2772 2027 2843 qui
2061 2773 2414 2842 percusserat
2441 2770 2677 2824 fratrem
2710 2769 2889 2837 (Gen.,
2928 2784 3002 2835 ιν,
3035 2768 3108 2837 8),
3149 2766 3298 2821 inter
3331 2764 3558 2820 Domini

1929 2866 2261 2920 numeraret
2301 2868 2585 2932 auctores;
2621 2879 2751 2917 cum
2790 2862 3039 2916 servulos
3079 2860 3183 2914 iste
3233 2858 3557 2924 servaverit,

1929 2966 1991 3013 ut
2027 2957 2263 3012 fraterni
2309 2975 2404 3012 eos
2444 2956 2690 3012 nominis
2727 2956 2945 3010 honore
2985 2955 3255 3020 donaret,
3294 2951 3399 3007 iste
3442 2967 3559 3006 non

1929 3051 2255 3118 servaverit,
2296 3068 2398 3107 nec
2430 3051 2593 3106 fratri
2624 3049 2938 3121 pepercerit
2972 3047 3104 3119 (78).
3140 3046 3247 3103 Sed
3283 3061 3387 3101 nec
3419 3043 3559 3099 illud

268 3146 349 3196 47.
403 3142 653 3198 Pulchre
700 3146 890 3197 autem
942 3143 1114 3196 Lucas
1158 3142 1428 3214 quoniam
1452 3141 1597 3196 ﬁlios
1658 3141 1829 3196 Jacob
1852 3174 1906 3247 Ο
1930 3146 2196 3214 otiosum,
2230 3145 2380 3216 quod
2412 3144 2551 3200 Seth
2586 3144 2913 3216 praeteritus
2942 3158 3056 3196 non
3084 3145 3167 3196 est
3198 3141 3369 3210 (Gen.,
3399 3154 3452 3207 v,
3481 3141 3559 3207 3),

208 3236 377 3305 plures
416 3252 540 3291 non
571 3239 793 3306 poterat
821 3236 1327 3306 comprehendere,
1358 3252 1429 3290 ne
1466 3240 1623 3290 extra
1654 3251 1830 3306 gene-

207 3329 438 3384 rationes
470 3329 705 3399 evagari
744 3327 1030 3399 superﬂua
1068 3328 1211 3382 serie
1252 3328 1575 3395 videretur;
1613 3328 1746 3383 licet
1774 3328 1832 3382 in

210 3422 347 3488 aliis,
404 3422 464 3476 id
520 3425 628 3488 est,
679 3420 848 3492 longe
898 3422 1327 3492 posterioribus,
1384 3421 1834 3493 patriarcharum

208 3517 390 3569 tamen
435 3530 814 3586 nequaquam
861 3514 1093 3569 nomina
1149 3514 1640 3585 praetermittenda
1682 3514 1831 3568 arbi-

206 3612 369 3662 tratus
400 3610 496 3677 sit,
532 3608 632 3662 sed
670 3624 790 3679 prae
828 3608 1045 3663 cmteris
1082 3608 1367 3678 eligenda,
1398 3608 1628 3678 Ioseph,
1655 3608 1831 3673 Judze,

210 3701 501 3771 Simeonis,
547 3705 604 3755 et
641 3700 770 3756 Levi
811 3703 979 3768 (Luc.,
1014 3718 1092 3768 ιιι,
1125 3704 1236 3772 30).
1268 3703 1523 3765 Quatuor
1551 3701 1705 3755 enim
1736 3717 1827 3771 ge-

208 3810 330 3849 nera
370 3795 430 3850 in
472 3795 570 3850 his
599 3812 846 3867 quorum
878 3794 964 3849 isti
1006 3796 1218 3866 posteri
1258 3800 1409 3863 sunt,
1441 3794 1838 3866 cognoscimus

208 3886 364 3943 fuisse
416 3890 724 3943 virtutum.
778 3890 841 3943 In
882 3888 1057 3955 Juda,
1108 3888 1163 3942 id
1214 3892 1333 3956 est,
1389 3887 1481 3942 illo
1529 3888 1836 3959 superiore,

208 3976 506 4033 Dominicaa
540 3994 643 4048 per
680 3977 928 4048 ﬁguram
975 3977 1254 4048 passionis
1296 3977 1632 4048 mysterium
1667 3976 1837 4030 fuisse

208 4066 608 4137 prophetatum
652 4064 829 4137 (Gem,
880 4081 1024 4133 xLix,
1079 4064 1186 4136 tl),
1236 4065 1295 4119 in
1341 4066 1548 4137 Ioseph
1598 4081 1835 4137 praeces-

207 4156 330 4211 sisse
379 4154 659 4212 castitatis
704 4154 1025 4225 exemplum
1075 4152 1249 4223 (Gen.,
1299 4170 1480 4222 xxxix,
1524 4156 1596 4224 7),
1646 4155 1706 4209 in
1753 4155 1836 4211 Si-

208 4260 365 4301 meon
408 4243 723 4300 vindictam
763 4242 883 4297 laesi
924 4241 1155 4314 pudoris
1198 4242 1370 4313 (Gen.,
1411 4259 1594 4313 xxxw,
1632 4247 1743 4315 ‘25),
1780 4244 1841 4298 iu

264 4367 355 4429 (75)
409 4367 493 4417 Ita
537 4378 669 4414 mss.
714 4368 770 4415 et
814 4367 920 4413 vet.
971 4361 1102 4413 edit.
1147 4375 1347 4426 magno
1384 4376 1677 4414 consensu.
1720 4365 1839 4416 Non

210 4441 383 4488 tamen
425 4436 742 4486 difﬁtemur
770 4434 840 4485 ab
879 4434 1111 4484 historia
1154 4447 1309 4484 sacra
1350 4438 1513 4498 prout
1549 4437 1605 4485 in
1648 4437 1841 4487 Bibliis

212 4509 465 4559 omnibus
493 4506 810 4567 exhibetur,
841 4506 991 4556 hunc
1018 4506 1205 4556 locum
1234 4504 1503 4557 dissidere
1540 4506 1691 4557 haud
1724 4521 1841 4558 me-

1935 3256 2105 3311 quem
2150 3238 2466 3310 posteriore
2516 3237 2699 3292 Adam
2745 3235 3114 3309 generatione
3166 3232 3449 3304 suscepit;
3501 3232 3563 3285 ut

1935 3349 2064 3388 cum
2113 3332 2240 3387 duae
2288 3333 2401 3386 sint
2446 3330 2641 3402 populi
2688 3330 3111 3401 generationes,
3148 3327 3467 3399 signaretur
3504 3325 3563 3379 in

1935 3430 2072 3499 typo
2114 3425 2422 3481 Dominum
2459 3426 2652 3480 Jesum
2687 3424 2978 3479 Christum
3014 3423 3074 3476 in
3115 3420 3427 3493 posteriore
3469 3435 3564 3490 po-

1934 3520 2049 3575 tius
2076 3536 2248 3590 quam
2277 3519 2464 3590 priore
2492 3518 2861 3589 generatione
2892 3514 3332 3571 numerandum.

2007 3614 2095 3668 49.
2149 3614 2271 3667 .Iam
2325 3612 2395 3666 de
2447 3611 2571 3682 ipso
2624 3611 2800 3664 Adam
2863 3609 2960 3680 qui
3011 3609 3175 3678 juxta
3230 3605 3562 3679 Apostolum

1936 3705 2134 3778 (Rom,
2182 3722 2235 3769 v,
2286 3704 2375 3773 14)
2420 3704 2669 3772 figuram
2719 3703 2935 3772 accepit
2974 3700 3201 3768 Christi,
3248 3700 3384 3770 quid
3436 3698 3561 3768 pul-

1938 3799 2126 3854 chrius
2167 3798 2356 3870 potuit
2393 3797 2729 3863 convenire,
2771 3812 2943 3867 quam
2986 3799 3048 3848 ut
3086 3797 3432 3847 sacrosancta
3474 3806 3565 3860 ge-

1938 3893 2159 3947 neratio
2192 3909 2226 3945 a
2256 3891 2354 3946 Dei
2396 3890 2533 3945 Filio
2572 3890 2869 3961 inciperet,
2907 3892 2965 3942 et
3007 3902 3185 3958 usque
3224 3885 3297 3939 ad
3342 3883 3442 3938 Dei
3486 3882 3564 3936 Fi-

1938 3982 2084 4035 lium
2112 3980 2505 4046 deduceretur,
2532 3984 2868 4050 creatusque
2900 3975 3250 4048 praecederet
3276 3974 3333 4029 in
3359 3973 3563 4043 figura,

1942 4075 2005 4124 ut
2038 4075 2201 4124 natus
2239 4070 2297 4123 in
2336 4068 2572 4123 veritate
2612 4073 2965 4139 sequeretur,
2996 4065 3066 4119 ad
3100 4063 3413 4135 imaginem
3447 4062 3563 4116 fac-

1939 4164 2031 4215 tus
2063 4157 2238 4228 (Gen,
2277 4174 2317 4224 ι,
2358 4157 2448 4229 27)
2478 4156 2727 4228 praeiret,
2762 4160 2998 4227 propter
3036 4170 3207 4226 quem
3244 4152 3342 4208 Dei
3376 4151 3570 4221 imago

1941 4246 2349 4303 descenderet?
2394 4247 2462 4301 Et
2508 4246 2555 4300 si
2597 4244 2931 4317 mysterium
2982 4243 3153 4315 primi
3203 4240 3569 4297 discutiamus

1942 4369 2172 4430 derunt;
2206 4373 2259 4418 et
2281 4382 2354 4419 ne
2386 4369 2521 4433 ipsis
2542 4367 2710 4431 objici
2743 4381 2805 4418 ea
2832 4370 3057 4430 possent
3092 4378 3218 4429 quia
3259 4364 3329 4415 de
3360 4362 3573 4412 diluvio

1944 4440 2229 4504 Scriptura
2254 4444 2672 4499 commemorat,
2704 4437 2965 4488 eumdem
2991 4436 3252 4485 dixerunt
3282 4438 3399 4483 tum
3432 4436 3571 4483 tem-

1942 4511 2089 4575 poris
2117 4524 2246 4561 cum
2272 4515 2426 4574 patre
2457 4524 2558 4560 suo
2585 4509 2777 4559 Enoch
2805 4521 2834 4558 e
2856 4508 3015 4557 terris
3044 4506 3372 4555 translatum
3399 4504 3569 4552 vitam

212 4540 465 4559 υυιιηυυο
493 4540 810 4567 omnem“,
846 4540 991 4556 μυμυ
1019 4540 1205 4556 ww...
1235 4540 1503 4557 ηιυσωυιυ
1542 4540 1691 4557 sua...
1724 4540 1841 4558 ωυ-
1946 4540 2089 4575 pm...
2117 4540 2246 4561 υυω
2272 4540 2426 4574 pauo
2457 4540 2558 4560 ομυ
2586 4540 2777 4559 υιιυυμ
2805 4540 2834 4558 υ
2859 4540 3015 4557 te“...
3049 4540 3372 4555 .................
3409 4540 3569 4552 ηιμ...

212 4578 478 4630 diocriter.
520 4578 711 4641 Itaque
751 4577 911 4627 Rom.
956 4576 1087 4627 edit.
1134 4589 1264 4627 eum
1307 4577 1603 4628 emendare
1643 4540 1921 4628 conataD
1943 4582 2286 4646 produxisse.
2316 4582 2524 4631 Verum
2554 4583 2783 4641 August.
2817 4578 2912 4627 lib.
2939 4591 3022 4629 xv
3047 4577 3110 4627 de
3134 4575 3308 4635 Civit,
3339 4587 3459 4639 cap.
3492 4575 3571 4632 tl,

212 4654 285 4699 est
343 4651 401 4701 in
459 4650 611 4699 hanc
656 4649 891 4699 formam
941 4663 953 4696 :
1002 4649 1064 4697 Et
1106 4648 1375 4698 constituit
1422 4647 1637 4699 Pharao
1685 4662 1842 4714 super

209 4722 393 4771 ludam
448 4725 498 4769 et
548 4718 846 4769 Jerusalem
906 4717 1169 4767 Eliachim
1222 4717 1389 4781 ﬁlium
1453 4719 1608 4769 Iasiae
1671 4734 1841 4785 regem

212 4804 302 4853 pro
344 4793 501 4842 Josia
534 4794 692 4854 putre
737 4790 874 4850 ejus,
921 4793 967 4838 et
1016 4789 1273 4839 convertit
1328 4802 1518 4839 nomen
1562 4791 1678 4853 ejus
1719 4793 1842 4841 Joa-

211 4862 394 4912 chim...
447 4864 505 4911 in
560 4860 697 4910 libro
743 4861 1053 4910 Sermonum
1099 4859 1309 4909 dierum
1368 4873 1552 4922 regum
1597 4861 1838 4911 Juda.....

212 4931 446 4982 Joachim
492 4944 612 4981 cum
660 4935 939 4993 regnaret,
982 4935 1031 4980 et
1077 4930 1246 4981 tribus
1288 4930 1608 4981 mensibus...
1652 4932 1843 4981 matris

216 5002 320 5063 ejus
356 5001 573 5052 Nestha.
609 5000 677 5050 Et
713 5013 928 5057 rursus,
962 5000 1157 5064 paucis
1191 5000 1513 5064 interjectis,
1550 5000 1692 5063 ﬁlius
1734 5001 1841 5061 ille,

216 5076 356 5136 cujus
397 5073 613 5123 Pharao
652 5084 843 5121 nomen
881 5071 1135 5121 convertit
1173 5086 1189 5119 :
1225 5083 1385 5134 nepos
1419 5071 1530 5127 iste,
1571 5072 1655 5121 cui
1688 5071 1842 5121 Jers-

219 5146 363 5199 mias.
411 5148 522 5195 etc.
569 5144 736 5193 Porro
779 5155 1090 5193 consensus
1131 5143 1225 5192 ille
1270 5146 1381 5191 ant.
1428 5141 1558 5191 edit.
1605 5146 1659 5192 et
1709 5157 1839 5193 mss.

219 5216 708 5266 Ambrosianorum
734 5214 873 5264 illud
900 5214 1210 5273 conﬁrmat,
1235 5213 1384 5276 quod
1416 5214 1531 5275 jam
1572 5213 1705 5264 alibi
1743 5227 1842 5263 an-

220 5289 547 5346 notavimus,
589 5286 848 5337 Graecum
876 5285 999 5335 Vet.
1047 5284 1385 5336 Testamenti
1418 5283 1689 5345 codicem,
1731 5299 1843 5348 quo

221 5358 478 5408 utebatur
501 5357 727 5407 antistes
754 5358 961 5416 noster,
993 5354 1063 5405 ab
1091 5355 1159 5404 iis
1188 5367 1329 5418 quos
1354 5367 1506 5404 nunc
1550 5353 1841 5418 habemus,

224 5426 272 5476 in
296 5429 494 5477 multis
525 5428 886 5491 discrepasse.

278 5501 369 5557 (76)
413 5498 542 5562 Quo
582 5503 824 5562 tempore
878 5496 1189 5547 Mathusala
1236 5499 1491 5546 mortuus
1536 5497 1628 5557 sit,
1670 5496 1843 5558 [amo-

226 5570 426 5619 sissima
467 5570 549 5632 (ut
583 5571 659 5619 ait
690 5570 917 5619 Hieron.
958 5566 1053 5617 lib.
1089 5567 1152 5617 de
1193 5571 1372 5630 quaest.
1414 5566 1588 5627 Hebr.)
1629 5568 1843 5631 quaestio

229 5647 269 5689 et
309 5641 661 5705 disputatione
704 5640 1062 5691 Ecclesiarum
1112 5639 1347 5689 omnium
1405 5639 1669 5689 vuttilata.
1723 5641 1842 5691 Non

230 5715 381 5773 pauci
412 5713 580 5773 enim,
611 5713 818 5778 quibus
860 5713 953 5762 hic
999 5711 1300 5762 subscribit
1339 5710 1686 5769 Ambrosius,
1719 5713 1843 5775 qui-

232 5782 457 5834 busdam
503 5786 768 5849 corruptis
812 5784 963 5834 LXX
1006 5783 1235 5848 lnterpr.
1281 5781 1571 5832 codicibus
1606 5780 1842 5831 nimium

235 5854 441 5920 conﬁsi,
470 5867 591 5908 cum
632 5858 692 5908 14
723 5860 849 5925 post
886 5855 1160 5909 diluvium
1202 5866 1378 5907 annos
1416 5852 1625 5907 vixisse
1661 5851 1840 5905 credi-

1942 4657 2000 4704 et
2050 4658 2248 4717 quaest.
2292 4652 2324 4702 2
2365 4653 2423 4701 in
2463 4653 2611 4708 Gen.,
2665 4655 2718 4700 et
2764 4650 2989 4700 Hieron.
3034 4649 3137 4700 loc.
3196 4648 3289 4698 cit.
3335 4646 3573 4697 falsitate

1942 4723 2199 4773 codicum
2246 4723 2468 4773 illorum
2525 4735 2595 4771 ex
2661 4721 2785 4770 aliis
2850 4719 3140 4770 Hebraicis
3205 4718 3570 4782 deprehensa,

1940 4792 2307 4844 Mathusalam
2352 4793 2439 4841 vel
2487 4795 2644 4842 sexto
2692 4793 2819 4840 ante
2858 4790 3150 4851 diluvium,
3199 4793 3259 4839 ut
3301 4789 3424 4845 ille;
3483 4787 3571 4837 vel

1941 4864 2083 4927 ipso,
2123 4867 2187 4913 ut
2228 4864 2367 4913 alter
2410 4862 2712 4920 contendit,
2753 4862 2949 4912 diluvii
2995 4874 3142 4911 anno
3177 4860 3326 4910 diem
3369 4858 3572 4907 oblisse

1941 4934 2425 4992 demonstrarunt;
2457 4938 2625 4996 atque
2669 4935 2724 4982 in
2764 4933 2911 4983 hanc
2948 4932 3309 4995 posteriorem
3343 4933 3571 4979 senten-

1940 5004 2075 5054 tiam
2100 5005 2192 5053 alii
2216 5003 2442 5054 demum
2471 5003 2787 5067 frequentes
2817 5006 2934 5053 tum
2973 5000 3420 5064 chronologistai,
3450 5003 3567 5048 tum

1943 5076 2271 5138 interpretes
2299 5074 2537 5139 pedibus
2570 5075 2738 5123 ivere.

2004 5148 2100 5208 (77)
2148 5145 2293 5195 Edit.
2344 5157 2539 5197 omnes
2586 5158 2715 5194 cum
2770 5147 2923 5207 parte
2975 5156 3128 5205 mss,
3184 5142 3273 5191 sed
3326 5139 3569 5198 voluisse,

1943 5216 2303 5279 respicientes
2359 5216 2623 5265 nimirum
2673 5214 2742 5265 ad
2794 5215 3084 5278 sequentia
3137 5212 3266 5273 illa,
3311 5216 3371 5261 ut
3425 5210 3575 5261 nobis

1942 5300 2085 5336 mors
2122 5285 2220 5336 illa
2260 5287 2541 5349 prodesset.
2593 5285 2719 5335 Mss.
2769 5298 2897 5335 vero
2933 5284 3095 5336 Corb.
3143 5296 3209 5334 ac
3246 5283 3441 5334 decem
3480 5282 3573 5332 alii

1943 5358 2189 5408 melioris
2221 5363 2388 5419 notas,
2414 5358 2503 5407 sed
2540 5356 2784 5406 noluisse.
2820 5355 3038 5419 Optima
3071 5354 3255 5405 lectio.
3290 5352 3572 5404 Subintel-

1943 5427 2133 5493 ligitur
2161 5430 2309 5479 enim
2340 5440 2447 5478 non
2469 5428 2627 5489 mori,
2651 5426 2802 5491 quod
2827 5425 3108 5489 praecedit.

2005 5501 2104 5562 (78)
2135 5500 2196 5548 In
2222 5498 2353 5548 edit.
2382 5498 2642 5548 omnibus
2672 5511 2739 5548 ac
2780 5510 2908 5547 mss.
2935 5496 3148 5560 aliquot
3180 5493 3572 5547 desideraban-

1944 5573 2034 5620 tur
2056 5571 2346 5634 sequentia
2375 5585 2386 5618 :
2416 5571 2515 5619 Iste
2541 5582 2645 5618 non
2666 5569 2973 5626 servaverit,
3006 5580 3097 5618 nec
3129 5567 3293 5630 fratri
3335 5578 3577 5629 peperce-

1942 5643 2015 5693 rit
2039 5656 2056 5690 :
2082 5655 2210 5706 quin
2237 5641 2403 5693 verba
2428 5655 2496 5692 ex
2528 5654 2658 5690 mss.
2692 5639 2885 5691 decem
2917 5640 3230 5690 remotioris
3263 5639 3368 5688 aevi
3415 5638 3574 5688 resti-

1941 5714 2184 5773 tuimus;
2214 5726 2343 5764 cum
2371 5712 2619 5776 alioquin
2645 5715 2708 5761 ut
2734 5712 2952 5775 plenior
2980 5710 3258 5775 oppositio
3291 5708 3573 5767 reddatur,

1942 5797 2051 5834 non
2089 5786 2202 5834 sint
2229 5783 2456 5834 omnino
2482 5782 2780 5847 superﬂua.
