3972 6174
420 297 437 350 l
453 297 552 350 695

1902 299 1957 354 S.
2000 297 2307 354 AMBROSII

3609 301 3720 353 {696

412 421 640 490 erroris,
667 422 888 493 lignum
925 423 1176 479 scientia
1203 426 1337 480 boni
1375 431 1432 480 et
1461 427 1617 494 mali,
1649 426 1877 481 fallente
1919 426 2041 480 dia-
2067 423 2511 509 Aditfundenda
2593 422 2818 477 uberius
2886 423 3247 493 putaverunt.
3325 421 3522 475 Eorum
3579 421 3727 492 igitur

409 514 563 582 bolo,
602 517 715 570 Eva
756 516 1050 585 suadente,
1093 518 1187 572 ille
1228 519 1474 590 gustavit
1518 518 1693 589 (Gem,
1739 537 1816 585 III,
1862 519 1936 590 6);
1983 524 2044 574 ut

412 606 515 662 iste
561 609 722 662 nobis
767 610 1099 682 priusquam
1149 613 1319 666 sciret
1357 613 1604 677 malum,
1656 614 1895 684 eligeret
1941 613 2040 666 bo-

411 717 573 770 num,
613 702 835 773 dirique
871 704 1150 774 serpentis
1191 705 1424 760 insidias
1459 706 1703 760 Ecclesia
1743 705 2038 773 suadente,

411 799 726 862 evacuaret,
762 796 926 866 juxta
969 798 1118 868 quod
1168 799 1440 869 scriptum
1489 805 1573 853 est
1621 816 1632 853 :
1685 821 1711 847 ‹‹
1757 799 2039 866 Quoniam

411 888 740 959 priusquam
778 890 913 944 sciat
957 907 1098 961 puer
1131 892 1347 946 bonum
1383 898 1480 946 aut
1511 893 1746 959 malum,
1782 909 1896 946 non
1926 909 2041 946 cre-

410 980 507 1035 det
552 981 781 1036 malitia
824 989 889 1037 ut
932 985 1103 1054 eligat
1145 986 1298 1055 quod
1345 985 1560 1039 bonum
1607 991 1692 1039 est
1743 986 1896 1056 (Isa.,
1947 1002 2038 1052 vn,

412 1074 514 1144 t6).
546 1096 572 1123 ››
606 1074 862 1148 1334
891 1079 977 1143 Et,
1012 1098 1039 1128 «
1071 1078 1396 1149 priusquam
1432 1079 1568 1132 sciat
1595 1095 1788 1133 vocare
1816 1084 2039 1148 patrem

413 1173 510 1221 aut
552 1171 824 1235 matrem,
867 1170 1110 1241 accipiet
1150 1172 1416 1226 virtutem
1447 1172 1729 1238 Damasci,
1770 1177 1827 1226 et
1864 1172 2041 1243 spolia

411 1260 676 1316 Samaria
706 1261 854 1332 (lsa.,
880 1279 991 1329 VIII,
1023 1265 1096 1333 4).
1128 1285 1152 1314 ››
1184 1265 1281 1319 Hic
1312 1264 1466 1320 enim
1497 1270 1584 1319 est
1607 1282 1750 1336 puer
1773 1265 1935 1335 cujus
1962 1265 2042 1319 in-

411 1354 688 1408 cunabula
756 1357 901 1427 Magi
972 1358 1165 1428 spoliis
1248 1348 1648 1413 orientalibus'
1691 1359 2043 1413 referserunt

410 1446 656 1516 (Matth.,
687 1465 746 1516 II,
780 1450 884 1520 tl);
915 1450 1050 1521 quia
1077 1467 1214 1522 gens
1245 1455 1376 1507 ante
1409 1453 1693 1506 Christum
1731 1451 2038 1518 incredula,

413 1539 482 1596 de
526 1541 738 1596 exuviis
771 1543 1092 1612 idolorum,
1145 1549 1360 1600 mutata
1400 1547 1522 1616 jam
1573 1545 1703 1612 fide,
1748 1544 2042 1599 manubias

415 1633 618 1689 obtulit
647 1636 886 1691 Domino
913 1637 1313 1709 triumphales.

485 1732 570 1783 50.
605 1730 731 1783 Hac
771 1730 892 1797 tibi,
933 1731 1125 1797 frater,
1164 1732 1233 1785 de
1276 1733 1642 1802 generatione
1685 1731 1890 1788 Christi
1928 1748 2042 1785 non

413 1822 699 1892 incognita
752 1824 942 1893 putavi
990 1823 1261 1893 prolixius
1312 1826 1736 1895 prosequenda;
1795 1841 1865 1879 ne
1918 1803 2120 1896 quisB

417 1931 546 1968 cum
579 1915 682 1969 ista
719 1916 777 1969 in
813 1917 1120 1986 Evangelio
1149 1917 1336 1971 minus
1371 1921 1588 1972 attento
1628 1918 1818 1972 animo
1845 1934 2040 1972 recen-

416 2011 584 2074 seret,
629 2008 982 2079 aliquatenus
1023 2010 1356 2076 ﬂuctuaret;
1408 2027 1534 2081 qua
1580 2011 1758 2064 sancti
1802 2027 2044 2081 evange-

413 2099 556 2154 lista
607 2101 674 2155 ad
737 2102 953 2172 majora
1007 2102 1313 2170 miracula,
1372 2106 1428 2157 et
1481 2103 1761 2158 diviniora
1817 2103 2041 2158 Domini

417 2197 573 2263 gesta
623 2199 1026 2265 properantes,
1078 2196 1511 2268 perstringenda
1559 2197 1817 2266 brevius,
1867 2213 2040 2267 quam

2144 534 2322 584 more,
2365 517 2462 588 qui
2499 516 2636 571 satis
2674 519 2875 586 putant
2904 515 3121 585 ignaris
3148 515 3365 568 viarum
3405 515 3553 585 quasi
3589 521 3728 570 notas

2143 610 2416 682 quasdam
2454 609 2677 663 itineris
2716 612 2771 663 et
2798 610 3024 663 semitas
3057 607 3458 674 demonstrare,
3497 607 3730 678 spiritalis

2141 704 2247 758 via
2281 703 2512 758 semitas
2548 702 2900 773 colligentes,
2935 701 3130 755 videro
3169 705 3356 754 utrum
3395 700 3624 755 secundo
3656 717 3731 755 ve-

2143 797 2327 851 ritatis
2362 800 2591 862 eventu,
2621 801 2774 850 certe
2805 795 3076 865 religioso
3106 793 3236 848 fidei
3265 794 3429 848 ductu
3457 793 3511 847 in
3546 797 3729 864 myste-

2142 890 2359 944 riorum
2391 895 2602 944 secreta
2632 888 3028 943 contendimus
3060 905 3072 941 ε
3105 890 3360 942 verentes
3397 903 3465 940 ne
3495 886 3610 957 quis
3641 887 3733 941 ista

2143 1000 2271 1037 cum
2324 982 2553 1053 legerit,
2619 982 2772 1053 quod
2829 981 3258 1052 proverbialiter
3323 979 3538 1047 dicitur,
3598 980 3734 1050 quasi

2141 1093 2286 1146 puer
2317 1077 2674 1144 macharam,
2698 1078 2938 1129 tractare
2965 1090 3068 1144 per
3089 1072 3389 1127 infantiam
3418 1071 3576 1126 fortia
3598 1089 3736 1126 arma

2142 1169 2403 1234 nesciret,
2452 1170 2749 1239 magisque
2793 1169 2996 1222 vulnus
3042 1184 3110 1221 ex
3152 1165 3550 1236 imprudentia,
3589 1181 3736 1235 quam

2142 1263 2381 1317 salutem
2428 1279 2494 1316 ex
2547 1262 2784 1316 lectione
2833 1261 3088 1315 sentiret.
3149 1260 3407 1314 lnﬁrmos
3455 1258 3600 1312 enim
3644 1259 3739 1312 tela

2142 1373 2240 1410 sua
2279 1357 2594 1424 vulnerant,
2641 1371 2743 1410 nec
2786 1359 2971 1426 potest
3012 1354 3159 1408 bene
3197 1353 3282 1407 uti
3329 1352 3517 1419 armis,
3562 1351 3652 1423 qui
3685 1368 3741 1406 ea

2141 1449 2288 1504 ferre
2318 1465 2434 1503 non
2463 1449 2698 1503 noverit.
2734 1451 2801 1504 Et
2832 1449 2959 1503 ideo
2994 1448 3143 1502 circa
3170 1446 3343 1503 ﬁdem
3372 1446 3456 1499 vir
3491 1445 3742 1516 perfectus

2143 1543 2402 1614 exigitur,
2447 1543 2504 1596 in
2551 1559 2663 1614 quo
2712 1559 2825 1597 non
2865 1557 2964 1611 per
3008 1542 3252 1595 humum
3297 1539 3543 1594 scientia
3577 1541 3745 1609 reptet

2143 1637 2407 1703 infantia,
2445 1653 2561 1690 non
2595 1635 2794 1690 debilis
2829 1634 3112 1706 quaedam,
3144 1650 3247 1688 nec
3289 1650 3484 1688 carens
3515 1631 3746 1686 sensibus

2143 1730 2396 1801 mystica
2434 1728 2776 1800 cognitionis
2815 1727 3024 1783 titubet
3063 1734 3216 1794 atas,
3263 1743 3394 1799 qua
3437 1726 3634 1780 virtute
3663 1725 3743 1794 ju-

2143 1823 2385 1878 ventutis
2427 1823 2651 1892 amissa,
2693 1839 2967 1876 coronam
3011 1821 3239 1893 gloriosi
3281 1818 3606 1875 certaminis
3646 1835 3744 1872 non

2144 1917 2415 1988 requirat,
2463 1921 2519 1971 et
2557 1917 2898 1971 senescentis
2947 1915 3152 1986 aquila
3198 1915 3389 1982 modo,
3437 1930 3560 1985 qua
3610 1912 3747 1982 prius

2143 2017 2240 2065 aut
2281 2012 2532 2080 leporem
2579 2025 2776 2080 rapere
2821 2009 3058 2079 pedibus
3103 2013 3425 2075 consuerat,
3470 2012 3563 2062 aut
3599 2023 3745 2060 anse-

2143 2121 2283 2170 rem,
2341 2120 2458 2159 avo
2503 2103 2647 2158 fessa
2695 2103 2984 2157 minorum
3029 2101 3218 2157 avium
3271 2103 3575 2173 implumes
3620 2101 3748 2156 fetus

2143 2197 2411 2268 requirat,
2443 2198 2538 2268 qui
2568 2196 2890 2251 solidiorem
2921 2195 3109 2250 cibum
3137 2195 3349 2250 afferre
3380 2212 3494 2250 non
3526 2193 3744 2266 possint.
3769 2195 3773 2198 ’

1600 2601 1940 2694 LIBER
2016 2601 2566 2708 QUARTUS.

1932 2802 2230 2813 .——-——.

486 2963 533 3013 t.
606 2962 728 3015 Non
798 2963 1143 3030 absurdum,
1219 2966 1453 3036 opinor,
1532 2967 1602 3020 de
1641 2966 2038 3036 .generatione

411 3052 634 3108 Domini
699 3056 1046 3111 confecimus
1116 3074 1257 3127 opus
1325 3077 1338 3112 :
1401 3061 1550 3114 certe
1623 3059 2038 3114 infructuosum

409 3161 527 3199 non
581 3147 690 3201 fuit
747 3149 1047 3203 Dominicis
1097 3150 1308 3204 diutius
1369 3152 1650 3206 inhaerere
1707 3153 2034 3222 majoribus.

410 3239 557 3292 Nam
589 3241 636 3293 si
675 3239 710 3294 ii
745 3241 842 3310 qui
875 3258 1153 3311 magnum
1191 3260 1351 3297 mare
1388 3245 1616 3298 littorali
1652 3252 1854 3315 parant
1891 3245 2038 3298 navi-

413 3331 642 3400 gatione
679 3334 1081 3403 transmittere,
1124 3336 1338 3390 altioris
1378 3338 1780 3408 compendium
1818 3355 2033 3408 cursus,

409 3423 610 3478 itidem
668 3430 729 3480 ut
779 3444 880 3481 nos
931 3428 1066 3499 (79),
1119 3430 1340 3484 ﬁducia
1384 3430 1710 3485 inﬁrmitate
1757 3431 2032 3500 vitantes,

411 3532 576 3585 agros
610 3521 668 3572 et
704 3519 870 3574 urbes
904 3521 1096 3576 littore
1132 3522 1402 3578 deductas
1448 3525 1598 3594 capti
1638 3525 1894 3579 locorum
1937 3525 2033 3579 de-

409 3625 541 3664 core
595 3611 926 3683 frequenter
979 3615 1265 3684 invisunt,
1322 3621 1531 3687 quanto
1595 3618 1773 3688 magis
1822 3634 1925 3672 nos
1975 3619 2033 3671 in

405 3707 566 3759 tanto
610 3722 724 3760 non
771 3708 1206 3775 elementorum,
1248 3709 1349 3763 sed
1394 3716 1680 3781 gestorum
1724 3712 2034 3766 caelestium

406 3797 497 3850 siti
524 3799 826 3868 profundo,
868 3801 1171 3856 viciniores
1200 3803 1391 3874 legere
1429 3809 1639 3874 portus,
1679 3807 1735 3857 et
1764 3804 2030 3876 frequen-

406 3896 488 3946 tes
522 3909 718 3950 amare
747 3894 1023 3949 debemus
1053 3898 1349 3950 excursus!
1388 3914 1459 3951 ne
1499 3897 1625 3968 quis
1653 3898 1842 3968 longa
1880 3899 2031 3953 navi-

404 3985 648 4055 gationis
700 3987 865 4042 tadio
913 3989 1196 4059 fatigatus,
1249 3990 1459 4044 fastidii
1506 3991 1782 4045 vomitum
1837 3997 2034 4046 tenere

406 4096 523 4132 non
563 4081 755 4150 possit.
803 4084 966 4137 Certe
1009 4083 1052 4135 si
1099 4083 1225 4153 quis
1265 4085 1466 4138 intuta
1511 4086 1644 4139 ratis
1687 4084 1818 4139 vitia
1863 4085 2032 4140 inﬁda

405 4173 777 4242 perspexerit,
837 4179 1111 4245 tanquam
1174 4177 1459 4248 frequenti
1523 4178 1802 4232 librorum
1863 4183 2034 4248 portu

405 4265 648 4334 objecto,
688 4267 819 4321 licet
860 4273 920 4322 ut
958 4269 1185 4323 aurium
1229 4272 1345 4323 vela
1389 4270 1633 4340 deponat
1672 4273 1803 4342 (80),
1832 4276 1889 4325 et
1915 4273 2031 4326 lec-

407 4358 570 4412 tionis
618 4361 925 4415 anchoram
963 4361 1122 4432 ﬁgat.
1164 4364 1282 4417 Non
1323 4363 1548 4417 videtur
1585 4364 1896 4420 deseruisse
1933 4382 2029 4419 na-

404 4452 642 4524 vigium,
693 4455 790 4508 sed
836 4456 1142 4510 confecisse
1185 4472 1433 4522 cursum,
1485 4457 1582 4527 qui
1635 4456 1929 4512 descendit
1971 4459 2029 4512 in

404 4552 656 4616 portum.

476 4643 526 4692 2.
574 4642 639 4694 Et
683 4642 968 4713 plerisque
1013 4643 1071 4696 in
1117 4643 1250 4697 locis
1299 4646 1532 4698 fortasse
1573 4644 1865 4698 amoenitas
1913 4643 2034 4715 ipsa

402 4733 656 4787 locorum
704 4735 901 4789 invitet
939 4742 1458 4806 pratermeantem.
1505 4738 1647 4791 Nam
1692 4738 1735 4790 si
1780 4738 2034 4808 Ulyssem

402 4827 584 4894 illum,
633 4832 698 4883 ut
750 4828 956 4883 fabula
1004 4829 1196 4885 ferunt
1243 4830 1393 4900 (licet
1445 4835 1502 4885 et
1552 4831 1824 4901 propheta
1873 4831 2032 4885 dixe-

403 4921 476 4976 rit
515 4940 525 4974 :
561 4942 588 4970 ‹‹
637 4921 972 4977 Habitabunt
1013 4923 1072 4976 in
1123 4940 1190 4977 ea
1232 4923 1360 4977 ﬁlia
1411 4924 1674 4979 Sirenum
1722 4928 1871 4991 (Isa.,
1918 4941 2031 4994 x111,

400 5017 510 5083 2t);
542 5038 568 5064 »
601 5016 704 5069 etsi
733 5033 847 5069 non
883 5016 1112 5070 dixisset
1138 5017 1443 5086 propheta,
1477 5034 1647 5071 nemo
1676 5023 1870 5072 tamen
1905 5019 2035 5088 jure

400 5109 877 5180 reprehenderet;
930 5127 1058 5163 cum
1114 5113 1171 5164 et
1222 5110 1480 5181 gigantes
1524 5113 1589 5182 (Il
1634 5114 1786 5181 1189.,
1830 5129 1881 5179 v,
1931 5115 2031 5181 2'2;

401 5219 562 5269 xxnI,
614 5204 722 5274 t3),
774 5209 830 5258 et
873 5203 1078 5257 vallem
1127 5204 1387 5257 Titanum
1436 5203 1721 5274 Scriptura
1772 5221 2032 5275 compre-

402 5294 706 5367 henderit),
751 5297 795 5351 si
839 5314 974 5368 ergo
1008 5298 1262 5368 Ulyssem
1308 5297 1471 5350 illum
1514 5297 1620 5366 (81)
1665 5301 1794 5368 post
1836 5298 2034 5351 decem

467 5422 559 5482 (79)
593 5422 747 5472 Rom.
777 5422 906 5473 edit.
934 5423 1067 5473 hinc
1093 5422 1410 5483 resciderat,
1440 5420 1616 5470 itidem
1642 5427 1698 5470 ut
1736 5434 1864 5483 nos;
1909 5435 2036 5484 qua

403 5493 585 5541 tamen
616 5493 783 5542 verba
813 5507 918 5543 nec
947 5495 1003 5542 in
1042 5493 1155 5543 ulla
1196 5494 1303 5542 alia
1338 5492 1464 5543 edit.
1512 5494 1596 5543 vel
1639 5506 1770 5541 mss.
1803 5495 2036 5555 prater-

403 5563 717 5621 mittuntur,
744 5576 850 5612 nec
875 5577 1009 5613 sane
1036 5565 1281 5627 ineptam
1307 5564 1640 5614 sententiam
1673 5563 1940 5612 efﬁciunt.

469 5632 560 5690 (80)
596 5633 673 5679 Ita
699 5635 886 5682 cuncti
916 5649 1047 5683 mss.
1081 5640 1135 5684 et
1173 5640 1278 5685 vet.
1319 5635 1449 5685 edit.
1501 5634 1658 5684 Rom.
1702 5646 1852 5694 vero,
1891 5633 2037 5682 Certe

405 5704 456 5752 si
481 5703 600 5763 quis
628 5701 800 5763 inﬁda
829 5705 963 5752 ratis
986 5705 1118 5754 vitia
1152 5705 1584 5768 prospexerit.....
1613 5709 1777 5768 portu
1817 5703 2034 5765 objecto,

409 5771 628 5820 aurium
659 5769 773 5816 vcta
799 5770 1040 5832 deponat.

472 5841 570 5905 (81)
596 5841 654 5892 Si
689 5853 810 5907 ergo
851 5840 1077 5907 Ulyssem
1108 5844 1288 5909 illum,
1325 5846 1448 5901 hac
1485 5848 1690 5901 omissa
1726 5848 1946 5900 fuerant
1978 5847 2038 5899 in

2139 2981 2421 3020 annorum
2469 2965 2660 3020 exsilia
2705 2965 2908 3037 quibus
2951 2966 3220 3021 bellatum
3272 2967 3334 3021 in
3381 2966 3481 3020 llio
3531 2970 3630 3032 est,
3673 2963 3755 3018 de-

2141 3074 2379 3130 cemque
2410 3059 2620 3113 erroris
2652 3076 2829 3113 annos
2861 3060 3228 3114 festinantem
3265 3059 3339 3113 ad
3373 3059 3632 3130 patriam,
3663 3058 3753 3112 Lo-

2139 3153 2374 3223 tophagi
2410 3153 2689 3207 suavitate
2746 3153 3048 3207 baccarum
3103 3160 3291 3207 tenere
3345 3156 3677 3224 potuerunt;
3716 3150 3756 3202 si

2138 3246 2289 3300 horti
2349 3247 2565 3300 Alcinoi
2636 3247 3028 3310 retardarunt;
3093 3246 3137 3299 si
3192 3249 3483 3316 postremo
3546 3245 3756 3300 Sirenes

2136 3343 2303 3392 cantu
2345 3340 2498 3394 vocis
2545 3339 2823 3407 illectum,
2871 3339 2941 3392 ad
2975 3339 3112 3393 illud
3151 3340 3439 3394 famosum
3479 3337 3757 3408 voluptatis

2138 3433 2500 3503 naufragium
2544 3449 2689 3503 pene
2730 3431 3100 3499 deduxerant,
3143 3432 3251 3486 nisi
3285 3432 3558 3487 adversus
3588 3432 3755 3485 illece-

2135 3526 2322 3580 brosae
2386 3525 2599 3579 sonitus
2656 3525 2952 3580 cantilena
3016 3526 3231 3580 inserta
3294 3543 3431 3580 cera
3493 3525 3758 3580 sociorum

2137 3618 2425 3674 clausisset
2479 3635 2643 3673 aures
2674 3661 2687 3686 ,
2744 3622 2956 3689 quanto
3022 3618 3206 3689 magis
3265 3618 3565 3690 religiosos
3623 3618 3758 3670 viros

2135 3712 2447 3766 caelestium
2493 3712 2775 3766 factorum
2839 3712 2997 3766 cedet
3051 3711 3438 3767 admiratione
3491 3709 3754 3766 mulceri!

2135 3809 2318 3876 Atque
2361 3805 2451 3859 hic
2488 3807 2606 3876 jam
2647 3821 2760 3859 non
2802 3804 3104 3859 baccarum
3145 3804 3392 3859 suavitas
3439 3803 3754 3867 haurienda,

2134 3899 2232 3952 sed
2279 3898 2440 3968 panis
2486 3897 2577 3952 ille
2628 3897 2724 3968 qui
2770 3897 3062 3952 descendit
3111 3898 3178 3951 de
3227 3899 3405 3966 caelo;
3455 3914 3572 3952 non
3616 3897 3756 3950 olera

2135 3992 2350 4046 Alcinoi
2399 3991 2740 4062 spectanda,
2792 3991 2892 4045 sed
2943 3996 3296 4045 sacramenta
3350 3995 3488 4046 sunt
3541 3989 3755 4046 Christi.

2133 4089 2273 4141 Nam
2319 4087 2424 4152 Qui
2463 4087 2708 4154 inﬁrmus
2750 4091 2848 4147 est,
2895 4085 3042 4139 olera
3081 4085 3374 4138 manducet
3421 4090 3616 4150 (Rom,
3656 4099 3755 4146 xxv,

2133 4181 2205 4247 2).
2262 4179 2384 4232 Non
2432 4177 2759 4232 claudenda
2817 4177 2992 4248 igitur
3048 4193 3235 4243 aures,
3290 4178 3389 4232 sed
3447 4176 3756 4232 reseranda

2134 4275 2293 4340 sunt;
2328 4275 2389 4325 ut
2426 4270 2631 4326 Christi
2670 4287 2776 4324 vox
2817 4271 2994 4340 possit
3037 4269 3238 4337 audiri,
3292 4287 3474 4341 quam
3519 4268 3758 4341 quisquis

2133 4365 2471 4435 perceperit,
2512 4364 2873 4435 naufragium
2915 4380 3031 4418 non
3071 4362 3314 4417 timebit.
3352 4365 3479 4418 Non
3513 4377 3758 4433 corpora-

2135 4459 2301 4523 libus,
2337 4462 2394 4511 ut
2435 4459 2674 4528 Ulysses,
2706 4457 2778 4511 ad
2804 4457 3068 4510 arborem
3101 4457 3206 4524 (82)
3238 4457 3482 4511 vinculis
3516 4451 3755 4528 1335

2054 4541 2112 4611 Ι)
2135 4551 2472 4623 alligandus,
2517 4549 2616 4605 sed
2657 4549 2880 4605 animus
2920 4549 2994 4603 ad
3029 4549 3212 4603 crucis
3238 4549 3471 4620 lignum
3501 4547 3755 4621 spiritali-

2135 4646 2242 4699 bus
2274 4644 2511 4698 nexibus
2554 4643 2916 4710 vinciendus;
2971 4659 3042 4696 ne
3085 4643 3442 4697 lasciviarum
3484 4645 3758 4697 moveatur

2135 4738 2432 4804 illecebris,
2480 4753 2821 4807 cursumque
2872 4739 3088 4790 natura
3138 4736 3479 4807 detorqueat
3517 4736 3573 4789 in
3617 4731 3754 4804 peri-

2136 4832 2325 4885 culum
2360 4830 2682 4901 voluptatis.

2207 4931 2258 4982 3.
2306 4926 2613 4997 Figmentis
2651 4925 2810 4978 enim
2856 4925 3088 4995 poeticis
3124 4924 3310 4978 fabula
3357 4924 3661 4985 coloratur;
3704 4921 3758 4972 ut

2135 5020 2402 5092 quadam
2429 5018 2635 5090 puella
2662 5017 2953 5088 scopuloso
2979 5019 3037 5070 in
3067 5017 3254 5072 littore
3285 5017 3462 5071 maris
3489 5016 3755 5070 habitasse

2136 5114 2454 5185 prodantur
2485 5129 2498 5166 :
2531 5129 2659 5182 qua
2686 5112 2731 5164 si
2767 5127 2910 5182 quos
2941 5110 3242 5166 deflectere
3276 5110 3572 5181 navigium
3599 5120 3754 5178 prop-

2136 5213 2224 5261 ter
2267 5205 2491 5260 aurium
2540 5205 2873 5259 suavitatem
2923 5205 3074 5259 dulci
3119 5219 3250 5258 voce
3300 5203 3668 5274 pepulissent,
3705 5198 3756 5250 in

2136 5299 2278 5354 vada
2319 5315 2465 5354 caca
2508 5299 2815 5364 deductos,
2863 5300 2921 5351 et
2970 5297 3144 5352 inﬁda
3189 5297 3430 5352 statione
3474 5296 3752 5364 deceptos,

2134 5425 2291 5475 Rom.
2321 5423 2471 5484 edit.,
2504 5435 2633 5471 cum
2659 5426 2847 5471 tamen
2874 5425 2996 5485 post
3028 5419 3406 5483 parenthesim
3439 5419 3757 5481 longiuscu-

2137 5497 2246 5544 lam
2275 5495 2451 5558 prima
2477 5492 2689 5556 periodi
2715 5492 2883 5542 verba
2913 5493 3052 5542 scite
3076 5493 3248 5556 repeti
3275 5489 3754 5554 frequentissimus

2137 5567 2467 5629 scriptorum
2498 5578 2632 5614 usus
2657 5564 2839 5625 palam
2868 5563 3052 5613 faciat.

2201 5637 2293 5700 (82)
2322 5636 2402 5687 Ad
2439 5635 2704 5692 arborem,
2737 5635 2895 5684 navis
2927 5635 3156 5695 scilicet,
3191 5634 3246 5684 id
3284 5636 3387 5694 est,
3429 5633 3498 5683 ad
3541 5629 3752 5680 malum.

2138 5699 2280 5758 Vide
2323 5709 2568 5766 Homer.,
2614 5706 2815 5768 Odyss,
2853 5706 2924 5765 M,
2965 5705 3062 5756 ubi
3107 5705 3312 5756 fabula
3354 5704 3526 5766 hujus
3569 5699 3751 5751 seriem

2139 5779 2262 5831 fuse
2289 5779 2624 5842 descriptam
2658 5778 2916 5840 reperies.
