3972 6174
247 267 357 319 1697

1325 261 1783 320 EXPOSITIONIS
1820 261 1889 319 IN
1929 261 2153 320 LUCAM
2194 259 2320 318 LIB.
2363 261 2449 318 IV.

3430 271 3561 326 1698

241 385 488 457 naufragii
525 385 858 441 miserabilis
893 390 1041 442 sorte
1081 391 1508 443 consumerent.
1544 386 1828 460 Composi-
1851 399 1908 471 Α
1929 387 1988 441 in
2019 388 2306 442 desertum
2335 387 2512 442 Adam
2541 384 2761 457 primus
2789 386 3000 458 ejectus
3025 387 3098 444 sit
3124 388 3296 460 (Gem,
3328 407 3402 458 ιιι,
3440 394 3554 462 24),

237 485 339 534 tum
378 481 478 534 hoc
517 480 719 550 specie,
766 486 820 535 et
867 480 1164 535 ambitiosa
1208 482 1631 552 comparatione
1671 481 1826 535 fuca-

236 578 334 626 tum
371 579 468 638 est,
509 578 570 627 ut
620 589 798 640 mare,
844 591 986 642 vox,
1040 575 1305 641 feminae,
1350 575 1542 629 littora
1594 575 1826 639 vadosa,

234 666 516 736 ﬁngantur.
555 667 713 730 Quod
753 671 947 722 autem
983 684 1143 722 mare
1175 669 1468 738 abruptius
1508 684 1681 738 quam
1719 685 1824 721 sae-

231 760 417 823 culum,
445 765 555 813 tam
599 760 861 827 inﬁdum,
889 766 1008 816 tam
1039 761 1266 828 mobile,
1302 765 1419 815 tam
1455 760 1824 831 profundum,

230 857 325 905 tam
361 852 783 908 immundorum
815 855 1120 924 spirituum
1154 854 1384 909 flatibus
1411 855 1826 925 procellosum?

228 945 314 1008 Qui
352 945 450 999 sibi
486 947 604 1001 vult
642 948 955 1018 puellarum
988 949 1192 1019 ﬁgura,
1230 948 1337 1002 nisi
1369 948 1596 1002 eviratas
1627 947 1823 1018 volup-

225 1040 338 1092 tatis
397 1040 690 1108 illecebra,
755 1058 883 1112 quas
947 1043 1322 1096 constantiam
1382 1045 1560 1112 captae
1617 1041 1826 1095 mentis

224 1133 529 1187 effeminet?
565 1134 698 1197 Quae
741 1139 935 1189 autem
980 1136 1071 1188 illa
1108 1135 1266 1201 vada,
1309 1135 1414 1188 nisi
1453 1138 1662 1189 nostras
1701 1151 1822 1188 sco-

224 1225 324 1294 puli
367 1229 496 1279 sunt
543 1227 774 1281 salutis?
819 1227 967 1282 Nihil
1013 1227 1167 1282 enim
1212 1234 1329 1284 tam
1369 1244 1604 1295 caecum,
1653 1244 1823 1299 quam

221 1319 481 1372 saecularis
525 1320 814 1375 suavitatis
859 1321 1216 1391 periculum;
1267 1339 1392 1392 quae
1431 1322 1568 1375 dum
1611 1321 1824 1375 mulcet

217 1412 468 1479 animum,
533 1413 706 1467 vitam
750 1414 958 1482 obruit,
1023 1421 1077 1469 et
1133 1415 1418 1486 corporeis
1480 1414 1819 1486 quibusdam

215 1506 434 1575 scopulis
461 1522 690 1561 sensum
723 1509 924 1562 mentis
952 1509 1137 1562 illidit.

276 1601 323 1651 4.
366 1599 562 1653 Merito
610 1601 788 1671 igitur
838 1602 1107 1656 Dominus
1147 1608 1337 1656 noster
1374 1604 1528 1656 Jesus
1568 1602 1820 1655 Christus

207 1692 404 1762 jejunio
432 1710 534 1747 suo
562 1711 661 1748 nos
688 1698 859 1765 atque
898 1695 1120 1750 deserto
1159 1696 1424 1749 adversus
1460 1696 1819 1766 voluptatum

1935 485 1995 534 ut
2035 481 2293 535 advertas
2336 481 2822 552 quemadmodum
2869 482 2937 536 de
2976 482 3196 537 deserto
3235 484 3305 538 ad
3338 486 3560 555 paradi-

1933 590 2058 628 sum
2087 574 2264 629 Adam
2292 574 2573 628 secundus
2601 575 2916 629 reverterit.
2947 575 3140 629 Videte
3169 578 3324 630 enim
3355 595 3555 648 quem-

1933 666 2241 720 admodum
2266 667 2381 720 suis
2408 667 2572 721 nodis
2599 668 2927 739 prmjudicia
2953 669 3324 738 resolvantur,
3359 676 3414 724 et
3444 670 3556 724 suis

1929 759 2121 814 divina
2173 761 2452 815 beneﬁcia
2506 761 2760 832 vestigiis
2814 762 3216 817 reformentur.
3274 763 3352 816 Ex
3406 766 3556 818 terra

1927 852 2144 923 virgine
2188 854 2372 908 Adam
2419 854 2595 925 (6812.,
2652 872 2710 921 ιι,
2757 855 2829 924 7),
2889 856 3140 910 Christus
3185 872 3255 910 ex
3301 856 3550 928 virgine;

1927 946 2021 1000 ille
2052 947 2122 1001 ad
2154 947 2461 1018 imaginem
2490 948 2589 1002 Dei
2615 948 2794 1002 factus
2825 948 2999 1018 (Gen.,
3033 965 3071 1017 ι,
3103 951 3212 1019 27),
3245 949 3333 1004 hic
3362 950 3556 1022 imago

1928 1040 2057 1106 Dei;
2080 1041 2173 1094 ille
2203 1040 2467 1094 omnibus
2494 1040 2972 1096 irrationabilibus
2995 1042 3338 1097 animalibus
3367 1043 3556 1114 (Ibid.,

1926 1134 2035 1202 28),
2071 1134 2160 1187 hic
2201 1133 2468 1187 omnibus
2509 1134 2892 1190 animantibus
2937 1136 3239 1191 antelatus.
3283 1139 3390 1190 Per
3430 1153 3557 1191 mu-

1925 1228 2124 1281 lierem
2153 1227 2385 1281 stultitia
2409 1229 2581 1296 (Gen.,
2608 1244 2684 1293 In,
2715 1230 2786 1296 6),
2813 1244 2916 1298 per
2943 1229 3223 1300 virginem
3253 1231 3551 1301 sapientia.

1922 1321 2064 1374 Mors
2111 1337 2210 1390 per
2252 1321 2532 1389 arborem,
2576 1322 2691 1375 vita
2735 1338 2840 1392 per
2887 1338 3135 1377 crucem.
3189 1324 3285 1378 llle
3329 1324 3551 1396 spirita-

1922 1414 2061 1468 lium
2120 1415 2332 1480 nudus,
2379 1414 2630 1468 arboreis
2678 1432 2735 1469 se
2777 1417 2916 1470 texit
2963 1417 3204 1485 exuviis;
3250 1418 3340 1471 hic
3385 1434 3557 1472 saecu-

1920 1507 2127 1561 larium
2168 1507 2372 1574 nudus,
2403 1508 2654 1579 corporis
2691 1525 2804 1562 non
2838 1509 3182 1564 desideravit
3217 1511 3460 1566 exuvias.
3491 1513 3553 1564 In

1922 1600 2147 1655 deserto
2194 1602 2390 1666 Adam,
2441 1601 2497 1654 in
2539 1602 2759 1657 deserto
2809 1602 3091 1671 Christus;
3145 1603 3354 1658 sciebat
3397 1605 3554 1659 enim

1923 1693 2016 1748 ubi
2065 1699 2254 1764 posset
2292 1694 2547 1749 invenire
2597 1695 2962 1763 damnatum,
3004 1712 3176 1766 quem
3214 1697 3283 1750 ad
3325 1697 3552 1767 paradi-

212 1785 456 1840 informat
483 1788 799 1856 illecebras,
829 1794 886 1842 ct
915 1788 1118 1843 tentari
1150 1805 1208 1842 se
1231 1807 1263 1842 a
1285 1789 1513 1844 diabolo
1544 1788 1819 1842 Dominus
1839 1765 1896 1836 B
1920 1803 2068 1854 sum,
2099 1789 2346 1842 resoluto
2385 1804 2601 1855 errore,
2643 1794 2954 1843 revocaret.
2987 1789 3092 1844 Sed
3135 1790 3405 1860 quoniam
3443 1807 3551 1845 saa-

211 1879 439 1934 omnium
473 1882 707 1951 patitur,
742 1887 801 1936 ut
841 1883 899 1936 in
939 1882 1033 1936 illo
1065 1899 1263 1937 omnes
1298 1883 1525 1937 vincere
1573 1882 1818 1936 discere-

211 1989 334 2026 mus.
374 1975 748 2028 Advertamus
775 1975 950 2045 igitur
983 1976 1114 2047 quia
1142 1977 1246 2030 tria
1282 1993 1397 2030 non
1430 1977 1610 2030 otiose
1639 1993 1672 2030 a
1706 1977 1815 2029 Do-

208 2066 341 2120 mino
379 2067 773 2138 principaliter
801 2069 1062 2123 ordinata
1103 2069 1462 2138 Evangelista
1503 2069 1814 2139 descripsit.

207 2159 312 2211 Tria
342 2167 471 2214 sunt
501 2161 658 2215 enim
689 2178 815 2232 qua:
841 2162 912 2215 ad
948 2179 1113 2216 usum
1153 2162 1455 2232 proﬁciunt
1481 2162 1680 2216 salutis
1708 2163 1814 2215 hu-

207 2269 388 2320 manae,
417 2261 869 2320 sacramentum,
900 2256 1207 2323 desertum,
1231 2256 1515 2326 jejunium
1551 2278 1560 2308 :
1587 2257 1816 2310 «Nemo

205 2346 337 2399 enim
395 2347 504 2400 nisi
564 2349 662 2418 qui
714 2347 969 2417 legitime
1024 2349 1348 2415 certaverit,
1397 2354 1702 2403 coronatur
1752 2349 1816 2417 (ll

207 2443 343 2502 Tim.,
386 2457 441 2506 ιι,
493 2443 580 2510 5);
627 2463 654 2490 ››
701 2458 869 2496 nemo
917 2445 1111 2496 autem
1154 2441 1226 2495 ad
1261 2447 1554 2496 certamen
1595 2441 1817 2496 virtutis

203 2532 526 2598 admittitur,
569 2533 671 2587 nisi
712 2535 866 2605 prius
895 2534 964 2588 ab
1005 2534 1270 2590 omnibus
1314 2535 1538 2588 ablutus
1579 2535 1816 2589 maculis

204 2625 546 2696 delictorum,
582 2630 766 2698 gratia
792 2629 1031 2683 caelestis
1058 2645 1294 2683 munere
1322 2631 1706 2682 consecretur.

262 2723 304 2772 5.
345 2721 508 2775 Venit
556 2721 732 2791 igitur
777 2722 1044 2776 Dominus
1089 2723 1156 2776 ad
1205 2724 1510 2789 lavacrum,
1560 2725 1621 2774 ut
1663 2738 1814 2792 mys-

204 2813 310 2865 terii
350 2813 536 2884 gratia
579 2814 740 2868 nobis
771 2818 828 2868 et
860 2815 979 2868 visu
1019 2815 1356 2885 probaretur
1392 2821 1447 2868 et
1484 2830 1649 2869 sensu
1683 2815 1813 2884 (83).

204 2905 256 2957 Et
285 2907 555 2977 quoniam
591 2907 699 2974 lex,
729 2909 866 2962 caelo
904 2914 961 2962 et
997 2909 1160 2962 terris
1199 2908 1453 2974 testibus,
1488 2908 1814 2978 promulga-

204 3004 281 3052 tur
306 3017 317 3053 :
346 3006 407 3054 ut
429 3001 777 3071 mysterium
814 3001 1120 3056 divinitatis
1155 3001 1546 3056 absconditum
1577 3019 1610 3056 a
1639 3019 1810 3056 saecu-

203 3091 256 3144 lis
294 3094 347 3146 in
390 3095 507 3149 Deo
555 3096 683 3165 plus
725 3095 989 3150 crederes
1032 3111 1151 3150 esse
1195 3092 1366 3167 quam
1413 3096 1602 3165 legem
1641 3113 1653 3150 :
1698 3112 1813 3150 non

196 3186 294 3254 jam
347 3188 417 3242 ad
473 3188 878 3243 testimonium
927 3190 1131 3243 coelum
1183 3196 1440 3256 vocatur,
1489 3189 1583 3243 sed
1636 3190 1814 3244 utitur

201 3281 332 3333 testis
369 3281 588 3350 ofﬁcio,
617 3298 748 3336 cum
789 3299 891 3336 vox
931 3283 1028 3336 Dei
1061 3281 1332 3337 ‘defertur
1361 3300 1391 3336 e
1420 3283 1578 3338 ccelo.
1631 3283 1811 3338 Simul

200 3387 258 3425 ne
281 3374 402 3428 ﬁdei
434 3376 777 3445 mysterium
808 3375 979 3430 dubio
1008 3376 1216 3430 mentis
1246 3376 1522 3444 offendas,
1558 3377 1810 3431 invisibi-

200 3464 261 3518 lia
287 3467 378 3521 tibi
409 3469 716 3523 visibiliter
741 3469 1102 3523 declarantur
1126 3471 1368 3540 operari.

256 3565 302 3615 6.
333 3563 502 3616 Venit
532 3563 801 3617 Dominus
835 3563 906 3616 ad
950 3564 1266 3628 lavacrum;
1302 3564 1494 3618 omnia
1519 3565 1672 3619 enim
1711 3581 1812 3635 pro

198 3656 242 3706 te
267 3654 437 3710 factus
466 3659 576 3709 est.
618 3655 690 3708 lis
722 3656 818 3726 qui
858 3657 960 3711 sub
1002 3657 1127 3727 lege
1169 3661 1320 3726 sunt,
1350 3659 1510 3729 quasi
1545 3659 1650 3711 sub
1687 3658 1811 3727 lege

199 3753 344 3814 esset,
388 3766 528 3804 cum
570 3749 688 3820 ipse
739 3750 842 3804 sub
889 3750 1017 3820 lege
1066 3767 1180 3805 non
1230 3754 1397 3818 esset,
1453 3751 1812 3806 circumcisus

197 3845 284 3909 est,
313 3847 369 3896 ut
406 3860 508 3898 eos
548 3844 644 3913 qui
681 3843 782 3896 sub
818 3843 945 3914 lege
982 3847 1115 3898 sunt
1148 3844 1544 3900 lucrifaceret:
1580 3844 1668 3898 his
1714 3845 1811 3916 qui

198 3935 302 3988 sine
333 3937 454 4007 lege
491 3941 674 4005 erant,
707 3936 948 3990 convivii
985 3937 1387 3992 communitate
1429 3937 1668 3992 sociatus
1704 3942 1807 4004 est,

199 4032 250 4080 ut
288 4030 607 4084 lucraretur
645 4046 762 4098 eos,
809 4030 904 4101 qui
946 4031 1067 4085 sine
1113 4032 1234 4102 lege
1285 4031 1568 4086 vivebant.
1619 4032 1812 4085 Factus

195 4126 265 4175 est
309 4123 551 4178 inﬁrmis
597 4123 856 4178 inﬁrmus
905 4141 1006 4194 per
1056 4125 1307 4195 corporis
1353 4125 1697 4195 passionem,
1751 4129 1812 4178 ut

196 4215 431 4272 inﬁrmos
493 4217 867 4272 lucrifaceret.
931 4219 1207 4273 Omnibus
1267 4223 1560 4290 postremo
1615 4219 1811 4272 omnia

198 4309 357 4365 factus
389 4317 498 4378 est,
528 4328 744 4382 pauper
774 4312 1137 4383 pauperibus,
1167 4313 1325 4366 dives
1353 4312 1638 4381 divitibus,
1668 4313 1809 4366 flens

197 4403 468 4471 flentibus,
513 4406 768 4459 esuriens
805 4405 1202 4474 esurientibus,
1233 4406 1426 4459 sitiens
1467 4406 1806 4471 sitientibus,

1921 1880 2206 1934 cularibus
2253 1881 2481 1935 indutus
2522 1881 2736 1935 exuviis
2782 1881 2968 1936 redire
3009 1898 3123 1936 non
3165 1886 3406 1952 poterat,
3450 1899 3554 1938 nec

1920 1974 2161 2043 paradisi
2216 1975 2402 2028 incola
2450 1977 2636 2045 potest
2686 1991 2837 2041 esse,
2879 1975 2988 2029 nisi
3037 1975 3222 2029 nudus
3259 1993 3293 2030 a
3329 1978 3494 2047 culpa
3535 1993 3548 2031 :

1919 2067 2073 2121 exuit
2118 2073 2368 2122 veterem
2418 2069 2740 2134 hominem,
2783 2084 2992 2122 novum
3045 2068 3261 2135 induit,
3304 2073 3367 2123 ut
3416 2070 3549 2140 quia

1919 2161 2053 2214 solvi
2100 2178 2213 2215 non
2261 2166 2484 2232 queunt
2534 2161 2726 2215 divina
2775 2161 3036 2231 decreta,
3079 2178 3322 2232 persona
3370 2165 3552 2234 magis

1919 2270 2090 2324 quam
2125 2255 2410 2308 sententia
2440 2260 2778 2310 mutaretur.

1988 2350 2040 2402 8.
2071 2347 2178 2402 Sed
2208 2348 2304 2419 qui
2335 2347 2394 2401 in
2434 2347 2695 2418 paradiso
2736 2347 2856 2402 sine
2897 2349 3038 2404 duce
3080 2349 3190 2404 iter
3228 2349 3415 2405 amisit
3453 2367 3547 2404 ac-

1917 2443 2164 2511 ceptum,
2212 2440 2700 2511 quemadmodum
2743 2441 2814 2494 de
2849 2441 3076 2496 deserto
3109 2442 3228 2496 sine
3261 2443 3401 2498 duce
3440 2443 3548 2498 iter

1919 2538 2173 2604 repetere
2206 2539 2395 2604 posset
2423 2533 2718 2601 amissum,
2751 2533 2848 2588 ubi
2886 2534 3230 2589 tentationes
3260 2536 3542 2606 plurimas,

1917 2628 2072 2681 nisus
2097 2627 2170 2681 ad
2203 2627 2473 2681 virtutem
2521 2627 2784 2695 difﬁcilis,
2828 2627 3018 2698 lapsus
3057 2627 3231 2682 facilis
3280 2629 3352 2682 ad
3395 2646 3549 2683 erro-

1915 2737 2056 2787 rem,
2097 2737 2225 2774 cum
2269 2721 2470 2774 eadem
2513 2721 2584 2774 sit
2631 2720 2855 2775 virtutis
2895 2726 3124 2790 natura,
3173 2738 3302 2792 qua:
3347 2738 3547 2777 nemo-

1915 2830 2074 2882 rum;
2125 2818 2189 2868 ut
2230 2814 2274 2868 si
2316 2814 2499 2868 adhuc
2540 2813 2748 2884 exigua
2789 2813 2858 2868 de
2903 2813 3143 2868 terrenis
3189 2815 3260 2868 ad
3302 2831 3546 2885 superna

1915 2924 1972 2961 se
2001 2907 2320 2978 subrigunt,
2353 2907 2493 2961 dum
2521 2907 2727 2962 teneris
2759 2910 2892 2960 astas
2921 2907 3194 2962 adolescit
3219 2908 3542 2974 frondibus,

1913 3001 2041 3055 smvi
2069 3017 2285 3055 veneno
2325 3001 2509 3054 dentis
2543 3000 2782 3054 obnoxia
2822 3000 2988 3054 facile
3032 3005 3130 3055 aut
3160 3001 3368 3055 succidi
3413 3019 3542 3072 pos-

1915 3096 2007 3161 sit,
2051 3099 2145 3148 aut
2185 3095 2303 3160 uri;
2348 3095 2392 3147 si
2433 3091 2584 3148 vero'
2612 3095 2723 3148 alta
2769 3111 2827 3149 se
2870 3094 3062 3150 radice
3103 3096 3445 3162 fundaverit,
3489 3097 3548 3149 et

1915 3205 2205 3242 ramorum
2257 3188 2602 3242 sublimitate
2652 3188 2976 3255 sustulerit,
3026 3189 3235 3243 frustra
3278 3189 3404 3259 jam
3453 3189 3545 3243 vel

1914 3283 2160 3336 ferarum
2208 3281 2514 3351 morsibus,
2564 3283 2647 3336 vel
2693 3281 2916 3336 lacertis
2961 3282 3296 3354 agrestium,
3335 3283 3422 3336 vel
3454 3283 3541 3337 di-

1915 3392 2210 3430 versorum
2245 3376 2480 3430 ﬁatuum
2519 3376 2780 3446 procellis
2807 3376 2974 3430 arbor
3009 3376 3241 3431 robusta
3271 3379 3543 3432 tentetur.

1985 3473 2036 3523 9.
2076 3472 2251 3536 Quem
2289 3470 2465 3540 igitur
2495 3473 2811 3541 opponeret
2843 3469 3050 3523 ducem
3082 3476 3274 3524 contra
3302 3474 3387 3525 tot
3417 3471 3542 3526 ille-

1913 3564 2107 3618 cebras
2157 3563 2377 3631 saeculi,
2419 3569 2618 3618 contra
2657 3568 2740 3617 tot
2791 3563 3061 3617 versutias
3110 3563 3314 3618 diaboli
3358 3581 3369 3617 :
3412 3581 3542 3619 cum

1914 3657 2078 3711 sciret
2125 3657 2288 3710 nobis
2327 3657 2513 3727 primo
2553 3661 2750 3710 contra
2790 3672 3024 3710 carnem
3065 3659 3120 3710 et
3158 3658 3537 3728 sanguinem,

1912 3750 2117 3805 deinde
2166 3754 2363 3804 contra
2411 3753 2744 3820 potestates,
2788 3755 2987 3804 contra
3039 3755 3286 3805 rectores
3339 3749 3540 3805 mundi

1912 3845 2274 3899 tenebrarum
2330 3852 2562 3912 harum,
2619 3844 2886 3898 adversus
2942 3843 3213 3914 spiritalia
3271 3843 3540 3914 nequitias

1913 3954 2041 4008 qua:
2080 3941 2210 3992 sunt
2250 3938 2307 3990 in
2347 3937 2694 4003 cmlestibus,
2736 3953 2854 3991 esse
2893 3937 3220 3990 luctamen?
3257 3938 3540 4006 Angelum

1914 4032 2268 4102 opponeret?
2307 4033 2371 4086 Et
2396 4031 2515 4101 ipse
2558 4031 2744 4100 lapsus
2773 4033 2876 4098 est,
2921 4035 2978 4083 et
3014 4029 3264 4100 legiones
3303 4031 3540 4101 angelo-

1915 4142 2038 4178 rum
2086 4126 2174 4178 vix
2225 4125 2464 4194 singulis
2511 4124 2864 4194 profuerunt.
2909 4123 3184 4193 Seraphin
3225 4123 3543 4194 dirigeret?

1913 4222 1976 4273 Et
2025 4219 2208 4288 ipsum
2257 4217 2551 4272 descendit
2600 4219 2658 4271 in
2706 4223 2882 4272 terras
2930 4217 2986 4271 in
3035 4217 3288 4272 medium
3343 4218 3543 4289 populi

1912 4312 2211 4366 immunda
2271 4312 2415 4366 labia
2474 4311 2764 4377 habentis,
2815 4317 2870 4364 et
2920 4311 3085 4364 unius
3133 4317 3356 4365 tantum
3407 4329 3541 4381 pro-

1913 4407 2096 4477 phetae
2141 4405 2304 4473 labia,
2338 4405 2600 4477 apposito
2627 4405 2887 4473 carbone,
2934 4403 3229 4457 mundavit
3263 4405 3416 4473 (Isa.,
3465 4421 3537 4471 γι,

197 4500 434 4565 protluus
495 4498 938 4553 abundantibus.
987 4501 1045 4552 ln
1099 4515 1322 4553 carcere
1376 4515 1506 4552 cum
1563 4516 1810 4570 paupere
1832 4501 1888 4570 Ι)
1913 4504 1963 4566 6,
1995 4504 2070 4569 7).
2093 4500 2248 4554 Alius
2277 4499 2389 4553 dux
2420 4499 2794 4569 requirendus
2824 4497 2951 4563 fuit,
2974 4512 3147 4566 quem
3173 4512 3542 4566 sequeremur

199 4594 289 4654 est,
332 4609 464 4646 cum
508 4592 679 4646 Maria
724 4592 845 4661 flet,
886 4608 1015 4646 cum
1056 4593 1318 4663 apostolis
1359 4593 1636 4663 epulatur,
1681 4611 1810 4648 cum

198 4684 537 4740 Samaritana
579 4686 716 4753 sitit,
760 4686 815 4739 in
859 4685 1084 4740 deserto
1113 4686 1309 4753 esurit,
1343 4691 1404 4740 ut
1445 4687 1602 4740 cibus
1643 4688 1809 4758 primi

200 4777 452 4847 hominis,
496 4795 664 4850 quem
704 4779 1168 4849 praevaricatione
1208 4784 1549 4850 gustaverat,
1589 4780 1809 4850 jejunio

200 4870 404 4927 Domini
446 4873 780 4927 solveretur.
821 4874 1021 4928 Nostro
1049 4874 1298 4944 periculo
1336 4873 1514 4927 Adam
1554 4875 1808 4928 scientia:

197 4962 315 5019 boni
342 4970 399 5020 et
427 4967 558 5021 mali
593 4964 851 5038 1336
881 4967 1091 5021 famem
1122 4967 1308 5036 solvit,
1353 4973 1550 5022 nostro
1586 4968 1804 5023 emolu-

198 5063 377 5113 mento
406 5061 619 5114 famem
652 5061 756 5114 iste
787 5061 1052 5132 suscepit.

262 5153 405 5223 (Cap.
447 5155 533 5209 ιν.
576 5185 645 5195 -
684 5156 838 5209 Vers.
889 5158 959 5222 l.)
1011 5157 1159 5209 Tunc
1207 5158 1357 5211 Jcsus
1399 5157 1589 5211 ductus
1630 5162 1708 5211 est
1751 5158 1810 5210 in

200 5243 451 5301 desertum
478 5265 512 5302 a
537 5248 773 5318 Spiritu,
802 5257 862 5303 ut
893 5255 1192 5304 tentaretur
1219 5267 1253 5303 a
1278 5251 1492 5304 diabolo
1525 5251 1648 5318 (84).

263 5343 312 5392 7.
338 5341 611 5396 Convenit
631 5343 916 5397 recordari
943 5344 1435 5414 quemadmodum
1457 5343 1527 5398 de
1550 5342 1808 5415 paradiso

258 5535 344 5596 (83)
402 5535 554 5587 Rom.
604 5537 734 5588 edit.
777 5538 912 5600 sola,
953 5544 999 5588 et
1045 5553 1143 5589 usu
1183 5537 1502 5604 probaretur
1542 5543 1588 5588 et
1631 5553 1804 5590 sensu.

206 5602 335 5655 Infra
367 5621 494 5658 vero
521 5610 713 5660 eadem
745 5611 979 5660 inversis
1008 5602 1209 5671 verbis,
1239 5612 1328 5661 sed
1370 5625 1470 5660 υοεε
1517 5611 1610 5659 Dei
1640 5613 1810 5661 utitur

207 5678 331 5726 testis
359 5677 542 5740 officio,
568 5695 683 5731 cum
710 5679 944 5743 defertur
973 5694 1000 5730 ο
1027 5681 1170 5730 caelo.

259 5745 346 5817 (Ψ)
373 5747 592 5800 Constat
619 5750 844 5814 quidem
883 5751 975 5801 hic
1005 5755 1186 5802 textus
1210 5752 1453 5802 Matthei
1483 5753 1684 5815 verbis,
1710 5766 1808 5817 pro

211 5815 394 5876 quibus
424 5819 581 5872 Lucae
603 5822 766 5872 verba
789 5824 1034 5887 reposuit
1064 5822 1221 5873 Rom.
1263 5824 1394 5874 edit.
1427 5822 1536 5874 Sed
1575 5815 1806 5874 aliarum

1912 4609 2130 4648 omnes.
2159 4593 2292 4657 Quis
2322 4596 2509 4646 tantus
2535 4594 2679 4646 esset
2716 4591 2850 4656 dux,
2880 4591 2974 4660 qui
3018 4589 3310 4660 prodesset
3348 4591 3538 4644 omni-

1910 4688 2036 4753 bus,
2068 4687 2173 4740 nisi
2218 4686 2308 4739 ille
2353 4685 2448 4755 qui
2487 4701 2659 4755 supra
2685 4700 2884 4737 omnes
2917 4684 3040 4737 est?
3068 4683 3205 4748 Quis
3241 4699 3332 4738 me
3371 4699 3542 4755 supra

1912 4780 2192 4834 mundum
2233 4779 2618 4844 constitueret,
2652 4777 2762 4831 nisi
2801 4778 2899 4849 qui
2940 4778 3122 4848 major
3157 4782 3240 4832 est
3281 4777 3541 4831 mundo?

1908 4873 2042 4937 Quis
2098 4876 2288 4928 tantus
2338 4875 2485 4926 esset
2544 4871 2696 4937 dux,
2741 4871 2839 4942 qui
2885 4877 3072 4942 posset
3121 4871 3435 4924 masculum
3483 4875 3542 4924 et

1909 4966 2204 5033 feminam,
2247 4965 2506 5020 Judaeum
2546 4971 2600 5019 et
2631 4965 2911 5030 Graecum,
2956 4963 3263 5018 Barbarum
3309 4967 3365 5017 et
3402 4965 3540 5034 Scy-

1909 5060 2088 5129 tham,
2134 5075 2358 5113 servum
2403 5065 2457 5112 et
2493 5059 2737 5113 liberum
2781 5074 2895 5111 uno
2937 5073 3136 5127 regere
3183 5057 3386 5125 ductu,
3433 5055 3543 5112 nisi

1910 5154 2064 5208 solus
2090 5153 2187 5225 qui
2216 5158 2302 5207 est
2327 5152 2520 5206 omnia
2549 5156 2605 5206 et
2630 5153 2689 5205 in
2717 5151 2984 5205 omnibus
3011 5150 3298 5206 Christus?

1990 5251 2074 5302 10.
2117 5247 2269 5302 Multi
2310 5247 2462 5302 enim
2505 5245 2690 5316 laquei
2729 5261 3068 5315 quacunque
3117 5244 3539 5314 progredimur.

1909 5342 2119 5412 Laquei
2172 5342 2229 5395 in
2287 5357 2557 5412 corpore,
2617 5338 2801 5410 laquei
2855 5338 2912 5391 in
2964 5338 3124 5408 lege,
3184 5338 3371 5407 laquei
3431 5339 3539 5409 (85)

1911 5544 2095 5589 tamen
2125 5551 2189 5588 ac
2217 5550 2344 5586 mss.
2375 5535 2682 5585 auctoritati
2713 5533 2973 5583 standum
3003 5532 3282 5594 duximus,
3309 5546 3543 5596 praeser-

1909 5611 2009 5659 tim
2033 5623 2158 5658 cum
2185 5608 2339 5656 nulla
2364 5608 2434 5655 sit
2465 5607 2520 5654 in
2547 5618 2716 5654 sensu
2745 5604 3053 5654 diversitas.

1973 5680 2068 5744 (85)
2123 5680 2240 5729 Non
2291 5678 2529 5727 obscura
2587 5675 2805 5725 videtur
2855 5674 3055 5724 allusio
3102 5673 3221 5724 ﬁeri
3271 5675 3340 5723 ad
3402 5675 3541 5724 illud

1909 5752 2104 5810 Eccli.,
2135 5763 2213 5811 IX,
2253 5750 2315 5799 20
2343 5765 2354 5796 :
2381 5747 2599 5810 ἐπιγνῶοι
2636 5747 2706 5793 ὅτι
2745 5745 2792 5793 ἐν
2834 5745 2968 5807 πέσῳ
3008 5744 3219 5806 παγίδων
3263 5744 3542 5808 διαϐαίνεις,

1908 5825 1989 5872 καὶ
2015 5823 2246 5878 ἐπάλξεων
2275 5822 2457 5869 πόλεων
2479 5819 2762 5884 περιπατεῖς.
