3926 6168
368 214 373 219 ’
436 249 567 303 1699
614 276 627 285 ι

1904 241 1957 295 S.
2000 240 2091 296 AM
2100 236 2315 297 BROSll

3606 247 3712 299 1700

435 366 688 442 133⁵7
748 367 833 421 in
868 366 1059 438 pinnis
1112 336 1498 437 templorum,
1563 362 1623 418 in
1680 362 2059 435 crepidinibus
2081 368 2215 449 Aet
2261 364 2368 435 (88)
2412 365 2688 435 vigorem.
2734 364 2875 430 Quid
2921 364 3183 435 repudies
3231 363 3592 434 dignationem
3630 369 3717 424 Do-

431 463 712 533 parietum
755 460 1068 515 tenduntur
1111 477 1143 513 a
1183 459 1426 513 diabolo.
1470 457 1681 529 Laquei
1721 459 1782 511 in
1818 457 2057 528 philoso-

432 555 580 626 phis,
622 554 812 625 laquei
849 554 910 608 in
947 552 1388 624 cupiditatibus;
1434 552 1631 606 oculus
1669 550 1823 606 enim
1874 566 2055 605 mere-

2159 458 2340 512 mini?
2375 457 2732 530 Dignationis
2761 463 2844 513 est
2873 457 3029 529 quod
3060 457 3306 528 suscepit
3330 474 3512 529 corpus
3538 476 3720 529 meum,

2160 551 2509 622 dignationis
2535 555 2621 606 est
2649 552 2798 623 quod
2825 552 3070 621 suscepit
3107 550 3341 622 injurias
3373 567 3538 618 meas,
3568 570 3726 608 susce-

434 648 588 703 tricis
630 648 867 719 laqueus
910 652 994 701 est
1034 646 1343 717 peccatoris
1377 662 1390 700 :
1422 646 1656 717 laqueus
1694 645 1751 698 in
1795 642 2057 714 pecunia,
2158 646 2243 717 pit
2299 645 2654 700 inﬁrmitates
2717 662 2898 712 meas,
2957 661 3096 716 quas
3161 644 3355 715 utique
3412 651 3592 700 natura
3646 647 3727 701 Dei

437 742 672 812 laqueus
706 740 766 796 in
804 739 1114 810 religione,
1154 740 1389 810 laqueus
1427 739 1486 792 iu
1524 738 1708 793 studio
1759 736 2056 792 castitatis.

439 834 669 906 Exiguis
706 834 860 889 enim
898 833 1203 888 momentis
1239 849 1402 886 mens
1442 831 1745 885 inclinatur
1781 831 2059 897 humana,

437 934 495 982 et
548 928 659 982 huc
712 932 885 999 atque
941 927 1069 982 illuc
1124 942 1227 997 per
1284 926 1554 980 versutias
1608 923 1899 978 suadentis
1950 922 2060 992 (86)

438 1022 768 1092 frequenter
806 1021 1116 1091 inpellitur.
1156 1019 1316 1074 Videt
1359 1018 1609 1088 aliquem
1649 1016 1903 1071 diabolus
1939 1015 2065 1071 reli-

439 1114 661 1185 giosum
699 1114 880 1168 virum
919 1114 1045 1183 (87),
1085 1114 1203 1166 Deo
1244 1110 1643 1166 venerabiliter
1683 1109 2061 1175 deferentem,

439 1212 497 1262 et
522 1208 673 1279 quod
696 1212 1111 1262 sacrosanctum
1138 1211 1220 1260 est
1246 1204 1647 1272 aestimantem,
1671 1203 1880 1257 nullius
1905 1219 2062 1273 capa-

2160 739 2371 793 sentire
2426 754 2541 794 non
2599 739 2801 809 potuit,
2859 754 2990 792 cum
3052 738 3229 792 etiam
3282 742 3471 791 natura
3522 739 3732 794 hominis

2161 836 2529 887 contemnere
2570 831 2847 896 didicerit,
2885 832 2972 885 vel
3012 830 3293 885 sustinere
3332 845 3393 883 ac
3430 831 3645 902 perpeti.
3680 833 3733 886 Et

2162 925 2289 980 ideo
2317 941 2622 996 sequamur
2647 925 2952 991 Christum,
2980 925 3140 994 juxta
3168 923 3315 995 quod
3349 924 3599 993 scriptum
3628 929 3735 978 est:

2167 1040 2195 1068 ς(
2227 1022 2353 1074 Post
2379 1018 2679 1073 Dominum
2706 1019 2885 1072 Deum
2912 1021 3073 1072 tuum
3100 1017 3431 1083 ambulabis,
3461 1023 3513 1070 et
3538 1017 3632 1087 ipsi
3653 1018 3739 1072 soli

2164 1112 2479 1167 adhmrebis
2507 1116 2710 1181 (Deut.,
2749 1129 2800 1177 x,
2839 1114 2942 1180 20;
2981 1128 3099 1180 xm,
3144 1113 3220 1180 4).
3249 1131 3276 1159 »ι
3319 1110 3418 1165 Cui
3457 1110 3740 1175 adhaerebo,

2166 1206 2274 1260 nisi
2326 1206 2571 1274 Christo,
2629 1206 2772 1259 sicut
2828 1206 3031 1259 Paulus
3080 1204 3261 1258 dixit:
3299 1224 3328 1253 ι(
3373 1203 3475 1268 Qui
3527 1203 3746 1258 adhaeret

438 1318 564 1356 cem
603 1300 825 1371 injuriae
854 1318 868 1355 :
902 1301 960 1354 in
989 1301 1111 1370 ipsa
1139 1315 1270 1353 eum
1314 1297 1591 1369 religione
1627 1298 1972 1368 supplantat,
2006 1300 2067 1350 ut
2168 1299 2429 1361 Domino,
2458 1296 2714 1371 1338
2735 1315 2885 1353 unus
2908 1297 3138 1368 spiritus
3162 1301 3247 1351 est
3265 1298 3306 1366 (l
3333 1296 3471 1359 Con,
3493 1313 3561 1365 Vi,
3590 1296 3698 1366 l7)?
3723 1319 3746 1346 »

442 1395 609 1449 faciat
646 1411 758 1448 non
802 1392 1033 1447 credere
1066 1392 1217 1462 quod
1251 1392 1347 1446 Dei
1393 1390 1563 1446 Filius
1601 1407 1732 1445 vere
1770 1390 1914 1444 hanc
1947 1405 2068 1443 nos-

2170 1394 2318 1448 Illius
2362 1394 2558 1464 igitur,
2608 1394 2677 1447 de
2727 1393 2951 1447 deserto
2996 1395 3063 1445 ut
3104 1391 3176 1446 ad
3221 1389 3545 1462 paradisum
3593 1390 3749 1444 redire

438 1492 589 1542 tram
615 1486 916 1557 susceperit
949 1502 1205 1555 carnem,
1240 1486 1344 1540 hoc
1372 1488 1634 1540 nostrum
1660 1499 1889 1556 corpus,
1924 1483 2067 1537 hanc
2168 1487 2473 1560 possimus,
2504 1486 2744 1557 vestigia
2775 1501 3207 1556 persequamur.

442 1588 763 1637 nostrorum
808 1579 1201 1634 membrorum
1245 1579 1647 1650 fragilitatem;
1690 1593 1822 1631 cum
1871 1577 2069 1648 utique

440 1675 625 1747 passio
656 1672 910 1745 corporis
938 1672 1127 1740 fuerit,
1157 1671 1419 1728 divinitas
1440 1688 1637 1727 exsors
1663 1670 1889 1742 injuriae
1916 1687 2072 1724 man-

2245 1584 2327 1635 l3.
2360 1582 2424 1634 Et
2459 1579 2641 1634 videte
2677 1578 2881 1649 quibus
2917 1578 3221 1632 itineribus
3250 1578 3599 1632 reducamur.
3625 1577 3755 1630 Nunc

2170 1674 2228 1727 in
2273 1674 2494 1728 deserto
2537 1673 2793 1729 Christus
2837 1677 2951 1739 est,
2998 1670 3121 1743 agit
3163 1670 3483 1739 hominem,
3527 1668 3755 1734 instruit,

444 1769 597 1823 serit.
643 1769 724 1821 Ita
769 1767 839 1822 de
882 1766 1159 1837 religione
1198 1767 1263 1820 fit
1306 1766 1497 1837 culpa;
1546 1765 1734 1820 omnis
1777 1764 1926 1819 enim
1972 1764 2070 1835 qui
2097 1747 2467 1835 Binformat,
2513 1772 2754 1836 exercet,
2809 1765 2969 1836 ungit
3013 1766 3141 1820 oleo
3189 1764 3422 1836 spiritali
3464 1779 3477 1815 :
3516 1762 3605 1817 ubi
3638 1762 3762 1815 videt

447 1867 618 1932 negat
662 1862 850 1916 Jesum
897 1860 1186 1916 Christum
1234 1860 1291 1913 in
1341 1876 1508 1913 carne
1549 1859 1795 1924 venisse,
1843 1858 1912 1912 de
1957 1859 2071 1912 Deo
2174 1860 2584 1926 robustiorem,
2648 1877 2754 1931 per
2808 1865 2929 1913 sata
2983 1862 3040 1913 et
3098 1859 3391 1912 fructuosa
3452 1854 3761 1922 transducit,

444 1971 562 2010 non
609 1958 693 2007 est
738 1953 801 2024 (ll
839 1956 1020 2015 Joan.,
1065 1955 1137 2022 7).
1183 1952 1346 2007 Videt
1392 1953 1682 2023 integrum
1738 1955 1794 2005 et
1844 1951 2073 2005 illibatae,

445 2046 798 2103 castimoniae
826 2046 1036 2114 virum,
1067 2046 1268 2101 suadet
1306 2050 1372 2100 ut
1402 2045 1632 2116 nuptias
1670 2045 1929 2113 damnet;
1960 2059 2073 2115 quo

449 2140 706 2211 ejiciatur
752 2140 821 2193 ab
873 2139 1142 2207 Ecclesia,
1199 2143 1257 2193 et
1303 2138 1487 2193 studio
1533 2138 1804 2193 castitatis
1848 2156 1881 2192 a
1924 2140 2074 2191 casto

450 2250 691 2305 corpore
754 2237 1063 2304 separetur.
1132 2231 1357 2287 Audivit
1418 2233 1563 2287 alius
1631 2232 1764 2303 quia
1831 2252 1858 2280 ‹‹
1926 2231 2079 2285 Unus

2176 1956 2402 2026 quando
2442 1954 2833 2027 querebantur
2880 1952 3062 2007 Judaei
3113 1953 3357 2022 (Matth.,
3404 1966 3496 2019 xu,
3542 1951 3591 2018 2)
3634 1946 3765 2019 quod

2178 2049 2434 2118 discipuli
2480 2049 2601 2119 ejus
2646 2047 2889 2103 Sabbato
2939 2046 3009 2101 de
3061 2053 3253 2117 segete
3302 2043 3483 2116 spicas
3527 2042 3769 2096 vellerent

2179 2144 2308 2213 (jam
2352 2142 2505 2196 enim
2552 2141 2836 2213 apostolos
2886 2155 3014 2194 suos
3054 2139 3112 2193 in
3150 2153 3291 2209 agro
3335 2137 3503 2201 culto,
3550 2140 3606 2189 et
3643 2134 3768 2188 fruc-

2178 2241 2341 2290 tuoso
2371 2251 2544 2305 opere
2581 2233 3005 2304 collocaverat);
3041 2235 3235 2304 postea
3276 2231 3338 2285 in
3372 2229 3625 2301 paradiso
3662 2242 3771 2281 con-

453 2328 714 2382 Deus....-
754 2343 819 2380 ex
863 2342 978 2397 quo
1024 2327 1217 2380 omnia
1260 2326 1301 2396 (l
1342 2325 1483 2387 Corn
1532 2342 1641 2391 V111,
1686 2326 1758 2396 6),
1793 2346 1819 2373 η
1856 2323 2076 2393 adorat,
2177 2329 2358 2384 stituit
2404 2335 2658 2399 tempore
2689 2327 2997 2399 passionis;
3044 2325 3121 2380 sic
3165 2325 3322 2379 enim
3353 2324 3527 2378 habes
3559 2339 3570 2376 :
3600 2343 3627 2370 ‹‹
3670 2322 3774 2375 Hec

451 2426 621 2491 atque
676 2425 995 2474 veneratur.
1055 2419 1364 2473 Insidiatur
1412 2419 1463 2472 ei
1516 2418 1809 2485 diabolus,
1863 2416 2078 2472 claudit

450 2529 615 2568 aures
638 2528 711 2568 ne
736 2513 947 2581 audiat,
977 2513 1107 2584 quia
1138 2532 1165 2561 ‹‹
1192 2513 1347 2567 Unus
1375 2513 1519 2566 Deus
1547 2528 1652 2583 per
1676 2527 1851 2582 quem
1885 2509 2077 2565 omnia

450 2607 667 2677 (Ibid);
697 2629 723 2656 »
753 2606 832 2661 ita
871 2605 1051 2659 nimia
1086 2606 1300 2676 pietate
1329 2605 1570 2677 impium
1600 2620 1718 2659 esse
1745 2604 2074 2674 compellit,

451 2704 517 2755 ut
544 2700 681 2755 dum
709 2701 931 2755 Patrem
970 2716 1002 2753 a
1029 2699 1166 2753 Filio
1209 2702 1457 2770 separat,
1491 2700 1715 2753 Patrem
1764 2699 2078 2768 Filiumque

451 2792 793 2859 confundat,
847 2796 903 2846 et
958 2808 1261 2863 personam
1314 2808 1488 2847 unam
1541 2794 1704 2862 putet
1755 2807 1910 2858 esse,
1965 2806 2080 2843 non

453 2891 809 2958 potestatem.
861 2887 1051 2957 Itaque
1106 2885 1244 2941 dum
1302 2901 1626 2941 mensuram
1684 2884 1814 2939 ﬁdei
1870 2884 2079 2949 nescit,

458 2980 706 3052 perﬁdiae
731 2978 971 3034 incurrit
996 2995 1337 3034 aerumnam.
1968 2993 1971 2996 '

531 3077 614 3128 ll.
660 3072 952 3137 Quomodo
982 3072 1160 3142 igitur
1199 3072 1301 3126 hos
1339 3070 1568 3143 laqueos
1608 3070 1979 3135 evitabimus;
2020 3074 2085 3124 ut

460 3166 737 3238 possimus
775 3171 831 3219 et
862 3181 965 3219 nos
1000 3165 1184 3219 dicere
1213 3181 1226 3219 :
1262 3187 1289 3213 ‹‹
1319 3165 1526 3219 Anima
1553 3169 1747 3219 nostra
1776 3163 1920 3218 sicut
1956 3180 2080 3234 pas-

460 3277 553 3315 ser
594 3263 785 3330 erepta
810 3264 895 3313 est
918 3258 989 3312 de
1018 3258 1222 3328 laqueo
1265 3258 1590 3313 venantium
1624 3275 1636 3312 :
1670 3258 1907 3328 laqueus
1947 3274 2083 3311 con-

462 3353 628 3409 tritus
663 3357 765 3421 est,
807 3357 862 3405 et
905 3368 1009 3406 nos
1046 3351 1273 3407 liberati
1298 3368 1495 3407 sumus
1524 3353 1688 3421 (Psal.
1728 3367 1908 3417 cxxm,
1937 3351 2027 3421 7)?
2058 3371 2081 3401 n

464 3445 586 3501 Non
629 3445 764 3501 dicit
807 3462 819 3499 :
863 3448 980 3516 Ego
1021 3445 1264 3500 contrivi
1294 3446 1608 3517 laqueum:
1645 3462 1761 3500 non
1799 3461 1966 3499 ausus
2005 3449 2088 3498 est

463 3540 570 3595 hoc
614 3538 800 3593 dicere
842 3538 1051 3605 David;
1084 3538 1225 3593 sed:
1259 3559 1287 3587 «
1318 3538 1686 3610 Adjutorium
1727 3542 1987 3593 nostrum
2028 3539 2087 3592 in

472 3632 700 3688 nomine
744 3632 968 3687 Domini
1012 3632 1193 3703 (Ibid.,
1235 3633 1319 3704 8);
1375 3655 1401 3681 ››
1453 3637 1515 3687 ut
1563 3632 1889 3688 ostenderet
1935 3632 2087 3686 unde

464 3726 699 3798 laqueus
739 3725 1080 3794 solveretur;
1116 3729 1179 3780 ut
1218 3726 1579 3797 prophetaret
1621 3726 1775 3797 quod
1819 3731 2090 3780 venturus

463 3825 612 3877 esset
640 3820 700 3873 in
726 3819 873 3874 hanc
902 3821 1096 3889 vitam,
1121 3819 1220 3892 qui
1246 3825 1572 3875 contereret
1593 3820 1865 3892 laqueum
1891 3819 2089 3875 fraude

465 3914 678 3970 diaboli
706 3919 1110 3985 prmparatum.

541 4010 625 4063 l2.
667 4008 774 4062 Sed
812 4024 924 4062 non
967 4008 1155 4079 potuit
1191 4007 1393 4062 melius
1433 4007 1653 4063 conteri
1694 4008 1954 4080 laqueus,
1983 4006 2092 4061 nisi

468 4101 715 4172 praedam
765 4102 1014 4171 aliquam
1061 4100 1285 4156 diabolo
1334 4101 1801 4170 demonstrasset;
1853 4106 1913 4156 ut
1954 4100 2091 4155 dum

463 4193 559 4248 ille
589 4192 820 4248 festinat
854 4193 927 4247 ad
967 4193 1242 4264 praedam,
1277 4194 1392 4248 suis
1439 4195 1658 4266 laqueis
1702 4195 1993 4266 ligaretur,
2038 4199 2095 4249 et

468 4302 576 4359 ego
603 4301 826 4357 possem
868 4285 1057 4340 dicere
1092 4303 1104 4341 :
1140 4308 1169 4335 ί(
1205 4288 1459 4358 Laqueos
1490 4294 1832 4358 paraverunt
1860 4288 2094 4359 pedibus

466 4381 630 4449 meis,
685 4383 743 4435 et
788 4380 896 4451 ipsi
942 4380 1269 4435 inciderunt
1314 4380 1371 4434 in
1418 4398 1516 4436 eos
1562 4383 1728 4453 (Psal.
1778 4398 1886 4448 va,
1937 4383 2010 4451 '7).
2064 4404 2092 4431 »

466 4477 601 4539 Quae
627 4474 814 4546 potuit
841 4489 960 4529 esse
986 4474 1196 4545 praeda,
1228 4475 1333 4529 nisi
1361 4476 1601 4547 corpus?
1630 4475 1891 4547 Oportuit
1920 4474 2174 4552 igiturD

471 4569 615 4623 hanc
653 4568 918 4623 fraudem
964 4567 1190 4623 diabolo
1234 4569 1379 4637 fieri,
1427 4572 1489 4622 ut
1531 4569 1843 4640 susciperet
1889 4586 2093 4640 corpus

471 4661 750 4717 Dominus
775 4663 952 4731 Jesus,
982 4666 1038 4716 et
1067 4678 1274 4733 corpus
1314 4663 1422 4717 hoc
1465 4663 1850 4735 corruptibile,
1893 4678 2095 4733 corpus

469 4755 793 4822 inﬁrmum;
864 4759 924 4808 ut
986 4754 1415 4827 cruciﬁgeretur
1478 4773 1546 4811 ex
1613 4757 1967 4812 inﬁrmitate.
2037 4756 2093 4811 Si

470 4850 625 4906 enim
666 4848 863 4904 fuisset
905 4864 1107 4919 corpus
1136 4848 1408 4919 spiritale,
1442 4867 1558 4905 non
1597 4850 1869 4905 dixisset:
1903 4872 1930 4900 α
1964 4850 2091 4921 Spi-

469 4944 610 4998 ritus
657 4945 957 5015 promptus
995 4946 1100 5009 est,
1147 4959 1280 4997 caro
1326 4949 1523 4999 autem
1573 4944 1801 4999 inﬁrma
1848 4944 2091 5015 (Matth.

469 5053 612 5105 xxvx,
639 5038 748 5108 4-1).
779 5059 806 5086 ››
838 5036 981 5090 Audi
1024 5035 1201 5107 igitur
1240 5042 1536 5109 utramque
1577 5054 1792 5105 vocem,
1836 5041 1894 5093 et
1937 5037 2098 5109 spiri-

470 5132 560 5187 tus
600 5130 874 5203 prompti,
914 5133 971 5185 et
1005 5129 1189 5184 carnis
1220 5130 1461 5186 inﬁrmae
1492 5147 1506 5185 :
1543 5152 1570 5179 ‹‹
1602 5133 1785 5199 Pater,
1828 5131 1873 5185 si
1913 5132 2092 5202 possi-

470 5226 582 5282 bile
632 5231 735 5295 est,
785 5228 1038 5280 transeat
1081 5241 1116 5279 a
1161 5240 1254 5279 me
1304 5225 1438 5279 calix
1493 5225 1597 5279 iste
1650 5225 1832 5294 (Ibid.,
1882 5226 2008 5294 39);
2066 5246 2093 5276 »

468 5321 593 5375 hinc
618 5319 799 5374 carnis
825 5326 908 5373 est
940 5336 1061 5374 vox.
1095 5343 1122 5369 α
1152 5319 1260 5374 Sed
1303 5336 1417 5373 non
1458 5318 1613 5390 quod
1655 5327 1761 5389 ego
1804 5320 1950 5387 volo,
1999 5320 2097 5374 sed

472 5416 624 5487 quod
678 5421 738 5471 tu
779 5417 860 5471 vis
908 5418 1182 5488 (1bid.);»
1230 5417 1405 5472 habes
1456 5416 1815 5472 devotionem
1868 5417 2098 5487 spiritus

537 5580 632 5642 (86)
658 5581 802 5631 Edit.
834 5596 899 5633 ac
926 5585 1087 5647 pauci
1117 5598 1268 5645 mss.,
1297 5597 1396 5648 pro
1420 5584 1657 5634 versutia
1684 5582 1973 5634 suadentis.

536 5653 633 5716 (87)
682 5652 789 5703 Hic
839 5655 1187 5716 potissimum
1244 5655 1443 5719 triplex
1500 5654 1777 5704 indicatur
1836 5667 1986 5705 error
2043 5655 2098 5704 in

472 5735 641 5789 quem
674 5725 893 5786 pietatis
931 5726 1115 5787 Specie
1157 5739 1268 5775 non
1306 5728 1469 5788 pauci
1516 5727 1719 5776 misere
1757 5727 2102 5790 praecipitan-

474 5800 577 5849 tur.
627 5795 841 5845 Primus
885 5799 1068 5844 autem
1112 5810 1177 5846 ac
1218 5798 1502 5849 secundus
1540 5797 1607 5850 ad
1644 5810 1887 5850 errorem
1932 5797 2102 5848 Mani-

2179 2438 2308 2476 cum
2365 2421 2599 2476 dixisset
2645 2422 2822 2489 Jesus,
2877 2435 3006 2474 cum
3055 2418 3347 2489 discipulis
3392 2416 3504 2471 suis
3547 2413 3775 2469 transivit

2180 2522 2334 2570 trans
2370 2520 2680 2570 torrentem
2710 2514 2958 2579 Cedron,
2988 2513 3084 2567 ubi
3122 2517 3247 2567 erat
3282 2513 3503 2578 hortus,
3541 2511 3595 2563 in
3634 2523 3777 2579 quvm

2182 2608 2433 2664 introivit
2461 2609 2580 2679 ipse
2606 2624 2738 2662 cum
2772 2606 3061 2677 discipulis
3096 2606 3209 2659 suis
3245 2606 3449 2677 (Joan.,
3490 2618 3635 2668 xvm,
3665 2604 3725 2669 l).
3756 2621 3777 2647 ιι

2181 2705 2331 2773 Agro
2370 2701 2525 2756 enim
2572 2702 2816 2756 fecundo
2862 2701 3096 2754 hortum
3142 2715 3264 2754 esse
3313 2698 3599 2770 potiorem
3640 2694 3778 2748 docet

2185 2796 2461 2867 propheta
2491 2795 2548 2849 in
2580 2794 2822 2850 Cauticis
2860 2794 3211 2849 canticorum
3253 2791 3445 2846 dicens
3481 2809 3495 2845 :
3536 2811 3561 2838 ‹‹
3605 2790 3781 2843 Hortus

2184 2891 2402 2944 clausus
2455 2905 2611 2944 soror
2666 2904 2794 2942 mea
2848 2902 3081 2958 sponsa,
3134 2887 3340 2941 hortus
3395 2885 3629 2945 clausus,
3679 2881 3784 2934 fons

2186 2984 2457 3054 signatus,
2504 2981 2838 3037 emissiones
2878 2986 2990 3035 tua;
3037 2979 3335 3050 paradisus
3376 2981 3580 3048 (Cant.,
3611 2991 3677 3042 iv,
3714 2976 3780 3038 l2,

2188 3080 2297 3149 l3).
2350 3100 2376 3127 ››
2420 3076 2521 3130 llla
2565 3081 2649 3131 est
2696 3075 2849 3130 enim
2898 3075 3110 3129 animas
3154 3090 3301 3145 pura
3350 3078 3409 3126 et
3454 3067 3787 3125 immaculata

2185 3172 2493 3241 virginitas,
2523 3185 2653 3242 quae
2679 3169 2833 3223 nullo
2861 3172 3081 3223 terrore
3108 3181 3432 3238 poenarum,
3463 3163 3627 3219 nullis
3645 3179 3674 3216 a
3696 3160 3786 3214 ﬁde

2187 3265 2466 3319 saecularis
2520 3263 2822 3334 voluptatis
2872 3260 3181 3327 illecebris,
3235 3260 3398 3314 nullo
3445 3258 3574 3312 vita:
3621 3269 3788 3311 amore

2187 3359 2589 3414 transducitur.
2654 3357 2905 3428 Denique
2964 3355 3171 3410 virtute
3235 3353 3463 3409 Domini
3527 3350 3788 3405 hominem

2187 3470 2306 3508 esse
2348 3454 2670 3507 revocatum
2702 3467 2823 3522 prae
2863 3450 3085 3505 caeteris
3123 3449 3215 3504 hic
3260 3449 3612 3520 evangelista
3649 3446 3790 3499 testa-

2190 3554 2300 3614 tur,
2331 3546 2430 3617 qui
2467 3546 2619 3601 solus
2653 3544 2870 3599 inducit
2905 3544 3205 3599 Dominum
3237 3542 3533 3597 dicentem
3562 3536 3749 3594 latroni
3776 3550 3787 3586 :

2194 3661 2220 3689 ‹‹
2263 3643 2445 3693 Amen
2485 3639 2608 3694 dico
2647 3638 2772 3703 tibi,
2807 3637 2981 3692 hodie
3030 3653 3255 3692 mecum
3299 3636 3414 3692 eris
3458 3636 3518 3691 in
3556 3628 3791 3706 paradiso

2190 3736 2367 3804 (Luc.,
2397 3749 2549 3800 χχιιι,
2580 3733 2687 3802 43).
2719 3754 2747 3781 ››

2266 3828 2349 3881 li.
2387 3828 2594 3881 Plenus
2637 3826 2815 3896 igitur
2854 3825 3012 3878 Jesus
3056 3822 3265 3894 Spiritu
3310 3826 3507 3878 sancto
3549 3818 3793 3891 agebatur

2191 3921 2251 3975 in
2301 3920 2621 3989 desertum,
2676 3917 2938 3985 consilio,
2993 3921 3055 3971 ut
3109 3916 3406 3971 diabolum
3460 3896 3813 3987 provocaretf

2195 4030 2328 4069 nam
2383 4012 2489 4067 nisi
2543 4014 2637 4067 ille
2689 4014 2985 4078 certasset,
3042 4027 3153 4064 non
3209 4010 3361 4065 mihi
3416 4010 3523 4064 iste
3571 4005 3793 4064 vicisset;

2194 4107 2482 4179 mysterio,
2507 4113 2567 4162 ut
2592 4106 2772 4161 Adam
2799 4106 2961 4160 illum
2988 4105 3056 4160 de
3084 4104 3280 4159 exsilio
3301 4104 3604 4171 liberaret;
3627 4111 3792 4153 exem-

2196 4202 2319 4273 plo,
2388 4206 2447 4255 ut
2507 4200 2824 4256 ostenderet
2884 4198 3049 4254 nobis
3112 4197 3411 4253 diabolum
3469 4196 3537 4251 ad
3592 4190 3796 4248 meliora

2196 4294 2563 4349 tendentibus
2583 4293 2866 4363 invidere;
2889 4300 2944 4347 et
2964 4298 3100 4348 tunc
3123 4293 3308 4363 magis
3332 4307 3459 4347 esse
3486 4286 3794 4349 cavendum,

2198 4406 2269 4445 ne
2302 4388 2556 4460 mysterii
2587 4388 2830 4459 gratiam
2860 4386 3085 4441 deserat
3113 4385 3316 4441 mentis
3343 4383 3660 4440 inﬁrmitas.

2270 4483 2445 4551 (Vers.
2479 4480 2556 4551 2.)
2585 4481 2969 4549 Quadraginta
2995 4482 3233 4549 (autem)
3261 4479 3399 4534 dies.

2268 4579 2352 4630 l5.
2403 4574 2696 4646 Mysticum
2746 4589 3049 4628 numerum
3092 4572 3482 4644 recognoscis.
3525 4572 3624 4625 Tot
3666 4563 3795 4621 enim

2195 4669 2396 4724 diebus
2446 4685 2619 4739 aquas
2664 4667 2848 4738 abyssi
2878 4666 3084 4722 effusas
3129 4684 3246 4721 esse
3296 4663 3607 4721 meministi
3650 4661 3794 4729 (Gem.

2196 4779 2287 4829 vn,
2348 4765 2453 4830 l2),
2498 4766 2554 4816 et
2601 4766 2685 4816 tot
2722 4760 2946 4832 jejunio
2996 4759 3221 4814 dierum
3275 4758 3629 4814 sanctificato
3678 4764 3792 4823 pro-

2196 4856 2369 4926 pheta
2413 4855 2497 4925 (lll
2543 4857 2692 4924 Reg.,
2742 4870 2853 4921 χιιι,
2909 4854 2984 4925 8),
3040 4853 3284 4908 refusam
3344 4852 3472 4907 coeli
3522 4842 3793 4904 serenioris

2197 4965 2316 5004 esse
2346 4949 2730 5003 clementiam.
2773 4948 2878 5002 Tot
2897 4946 3119 5018 jejunio
3155 4945 3383 5002 dierum
3420 4947 3638 4998 sanctus
3664 4939 3791 5005 Moy-

2197 5059 2284 5097 ses
2315 5042 2745 5114 perceptionem
2783 5040 2924 5111 legis
2961 5039 3205 5095 emeruit
3242 5037 3466 5108 (Ewod.,
3494 5049 3667 5099 xxxw,
3703 5028 3790 5095 28).

2195 5138 2297 5192 Tot
2334 5151 2515 5190 annos
2548 5134 2606 5189 in
2648 5150 2839 5191 eremo
2867 5132 3157 5189 constituti
3188 5138 3379 5203 patres
3409 5144 3614 5203 panem
3640 5136 3788 5193 ange-

2199 5233 2385 5286 lorum
2413 5235 2470 5284 et
2495 5228 2733 5284 caelestis
2767 5228 3050 5283 alimoniae
3083 5226 3331 5297 gratiam
3359 5221 3639 5280 consecuti
3664 5218 3790 5278 sunt,

2200 5341 2305 5379 nec
2351 5328 2660 5396 antequam
2707 5322 2927 5394 mystici
2970 5320 3194 5375 numeri
3235 5325 3465 5390 tempus
3506 5313 3789 5385 explerent,

2202 5422 2415 5473 terram
2469 5415 2925 5489 repromissionis
2973 5414 3186 5469 intrare
3236 5415 3568 5467 meruerunt
3612 5406 3788 5474 (Num.

2201 5584 2485 5636 chaaorum
2513 5585 2770 5649 pertinet,
2802 5584 2998 5634 tertius
3028 5582 3097 5633 ad
3118 5580 3573 5633 Sabellianorum.

2264 5657 2360 5719 (88)
2387 5638 2534 5707 Εάὶὶῖ
2564 5638 2790 5705 Amerb.
2818 5668 2948 5705 cum
2976 5654 3154 5705 tribus
3180 5665 3307 5704 mss.
3339 5652 3516 5714 iisque
3551 5638 3787 5719 recentio-

2203 5711 2277 5778 ris
2312 5711 2513 5779 manus
2546 5725 2751 5777 :Habes
2789 5725 3228 5791 quemadmodum
3265 5711 3585 5772 devotionem
3620 5711 3789 5763 dom-

2201 5813 2316 5850 mus
2343 5800 2608 5865 spiritum.
2637 5798 2790 5859 Msa,
2817 5796 3063 5863 spiritus,
3087 5799 3188 5847 etc.
