3972 6174
217 277 314 329 1701
1259 266 1718 323 EXPOSITIONIS
1760 269 1826 322 ΙΝ
1870 263 2093 324 LUCAM
2135 268 2260 323 LIB.
2310 267 2393 320 IV'.
3376 270 3508 322 1702

209 412 290 459 xiv,
319 394 410 462 32).
438 393 531 447 Tot
551 392 768 462 jejunio
795 391 1018 445 dierum
1055 392 1275 446 Domini
1313 392 1476 446 nobis
1506 392 1560 446 in
1595 393 1772 446 Evan-
1796 405 1852 477 Α
1875 393 2146 446 Dominus
2186 393 2263 446 sic
2303 391 2464 458 fallit,
2507 392 2569 443 ut
2611 389 2824 453 vincat;
2865 388 2945 442 sic
2982 388 3166 443 adhuc
3206 389 3394 456 vincit,
3433 397 3501 445 ut

209 488 384 559 gelium
419 486 639 556 patescit
678 485 984 555 ingressus.
1020 485 1179 538 Unde
1217 484 1264 538 si
1309 486 1435 555 quis
1481 484 1776 553 Evangelii
1873 486 2048 540 fallat.
2109 487 2245 538 Nam
2300 485 2345 538 si
2404 484 2772 538 convertisset
2830 487 3121 549 naturam,
3181 485 3502 553 prodiderat

207 581 418 652 gloriam,
450 579 801 648 fructumque
841 578 1268 632 resurrectionis
1319 581 1477 648 optat
1519 577 1771 649 adipisci,

207 673 386 744 mystici
408 671 597 742 jejunii
628 671 1030 742 praevaricator
1058 687 1178 725 esse
1215 687 1330 725 non
1377 671 1576 740 debet;
1621 672 1774 742 quod

202 770 324 821 etin
366 768 482 836 lege
519 766 752 836 Moyses,
797 769 854 819 et
901 765 958 818 in
1004 764 1312 835 Evangelio
1361 781 1463 818 suo
1519 765 1775 820 Christus

204 860 447 929 utriusque
477 858 816 912 Testamenti
852 857 1187 912 auctoritate
1231 857 1571 927 praescripsit
1610 856 1776 912 ﬁdele

201 953 382 1007 virtutis
408 967 524 1006 esse
553 955 864 1004 certamen.

257 1048 324 1099 l6.
364 1045 501 1108 Quid
543 1061 672 1098 vero
711 1044 816 1098 sibi
853 1045 977 1098 vult
1016 1044 1167 1115 quod
1204 1044 1550 1114 evangelista
1581 1044 1774 1098 Domi-

198 1155 304 1192 num
357 1138 586 1192 esurisse
641 1137 1002 1209 signiﬁcavit,
1064 1153 1194 1191 cum
1251 1137 1322 1190 de
1383 1137 1554 1207 Moysi
1607 1143 1776 1207 atque

196 1233 300 1286 Elite
322 1231 534 1302 jejunio
560 1231 700 1284 nihil
739 1231 852 1285 tale
882 1231 1176 1285 videamus
1211 1231 1578 1300 expressum?
1603 1231 1776 1284 Num-

193 1326 299 1395 quid
333 1325 619 1378 hominum
660 1325 939 1394 patientia
970 1325 1084 1378 Deo
1130 1324 1331 1378 fortior
1374 1324 1496 1378 est?
1535 1323 1640 1377 Sed
1683 1323 1778 1394 qui

191 1418 534 1488 quadraginta
555 1417 752 1472 diebus
780 1419 995 1471 esurire
1025 1433 1136 1471 non
1165 1417 1366 1488 potuit,
1391 1417 1638 1471 ostendit
1664 1434 1778 1471 non

1873 580 2222 633 Creatorem.
2257 578 2434 633 Medie
2463 594 2598 647 ergo
2624 575 2920 646 respondit
2948 575 3077 646 (90),
3107 576 3302 630 dicens
3333 595 3346 630 ε

1944 673 2119 742 (Vers.
2163 671 2240 741 4.)
2274 673 2548 740 Scriptum
2573 674 2653 724 est
2680 672 2938 739 quoniam
2974 684 3081 722 non
3123 671 3181 722 in
3213 685 3357 738 pane
3398 672 3508 724 solo

1873 768 2007 820 vivit
2040 766 2209 827 homo,
2239 765 2333 819 sed
2358 767 2418 818 in
2448 766 2595 818 omni
2616 763 2774 818 verbo
2800 766 2918 817 Dei.

1945 861 2034 912 20.
2065 857 2234 912 Vides
2269 874 2381 928 quo
2419 873 2626 929 genere
2657 861 2846 911 utatur
2887 838 3202 923 armorum,
3248 873 3360 926 quo
3402 857 3502 910 ho-

1879 951 2089 1006 minem
2131 969 2165 1005 a
2209 951 2473 1021 spiritalis
2527 949 2801 1022 nequitiae
2845 949 3165 1004 incursione
3211 950 3504 1015 defendat,

1876 1045 2142 1099 adversus
2172 1045 2531 1100 irritamenta
2559 1045 2707 1113 gulae
2738 1047 2960 1114 septum
2986 1049 3153 1114 atque
3176 1043 3460 1098 munitum
3480 1043 3507 1096 ?

1878 1140 1999 1193 Non
2029 1139 2184 1193 enim
2223 1138 2382 1209 quasi
2423 1139 2570 1192 Deus
2601 1139 2780 1192 utitur
2823 1141 3100 1208 potestate
3147 1137 3304 1208 (quid
3351 1138 3505 1190 enim

1881 1232 2018 1286 mihi
2049 1231 2360 1302 proderat),
2387 1231 2484 1286 sed
2512 1229 2674 1301 quasi
2715 1231 2884 1284 homo
2921 1247 3229 1285 commune
3269 1230 3374 1284 sibi
3415 1246 3507 1283 ar—

1879 1325 2043 1380 cessit
2067 1324 2371 1392 auxilium;
2391 1329 2474 1393 ut,
2501 1324 2707 1378 divinae
2725 1324 2930 1393 pabulo
2947 1323 3206 1378 lectionis
3226 1323 3503 1388 intentus,

1881 1418 2091 1472 famem
2130 1418 2378 1487 corporis
2409 1417 2680 1487 negligat,
2711 1417 3048 1471 alimentum
3079 1416 3232 1471 verbi
3268 1417 3506 1471 coelestis

190 1512 350 1565 cibum
385 1512 624 1566 esurisse
667 1528 726 1564 se
767 1510 1036 1581 corporis,
1083 1511 1177 1564 sed
1210 1510 1445 1564 salutem
1481 1527 1493 1564 :
1523 1511 1690 1563 simul
1723 1514 1782 1564 ut
1881 1511 2156 1582 acquirat.
2191 1511 2330 1566 Huic
2355 1511 2608 1565 intentus
2644 1511 2855 1581 Moyses
2888 1525 3097 1580 panem
3137 1526 3254 1563 non
3281 1509 3503 1564 deside-

191 1605 533 1658 adversarium
567 1605 868 1659 lacesseret
891 1605 1011 1673 jam
1037 1604 1358 1669 timentem,
1389 1603 1488 1673 qui
1528 1602 1778 1673 quadra-
1882 1606 2056 1670 ravit;
2103 1605 2234 1658 huic
2281 1605 2532 1658 intentus
2575 1604 2722 1658 Elias
2765 1604 2977 1657 famem
3026 1602 3343 1673 prolixioris
3391 1619 3506 1656 non

195 1698 322 1767 ginta
366 1697 586 1752 dierum
640 1698 823 1751 fuerat
865 1697 1086 1767 jejunio
1135 1696 1484 1750 vulneratus.
1539 1697 1604 1749 Et
1657 1696 1782 1750 ideo
1884 1697 2056 1751 sensit
2075 1696 2306 1766 jejunii.
2338 1699 2456 1752 Non
2495 1696 2652 1750 enim
2693 1701 2873 1766 potest
2907 1694 3007 1766 qui
3036 1695 3273 1749 verbum
3314 1695 3507 1765 sequi-

195 1793 346 1843 fames
389 1791 615 1845 Domini
659 1790 753 1860 pia
794 1791 948 1844 fraus
993 1794 1107 1853 est;
1155 1793 1216 1843 ut
1265 1790 1321 1842 in
1366 1806 1478 1859 quo
1527 1773 1860 1843 diabolusB
1885 1797 1997 1857 tur,
2031 1807 2235 1862 panem
2267 1791 2583 1846 desiderare
2613 1796 2931 1858 terrenum,
2965 1807 3094 1845 cum
3130 1790 3509 1845 substantiam

193 1885 381 1953 majora
406 1888 672 1937 metuens
695 1884 815 1954 jam
841 1883 1096 1948 cavebat,
1128 1883 1295 1937 famis
1327 1883 1510 1953 specie
1546 1883 1782 1936 laetatus
1882 1886 2045 1957 panis
2070 1885 2304 1940 caelestis
2338 1885 2604 1956 accipiat;
2635 1885 2902 1939 humanis
2941 1883 3097 1938 enim
3128 1884 3318 1938 divina
3357 1900 3508 1955 prai-

192 1978 274 2044 3'89)
299 1981 540 2031 tentaret
567 1983 632 2031 ut
667 1977 982 2045 hominem,
1014 1993 1088 2030 ne
1125 1974 1382 2048 1339
1409 1976 1784 2046 impediretur
1885 1983 2034 2033 stare
2069 1995 2184 2033 non
2215 1979 2453 2033 dubium
2481 1984 2587 2044 est,
2615 1981 2671 2032 et
2697 1977 3086 2048 corporalibus
3125 1977 3418 2048 spiritalia.
3447 1979 3514 2032 Et

190 2071 497 2140 triumphus.
558 2070 735 2125 Simul
789 2070 926 2124 illud
981 2070 1130 2123 disce
1185 2070 1517 2139 mysterium
1537 2113 1550 2134 ,
1604 2069 1781 2124 sancti
1884 2072 2013 2126 ideo
2039 2073 2137 2142 qui
2163 2071 2339 2126 vitam
2371 2088 2559 2125 veram
2589 2071 2894 2137 desiderat,
2924 2071 3085 2125 illum
3111 2087 3320 2142 panem
3348 2087 3516 2141 expe-

187 2163 388 2231 Spiritus
441 2179 592 2233 opus
651 2163 758 2217 hoc
813 2163 1068 2216 divinum
1123 2162 1299 2217 fuisse
1350 2162 1663 2232 judicium;
1719 2167 1782 2216 ut
1885 2168 1967 2219 tat
1995 2164 2128 2235 (9t),
2164 2165 2259 2234 qui
2291 2181 2394 2235 per
2429 2163 2813 2218 insensibilem
2853 2164 3226 2218 substantiam
3263 2165 3514 2218 humana

187 2257 481 2310 tentandum
515 2271 580 2310 se
607 2255 828 2310 diabolo
860 2256 1114 2312 Christus
1139 2255 1386 2310 offerret.
1885 2258 2056 2312 corda
2085 2258 2402 2313 conﬁrmat.
2429 2257 2608 2312 Simul
2640 2273 2769 2311 cum
2797 2257 2932 2311 dicit
2961 2274 2973 2311 :
3010 2259 3128 2312 Non
3156 2260 3214 2311 in
3237 2274 3381 2327 pane
3406 2259 3516 2312 solo

241 2351 398 2410 (Vers.
441 2353 519 2418 3.)
563 2352 712 2404 Dixit
747 2356 929 2404 autem
963 2351 1051 2402 illi
1084 2349 1376 2404 diabolus:
1405 2352 1466 2404 Si
1500 2351 1666 2404 Filius
1694 2352 1786 2404 Dei
1882 2355 2015 2406 vivit
2050 2352 2230 2413 homo,
2275 2351 2522 2405 ostendit
2567 2351 2856 2405 hominem
2901 2367 3019 2406 esse
3059 2356 3366 2418 tentatum,
3407 2352 3514 2406 hoc

185 2459 236 2506 es,
263 2443 338 2497 die
366 2444 550 2514 lapidi
574 2444 698 2496 huic
724 2448 785 2497 ut
812 2445 974 2512 panis
999 2446 1119 2511 ﬁat.
1885 2449 1989 2511 est,
2028 2445 2442 2515 susceptionem
2477 2448 2754 2511 nostram,
2793 2460 2905 2498 non
2944 2459 3104 2497 suam
3141 2444 3511 2498 divinitatem.

245 2550 314 2599 l7.
364 2547 491 2600 Tria
549 2545 832 2616 praecipue
883 2546 1155 2599 docemur
1202 2562 1323 2600 esse
1373 2547 1487 2600 tela
1541 2545 1781 2610 diaboli,
1958 2533 2216 2607 1340
2256 2538 2342 2588 2L
2383 2534 2654 2604 Sequitur
2688 2533 2984 2603 ,ἱειθιειηὶίεὲ
3026 2533 3201 2586 telum
3230 2531 3363 2603 (9'2).
3399 2547 3512 2603 quo

185 2640 355 2708 quibus
389 2640 459 2693 ad
497 2639 1024 2693 convulnerandam
1070 2643 1327 2693 mentem
1369 2640 1614 2693 hominis
1647 2656 1780 2692 con-
1888 2630 2130 2699 Ρΐοοὶὶνθ
2183 2628 2566 2698 delinquitur;
2615 2626 2746 2697 quia
2788 2627 2923 2680 dum
2967 2625 3226 2680 homines
3272 2626 3512 2696 gloriam

188 2733 337 2786 suevit
367 2733 590 2787 armari
616 2751 632 2801 ;
668 2734 816 2802 gulae
859 2750 1057 2798 unum,
1091 2732 1246 2786 aliud
1271 2733 1584 2802 jactanljgg,
1614 2732 1786 2786 ambi-
1886 2722 2104 2776 virtutis
2135 2738 2247 2774 sure
2269 2721 2485 2790 jactare
2528 2719 2875 2783 desiderant,
2908 2719 2978 2773 de
3021 2719 3144 2774 loco
3176 2720 3513 2774 meritorum

185 2825 322 2879 tionis
360 2827 623 2881 tertium.
658 2827 794 2880 Inde
824 2831 1016 2880 autem
1058 2826 1247 2896 coepit,
1290 2827 1439 2880 unde
1472 2827 1590 2896 jam
1633 2825 1782 2880 vicit.
1887 2832 2121 2870 suorum
2153 2819 2208 2869 et
2237 2813 2473 2867 statione
2502 2812 2803 2867 decedunt-

187 2918 237 2970 Et
268 2919 387 2973 ideo
431 2921 573 2974 inde
616 2919 825 2990 incipio
868 2920 925 2973 in
971 2919 1194 2974 Christo
1239 2920 1485 2986 vincere,
1529 2919 1679 2974 unde
1726 2920 1785 2972 in
1955 2909 2134 2980 (VeI‘S-
2180 2908 2259 2977 9-)
2285 2908 2539 2962 Ειάα-τὶτ
2574 2907 2751 2968 illum,
2788 2906 2991 2977 inquit,
3028 2910 3087 2961 ίη
3119 2907 3434 2968 Jerusalem.
3468 2913 3518 2960 et

184 3013 328 3066 Adam
368 3013 556 3068 victus
598 3029 754 3080 sum;
787 3012 832 3065 si
874 3019 1065 3066 tamen
1115 3012 1254 3067 mihi
1300 3012 1552 3067 Christus
1595 3013 1784 3084 imago

1904 3005 2080 3057 :tatuit
2110 3018 2228 3056 eum
2257 3017 2426 3071 supra
2451 3003 2685 3070 pinnam
2715 3001 2920 3069 templi.

185 3105 351 3172 Patris,
381 3106 614 3161 virtutis
656 3107 984 3177 exemplum
1022 3107 1110 3160 sit.
1158 3107 1447 3160 Discamus
1487 3105 1662 3177 igitur
1703 3123 1858 3177 ρει-ρ
1959 3100 2044 3150 ’22-
2102 3097 2180 3149 Ιῐει
2228 3101 2311 3148 est
2365 3093 2519 3149 enim
2572 3094 2878 3164 jaCtantia’
2937 3099 3002 3147 ut
3053 3093 3191 3147 dum
3243 3109 3301 3148 ὅθ
3356 3097 3517 3163 limat

182 3213 289 3252 vere
317 3201 531 3270 gulam,
569 3215 765 3254 cavere
808 3200 1114 3265 luxuriam,
1153 3199 1286 3270 quia
1322 3200 1500 3253 telum
1545 3206 1627 3254 est
1672 3186 1861 3254 dia-”
1889 3190 2278 3260 unusquisque.
2332 3189 2401 3242 ad
2462 3187 2665 3241 altiora
2717 3187 3136 3253 conscendere,
3191 3186 3518 3241 sublimium

182 3289 287 3345 boli.
318 3293 576 3364 Laqueus
603 3293 860 3347 tenditur
892 3309 1020 3347 cum
1063 3309 1265 3347 mensa
1310 3294 1514 3364 regalis
1553 3293 1786 3347 convivii
1891 3284 2260 3353 usurpatione
2287 3282 2569 3336 factorum
2597 3282 2666 3335 ad
2691 3281 2965 3336 inferiora
2996 3281 3278 3335 trudatur-

183 3393 530 3456 praeparatur,
557 3402 686 3457 quae
715 3386 1091 3440 constantiam
1120 3403 1270 3457 saepe
1300 3387 1507 3440 mentis
1533 3387 1785 3441 inclinat.
1960 3389 2026 3440 Et
2053 3386 2196 3440 dixit
2226 3386 2314 3439 illi
2342 3404 2358 3438 :
2387 3387 2448 3441 Si
2471 3385 2643 3440 Filius
2668 3387 2765 3439 Dei
2790 3401 2859 3447 es,
2894 3386 3048 3438 mitte
3078 3389 3126 3438 te
3155 3384 3418 3438 deorsum.

185 3477 282 3532 Non
308 3480 484 3534 solum
538 3481 692 3534 enim
735 3497 864 3534 cum
906 3479 1165 3534 audimus
1212 3480 1382 3535 verba
1424 3480 1652 3547 diaboli,
1694 3481 1788 3534 sed
1961 3492 2049 3542 23,
2097 3489 2236 3542 vere
2282 3487 2556 3541 diabolica
2606 3503 2734 3553 vox,
2787 3503 2914 3556 qua:
2967 3493 3221 3540 mentem
3275 3486 3523 3540 hominis

183 3573 325 3626 etiam
365 3591 496 3628 cum
555 3573 808 3627 videmus
853 3573 976 3643 ejus
1021 3574 1241 3644 copias,
1291 3575 1559 3644 laqueum
1608 3574 1790 3627 Vitare
1891 3582 1962 3635 de
1997 3581 2177 3652 gradu
2215 3581 2418 3634 altiore
2447 3581 2782 3634 meritorum
2811 3578 3168 3649 praecipitare
3206 3580 3518 3634 contendit.

183 3663 445 3721 debemus.
477 3667 735 3722 Didicisti
778 3667 954 3736 igitur
990 3667 1201 3722 diaboli
1233 3667 1434 3733 telum,
1471 3683 1633 3722 sume
1666 3684 1789 3721 scu—
1890 3675 2031 3740 Quid
2058 3677 2214 3728 enim
2242 3675 2360 3729 ta‘m
2387 3673 2683 3744 proprium
2714 3672 2962 3741 diabolo,
2994 3687 3162 3742 quam
3192 3672 3434 3728 suadere
3464 3676 3525 3726 ut

181 3763 283 3814 tum
307 3760 452 3828 ﬁdei,
488 3760 728 3816 loricam
754 3761 1127 3815 abstinentiae.
1892 3769 2280 3840 unusquisque
2311 3784 2372 3822 se
2402 3767 2588 3821 mittat
2616 3765 2920 3820 deorsum?

243 3865 315 3916 l8.
352 3865 459 3919 Sed
507 3863 649 3935 quid
694 3863 802 3917 sibi
844 3864 964 3917 vult
1010 3864 1133 3918 talis
1180 3865 1455 3919 sermonis
1498 3881 1730 3919 exorsus
1775 3881 1786 3917 :
1961 3873 2052 3926 24,
2097 3871 2251 3925 Disce
2296 3887 2432 3938 ergo
2465 3874 2522 3923 et
2558 3875 2618 3923 tu
2672 3868 2965 3922 diabolum
3004 3866 3244 3921 vincere.
3293 3869 3423 3938 Agit
3463 3873 3522 3924 te

182 3953 228 4007 Si
257 3958 420 4012 Filius
469 3961 574 4013 Dei
608 3973 690 4020 es;
740 3957 847 4011 ηίεί
892 3958 1025 4028 quia
1065 3963 1406 4028 cognoverat
1446 3958 1542 4012 Dei
1589 3958 1793 4029 Filium
1893 3966 2142 4036 spiritus,
2183 3980 2419 4034 sequere
2460 3963 2723 4034 spiritum
2761 3979 2773 4015 :
2806 3962 2929 4015 Non
2972 3964 3030 4014 te
3069 3966 3292 4015 revocet
3333 3962 3524 4015 carnis

182 4062 281 4102 esse
313 4051 668 4106 venturum?
705 4052 799 4105 sed
831 4051 1051 4105 venisse
1082 4067 1186 4122 per
1221 4052 1369 4105 hanc
1405 4051 1791 4106 inﬁrmitatem
1895 4059 2186 4122 illecebra;
2229 4056 2430 4128 spiritu
2477 4058 2678 4127 plenus
2725 4055 2876 4109 disce
2924 4060 3284 4110 contemnere
3326 4055 3520 4126 volup-

180 4145 400 4214 COl'poris
463 4161 585 4198 non
647 4145 906 4215 putabat.
977 4144 1144 4198 Aliud
1203 4145 1583 4214 explorantiS,
1639 4145 1794 4199 διίυά
1895 4158 2060 4207 tates.
2107 4152 2329 4222 Jejuna,
2387 4151 2432 4204 si
2492 4150 2572 4204 vis
2627 4150 2870 4204 vincere.
2919 4151 3281 4220 Consequens
3337 4154 3421 4202 est
3467 4154 3527 4203 ut

181 4238 422 4292 tentantis
455 4241 582 4303 est;
627 4241 682 4291 et
715 4239 826 4292 Deo
865 4255 922 4291 se
963 4239 1258 4308 profitetur
1301 4238 1551 4305 credere,
1593 4246 1649 4293 et
1687 4239 1791 4293 ho-

184 4329 298 4383 mini
325 4337 575 4386 conatur
611 4331 870 4386 illudere.

1899 4263 1996 4317 per
2037 4245 2332 4300 hominem
2372 4244 2624 4298 diabolus
2667 4250 2723 4298 te
2762 4247 2924 4313 putet
2968 4259 3087 4298 esse
3135 4242 3474 4297 tentandum
3508 4258 3521 4297 :

1896 4340 2146 4393 Christus
2183 4339 2346 4410 quasi
2377 4337 2594 4405 fortior,
2626 4338 2765 4391 facie
2807 4337 2880 4390 ad
2916 4338 3118 4390 faciem
3162 4340 3434 4404 tentatur,
3464 4339 3523 4388 tu

245 4435 317 4485 19.
351 4433 459 4487 Sed
501 4433 633 4487 vide
678 4450 837 4488 arma
874 4435 1081 4491 Christi
1121 4435 1326 4506 quibus
1365 4435 1487 4504 tibi,
1539 4452 1652 4490 non
1693 4435 1855 4506 sibi_
1898 4450 2000 4504 per
2046 4433 2356 4487 hominem.
2407 4433 2470 4486 Et
2515 4431 2650 4485 illud
2703 4429 2911 4484 diaboli
2965 4429 3198 4482 verbum
3243 4432 3346 4494 est,
3395 4444 3524 4482 cum

182 4525 309 4578 vicit.
338 4528 481 4580 Nam
511 4527 611 4597 qui
640 4527 938 4597 majestate
963 4545 1059 4581 sua
1080 4502 1294 4598 lapides
1315 4529 1372 4582 in
1401 4502 1604 4599 panem
1631 4545 1795 4599 posse
1815 4502 1875 4574 D
1897 4502 2029 4582 dicit
2059 4527 2234 4580 homo
2266 4543 2279 4579 :
2314 4525 2497 4580 Fortis
2527 4541 2606 4591 es,
2637 4523 2919 4577 manduca
2959 4528 3014 4576 et
3048 4521 3199 4587 bibe,
3239 4528 3293 4575 et
3327 4520 3525 4574 similis

185 4620 414 4673 converti
466 4623 689 4674 naturae
737 4621 970 4675 alterius
1010 4621 1394 4675 transfusione
1440 4622 1793 4687 monstravit,

184 4711 325 4766 docet
352 4714 501 4766 nihil
535 4713 636 4767 tibi
662 4730 766 4784 pro
795 4713 1004 4768 diaboli
1030 4714 1284 4781 arbitrio,
1314 4731 1417 4768 nec
1444 4715 1797 4769 declarandae

186 4803 384 4859 Virtutis
425 4806 915 4877 contemplatione
956 4807 1302 4862 faciendum.
1353 4809 1532 4863 Simul
1579 4808 1635 4862 in
1680 4809 1799 4878 ipsa

184 4900 484 4955 tentatione
533 4899 810 4955 artiﬁcem
859 4901 1072 4955 diaboli
1124 4901 1276 4955 disce
1333 4901 1657 4956 versutiam.
1705 4901 1797 4956 Sic

187 4992 363 5060 tentet,
395 4997 463 5047 ut
489 4993 768 5064 exploret;
809 4993 885 5047 sic
925 4994 1204 5064 explorat,
1237 4997 1302 5049 ut
1342 4997 1541 5050 tentet.
1589 4995 1799 5049 Contra

238 5183 325 5243 (89)
371 5183 503 5234 Mss.
563 5186 793 5250 aliquot,
851 5185 1005 5247 famis
1057 5187 1224 5250 specie
1277 5187 1536 5249 jactatus.
1605 5186 1800 5238 Melius

186 5254 418 5322 nonnulli
467 5256 581 5318 alii,
627 5257 846 5306 laetatus.
904 5256 1125 5320 Optime
1183 5261 1369 5307 autem
1421 5257 1621 5322 reliqui
1671 5272 1798 5308 cum

187 5320 318 5392 edit.,
351 5323 594 5376 laetatus.
626 5327 695 5377 Et
723 5332 846 5391 post
875 5340 1052 5391 pauca
1093 5327 1226 5378 edit.
1255 5329 1378 5378 Era.
1408 5332 1463 5379 et
1500 5320 1637 5392 seq,
1669 5341 1799 5378 cum

186 5387 384 5462 duobus
430 5409 586 5459 mss.,
633 5387 894 5461 Spiritus-
919 5411 1071 5462 opus,
1116 5398 1211 5449 hoc
1253 5406 1346 5460 est,
1389 5387 1654 5458 divinum,
1693 5404 1798 5450 etc.

190 5459 312 5514 Edit.
341 5469 567 5519 Amerb.
595 5459 723 5520 cum
753 5470 877 5520 aliis
906 5459 1122 5534 scriptis
1149 5471 1270 5521 cod.
1305 5477 1367 5521 ut
1393 5473 1448 5521 in
1479 5477 1650 5522 textu.

242 5535 325 5606 ιω)
376 5537 525 5587 Edit.
571 5540 824 5604 quadam
870 5541 1060 5602 Paris,
1109 5541 1295 5590 Merito
1341 5554 1464 5604 ergo
1509 5543 1797 5606 respondit.

194 5602 308 5655 Alia
337 5611 390 5655 et
416 5602 606 5659 cuncti
643 5625 757 5660 mss
817 5613 1182 5673 commodius,
1217 5602 1408 5670 Medic,
1445 5602 1660 5673 etc.,'id
1697 5618 1800 5672 est,

194 5680 584 5738 responsionem
612 5684 694 5732 sic
717 5683 1060 5746 temperavit,
1095 5687 1159 5732 ut
1183 5687 1237 5733 et
1281 5683 1565 5732 diabolum
1613 5684 1802 5734 vince-

197 5751 276 5818 ret,
301 5762 400 5800 nec
425 5765 583 5802 suam
611 5755 842 5818 aperiret
874 5755 1240 5805 divinitatem.

245 5817 329 5880 t9!)
358 5821 488 5871 Mss.
534 5817 670 5876 bene
709 5826 892 5887 multi,
921 5825 1072 5876 illum
1109 5839 1300 5890 panem
1337 5829 1620 5890 exspectat,
1660 5839 1802 5874 non-

1900 4637 2066 4674 mane
2119 4622 2249 4689 ('93).
2304 4619 2429 4672 Noli
2479 4622 2532 4671 te
2587 4617 2687 4670 tibi
2744 4616 3008 4683 credere,
3062 4632 3175 4669 non
3232 4615 3527 4670 erubescas

1900 4730 2070 4784 egere
2113 4712 2420 4783 prasidiis,
2470 4711 2676 4781 quibus
2723 4726 2837 4764 non
2884 4709 3090 4780 egebat
3137 4709 3424 4775 Christus;
3472 4715 3528 4764 et

1901 4810 2088 4861 tamen
2135 4823 2204 4860 ea
2243 4822 2361 4860 non
2403 4805 2747 4876 negligebat,
2784 4808 2845 4857 ut
2874 4809 2926 4858 te
2968 4803 3220 4869 doceret,
3269 4803 3464 4857 dicens
3508 4820 3521 4856 :

1904 4921 1929 4947 «
1960 4901 2157 4953 Cavete
2199 4916 2269 4953 ne
2305 4901 2575 4968 gravetur
2613 4914 2712 4952 cor
2746 4903 2998 4952 vestrum
3044 4898 3100 4950 in
3145 4897 3272 4951 vino
3309 4903 3363 4949 et
3402 4912 3525 4949 cra-

1902 4994 2034 5064 pula
2067 4994 2235 5061 (Luc.,
2266 5009 2377 5060 xxx,
2407 4993 2513 5062 34).
2550 5013 2576 5041 ii
2608 4993 2727 5047 Non
2767 4991 2993 5046 erubuit
3024 4990 3243 5058 Paulus,
3271 4989 3367 5060 qui
3396 4989 3475 5044 ait
3510 5005 3523 5042 :

1901 5185 2125 5245 nulli...,
2158 5189 2424 5248 exspectet.
2457 5183 2587 5246 Alii,
2617 5198 2680 5233 ac
2706 5183 2898 5244 edit...,
2923 5186 3148 5246 expetat.

1963 5257 2058 5320 (92)
2093 5257 2247 5307 Rom.
2282 5255 2432 5317 edit.,
2463 5257 2564 5306 Hoc
2607 5256 2814 5319 quidem
2855 5259 2927 5303 est
2950 5253 3249 5316 jactantiz,
3290 5257 3348 5303 ut
3383 5251 3525 5312 dum,

1902 5333 2008 5379 etc.

1953 5401 2062 5464 (93)
2107 5399 2314 5450 Omnes
2362 5399 2491 5450 edit.
2537 5413 2602 5449 ac
2647 5412 2779 5448 mss.
2841 5395 3113 5456 nonnulli,
3163 5409 3278 5445 cum
3329 5395 3455 5446 dicit
3511 5413 3528 5445 .-

1903 5473 2080 5527 Homo,
2106 5470 2258 5532 fortis
2288 5476 2411 5528 esto,
2438 5475 2482 5519 et
2511 5469 2700 5520 similis
2730 5482 2918 5530 mane;
2947 5468 3160 5517 ultimae
3187 5468 3354 5516 Paris.
3377 5466 3528 5528 edit.,

1902 5548 1948 5591 et
1971 5544 2018 5592 si
2043 5541 2201 5591 malis
2225 5555 2394 5590 mam.
2427 5541 2533 5590 Sed
2561 5553 2690 5590 mss.
2721 5541 2790 5589 de
2821 5539 3035 5589 meliori
3074 5541 3203 5588 nota
3241 5541 3294 5586 et
3333 5539 3531 5602 majori

1903 5627 2153 5674 numero,
2187 5627 2303 5662 cum
2336 5613 2462 5662 dicit
2487 5611 2636 5661 homo
2668 5627 2684 5659 .·
2716 5611 2888 5660 Fortis
2925 5624 2996 5668 es,
3031 5613 3133 5660 etc.
3162 5611 3391 5668 Melius;
3421 5610 3530 5660 hoc

1903 5687 2049 5736 enim
2097 5684 2329 5734 refertur
2368 5682 2435 5731 ad
2477 5683 2733 5746 superius
2783 5681 2918 5731 illud
2951 5695 2962 5728 :
2995 5681 3326 5745 Consequens
3365 5686 3436 5730 est
3476 5687 3532 5731 ut

1902 5769 1997 5820 per
2022 5756 2280 5805 hominem
2305 5753 2550 5803 diabolus
2581 5759 2626 5802 te
2651 5759 2792 5817 putet
2822 5766 2928 5804 esse
2955 5752 3280 5802 tentandum.
