3972 6174
28 5766 49 5873 Ε

405 289 410 294 .
519 251 653 304 1703
826 286 835 291 .
1981 242 2035 303 s.
2076 210 2393 304 auenosu
2512 304 2517 307 ,
3691 258 3797 313 1704

519 395 546 423 ‹‹
584 374 643 428 Si
682 376 867 442 certo,
909 391 1025 430 non
1063 380 1125 430 ut
1163 388 1296 430 aera
1329 375 1552 430 caadens
1588 376 1631 445 (Ι
1668 375 1811 438 Cor.,
1849 392 1922 443 1x,
1967 377 2075 446 26).
2113 395 2140 422 ››
2168 384 2226 456 Α
2252 375 2426 428 Unum
2463 370 2715 427 obtendit
2753 370 3027 438 diabolus,
3065 386 3299 426 occurre
3338 370 3389 425 ei
3425 371 3545 443 quia
3576 376 3803 448 scriptum

513 472 660 522 Aera
702 468 936 538 quidem
982 484 1099 523 non
1143 466 1400 524 caedebat
1444 471 1773 541 Apostolus;
1817 469 1917 523 sed
1960 475 2143 541 potes-

505 564 650 617 tates
676 562 825 616 aeris
850 561 1208 617 verberabat.
1239 583 1266 611 «
1294 563 1401 619 Sed
1427 563 1667 634 castigo,
1699 564 1910 633 inquit,
1940 579 2143 633 corpus

514 671 727 723 meum,
760 659 818 710 et
845 656 1100 711 servituti
1138 656 1363 727 redigo;
1396 673 1467 711 ne
1505 658 1649 711 forte
1680 673 1810 711 cum
1838 656 1961 711 aliis
1990 673 2139 727 prae-

516 748 843 815 dicaverim,
873 748 995 819 ipse
1022 749 1301 820 reprobus
1327 749 1585 805 inveniar
1609 750 1793 819 (lbid.,
1825 751 1935 820 27).
1967 772 1994 798 ››

586 846 673 896 25.
702 843 881 897 Simul
919 843 1308 898 inﬁrmitatem
1348 860 1508 898 suam
1550 844 1801 898 diabolus
1841 843 2143 898 malitiam-

512 952 621 1006 que
650 935 940 1006 designat;
979 937 1114 1007 quia
1153 937 1373 991 nemini
1412 940 1603 1008 potest
1642 952 1846 991 nocere
1886 937 2141 993 diabolus

512 1030 643 1101 (94),
674 1028 783 1082 nisi
809 1029 929 1099 ipse
972 1046 1031 1083 se
1069 1030 1305 1084 miserit.
1336 1031 1476 1084 Nam
1517 1031 1615 1101 qui
1657 1030 1867 1084 relictis
1907 1031 2141 1086 coelesti-

512 1123 638 1188 bus,
669 1121 832 1193 eligit
855 1128 1106 1193 terrena,
1139 1123 1522 1178 voluntarium
1554 1124 1839 1195 quoddam
1874 1125 2135 1195 praecipi-

513 1216 656 1269 tium
698 1216 825 1270 vitae
862 1215 1104 1270 labentis
1138 1216 1396 1271 incurrit.
1432 1217 1609 1272 Simul
1642 1217 1915 1289 quoniam
1959 1219 2139 1273 telum

514 1326 679 1363 suum
719 1308 971 1363 diabolus
1006 1309 1144 1363 vidit
1182 1309 1471 1377 obtusum,
1505 1310 1603 1381 qui
1633 1326 1831 1365 omnes
1873 1311 2138 1366 homines

511 1402 756 1472 propriae
813 1401 1134 1471 subjecerat
1192 1403 1492 1473 potestati,
1554 1403 1681 1474 plus
1738 1403 1904 1474 coepit
1964 1420 2138 1475 quam

512 1494 807 1548 hominem
854 1494 1129 1563 judicare.
1185 1495 1296 1551 Sed
1346 1495 1621 1551 Dominus
1673 1513 1868 1551 rursus
1917 1514 2021 1552 nec
2072 1514 2138 1552 ea

511 1587 742 1657 quidem
778 1603 906 1658 quas
932 1588 1002 1642 de
1029 1605 1087 1642 se
1117 1588 1340 1644 fuerant
1368 1590 1703 1661 prophetata
1737 1589 1811 1643 ad
1837 1589 2136 1645 arbitrium

506 1680 714 1735 diaboli
754 1681 977 1752 putavit
1018 1697 1139 1737 esse
1180 1682 1467 1751 facienda;
1509 1683 1602 1737 sed
1650 1682 1961 1738 divinitatis
2004 1700 2136 1755 pro-

2247 470 2371 520 est:
2415 485 2442 517 «
2480 466 2600 537 Ego
2642 470 2700 521 et
2736 466 2901 520 Pater
2942 481 3120 521 unum
3162 480 3433 519 sumus.»
3462 466 3524 520 Et
3565 467 3804 542 distingue

2247 561 2449 623 Unum,
2492 575 2563 615 ne
2602 563 2944 630 potestatem
2981 558 3295 626 discernes;
3340 556 3601 630 distingue
3640 564 3803 628 Unum,

2243 670 2314 708 ne
2340 654 2565 707 Patrem
2593 654 2912 724 Filiumque
2939 669 3197 707 secernas
3222 650 3359 723 (97).

2315 747 2490 814 (Vers.
2524 749 2599 814 5.)
2631 750 2702 802 Et
2732 748 2893 802 duxit
2918 748 3077 801 illum
3107 746 3355 799 diabolus
3383 747 3565 801 iterum
3598 750 3652 802 in
3684 765 3808 805 mon-

2242 843 2344 894 tem
2393 842 2741 905 altissimum,
2786 846 2836 895 et
2879 840 3112 895 ostendit
3154 839 3242 893 illi
3280 841 3458 894 omnia
3498 856 3650 910 regna
3694 844 3809 899 orbis

2243 939 2398 988 terra
2426 936 2483 988 in
2510 940 2772 989 momento
2804 936 3077 1003 temporis.

2309 1030 2397 1081 28.
2458 1028 2606 1082 Bene
2658 1027 2719 1081 in
2776 1032 3067 1081 momento
3128 1024 3401 1096 temporis
3451 1027 3714 1081 saecularia
3767 1032 3813 1082 et

2238 1125 2465 1174 terrena
2518 1124 2927 1175 monstrantur.
2984 1121 3105 1174 Non
3159 1120 3313 1174 enim
3369 1122 3479 1173 tam
3524 1125 3814 1191 conspectus

2238 1213 2494 1268 celeritas
2532 1213 2836 1281 indicatur,
2878 1229 3053 1284 quam
3092 1212 3315 1267 caducae
3365 1212 3625 1282 fragilitas
3658 1217 3812 1284 potes-

2236 1306 2366 1362 tatis
2422 1306 2793 1377 exprimitur;
2848 1306 2907 1360 in
2960 1311 3254 1361 momento
3306 1305 3457 1359 enim
3511 1309 3693 1359 cuncta
3739 1306 3819 1359 illa

2237 1402 2609 1471 praetereunt,
2652 1406 2708 1455 et
2744 1415 2895 1470 saepe
2935 1400 3118 1454 honor
3156 1398 3347 1453 saeculi
3390 1397 3507 1452 abit
3549 1403 3817 1469 antequam

2237 1493 2476 1547 venerit.
2509 1494 2652 1557 Quid
2693 1493 2847 1548 enim
2885 1493 3074 1547 saeculi
3116 1496 3303 1564 potest
3339 1508 3460 1547 esse
3501 1491 3818 1559 diuturnum,

2237 1604 2365 1641 cum
2410 1586 2530 1657 ipsa
2574 1587 2843 1641 diuturna
2880 1602 2994 1641 non
3025 1586 3137 1641 sint
3170 1585 3413 1641 saecula?
3453 1586 3717 1640 Docemur
3746 1585 3821 1638 hic

2237 1679 2419 1736 inanis
2474 1680 2804 1735 ambitionis
2853 1680 3027 1735 ﬂabra
3080 1679 3409 1751 despicere,
3463 1679 3611 1750 quod
3664 1678 3824 1732 omnis

506 1775 646 1845 prie:
676 1751 1008 1829 auctoritate
1038 1781 1275 1843 servata,
1306 1777 1567 1830 versutia:
1608 1776 1730 1847 ejus
1770 1751 2037 1845 occurrit,
2077 1782 2137 1832 ut
2156 1751 2211 1821 B
2236 1775 2482 1847 dignitas
2509 1774 2791 1829 saecularis
2822 1773 3115 1843 diabolicae
3139 1772 3432 1843 subjaceat
3454 1772 3696 1844 potestati
3723 1787 3734 1824 :
3762 1770 3819 1823 ad

508 1868 640 1938 quia
681 1866 1105 1938 Scripturarum
1148 1870 1477 1940 exemplum
1515 1870 1918 1941 praetenderat,
1950 1870 2135 1942 Scrip-

510 1964 771 2014 turarum
818 1960 1141 2015 vinceretur
1177 1963 1473 2033 exemplis.
1522 1965 1770 2018 Potestas
1816 1964 1969 2019 enim
2022 1965 2134 2018 Deo

507 2054 752 2118 vincere,
784 2054 881 2124 qui
916 2053 1055 2108 mihi
1078 2054 1253 2109 vincit
1287 2056 1418 2127 (95).

579 2150 665 2201 26.
714 2146 871 2201 Disce
912 2146 1008 2201 hic
1046 2164 1273 2219 quoque
1318 2149 1451 2220 quia
1492 2151 1726 2206 Satanas
1767 2151 2137 2222 transﬁgurat

504 2255 563 2295 se
588 2240 740 2295 velut
765 2240 1033 2311 angelum
1059 2240 1219 2310 lucis,
1258 2245 1315 2296 et
1340 2242 1410 2297 de
1436 2243 1737 2314 Scripturis
1765 2244 1900 2314 ipsis
1927 2244 2135 2299 divinis

504 2348 655 2406 saepe
696 2333 963 2405 laqueum
992 2334 1259 2389 ﬁdelibus
1297 2340 1476 2407 parat.
1514 2336 1602 2392 Sic
1641 2337 1941 2392 haereticos
1978 2338 2131 2405 facit,

504 2428 582 2482 sic
635 2426 905 2483 eviscerat
954 2427 1158 2496 ﬁdem,
1219 2414 1297 2482 sic
1345 2430 1479 2499 jura
1536 2430 1759 2500 pietatis
1814 2430 2128 2502 impugnat.

506 2521 653 2591 Ergo
680 2537 796 2575 non
824 2527 881 2576 te
909 2521 1094 2592 capiat
1119 2522 1446 2591 haereticus;
1481 2523 1612 2594 quia
1644 2527 1830 2595 potest
1858 2523 1929 2579 de
1956 2524 2133 2595 Scrip-

503 2614 645 2668 turis
694 2615 882 2686 aliqua
933 2614 1197 2685 exempla
1251 2615 1527 2685 proferre,
1588 2632 1693 2671 nec
1745 2616 1850 2671 sibi
1904 2623 2133 2687 arroget

501 2707 651 2778 quod
678 2707 874 2762 doctus
901 2706 1143 2762 videtur.
1179 2708 1362 2762 Utitur
1395 2712 1449 2762 et
1488 2708 1750 2763 diabolus
1787 2709 2131 2765 testimoniis

499 2800 939 2871 Scripturarum,
962 2816 1076 2855 non
1099 2805 1160 2855 ut
1186 2800 1403 2868 doceat,
1423 2801 1517 2856 sed
1538 2805 1602 2856 ut
1620 2802 2047 2857 circumscribat
2074 2810 2128 2857 et

496 2892 677 2949 fallat.
714 2894 987 2966 Cognovit
1014 2894 1267 2965 aliquem
1297 2897 1581 2949 attentum
1626 2896 1908 2967 religioni,
1947 2897 2125 2951 virtu-

496 2987 645 3042 tibus
675 2987 914 3054 clarum,
956 2987 1132 3058 signis
1163 2993 1219 3041 et
1249 2988 1516 3059 operibus
1543 2994 1990 3059 praepotentem;
2014 2990 2130 3059 jac-

2235 1885 2403 1923 usum
2431 1868 2667 1939 fragilis,
2695 1874 2751 1923 et
2776 1867 2959 1922 inanis
2983 1867 3054 1922 ad
3084 1868 3354 1922 fructum.

2305 1966 2395 2017 29.
2426 1962 2534 2017 Sed
2562 1960 2853 2033 quomodo
2879 1960 2971 2015 hic
2998 1960 3097 2016 dat
3128 1959 3386 2015 diabolus
3415 1962 3752 2030 potestatem,
3780 1961 3827 2011 et

2236 2056 2366 2111 alibi
2397 2055 2625 2127 legitur,
2652 2054 2789 2126 quia
2808 2076 2836 2104 «
2861 2054 3058 2109 Omnis
3082 2056 3334 2125 potestas
3362 2070 3395 2107 a
3414 2054 3529 2107 Deo
3553 2056 3635 2107 est
3659 2053 3824 2119 (Rom.,

2235 2167 2349 2218 xui,
2404 2151 2495 2218 i)?
2540 2171 2568 2199 »
2616 2148 2907 2220 Numquid
2955 2151 3138 2219 potest
3183 2148 3310 2218 quis
3359 2146 3576 2201 duobus
3616 2143 3827 2200 dominis

2234 2242 2463 2312 servire,
2515 2249 2612 2298 aut
2646 2259 2680 2297 a
2708 2242 2928 2297 duobus
2963 2241 3217 2312 accipere
3264 2239 3644 2311 potestatem?
3682 2238 3830 2292 Num-

2236 2337 2371 2407 quid
2409 2352 2544 2407 ergo
2584 2335 2932 2390 contrarium
2973 2335 3097 2389 est?
3126 2334 3383 2389 Minime.
3423 2332 3533 2389 Sed
3562 2332 3680 2385 vide
3716 2330 3828 2400 quia

2233 2430 2424 2485 omnia
2448 2446 2478 2483 a
2509 2430 2651 2495 Deo;
2684 2445 2871 2500 neque
2905 2428 3060 2483 enim
3098 2428 3221 2482 sine
3248 2429 3364 2483 Deo
3407 2425 3681 2491 mundus;
3721 2422 3832 2494 quia

2235 2547 2262 2573 ‹‹
2296 2526 2361 2578 Et
2404 2523 2650 2578 mundus
2685 2538 2788 2593 per
2816 2522 3008 2593 ipsum
3049 2522 3230 2576 factus
3260 2524 3349 2574 est
3381 2521 3580 2588 (Joan.,
3608 2534 3645 2584 ι,
3676 2519 3779 2583 10);
3806 2537 3828 2563 υ

2231 2618 2326 2673 sed
2356 2617 2487 2672 licet
2520 2634 2554 2671 a
2582 2617 2697 2671 Deo
2738 2616 2916 2670 factus
2952 2616 3042 2683 sit,
3082 2621 3276 2670 tamen
3320 2630 3497 2685 opera
3536 2613 3653 2683 ejus
3688 2610 3832 2675 mala,

2231 2711 2366 2783 quia
2409 2710 2679 2765 saeculum
2719 2710 2776 2763 in
2824 2709 3076 2779 maligno
3124 2708 3374 2779 positum
3426 2710 3514 2761 est
3555 2708 3742 2774 (Joan.,
3786 2717 3829 2769 ν,

2235 2807 2351 2873 19);
2381 2807 2438 2857 et
2464 2803 2747 2858 ordinatio
2776 2802 2973 2857 mundi
3002 2819 3035 2856 a
3055 2804 3185 2869 Deo,
3211 2817 3388 2872 opera
3415 2798 3616 2855 mundi
3635 2814 3667 2852 a
3685 2796 3830 2851 malo.

2232 2900 2311 2951 Ita
2337 2897 2509 2951 etiam
2534 2912 2565 2950 a
2592 2899 2706 2952 Deo
2743 2898 3091 2968 potestatum
3135 2893 3423 2950 ordinatio
3439 2911 3456 2963 ;
3487 2909 3521 2947 a
3546 2891 3695 2945 malo
3727 2904 3831 2942 am-

2228 2990 2369 3045 bitio
2414 2990 2727 3062 potestatis.
2774 2988 3051 3060 Denique,
3100 3010 3127 3037 «
3174 2989 3297 3042 Non
3345 2991 3453 3053 est,
3500 2984 3700 3057 inquit,
3744 2997 3833 3053 po-

498 3081 692 3135 tentiae
732 3080 914 3135 tendit
956 3081 1242 3151 laqueum,
1274 3086 1334 3135 ut
1369 3081 1703 3151 hujusmodi
1744 3082 1927 3136 virum
1969 3083 2128 3138 inﬂet
2147 3112 2201 3185 Ο
2226 3088 2398 3139 testas
2428 3084 2533 3138 nisi
2563 3100 2598 3139 a
2625 3084 2770 3151 Deo;
2799 3099 2925 3154 qum
2958 3087 3151 3185 autem
3190 3084 3346 3151 sunt,
3373 3098 3408 3185 a
3436 3082 3562 3185 Deo.
3584 3076 3832 3185 ordinate:

494 3178 755 3241 tumore;
803 3171 1048 3245 1341
1104 3189 1218 3243 quo
1263 3174 1461 3243 pietati
1504 3189 1561 3228 se
1610 3191 1722 3229 non
1769 3175 1983 3242 credat,
2029 3177 2124 3231 sed
2153 3171 2200 3185 ν
2227 3183 2358 3232 sunt
2395 3180 2587 3245 (Rom.,
2619 3193 2739 3243 xm,
2773 3179 2854 3243 i);
2887 3196 2914 3225 »
2948 3192 3065 3230 non
3094 3175 3263 3244 datm,
3300 3174 3402 3230 sed
3444 3172 3745 3238 ordinatae;
3769 3173 3832 3233 et,

495 3266 691 3321 credat
707 3265 1020 3334 jactantiaa,
1052 3282 1157 3319 nec
1186 3267 1298 3320 Deo
1336 3266 1585 3338 deputet,
1615 3268 1708 3323 sed
1738 3268 1844 3322 sibi
1869 3274 2118 3342 arroget.

495 3360 739 3431 Ideoque
768 3359 1004 3430 apostoli
1036 3376 1150 3414 non
1180 3360 1237 3414 in
1271 3377 1396 3429 suo,
1427 3361 1528 3415 sed
1568 3361 1625 3415 in
1654 3362 1857 3417 Christi
1893 3364 2124 3420 nomine

497 3453 795 3507 daemoniis
845 3454 1227 3525 imperabant;
1288 3471 1358 3509 ne
1413 3471 1685 3527 arrogare
1747 3456 1850 3511 sibi
1907 3457 2123 3529 aliquid

494 3546 839 3603 viderentur.
886 3548 972 3603 Sic
1018 3550 1215 3602 Petrus
1257 3550 1634 3620 paralyticum
1677 3555 1839 3606 curat
1882 3550 1995 3622 (96)
2042 3552 2124 3606 di-

493 3655 628 3698 cens
661 3658 676 3695 :
707 3663 733 3690 α
769 3643 831 3694 ln
861 3641 1089 3695 nomine
1119 3643 1249 3696 Jesu
1278 3642 1547 3697 Nazareni
1586 3659 1777 3715 surge,
1808 3650 1864 3699 et
1888 3645 2123 3700 ambula

490 3736 656 3805 (Act.,
685 3751 759 3804 lii,
791 3736 862 3805 6).
893 3755 919 3785 ››
953 3735 1110 3788 Disce
1144 3735 1317 3790 etiam
1355 3736 1424 3790 de
1457 3737 1628 3791 Paulo
1660 3737 2001 3807 jactantiam
2040 3739 2122 3793 fu-

492 3844 649 3900 gere.
699 3849 723 3879 a
774 3827 919 3897 Scio,
972 3828 1174 3899 inquit,
1233 3829 1549 3896 hominem,
1601 3830 1714 3885 sive
1760 3831 1818 3885 in
1862 3848 2116 3903 corpore,

486 3923 601 3977 sive
631 3927 787 3977 extra
823 3938 1045 3992 corpus,
1085 3923 1295 3989 nescio,
1334 3925 1481 3978 Deus
1519 3924 1641 3991 scit,
1674 3924 1947 3996 quoniam
1986 3943 2116 3997 rap-

488 4019 581 4071 tus
622 4019 706 4070 est
748 4015 806 4069 in
851 4015 1195 4085 paradisum,
1236 4020 1292 4070 et
1332 4016 1548 4071 audivit
1582 4018 1756 4073 verba
1793 4018 2115 4089 ineffabilia,

489 4126 618 4181 quas
645 4124 760 4163 non
786 4108 922 4161 licet
950 4108 1169 4163 homini
1192 4110 1366 4181 loqui.
1397 4111 1502 4165 Pro
1539 4110 1861 4182 hujusmodi
1901 4114 2115 4183 gloria-

488 4203 614 4270 bor,
638 4218 744 4273 pro
773 4217 867 4255 me
893 4207 1085 4255 autem
1114 4219 1228 4255 non
1258 4202 1562 4274 gloriabor,
1589 4204 1696 4259 nisi
1725 4205 1784 4259 in
1815 4205 2114 4261 inﬁrmita-

486 4295 636 4350 tibus
665 4294 808 4350 meis
834 4294 901 4363 (Il
933 4296 1076 4355 Cor.,
1112 4310 1207 4362 xu,
1241 4295 1374 4365 3-5).
1409 4318 1435 4346 ››

555 4392 641 4445 27.
679 4391 823 4460 Ergo
851 4394 908 4443 et
933 4388 1024 4443 hic
1063 4388 1344 4455 diabolus,
1378 4389 1645 4461 quoniam
1680 4391 1887 4446 fortem
1919 4393 2112 4462 sensit,

2226 3293 2253 3320 α
2305 3271 2409 3335 Qui
2460 3271 2665 3325 resistit
2721 3269 3013 3341 potestati,
3067 3268 3182 3336 Dei,
3238 3267 3464 3339 inquit,
3515 3258 3834 3320 ordinationi

2224 3364 2431 3419 resistit
2471 3365 2656 3429 (1bid.,
2685 3366 2761 3431 2).
2799 3385 2825 3413 ››
2858 3363 2958 3418 Hic
2995 3376 3225 3434 quoque
3262 3361 3401 3417 licet
3438 3360 3590 3417 dicat
3626 3358 3752 3413 dare
3786 3369 3835 3409 se

2224 3458 2482 3512 diabolus
2523 3461 2886 3527 potestatem,
2915 3457 3109 3512 omnia
3141 3459 3341 3511 tamen
3386 3455 3486 3511 illa
3524 3454 3596 3509 ad
3635 3456 3834 3519 tempus

2223 3552 2498 3623 permissa
2522 3550 2627 3606 sibi
2653 3566 2773 3605 esse
2800 3566 2915 3604 non
2942 3549 3164 3605 abnuit.
3192 3551 3398 3620 Itaque
3438 3548 3537 3620 qui
3573 3542 3833 3618 permisit,

2224 3645 2530 3714 ordinavit;
2576 3660 2681 3699 nec
2722 3647 2974 3716 potestas
3018 3644 3189 3710 mala,
3223 3642 3322 3698 sed
3352 3643 3399 3697 is
3436 3642 3535 3713 qui
3572 3640 3712 3695 male
3740 3635 3835 3690 uti-

2222 3745 2314 3794 tur
2351 3741 2645 3810 potestate.
2682 3737 2956 3809 Denique,
2994 3758 3020 3786 ‹‹
3060 3737 3151 3791 Vis
3189 3753 3304 3791 non
3351 3733 3616 3809 1342
3654 3733 3835 3788 timere

2220 3834 2597 3904 potestatem?
2624 3833 2727 3886 Fac
2753 3831 2988 3898 bonum,
3017 3834 3076 3885 et
3099 3830 3336 3885 habebis
3376 3830 3613 3885 laudem
3657 3842 3719 3880 ex
3757 3823 3835 3877 illa

2222 3927 2405 3996 (lbid.,
2440 3928 2516 3995 3).
2550 3947 2577 3976 »
2614 3927 2733 3980 Non
2775 3941 2914 3997 ergo
2952 3928 3198 3996 potestas
3236 3924 3415 3993 mala,
3461 3923 3561 3978 sed
3599 3917 3834 3975 ambitio.

2220 4019 2472 4091 Denique
2512 4036 2578 4074 eo
2632 4035 2810 4090 usque
2844 4036 2877 4073 a
2917 4019 3028 4073 Deo
3079 4017 3372 4072 ordinatio
3422 4013 3746 4089 potestatis,
3785 4010 3834 4061 ιιι

2218 4113 2318 4169 Dei
2357 4113 2612 4168 minister
2649 4113 2742 4180 sit,
2771 4112 2869 4183 qui
2906 4112 3051 4167 bene
3093 4112 3271 4166 utitur
3302 4112 3592 4183 potestate
3623 4127 3637 4162 :
3669 4129 3695 4156 ιι
3726 4101 3835 4170 Dei,

2216 4208 2421 4280 inquit,
2452 4207 2714 4262 minister
2749 4213 2833 4261 est
2868 4206 2969 4261 tibi
3008 4206 3065 4260 in
3103 4205 3321 4260 bonum
3351 4206 3541 4273 (lbid.,
3570 4204 3647 4267 4).
3673 4221 3699 4250 ››
3729 4199 3833 4252 Non

2217 4317 2354 4373 ergo
2400 4301 2655 4356 muneris
2689 4301 2880 4372 aliqua
2923 4300 3086 4370 culpa
3125 4302 3228 4369 est,
3277 4299 3380 4354 sed
3431 4296 3709 4365 ministri;
3747 4306 3835 4348 nec

2216 4395 2315 4450 Dei
2354 4398 2542 4466 potest
2575 4395 2857 4450 ordinatio
2896 4393 3213 4465 displicere,
3257 4393 3361 4447 sed
3401 4386 3833 4448 administrantis

476 4482 810 4556 jactantiam
855 4483 1195 4553 praetendit,
1244 4500 1373 4554 quae
1419 4484 1591 4539 etiam
1635 4485 1814 4540 fortes
1867 4481 2376 4558 decipit;Dactio.
2419 4490 2560 4543 Nam
2587 4492 2651 4543 ut
2676 4490 2743 4544 de
2781 4487 3103 4543 coelestibus
3145 4487 3215 4542 ad
3260 4492 3504 4542 terrena
3534 4485 3833 4541 derivemus

484 4578 579 4633 sed
617 4576 888 4632 Dominus
929 4577 1226 4647 respondit
1257 4577 1306 4631 ei
1348 4593 1361 4631 :
1395 4580 1517 4635 Non
1565 4580 1797 4635 tentubis
1835 4582 2114 4637 Dominum

481 4673 648 4726 Deum
689 4675 860 4724 tuum.
908 4671 972 4724 In
1009 4686 1123 4740 quo
1170 4674 1226 4724 et
1266 4670 1576 4725 Dominum
1619 4678 1675 4726 et
1716 4673 1895 4726 Deum
1922 4673 2110 4728 Chris-

483 4767 638 4830 tum,
691 4766 749 4817 et
793 4764 1020 4817 Patrem
1072 4766 1129 4817 et
1174 4763 1378 4818 Filium
1430 4766 1722 4834 potestatis
1773 4766 1940 4820 unius
1987 4783 2110 4822 esse

483 4856 806 4928 cognoscis,
852 4856 1018 4927 juxta
1075 4856 1227 4927 quod
1277 4858 1549 4928 scriptum
1601 4863 1687 4913 est
1732 4875 1744 4913 :
1802 4880 1830 4907 ‹‹
1885 4862 2001 4931 Ego
2058 4864 2115 4916 et

481 4951 646 5006 Pater
694 4967 873 5005 unum
921 4966 1117 5005 sumus
1169 4950 1372 5017 (Joan.,
1427 4967 1479 5019 x,
1529 4954 1636 5022 30).
1694 4974 1723 5003 »
1774 4954 1841 5008 Et
1888 4954 2014 5009 ideo
2067 4955 2112 5009 si

544 5088 640 5151 (94)
684 5087 843 5139 Rom.
888 5088 1016 5139 edit.
1059 5087 1196 5151 sola,
1227 5090 1359 5153 quia
1402 5090 1660 5140 neminem
1705 5096 1867 5154 potest
1909 5093 2114 5144 mittere

481 5157 747 5209 deorsum.

542 5231 639 5293 (95)
671 5230 877 5282 Omnes
902 5230 1033 5281 edit.
1065 5244 1131 5282 ac
1156 5245 1288 5283 mss.
1318 5247 1429 5284 non
1461 5235 1645 5297 pauci,
1673 5234 1954 5299 Scriptura
1980 5235 2111 5286 mihi

473 5302 653 5353 vincit.
681 5305 754 5352 At
781 5315 912 5352 mss.
942 5302 1186 5353 melioris
1213 5307 1378 5367 notas,
1409 5306 1503 5369 qui
1535 5306 1664 5355 mihi
1690 5306 1871 5356 vincit.

539 5372 635 5434 (96)
693 5371 787 5423 Sic
835 5385 1029 5423 omnes
1075 5387 1207 5424 mss.
1258 5390 1324 5426 ac
1372 5379 1479 5426 vet.
1531 5376 1680 5437 edit.;
1731 5377 1889 5427 Rom.
1959 5390 2107 5437 vero,

476 5442 726 5494 claudum
754 5450 923 5495 curat.
956 5443 1067 5495 Sed
1093 5446 1228 5510 quid
1252 5449 1298 5497 si
1336 5460 1465 5498 eum
1492 5460 1562 5498 ex
1600 5448 1857 5512 paralysi,
1883 5460 1981 5498 seu
2022 5461 2109 5498 re-

477 5514 757 5567 solutione
781 5529 1076 5567 nervorum
1101 5518 1445 5570 claudicasse
1474 5522 1624 5569 ratus
1650 5523 1733 5569 est
1756 5523 1945 5570 noster
1973 5520 2109 5570 Am-

477 5585 695 5635 brosius
715 5588 743 5633 ‘2

543 5655 640 5714 (97)
668 5654 814 5703 Edit.
848 5656 1024 5717 Rom.,
1051 5671 1158 5708 non
1188 5663 1244 5708 ut
1270 5664 1570 5722 potestatem
1608 5660 1899 5718 discernas,
1928 5661 2019 5711 sed
2052 5667 2108 5712 ut

476 5725 695 5775 Patrem
736 5724 1032 5790 Fitiumque
1083 5740 1342 5779 secernas.
1394 5730 1729 5794 Perspicuus
1779 5744 2012 5794 sensus,
2058 5733 2107 5782 si

476 5805 590 5859 quo
615 5806 746 5844 mss.
775 5797 868 5844 aut
904 5795 1134 5847 aliarum
1170 5798 1298 5849 edit.
1341 5800 1600 5864 prmsidio
1635 5802 1963 5854 ﬁrmaretur.
1999 5803 2105 5854 Ve-

2216 4584 2576 4654 exemplum,
2609 4583 2702 4637 dat
2742 4582 3020 4636 honorem
3049 4581 3391 4652 imperator,
3429 4584 3490 4635 et
3520 4579 3692 4633 habet
3725 4575 3829 4629 lau-

2216 4677 2366 4732 dem.
2411 4676 2571 4741 Quod
2616 4676 2664 4729 si
2708 4675 2837 4746 quis
2872 4676 3019 4730 male
3050 4674 3270 4729 honore
3318 4692 3458 4729 usus
3496 4672 3691 4738 fuerit,
3732 4682 3831 4723 non

2214 4769 2578 4841 imperatoris
2606 4772 2691 4823 est
2715 4768 2899 4840 culpa,
2926 4767 3025 4822 sed
3044 4767 3250 4839 judicis
3273 4770 3414 4837 (98).
3445 4766 3668 4821 Habent
3684 4773 3830 4817 reum

2213 4879 2379 4917 suum
2415 4862 2672 4931 crimina,
2720 4878 2836 4917 non
2881 4862 3013 4932 quia
3056 4866 3302 4933 potestas
3353 4868 3827 4932 unumquemque,

2213 4957 2312 5012 sed
2340 4956 2543 5011 militia
2568 4972 2669 5010 sua
2693 4954 2967 5026 implicat.

2213 5098 2386 5147 terem
2429 5095 2595 5159 igitur
2636 5094 2933 5145 lectionem
2976 5094 3411 5157 interpretamur
3450 5093 3508 5142 in
3547 5090 3695 5141 hunc
3730 5096 3828 5135 mo-

2210 5166 2344 5217 dum
2376 5181 2387 5214 :
2424 5167 2634 5230 Accipe
2671 5179 2867 5217 vocem
2897 5178 3083 5224 unum,
3109 5175 3175 5215 eo
3210 5164 3452 5215 consilio
3493 5164 3740 5228 positam,
3766 5165 3826 5205 n8

2212 5238 2389 5288 Patris
2417 5251 2482 5289 ac
2507 5237 2635 5287 Filii
2679 5240 3003 5301 potestatem
3046 5236 3380 5301 distinguas,
3407 5236 3499 5286 vel
3533 5235 3693 5285 aliam
3725 5241 3829 5301 pef-

2209 5322 2405 5359 sonam
2441 5308 2511 5358 ab
2545 5309 2652 5359 alia
2680 5298 2936 5373 separes;
2967 5323 3114 5370 nam,
3158 5298 3243 5358 ut'
3263 5308 3588 5380 ait_Hilar.,
3633 5315 3724 5362 vu,
3751 5298 3825 5380 ,εἰς

2211 5382 2405 5431 Trinit.
2458 5396 2470 5430 :
2524 5384 2585 5431 In
2625 5365 2822 5432 divinis
2867 5365 3111 5445 personis
3150 5378 3286 5429 nihil
3332 5365 3665 5430 diversum...
3708 5365 3827 5421 nihil

2206 5451 2526 5515 separabite,
2553 5456 2681 5513 etc.,
2704 5466 2835 5503 cum
2862 5452 3022 5503 Pater
3050 5452 3107 5501 in
3132 5451 3288 5511 Filio,
3315 5454 3373 5501 et
3397 5450 3575 5501 Filius
3604 5448 3657 5496 in
3683 5446 3824 5495 Patre

2208 5523 2277 5572 sit
2300 5523 2513 5574 unitate
2537 5528 2767 5574 natum.
2797 5523 2936 5585 Quae
2962 5523 3142 5573 fusius
3168 5521 3417 5586 explicat
3450 5522 3679 5586 ipsemet
3703 5518 3823 5567 Am-

2207 5593 2445 5654 brosius,
2473 5594 2568 5645 lib.
2596 5595 2660 5646 de
2687 5594 2833 5652 Fide,
2863 5608 2982 5658 cap.
3014 5594 3062 5644 2.
3186 5664 3191 5665 ί
3370 5664 3377 5665 ί
3564 5664 3569 5665 ν
3618 5660 3631 5665 ,
3693 5659 3703 5665 _
3760 5654 3793 5665 ..

2270 5666 2365 5729 (98)
2396 5666 2553 5716 Rom.
2582 5666 2716 5716 edit.
2749 5667 2886 5728 sola,
2911 5654 3002 5715 sed
3027 5664 3235 5717 utentis.
3267 5666 3345 5714 At
3368 5664 3466 5714 hic
3488 5664 3575 5727 agi
3600 5660 3667 5712 de
3684 5654 3821 5722 judi-

2205 5737 2374 5788 ciaria
2401 5740 2670 5801 potestate
2697 5737 2910 5803 liquido
2937 5736 3174 5801 probant
3197 5737 3504 5802 superiora.
