3972 6174
213 266 226 315 l
236 262 315 315 705

1260 254 1725 311 EXPOSITIONIS
1762 255 1832 311 IN
1871 256 2099 311 LUCAM
2130 256 2268 343 LIB.
2312 257 2398 310 IV.

3366 265 3384 317 1
3400 265 3501 318 706

256 382 327 435 30.
355 376 485 443 Quid
517 391 649 446 ergo
669 373 696 429 ‘?
728 374 948 429 Bonum
978 378 1059 429 est
1087 374 1168 429 uti
1208 381 1508 447 potestate,
1538 378 1767 431 studere
1788 392 1848 465 Α
1869 377 2015 432 mari
2059 378 2374 433 furentibus
2419 378 2621 445 ventis,
2665 379 2769 433 etsi
2818 396 2932 434 non
2978 382 3236 437 omnium
3276 384 3502 439 naufra-

202 472 397 531 honori?
422 472 623 524 Bonum
660 468 706 523 si
734 468 1043 538 deferatur,
1075 486 1191 524 non
1222 470 1516 540 eripiatur.
1556 471 1764 526 Distin-

200 585 284 640 gae
327 570 499 619 tamen
542 563 647 617 hoc
692 562 879 633 ipsum
918 563 1154 619 bonum.
1196 564 1347 618 Alius
1392 564 1545 618 enim
1582 564 1771 619 bonus

200 663 242 716 in
265 658 462 725 saeculo,
493 656 632 711 alius
669 657 935 727 perfectae
973 656 1197 711 virtutis
1241 673 1403 724 usus;
1436 658 1657 712 bonum
1688 664 1772 713 est

197 754 316 809 enim
341 750 734 823 cognoscenda
763 750 1074 804 divinitatis
1101 750 1371 818 studium,
1406 752 1573 805 nullis
1604 768 1767 806 occu-

194 845 466 918 pationibus
492 843 778 915 impediri.
810 844 952 898 Nam
989 845 1094 899 etsi
1131 844 1311 898 multa
1347 844 1519 912 bona,
1551 861 1666 899 una
1694 850 1771 898 ta-

190 956 291 994 men
315 938 519 992 estvita
543 940 754 992 aeterna
783 954 796 992 :
830 958 857 987 «
888 938 1016 992 Hinc
1042 941 1130 992 est
1166 942 1359 992 autem
1389 938 1504 993 vita
1534 941 1767 1004 aeterna,

191 1039 236 1086 ut
272 1037 587 1101 cognoscant
630 1036 685 1085 te
734 1031 918 1085 solum
968 1047 1167 1085 verum
1220 1032 1424 1100 Deum,
1484 1036 1543 1085 et
1592 1048 1769 1102 quem

185 1124 348 1180 misisti
382 1126 567 1179 Jesum
610 1124 895 1179 Christum
934 1124 1138 1195 (Joan.,
1187 1141 1316 1193 xvu,
1358 1126 1429 1195 3).
1474 1147 1502 1175 »
1537 1127 1605 1179 Et
1644 1125 1769 1180 ideo

187 1219 283 1273 vita.
318 1222 533 1272 aeterna:
574 1219 855 1272 maximus
890 1218 1124 1286 fructus,
1167 1224 1224 1273 et
1263 1219 1414 1273 solus
1461 1220 1606 1274 Deus
1642 1218 1770 1273 vitae

184 1316 529 1367 remunerator
550 1314 782 1366 aeternae
809 1315 912 1366 est.
946 1312 1139 1367 Solum
1170 1313 1348 1367 Deum
1379 1316 1436 1366 et
1464 1313 1770 1367 Dominum

183 1410 396 1459 nostrum
423 1405 743 1472 adoremus,
777 1411 835 1459 et
866 1405 972 1476 ipsi
1006 1405 1110 1460 soli
1155 1406 1493 1473 serviamus,
1524 1411 1589 1461 ut
1618 1407 1769 1460 solus

178 1499 273 1569 ipse
310 1515 407 1553 nos
448 1499 636 1554 fructu
685 1503 1015 1554 remuneret
1056 1498 1427 1571 amplissimo.
1468 1500 1808 1571 Fugiamus-

180 1592 339 1647 omnia
356 1609 477 1664 quas
495 1592 788 1648 diabolicae
803 1593 1097 1663 subjacent
1110 1594 1393 1664 potestati,
1411 1609 1481 1648 ne
1498 1597 1767 1664 tanquam

176 1687 323 1740 malus
357 1691 632 1757 tyrannus
670 1686 726 1739 in
775 1703 891 1753 eos,
938 1703 1083 1758 quos
1121 1687 1271 1742 intra
1308 1704 1476 1741 suum
1522 1702 1768 1757 regnum

175 1779 430 1846 invenerit,
460 1782 710 1850 acceptae
742 1780 951 1834 saevitia
980 1781 1278 1851 potestatis
1306 1783 1518 1835 utatur.

228 1875 298 1927 3t.
327 1874 437 1927 Non
477 1890 619 1944 ergo
660 1890 691 1926 a
722 1873 946 1928 diabolo
972 1876 1219 1944 potestas
1250 1879 1353 1942 est,
1386 1873 1489 1928 sed
1525 1872 1775 1929 obnoxia

177 1970 334 2019 tamen
372 1966 592 2021 insidiis
630 1966 864 2022 diaboli.
896 1968 1008 2021 Nec
1037 1971 1233 2021 tamen
1274 1967 1404 2022 ideo
1446 1969 1593 2022 mala
1627 1968 1774 2022 ordi-

174 2060 297 2113 natio
339 2063 709 2130 potestatum,
760 2060 893 2131 quia
935 2061 1088 2115 malo
1138 2060 1393 2115 obnoxia
1444 2066 1769 2132 potestates.

174 2151 355 2207 Bonum
383 2159 463 2208 est
488 2152 647 2208 enim
679 2154 860 2209 Deum
888 2170 1172 2224 quaerere,
1205 2153 1304 2208 sed
1334 2154 1569 2224 quidam
1596 2154 1773 2225 ipsius

171 2244 508 2316 inquisitionis
565 2247 851 2302 anfractus
901 2251 958 2302 et
1020 2263 1179 2301 error
1240 2247 1482 2319 obrepit.
1531 2249 1669 2302 Nam
1725 2247 1772 2302 si

172 2337 430 2408 inquisitor
456 2340 519 2394 in
563 2340 929 2411 sacrilegium
960 2357 1104 2396 saeva
1141 2341 1607 2412 interpretatione
1644 2358 1770 2395 ver-

170 2435 305 2499 tatur,
350 2433 407 2487 in
458 2433 719 2488 deterius
763 2434 999 2489 vertitur
1044 2435 1350 2505 quaerentis
1395 2434 1613 2489 offensa
1659 2434 1767 2505 (99)

169 2540 306 2593 quam
346 2526 391 2580 si
431 2544 555 2581 non
602 2527 920 2598 quresisset;
966 2543 1073 2582 nec
1116 2531 1312 2582 tamen
1359 2527 1767 2599 inquisitionis,

167 2617 242 2671 sed
278 2620 597 2690 quaesitoris
638 2622 724 2675 est
773 2621 939 2691 culpa
982 2638 994 2675 :
1038 2638 1143 2675 nec
1187 2620 1476 2691 inquisitio
1526 2620 1771 2675 obnoxia

168 2712 301 2779 malo,
327 2714 425 2767 sed
456 2714 777 2785 quaerentis
804 2704 1058 2769 aﬂ‘ectus.
1092 2715 1254 2778 Quod
1295 2715 1341 2768 si
1378 2714 1424 2768 is
1454 2716 1551 2785 qui
1588 2715 1769 2768 Deum

166 2806 352 2876 quaerit,
384 2812 636 2880 propter
678 2807 1052 2879 fragilitatem
1096 2809 1283 2863 carnis
1319 2812 1377 2863 et
1417 2808 1625 2863 mentis
1662 2825 1766 2861 an-

165 2899 338 2965 gustias
374 2917 527 2973 saepe
574 2905 843 2969 tentatur,
885 2908 1102 2973 quanto
1145 2902 1331 2973 magis
1361 2902 1458 2973 qui
1495 2903 1767 2956 saeculum

162 2994 332 3062 quaerit
367 2995 653 3050 obnoxius
701 2996 818 3050 est!
859 2998 1044 3067 Atque
1088 2997 1194 3050 hoc
1238 2996 1359 3067 ipso
1405 2995 1770 3066 perniciosior

161 3085 373 3155 ambitio,
419 3089 583 3161 quod
636 3088 846 3143 blanda
891 3090 1156 3160 quaedam
1202 3094 1287 3144 est
1334 3089 1767 3144 conciliatricula
1788 3130 1842 3204 C

161 3177 490 3204 A:_:A-a-____
556 3188 601 3204 ,ι
644 3199 788 3204 -..-.-
838 3199 968 3204 ..----
1009 3183 1131 3204 “:11-
1170 3184 1318 3204 ___n-
1364 3183 1640 3204 Δ-1--ι-...Λ
1673 3184 1736 3204 Ιικ

159 3177 493 3251 dignitatum;
549 3188 607 3236 et
641 3199 793 3254 saepe
831 3199 972 3253 quos
1008 3183 1141 3237 vitia
1169 3184 1328 3238 nulla
1358 3183 1643 3238 delectant
1671 3184 1763 3253 (1),

161 3286 275 3341 quos
307 3275 457 3330 nulla
504 3276 706 3348 potuit
749 3292 979 3331 movere
1019 3276 1277 3343 luxuria,
1328 3277 1482 3331 nulla
1531 3276 1767 3331 avaritia

157 3364 467 3438 subvertere,
510 3370 657 3423 facit
701 3369 936 3425 ambitio
981 3370 1338 3425 criminosas.
1385 3370 1563 3425 Habet
1609 3370 1765 3425 enim

157 3456 407 3517 forensem
443 3462 724 3534 gratiam,
757 3463 1132 3518 domesticum
1160 3464 1369 3532 scelus;
1406 3466 1464 3518 et
1490 3466 1557 3517 ut
1583 3463 1762 3518 domi-

152 3557 293 3608 netur
335 3556 498 3627 aliis,
564 3556 720 3627 prius
768 3558 960 3612 servit.
1012 3558 1288 3612 Curvatur
1336 3557 1642 3629 obsequio,
1700 3562 1765 3613 ut

152 3643 333 3704 honore
366 3650 644 3714 donetur;
676 3656 733 3705 et
760 3652 898 3706 dum
940 3652 1060 3705 vult
1101 3668 1219 3706 esse
1250 3651 1548 3705 sublimior
1580 3651 1760 3705 simu-

149 3737 241 3795 lata
280 3743 625 3811 humilitate,
664 3744 727 3799 ﬁt
760 3745 943 3813 vilior,
982 3747 1039 3799 et
1072 3745 1138 3798 ﬁt
1164 3745 1459 3799 remissior
1496 3745 1589 3816 (2);
1631 3761 1762 3800 cum

151 3832 196 3885 in
220 3835 331 3905 ipsa
367 3842 687 3909 potestate,
720 3839 877 3909 quod
920 3839 1213 3909 praecellit,
1251 3838 1503 3893 alienum
1545 3838 1648 3905 sit;
1688 3839 1761 3893 le-

149 3926 281 3996 gibus
308 3932 464 3986 enim
493 3932 767 4003 imperat,
802 3932 907 3985 sibi
935 3932 1125 3986 servit.

203 4024 278 4076 32.
309 4027 470 4080 Dicet
509 4027 751 4081 fortasse
786 4025 1012 4096 aliquis,
1052 4025 1186 4097 quia
1222 4026 1371 4080 solus
1410 4025 1507 4097 qui
1545 4027 1759 4081 malum

145 4114 332 4187 iecerit,
363 4119 572 4188 timet;
605 4123 794 4174 tamen
825 4119 923 4191 qui
953 4135 1110 4173 mare
1141 4120 1390 4189 navigat,
1420 4120 1547 4190 plus
1573 4120 1756 4176 timet.

147 4208 198 4261 Et
230 4217 419 4267 contra
460 4214 528 4267 in
570 4212 852 4267 immobili
900 4216 1181 4267 terrarum
1213 4213 1455 4268 statione
1500 4211 1757 4286 1343

144 4305 449 4374 consistens,
482 4322 607 4360 non
640 4306 780 4360 solet
808 4307 1009 4360 timere
1047 4307 1435 4378 naufragium;
1467 4311 1525 4361 at
1557 4307 1603 4360 si
1635 4323 1756 4363 mo-

144 4394 235 4450 bile
287 4399 644 4455 conscendat
690 4401 1062 4468 elementum,
1122 4400 1599 4471 frequentioribus
1654 4401 1755 4455 ob-

1873 472 2050 541 gium,
2080 471 2342 527 omnium
2372 475 2569 526 tamen
2605 471 2926 542 periculum
2967 477 3068 528 est.
3101 476 3185 529 Ita
3215 476 3367 531 enim
3398 477 3500 532 ad-

1869 566 2042 619 versis
2086 564 2315 619 ﬂatibus
2356 566 2624 637 nequitiae
2665 565 2956 636 spiritalis,
3003 568 3192 621 nullus
3232 570 3288 623 in
3330 586 3502 624 arena

1868 658 1956 712 vel
2001 658 2060 712 in
2108 659 2223 711 salo
2262 661 2418 713 tutus
2466 663 2567 727 est,
2613 665 2671 713 et
2711 676 2879 713 naves
2920 660 3144 714 Tharsis
3176 661 3500 717 vehementi

1871 768 2016 821 saepe
2049 751 2248 821 spiritu
2275 757 2667 807 conteruntur.
2701 754 2827 807 Haec
2851 754 3170 809 moraliter.

1942 844 2029 895 33.
2056 840 2343 895 Caeterum
2372 840 2528 911 quod
2553 841 2623 895 ad
2652 843 2955 913 mysticum
2980 842 3240 897 ordinem
3264 848 3500 915 spectat,

1870 933 2056 988 cernis
2081 934 2289 989 vetusti
2320 934 2529 988 erroris
2559 934 2781 989 vincula
2810 936 2921 989 suis
2952 938 3204 991 resoluta
3229 937 3502 1008 vestigiis,

1870 1033 1934 1082 ut
1969 1027 2155 1099 primo
2185 1027 2356 1098 gula),
2390 1028 2639 1084 secundo
2675 1029 2955 1084 facilitatis
2991 1028 3088 1101 (3),
3118 1030 3287 1085 tertio
3318 1031 3504 1086 ambi-

1871 1121 2041 1175 tionis
2069 1121 2307 1192 laqueus
2342 1122 2673 1177 solveretur.
2710 1123 2986 1178 Pellectus
3016 1126 3101 1179 est
3134 1125 3288 1179 enim
3323 1125 3506 1180 Adam

1872 1215 2035 1284 cibo;
2070 1220 2127 1269 et
2162 1215 2220 1268 in
2264 1215 2452 1270 locum
2488 1215 2806 1273 interdicta:
2849 1217 3067 1272 arboris
3098 1219 3169 1290 (4)
3209 1219 3505 1273 sententias

1870 1308 2139 1363 facilitate
2177 1312 2581 1379 transgressus,
2617 1311 2940 1365 temerariae
2977 1327 3202 1382 quoque
3237 1312 3501 1367 ambitio-

1873 1402 1961 1456 nis
1998 1402 2214 1457 crimen
2257 1403 2513 1471 incurrit,
2543 1403 2682 1458 dum
2721 1403 3153 1459 similitudinem
3190 1405 3503 1460 divinitatis

1870 1495 2115 1551 affectat.
2147 1498 2213 1551 Et
2248 1496 2376 1551 ideo
2413 1496 2572 1566 prius
2615 1497 2886 1551 Dominus
2924 1498 3131 1553 veteris
3169 1515 3350 1554 nexus
3391 1500 3501 1555 sol-

1872 1589 1951 1643 vit
1973 1588 2222 1660 injurite,
2253 1595 2318 1644 ut
2346 1606 2448 1644 nos
2467 1591 2610 1661 jugo
2630 1590 2973 1661 captivitatis
3000 1608 3251 1660 excusso,
3278 1593 3503 1648 vincere

1873 1683 2112 1737 crimina
2138 1683 2557 1753 Scripturarum
2585 1684 2846 1754 praesidio
2876 1684 3248 1740 disceremus.

1791 1762 1847 1833 B
1943 1778 2030 1831 34.
2074 1777 2231 1840 Quod
2268 1776 2313 1830 si
2356 1777 2627 1831 Dominus
2662 1779 2822 1832 Jesus
2858 1779 3091 1850 pr0pria
3126 1796 3242 1833 non
3278 1779 3501 1835 deside-

1872 1869 2048 1937 ravit,
2096 1873 2159 1924 tu
2204 1869 2394 1924 aliena
2431 1888 2533 1925 cur
2574 1871 2839 1941 quaeras?
2881 1872 2935 1927 Si
2981 1878 3203 1928 creator
3243 1872 3504 1929 omnium

1873 1963 2064 2017 saeculi
2098 1964 2359 2034 gloriam,
2398 1964 2711 2019 subeundae
2744 1966 3096 2036 paupertatis
3125 1967 3333 2021 virtute
3371 1984 3504 2022 con-

1872 2058 2124 2128 tempsit,
2165 2074 2266 2112 cur
2319 2062 2379 2111 tu
2436 2058 2693 2113 fastidias
2732 2059 2886 2130 quod
2937 2064 3104 2114 natus
3146 2077 3225 2127 es,
3274 2066 3507 2133 appetas

1874 2150 2029 2222 quod
2053 2151 2373 2205 indebitum
2402 2152 2524 2206 est?
2553 2152 2667 2207 Cur
2692 2167 2759 2207 ea
2793 2168 2920 2224 quae
2946 2153 3017 2208 ad
3045 2170 3212 2208 usum
3242 2154 3345 2208 tibi
3384 2154 3505 2209 diu-

1872 2247 2040 2298 turna
2085 2260 2204 2298 esse
2247 2260 2364 2298 non
2414 2250 2681 2316 possunt,
2730 2244 2804 2299 ad
2849 2246 3195 2318 supplicium
3239 2248 3506 2303 diuturna

1871 2337 2185 2408 deposcas‘?
2211 2340 2356 2394 Cave
2393 2338 2647 2405 insidias,
2685 2354 2816 2393 cave
2854 2340 3107 2395 fraudes.
3142 2343 3210 2397 Et
3245 2342 3351 2397 hoc
3380 2341 3504 2413 ipso

1871 2431 2025 2500 quod
2057 2431 2129 2485 ad
2160 2431 2554 2486 subruendum
2583 2432 2877 2486 hominem
2910 2436 3094 2488 totum
3126 2438 3355 2489 versuta
3384 2434 3504 2490 dia-

1869 2523 2031 2578 bolus
2060 2525 2342 2579 mundum
2371 2525 2567 2581 fraude
2597 2526 2899 2593 concutiat,
2933 2526 3105 2581 totius
3133 2528 3325 2582 saeculi
3354 2544 3503 2599 pug-

1868 2622 1969 2674 net
2004 2618 2305 2687 illecebris,
2342 2619 2464 2688 ejus
2500 2618 2601 2673 tibi
2643 2618 2914 2674 blanditia
2950 2620 3079 2690 plus
3108 2621 3365 2676 cavenda
3395 2627 3499 2679 est.

1870 2715 1989 2767 Non
2023 2714 2195 2767 Evam
2230 2712 2388 2766 cibus
2416 2712 2737 2779 inﬂexerat,
2776 2729 2891 2768 non
2930 2713 3329 2770 mandatorum
3360 2714 3501 2770 obli-

1869 2807 1959 2860 vio
1997 2805 2359 2874 destituerat;
2391 2805 2493 2860 sed
2534 2806 2800 2876 promissi
2838 2807 3071 2861 honoris
3098 2808 3335 2863 ambitio
3376 2808 3501 2863 ille-

1869 2900 2099 2955 cebrosa
2132 2900 2375 2970 decepit.
2415 2900 2552 2962 Quae
2595 2900 2640 2953 si
2685 2900 2867 2954 solum
2907 2901 3220 2957 Dominum
3258 2902 3501 2958 adorare

1868 2994 2152 3061 voluisset,
2204 2993 2462 3048 indebita
2508 3010 2626 3049 non
2671 2994 2984 3065 quaesisset.
3035 2997 3103 3051 Et
3147 2996 3274 3052 ideo
3319 3013 3504 3053 reme-

1869 3087 2028 3143 dium
2065 3088 2231 3141 datur
2258 3104 2372 3158 quo
2409 3087 2591 3142 telum
2621 3088 2948 3143 ambitionis
2976 3088 3276 3160 obtundas,
3304 3094 3369 3145 ut
3396 3091 3502 3147 soli

1870 3182 2105 3236 Domino
2134 3181 2476 3251 serviamus;
2512 3185 2670 3238 caret
2707 3182 2865 3237 enim
2894 3182 3206 3239 ambitione
3239 3184 3504 3256 religiosa

1867 3275 2118 3330 devotio.

1938 3368 2115 3439 (Vers.
2152 3370 2257 3440 t3.)
2299 3373 2369 3425 Et
2400 3376 2775 3425 consummata
2819 3374 2970 3426 omni
3010 3376 3327 3435 tentatione,
3372 3374 3497 3429 dia-

1864 3463 2013 3518 bolus
2042 3465 2256 3519 recessit
2284 3464 2351 3517 ab
2382 3464 2484 3518 illo
2513 3480 2680 3534 usque
2706 3465 2783 3520 ad
2807 3469 3034 3536 tempus.

1935 3559 2021 3612 35.
2050 3558 2234 3628 Prope
2262 3556 2520 3611 omnium
2549 3556 2863 3612 criminum
2893 3559 3078 3615 fontes
3105 3560 3229 3615 haec
3258 3561 3366 3616 tria
3396 3578 3494 3632 ge-

1864 3666 2000 3705 nera
2025 3651 2491 3707 demonstrantur
2515 3666 2638 3706 esse
2659 3650 2945 3707 vitiorum.
2978 3653 3169 3725 Neque
3191 3653 3347 3709 enim
3368 3671 3496 3711 con-

1861 3747 2205 3799 summatam
2235 3760 2470 3799 omnem
2508 3744 2886 3800 tentationem
2926 3746 3213 3817 Scriptura
3245 3747 3493 3818 dixisset,

1863 3837 1971 3891 nisi
2011 3836 2070 3891 in
2113 3837 2203 3891 his
2241 3836 2421 3891 tribus
2464 3839 2612 3892 esset
2654 3838 2912 3891 omnium
2961 3839 3206 3893 materia
3250 3839 3491 3895 delicto-

1861 3947 2008 3998 rum,
2038 3946 2284 4002 quorum
2311 3930 2530 3985 semina
2565 3929 2621 3984 in
2652 3930 2773 4001 ipsa
2800 3931 3021 4002 origine
3057 3937 3188 3986 sunt
3216 3934 3487 3989 cavenda.

1860 4027 2009 4081 Finis
2038 4042 2175 4097 ergo
2205 4025 2605 4089 tentationum,
2636 4024 2766 4081 ﬁnis
2803 4031 2889 4081 est
2918 4026 3322 4098 cupiditatum;
3355 4029 3491 4101 quia

1858 4137 2041 4175 causa:
2071 4120 2453 4174 tentationum
2482 4136 2669 4175 causae
2704 4120 3081 4191 cupiditatum
3113 4126 3263 4178 sunt.
3295 4125 3491 4179 Causae

1857 4217 2052 4268 autem
2100 4213 2476 4285 cupiditatum
2520 4219 2652 4269 sunt
2688 4214 2873 4269 carnis
2915 4215 3234 4283 oblectatio,
3273 4218 3491 4288 species

1860 4307 2077 4379 glorias,
2106 4308 2339 4362 aviditas
2369 4308 2662 4379 potentiai.
2694 4309 2873 4372 Quam
2910 4309 3238 4380 religiosum
3263 4310 3490 4367 videtur

1859 4404 1923 4454 ut
1985 4401 2491 4456 commorationem
2554 4401 2892 4457 Christianae
2946 4402 3176 4456 feminae
3234 4403 3306 4473 (5)
3368 4420 3487 4458 non

141 4491 313 4545 noxius
362 4493 430 4547 ﬁt
482 4492 775 4563 periculis.
833 4494 986 4564 Fuge
1034 4510 1173 4565 ergo
1224 4493 1416 4548 saeculi
1471 4510 1645 4561 mare,
1700 4498 1835 4570 etD
1860 4494 2112 4549 recuses!
2154 4495 2263 4549 Sed
2299 4495 2498 4549 crebra
2532 4495 2668 4549 inde
2704 4496 2961 4549 tentatio.
2995 4495 3054 4549 Si
3091 4498 3338 4550 attentos
3373 4497 3485 4553 Deo

142 4586 492 4657 naufragium
545 4603 663 4641 non
714 4586 960 4642 timebis.
1010 4588 1077 4642 Et
1118 4587 1162 4641 si
1210 4588 1543 4658 frequenter
1585 4588 1748 4642 arbo-

136 4688 243 4731 rum
264 4680 509 4735 vertices
536 4680 880 4750 spirantium
901 4680 1201 4735 verberent
1224 4680 1399 4735 ﬂabra
1422 4687 1746 4748 ventorum,

138 4769 362 4826 solidatis
399 4778 603 4828 tamen
645 4774 931 4828 radicibus
960 4774 1149 4828 nullus
1181 4791 1411 4829 occasus
1448 4778 1564 4841 est;
1601 4778 1659 4829 at
1688 4774 1749 4829 in

184 4946 268 5007 (99)
296 4948 438 4999 Haec
467 4949 659 5010 verba,
686 4950 854 5011 Quam
882 4950 929 4999 si
953 4963 1065 4999 non
1091 4950 1374 5014 quesisset,
1402 4955 1454 5000 et
1490 4951 1749 5002 inferiora

135 5012 227 5078 illa,
253 5018 525 5071 obnoxius
562 5026 650 5081 est,
676 5020 805 5070 edit.
834 5021 993 5071 Rom.
1035 5012 1329 5084 rejecerat;
1372 5022 1471 5072 sed
1514 5036 1642 5072 cum
1692 5025 1748 5073 in

132 5090 222 5135 vet.
249 5088 373 5139 edit.
405 5105 477 5141 ac
520 5105 650 5140 mss.
693 5090 953 5140 omnibus
995 5091 1366 5153 inveniantur,
1398 5091 1593 5141 eadem
1635 5105 1747 5141 non

136 5160 395 5212 restituere
424 5164 487 5211 in
523 5163 796 5226 integrum
822 5164 1016 5227 religio
1042 5164 1163 5212 fuit.

182 5230 238 5292 (i)
278 5233 493 5283 Eadem
536 5234 689 5283 Rom.
729 5233 859 5284 edit.
901 5235 1038 5295 sola,
1074 5235 1208 5283 vitia
1251 5233 1405 5283 nulla
1440 5235 1745 5297 deﬂectunt;

137 5302 177 5370 et
211 5307 327 5363 post
379 5317 567 5367 pauca
613 5319 743 5355 cum
786 5304 1019 5368 reliquis
1062 5306 1196 5356 edit.
1239 5319 1304 5355 ac
1346 5308 1541 5370 paucis
1588 5318 1744 5369 mss.,

138 5365 445 5440 mestis-um
475 5375 804 5439 periculum;
841 5365 940 5425 sed
988 5390 1118 5426 mss.
1158 5365 1366 5440 plures-
1386 5382 1442 5426 et
1485 5365 1742 5440 potiores,

140 5436 447 5511 Wticum
479 5436 665 5496 scolas.
709 5447 882 5511 Magis
922 5436 1177 5511 apposite
1213 5448 1282 5497 ad
1329 5436 1742 5510 antecedentia,

144 5506 239 5564 facit
263 5517 487 5567 ambitio
518 5506 840 5570 criminosas.

190 5582 239 5655 (ξ)
267 5585 409 5637 Edit.
444 5601 639 5640 omnes
677 5604 743 5640 ac
784 5603 916 5640 mss.
960 5591 1192 5655 aliquot,
1220 5593 1283 5640 Et
1318 5591 1444 5641 dum
1482 5591 1596 5641 vult
1637 5604 1746 5642 esse

145 5651 405 5714 Sublimior,
448 5657 511 5721 ﬁt
549 5660 832 5711 remissior.
880 5660 1018 5723 Quae
1056 5651 1197 5711 'vero
1243 5662 1676 5725 interjiciuntur,
1712 5674 1743 5711 e

147 5728 311 5774 novem
340 5729 569 5791 optimis
591 5729 879 5781 codicibus
908 5732 1164 5781 restituta
1189 5737 1336 5782 sunt.

196 5794 246 5855 (3i
300 5798 540 5850 Secundo
584 5801 883 5863 facilitatis.
944 5803 1045 5852 Per
1088 5804 1415 5854 facilitatem
1466 5803 1743 5868 designari

442 5878 717 5946 PATROL.
764 5880 895 5947 XV.
940 5882 1123 5963 (XIV,
1172 5903 1326 5948 rans
1375 5884 1479 5965 ll.)

1851 4587 2056 4642 viderit
2085 4587 2361 4654 diabolus,
2392 4589 2647 4658 suggerit
2672 4590 2737 4641 ut
2762 4586 3035 4657 decipiat;
3064 4588 3164 4642 sed
3193 4594 3253 4643 tu
3278 4606 3481 4661 quam-

1851 4682 1932 4735 vis
1995 4681 2064 4735 de
2127 4680 2415 4751 proposito
2472 4696 2824 4751 prmsumas,
2879 4697 3012 4736 cave
3073 4683 3480 4755 tentationem,

1850 4774 2034 4829 sciens
2084 4778 2372 4829 naturam.
2428 4774 2555 4828 Hazc
2603 4773 2753 4844 tria,
2807 4774 2853 4828 si
2907 4776 3218 4831 recorderis
3243 4817 3257 4844 ,
3308 4778 3480 4832 etiam

1841 4950 2166 5013 jactantiam
2196 4962 2263 4999 ac
2292 4950 2596 5000 vanitatem
2622 4964 2690 5000 ex
2715 4952 3096 5015 superioribus
3125 4953 3480 5003 manifestum

1848 5025 1931 5070 est
1962 5035 1973 5068 :
2001 5033 2107 5070 nec
2136 5021 2411 5070 immerito
2436 5033 2606 5080 sane;
2637 5033 2762 5070 cum
2792 5022 2901 5072 hoc
2938 5024 3137 5073 vitium
3176 5035 3206 5071 e
3238 5022 3479 5087 quadam

1847 5092 2016 5141 animi
2042 5091 2306 5142 facilitate
2330 5091 2669 5156 levitateque
2695 5094 2917 5142 oriatur.

1911 5164 1972 5225 (4)
2019 5163 2096 5211 Ita
2146 5176 2276 5211 mss.
2324 5167 2490 5226 atque
2537 5167 2648 5212 ant.
2695 5163 2827 5214 edit.
2872 5164 2929 5212 in
2975 5177 3203 5227 corpore
3251 5178 3471 5216 summo

1847 5244 2140 5283 consensu.
2172 5233 2327 5283 Rom.
2356 5239 2564 5294 autem,
2592 5240 2639 5283 et
2668 5235 2726 5283 in
2754 5247 2897 5284 esum
2924 5236 3212 5284 interdictae
3244 5235 3478 5295 arboris,

1846 5307 1973 5362 etc.;
2001 5304 2151 5366 quod
2176 5304 2268 5354 illa
2296 5317 2326 5354 e
2359 5306 2608 5368 margine
2641 5304 2769 5356 edit.
2803 5304 2928 5355 Era.
2963 5317 3028 5355 ac
3067 5305 3197 5356 Gill.
3235 5309 3479 5356 transtu-

1846 5373 1911 5423 lit
1938 5375 1993 5423 in
2026 5378 2253 5424 textum.

1912 5444 1975 5505 (5)
2038 5444 2168 5495 Mss.
2232 5445 2487 5496 nonnulli
2550 5459 2678 5496 cum
2743 5446 2875 5497 edit.
2944 5445 3189 5508 Amerb.,
3241 5447 3367 5497 Era.
3424 5453 3479 5498 et

1847 5516 2037 5576 Paris,
2084 5517 2625 5567 commemorationem
2674 5517 2990 5567 Christianae
3033 5516 3256 5580 femine.
3304 5518 3479 5569 Com-

1843 5587 2065 5638 modius
2088 5588 2287 5652 reliqui
2327 5587 2447 5638 cod.
2481 5588 2673 5650 scripti
2711 5600 2776 5637 ac
2812 5588 2966 5649 editi,
2993 5589 3475 5649 commorationem,

1843 5659 1900 5709 id
1948 5662 2050 5721 est,
2081 5659 2460 5723 frequentiora
2506 5662 2560 5707 et
2602 5659 2848 5721 longiora
2892 5658 3190 5723 colloquia,
3219 5660 3477 5710 nimiam-

1844 5743 1953 5795 que
1977 5730 2426 5782 familiaritatem.

3084 5885 3159 5945 54
