3972 6174
528 216 662 275 1707
742 214 745 221 λ

2005 216 2058 269 8.
2101 213 2418 271 AMBROSIl

3690 230 3796 283 1708

526 336 730 390 Paulus
792 335 1037 390 cavenda
1092 335 1446 407 praescribit,
1504 335 1809 408 designans
1867 341 1982 392 tres
2026 354 2148 392 esse
2172 352 2229 422 Α
2253 337 2438 391 Primo
2479 337 2783 409 cupiditate
2817 340 3098 405 vulnerat,
3137 339 3378 393 secundo
3418 341 3630 411 pietate,
3670 350 3802 403 tertio

523 430 739 500 species
772 434 1152 500 peccatorum,
1200 446 1233 483 a
1278 430 1481 500 quibus
1528 431 1675 485 liber
1713 435 1998 504 exspectat
2031 432 2148 501 jus-

519 522 658 576 titiae
683 538 978 577 coronam.
1010 541 1036 573 «
1068 523 1260 593 Neque
1289 523 1464 589 enim,
1494 523 1702 594 inquit,
1729 525 1788 578 in
1821 525 1988 580 verbo
2013 524 2149 578 adu-

517 615 743 669 lationis
770 615 1003 682 fuimus,
1041 631 1231 686 neque
1270 616 1327 669 in
1367 617 1661 671 occasione
1693 619 1961 685 avaritiae,
2001 618 2145 672 Deus

520 709 675 763 testis
701 712 803 776 est,
830 707 1086 780 1344
1116 726 1301 781 neque
1329 711 1569 781 gloriam
1599 716 1919 781 quaerentes
1948 711 2018 767 ab
2047 712 2145 767 ho-

518 802 766 856 minibus
792 803 834 870 (l
867 805 1070 866 Thess.,
1102 820 1163 869 II,
1190 807 1242 871 5,
1277 806 1349 873 6);
1378 824 1405 853 ››
1433 807 1487 858 et
1513 804 1644 859 ideo
1671 804 1966 859 diabolum
1994 806 2143 874 vicit,

521 909 794 950 coronam
826 896 1046 966 petivit.

590 992 676 1043 36.
711 989 872 1044 Vides
903 1005 1042 1060 ergo
1075 990 1263 1061 ipsum
1304 990 1593 1046 diabolum
1635 1008 1752 1046 non
1784 1008 1905 1047 esse
1935 992 1994 1047 in
2028 997 2142 1047 stu-

517 1083 612 1137 dio
667 1082 1037 1153 pertinacem,
1082 1084 1282 1138 cedere
1328 1085 1506 1139 solere
1554 1101 1700 1139 verae
1748 1085 1962 1141 virtuti.
2003 1085 2143 1140 Etsi

516 1176 766 1231 invidere
799 1193 916 1231 non
952 1177 1191 1247 desinat,
1222 1180 1413 1232 tamen
1444 1178 1655 1233 instare
1684 1179 1978 1246 formidat,
2012 1180 2145 1251 quia

514 1268 870 1341 frequentius
904 1271 1122 1340 refugit
1156 1271 1516 1341 triumphari.
1558 1273 1764 1327 Audito
1809 1273 1999 1344 itaque
2042 1273 2145 1327 Dei

518 1365 770 1431 nomine,
804 1366 1053 1426 Recessit,
1096 1364 1302 1435 inquit,
1344 1380 1513 1435 usque
1552 1367 1627 1421 ad
1666 1371 1907 1437 tempus;
1948 1373 2143 1438 postea

519 1458 671 1510 enim
714 1473 826 1511 non
870 1460 1218 1524 tentaturus,
1264 1458 1363 1512 sed
1410 1462 1603 1529 aperte
1645 1463 2005 1531 pugnaturus
2049 1460 2143 1515 ad-

518 1550 690 1604 venit.

592 1647 680 1698 37.
726 1644 900 1698 Docet
959 1644 1135 1715 igitur
1188 1647 1243 1698 te
1290 1645 1582 1717 Scriptura
1630 1646 1823 1701 divina
1876 1663 1989 1702 non
2043 1647 2142 1701 tibi

2249 432 2530 497 sanitate;
2576 434 2783 487 mentis
2829 432 2981 487 enim
3020 431 3233 501 pariter
3263 436 3318 486 et
3361 437 3585 505 corporis
3627 450 3804 510 pugnat

2247 524 2549 579 ulceribus.
2589 525 2886 581 Diversitas
2929 542 3159 597 quoque
3200 525 3322 596 ipsa
3362 528 3699 585 tentatiouum
3724 550 3808 604 pro

2247 618 2571 674 diversitate
2620 620 2959 674 certantium
3012 622 3114 673 est.
3163 619 3419 674 Avaritiae
3458 621 3645 677 damno
3682 626 3808 681 dives

2244 718 2502 781 urgetur,
2532 716 2693 784 pater
2728 712 3028 783 dispendio
3059 712 3329 780 filiorum,
3358 713 3515 768 homo
3544 714 3810 784 doloribus,

2247 821 2454 877 corpus
2482 806 2788 860 ulceribus.
2823 805 3050 870 Quanta
3077 806 3201 860 haec
3240 805 3380 861 tela!
3413 806 3557 861 Unde
3584 808 3814 864 Dominus

2245 899 2430 955 noluit
2470 899 2678 954 habere
2724 900 2874 971 quod
2916 899 3219 970 perderet;
3251 902 3309 953 et
3341 897 3466 953 ideo
3499 914 3696 970 pauper
3726 902 3816 957 huc
3884 951 3888 955 .

2245 994 2417 1059 venit,
2451 1009 2522 1047 ne
2556 992 2795 1047 haberet
2830 992 3084 1048 diabolus
3113 992 3267 1062 quod
3302 992 3558 1047 auferret.
3591 994 3673 1047 Vis
3703 996 3815 1050 scire

2245 1103 2418 1157 quam
2447 1102 2640 1140 verum
2671 1086 2784 1140 sit?
2814 1088 3005 1156 Ipsum
3042 1085 3346 1140 Dominum
3375 1085 3642 1141 dicentem
3667 1087 3779 1141 audi
3806 1104 3817 1139 :

2249 1202 2278 1229 ‹‹
2325 1180 2492 1234 Venit
2542 1179 2710 1249 hujus
2761 1178 2962 1233 mundi
3013 1180 3294 1249 princeps,
3336 1184 3391 1233 et
3424 1180 3481 1233 in
3526 1195 3609 1234 me
3642 1179 3820 1234 invenit

2244 1272 2391 1327 nihil
2419 1274 2618 1341 (Joun.,
2650 1288 2760 1339 xw,
2789 1274 2895 1341 30).
2932 1294 2960 1321 ››
2992 1272 3184 1327 Noluit
3212 1273 3391 1327 etiam
3420 1288 3704 1343 paucorum
3727 1288 3824 1326 esse

2246 1367 2422 1432 pater,
2474 1367 2539 1416 ut
2584 1366 2728 1416 esset
2778 1360 3058 1415 omnium.
3105 1361 3335 1415 Frustra
3380 1366 3564 1416 autem
3609 1362 3825 1432 corporis

2245 1458 2561 1510 tentaretur
2605 1453 2908 1521 ulceribus,
2950 1455 3047 1525 qui
3090 1457 3482 1509 contemneret
3516 1470 3697 1509 omnes
3727 1470 3825 1508 cor-

2243 1549 2395 1620 poris
2440 1548 2727 1619 passiones
2764 1564 2778 1601 :
2828 1547 2998 1603 simul
3049 1550 3113 1601 ut
3154 1547 3478 1603 ostenderet
3514 1546 3666 1602 nobis
3704 1548 3828 1618 quod

2243 1643 2633 1708 immaculata,
2677 1640 2932 1711 corporis
2977 1641 3135 1696 hoste
3189 1641 3449 1712 depulso,
3486 1640 3704 1695 victoria
3744 1640 3833 1695 sibi

517 1743 716 1792 contra
758 1753 987 1791 carnem
1036 1741 1092 1792 et
1130 1738 1485 1809 sanguinem,
1528 1740 1624 1794 sed
1668 1744 1865 1795 contra
1908 1716 2567 1795 insidiasBdeberetur.
2598 1735 2709 1790 Sed
2754 1735 2848 1789 ille
2890 1735 3050 1806 quasi
3092 1735 3264 1790 homo
3310 1734 3428 1789 suis
3467 1739 3719 1799 tentatur,
3759 1733 3832 1787 hic

515 1830 796 1900 spiritales
860 1846 979 1885 esse
1040 1835 1332 1886 certamen
1385 1833 1622 1903 (Ephes.,
1686 1849 1760 1903 Vl,
1820 1834 1925 1905 l2).
1981 1834 2144 1888 Vides

519 1922 1000 1993 magnificentiam
1052 1925 1354 1981 Christiani
1408 1926 1543 1992 viri,
1606 1927 1703 1998 qui
1767 1930 1947 1982 certat
2010 1944 2139 1983 cum

516 2017 831 2071 rectoribus
879 2018 1109 2084 mundi;
1169 2025 1225 2072 et
1274 2019 1403 2074 licet
1446 2020 1780 2075 constitutus
1837 2022 1893 2074 in
1938 2022 2139 2089 terris,

519 2110 785 2164 adversus
811 2111 1085 2181 spiritalia
1112 2112 1383 2182 nequitiae
1408 2129 1533 2184 quae
1561 2116 1696 2167 sunt
1719 2113 1777 2167 in
1806 2114 2139 2183 celestibus,

514 2204 690 2258 animi
721 2203 924 2259 virtute
966 2205 1238 2259 decernit.
1272 2206 1392 2259 Non
1436 2208 1589 2260 enim
1627 2207 1696 2261 de
1736 2209 1977 2262 terrenis
2005 2225 2139 2263 con-

515 2297 820 2380 tendimus,
864 2301 928 2351 ut
968 2297 1308 2353 dimicemus
1348 2299 1405 2353 in
1445 2305 1626 2368 terra;
1665 2301 1760 2355 sed
1801 2302 2144 2372 spiritalibus

512 2390 818 2461 prepositis
843 2391 1111 2461 praemiis,
1142 2392 1210 2447 de
1239 2409 1420 2464 regno
1451 2393 1547 2448 Dei
1576 2396 1632 2447 et
1660 2394 1865 2449 Christi
1894 2396 2139 2450 haeredi-

512 2487 625 2537 tate
652 2500 880 2537 necesse
915 2490 998 2539 est
1033 2485 1311 2556 spiritalia
1340 2486 1500 2556 prius
1534 2486 1945 2558 impedimenta
1974 2504 2137 2558 supe-

508 2585 726 2631 rentur.
770 2579 994 2634 Corona
1036 2579 1324 2650 proposita
1368 2583 1472 2649 est,
1506 2581 1803 2636 subeunda
1835 2582 2142 2636 certamina

511 2675 662 2723 sunt.
723 2671 897 2724 Nemo
947 2673 1153 2741 potest,
1210 2672 1320 2726 nisi
1361 2673 1579 2739 vicerit,
1630 2674 1923 2741 coronari;
1972 2691 2142 2729 nemo

511 2769 697 2834 potest
732 2764 982 2831 vincere,
1021 2764 1127 2819 nisi
1174 2770 1307 2820 ante
1347 2767 1668 2821 certaverit.
1702 2768 1879 2837 Ipsius
1910 2784 2139 2839 quoque

507 2873 732 2911 coronae
783 2858 965 2928 major
1016 2863 1099 2913 est
1147 2858 1383 2926 fructus,
1436 2859 1530 2913 ubi
1584 2860 1770 2930 major
1809 2866 1892 2915 est
1930 2861 2136 2915 labor:

506 2971 538 3000 ‹‹
591 2954 759 3005 Arcta
808 2951 963 3004 enim
1007 2955 1065 3006 et
1112 2957 1353 3022 angusta
1398 2958 1483 3006 est
1534 2953 1644 3020 via,
1697 2969 1825 3024 quae
1873 2954 2025 3009 ducit
2069 2956 2138 3009 ad

505 3044 751 3099 vitam...
798 3044 908 3098 lata
944 3060 1079 3098 vero
1119 3049 1175 3098 et
1211 3044 1479 3115 spatiosa,
1512 3061 1639 3116 quin
1669 3047 1826 3101 ducit
1866 3047 1939 3101 ad
1979 3064 2134 3103 mor-

507 3139 624 3191 tem
672 3137 915 3205 (Matth.,
957 3152 1049 3201 vu,
1098 3139 1182 3204 14,
1232 3138 1341 3205 i5).
1387 3158 1415 3186 »
1470 3139 1538 3191 Et
1588 3139 1716 3193 ideo
1762 3140 2137 3195 tentationem

507 3231 845 3299 neutiquam
880 3230 1083 3283 timere
1117 3229 1421 3295 debemus;
1463 3236 1547 3285 est
1584 3232 1739 3285 enim
1772 3248 1940 3287 causa
1969 3234 2139 3289 victo-

518 3322 636 3389 riae,
668 3322 915 3376 materia
941 3321 1385 3392 triumphorum.

576 3417 663 3469 38.
720 3416 879 3469 Dives
932 3415 1051 3480 ille,
1104 3416 1202 3487 qui
1253 3417 1625 3473 tentationem
1686 3435 1802 3474 non
1853 3421 2027 3475 sensit
2076 3422 2137 3475 in

505 3508 734 3576 sazculo,
764 3508 824 3563 in
852 3509 1034 3580 pinnis
1073 3514 1156 3564 est
1191 3511 1344 3581 apud
1371 3510 1617 3581 inferos;
1648 3529 1870 3584 pauper
1895 3514 1991 3568 ille
2034 3515 2135 3569 La-

504 3618 668 3657 zarus
707 3602 807 3674 qui
846 3602 923 3657 ita
957 3606 1297 3674 paupertate
1335 3605 1652 3677 morboque
1680 3607 1924 3661 afﬂictus
1964 3613 2049 3664 est
2081 3615 2138 3663 et

506 3696 751 3763 attritus,
801 3699 868 3750 ut
912 3696 1124 3752 vibices
1189 3697 1310 3768 ejus
1365 3715 1398 3752 a
1450 3699 1684 3754 canibus
1721 3701 2134 3769 lamberentur,

502 3788 633 3845 vitm
659 3788 817 3844 istius
842 3789 1037 3845 labore.
1066 3790 1422 3861 miserabilis,
1449 3808 1719 3848 coronam
1752 3794 1952 3865 glorise
1977 3811 2133 3867 quas-

503 3882 632 3938 sivit
673 3887 907 3938 aeterne
948 3884 1118 3954 (Lua,
1170 3900 1282 3953 XVI,
1327 3885 1436 3955 22).
1484 3887 1673 3942 Multae
1712 3887 1863 3942 enim
1903 3889 2133 3943 tribula-

505 3978 692 4039 tiones,
746 3993 861 4031 non
919 3993 1431 4049 quorumcunque,
1493 3980 1591 4035 sed
1639 3981 1916 4048 justorum
1968 3981 2131 4052 (Psal.

504 4084 695 4136 xxxul,
741 4070 853 4137 20).
913 4070 1166 4141 Denique
1220 4086 1362 4142 quos
1413 4070 1599 4143 diligit
1651 4073 1941 4139 Dominus,
1987 4090 2137 4145 saepe

506 4162 748 4231 castigat
777 4161 981 4229 (Helm,
1021 4179 1116 4229 xu,
1156 4162 1230 4234 6).
1270 4165 1468 4219 Petrus
1509 4168 1755 4220 tentatus
1795 4172 1897 4233 est,
1942 4169 2002 4221 ut
2041 4184 2137 4220 ne-

509 4259 702 4323 garet;
734 4254 985 4324 negavit,
1020 4261 1085 4311 ut
1110 4256 1271 4311 ﬂeret
1307 4258 1475 4323 (Luc.,
1511 4274 1641 4326 χχιι,
1676 4261 1874 4327 57-62).
1906 4261 1974 4315 Et
2001 4260 2133 4331 quid

508 4345 582 4400 de
620 4346 838 4402 caeteris
877 4347 1104 4403 dicam?
1147 4350 1362 4420 Nempe
1401 4350 1504 4404 Job
1548 4356 1668 4405 erat
1708 4352 1975 4422 probatus
2019 4354 2134 4408 Deo

503 4438 640 4511 (Job,
685 4457 724 4508 ι,
768 4444 861 4511 i2;
904 4458 963 4509 ιι,
1012 4443 1087 4513 6);
1134 4442 1234 4497 sed
1278 4443 1410 4497 licet
1454 4444 1727 4515 probatus
1772 4449 1914 4514 erat,
1958 4447 2213 4522 victorD
2237 4444 2423 4515 magis
2482 4442 2891 4498 tentationibus
2948 4442 3288 4514 gloriemur,
3362 4443 3628 4499 dicentes
3679 4459 3693 4497 :

505 4538 699 4588 tamen
752 4550 870 4589 non
922 4541 1062 4591 erat.
1122 4536 1362 4591 Probata
1414 4544 1535 4593 erat
1594 4537 1816 4593 devotio
1846 4582 1860 4605 ,
1915 4540 2139 4595 virtutis

506 4630 703 4681 tamen
744 4628 1048 4698 praemium
1087 4647 1201 4685 non
1249 4630 1514 4686 habebat.
1555 4632 1619 4687 Et
1657 4632 1785 4686 ideo
1830 4633 2140 4688 tentandus

504 4718 758 4788 offertur,
797 4724 858 4773 ut
886 4722 1178 4792 gloriosior
1207 4723 1569 4779 redderetur.

575 4815 663 4867 39.
717 4813 871 4867 Illius
914 4804 1506 4887 quoqueicertaminis
1554 4818 1729 4872 refert
1780 4826 1839 4872 ut
1889 4819 2136 4889 gradum

503 4912 740 4978 spectes.
772 4908 892 4962 Non
919 4924 1099 4963 unum
1140 4909 1317 4964 telum
1358 4910 1614 4965 diabolus
1644 4910 1835 4979 habet,
1876 4913 2140 4983 frequen-

506 5003 584 5055 tat
642 5000 891 5070 spicula,
953 5006 1016 5056 ut
1064 5007 1162 5055 aut
1212 5003 1451 5073 praemio
1510 5003 1734 5072 vincat,
1792 5011 1889 5058 aut
1944 5006 2135 5061 taedio.

566 5121 633 5183 (6)
684 5121 926 5183 Quidam
969 5122 1295 5185 interpretes
1335 5124 1391 5172 in
1428 5125 1566 5186 psal.
1617 5137 1674 5185 v,
1720 5138 1862 5175 vers.
1902 5126 1977 5188 13,
2023 5131 2138 5176 tra—

504 5191 644 5241 dunt
676 5197 801 5256 post
825 5195 890 5243 D.
921 5193 1189 5244 Thomam
1217 5195 1271 5244 in
1310 5208 1464 5246 more
1498 5196 1743 5259 antiquis
1766 5197 1957 5256 fuisse,
1995 5202 2055 5247 ut
2079 5199 2137 5247 in

501 5276 668 5324 curru
714 5265 949 5314 victores
992 5271 1155 5316 scuto
1200 5267 1367 5330 capiti
1414 5268 1762 5330 superposito
1810 5282 2138 5319 coronaren-

500 5338 608 5397 tur,
634 5341 931 5399 antequam
960 5349 1290 5387 coronarum
1317 5351 1452 5387 usus
1482 5339 1818 5389 inolevisset.
1851 5338 1961 5390 Sed
2006 5354 2137 5391 cum

501 5416 622 5453 rara
674 5404 842 5469 hujus
893 5408 973 5456 rei
1017 5412 1235 5458 exstent
1286 5410 1539 5473 vestigia,
1588 5409 1869 5473 quomodo
1912 5414 2137 5462 scutum

502 5487 706 5524 corona
742 5477 978 5539 dicatur,
1021 5478 1215 5528 multis
1260 5478 1437 5529 haret
1483 5493 1648 5543 aqua.
1695 5481 1766 5530 Et
1807 5486 1958 5532 certe
2001 5482 2137 5532 Hie-

502 5557 769 5616 ronymus
829 5547 887 5596 in
952 5548 1211 5616 eumdem
1262 5549 1450 5600 locum
1499 5551 1729 5613 diserte,
1777 5553 1920 5616 apud
1966 5567 2137 5603 sacu—

506 5611 632 5673 tum,
679 5615 877 5676 inquit,
923 5615 1077 5666 aliud
1120 5623 1193 5668 est
1241 5625 1465 5681 scutum,
1514 5620 1666 5671 aliud
1715 5611 1931 5672 Corona.
1979 5622 2136 5674 Unde

503 5693 633 5731 cum
663 5682 921 5755 ipse_tum
952 5685 1043 5733 alii
1069 5691 1191 5748 post
1218 5687 1513 5752 Origenem
1558 5691 1627 5741 ad
1662 5693 1967 5755 spiritalem
2007 5706 2134 5744 sen-

502 5763 630 5801 sum
672 5751 1020 5813 confugiunt.
1066 5751 1389 5808 Ambrosius
1426 5762 1611 5811 tamen
1650 5751 1763 5812 nbn
1806 5764 1988 5814 solum
2030 5764 2135 5816 hoc

2247 1829 2512 1900 publicis;
2562 1828 2644 1882 illi
2687 1828 3095 1899 patrimonium
3139 1828 3417 1894 aufertur,
3456 1826 3581 1881 huic
3619 1842 3833 1896 regnum

2244 1922 2394 1977 orbis
2434 1922 2690 1977 otfertur.
2730 1923 2842 1976 Nec
2877 1925 3025 1976 totus
3058 1920 3314 1994 1345
3347 1922 3467 1975 sine
3508 1919 3696 1974 fraude
3733 1918 3833 1972 dia-

2244 2016 2424 2082 bolus,
2470 2016 2566 2087 qui
2603 2031 2934 2086 exasperare
2975 2014 3069 2069 Dei
3111 2015 3313 2069 Filium
3349 2017 3637 2069 vereretur
3665 2029 3679 2067 ς
3707 2012 3839 2066 illum

2243 2109 2466 2180 injuriis
2512 2112 2712 2177 tentat,
2760 2109 2913 2162 hunc
2958 2108 3231 2179 praemiis.
3280 2108 3379 2163 Ille
3421 2107 3578 2179 quasi
3621 2106 3841 2160 servulus

2245 2203 2424 2257 dicit:
2459 2225 2485 2252 ‹‹
2530 2203 2806 2257 Dominus
2846 2202 3022 2268 dedit,
3073 2202 3348 2256 Dominus
3393 2200 3622 2255 abstulit
3662 2199 3781 2267 (Job,
3812 2214 3841 2265 ι,

2242 2298 2351 2367 2i);
2378 2317 2405 2344 ››
2439 2296 2529 2350 hic
2559 2303 2780 2351 naturm
2812 2312 2929 2350 suae
2957 2294 3460 2366 dispositionisquc
3490 2292 3735 2349 conscius
3760 2306 3842 2344 sua

2243 2389 2348 2444 sibi
2376 2390 2521 2444 ridet
2548 2389 2759 2443 oil‘erri.
2798 2390 2867 2442 Et
2891 2392 2957 2442 ut
2985 2388 3054 2441 ad
3082 2388 3225 2442 illud
3255 2390 3631 2454 revertamur,
3659 2383 3847 2455 ingruit

2244 2484 2476 2538 nuntius
2525 2499 2695 2553 super
2740 2482 3010 2536 nuntium
3072 2482 3251 2554 (Ibid.,
3311 2482 3530 2551 14-18),
3580 2477 3842 2549 congemi-

2242 2580 2381 2631 nant
2445 2577 2716 2644 vulnera;
2769 2592 2876 2630 nec
2938 2580 3132 2630 tamen
3198 2575 3361 2631 fortis
3421 2575 3634 2629 athleta
3683 2573 3847 2627 mente

2242 2670 2521 2726 turbatur.
2552 2669 2869 2724 Adhibetur
2897 2669 3105 2724 mulier
3128 2668 3336 2740 primas
3367 2668 3590 2723 fraudis
3618 2665 3849 2721 illecebra

2240 2763 2378 2835 (Job,
2414 2780 2469 2831 n,
2505 2765 2583 2832 9);
2610 2763 2701 2817 hic
2732 2779 2833 2834 per
2857 2762 3136 2833 virginem
3162 2766 3334 2817 natus
3362 2761 3542 2818 errori
3574 2758 3850 2815 obnoxiam

2242 2873 2359 2911 non
2413 2856 2677 2911 habebat.
2729 2856 2913 2910 Amici
2963 2855 3313 2910 adhibentur
3363 2856 3463 2927 qui
3514 2853 3693 2926 pravis
3735 2866 3849 2906 con-

2242 2949 2380 3004 siliis
2433 2949 2758 3019 opprimant
2810 2949 3209 3004 reluctantem.
3263 2949 3374 3005 Sed
3427 2969 3457 3001 «
3509 2948 3571 3003 in
3620 2944 3854 3002 omnibus

2242 3060 2369 3114 quae
2417 3042 2746 3097 acciderunt
2791 3043 2863 3108 ei,
2917 3058 3203 3113 nusquam
3254 3042 3521 3113 peccavit
3569 3040 3671 3096 Job
3719 3037 3853 3093 labiis

2239 3136 2354 3190 suis
2378 3138 2436 3190 in
2465 3138 2762 3206 conspectu
2791 3135 2892 3189 Dei
2923 3135 3110 3206 (lbid.,
3148 3135 3255 3205 10).
3288 3157 3317 3185 ››

2308 3232 2398 3283 40.
2440 3230 2579 3283 Nam
2624 3228 2775 3300 quod
2822 3228 3109 3283 maledicit
3152 3229 3290 3295 diei,
3334 3228 3580 3284 dicens:
3615 3248 3642 3277 ‹‹
3690 3228 3855 3280 Pereat

2238 3323 2356 3379 dies
2397 3324 2496 3377 illa
2538 3323 2597 3377 in
2635 3339 2748 3394 qua
2774 3329 2946 3378 natus
2980 3338 3106 3376 sum
3147 3320 3284 3391 (Job,
3316 3339 3399 3390 ιιι,
3434 3323 3520 3391 3);
3550 3343 3579 3372 ››
3612 3326 3670 3376 et
3692 3318 3856 3374 infra:

2240 3438 2269 3467 ί(
2308 3419 2376 3471 Et
2412 3416 2716 3471 maledicat
2749 3417 2801 3471 ei
2830 3416 2877 3469 is
2917 3416 3015 3487 qui
3043 3416 3344 3472 maledixit
3379 3417 3542 3472 diem
3581 3414 3748 3480 illam,
3776 3410 3855 3482 qui

2238 3510 2409 3565 habet
2454 3526 2731 3580 magnum
2775 3512 2966 3565 cetum
3010 3509 3340 3581 opprimere
3388 3509 3585 3581 (Ibid.,
3625 3508 3700 3579 8),
3744 3526 3770 3556 »
3800 3502 3859 3558 ad

2237 3604 2596 3675 prophetiam
2634 3603 2917 3674 pertinet,
2957 3619 3027 3658 eo
3073 3603 3223 3674 quod
3266 3603 3572 3659 diabolum
3611 3607 3859 3672 tanquam

2238 3697 2533 3768 procellosi
2558 3697 2748 3752 saeculi
2772 3696 2935 3751 istius
2961 3702 3152 3752 cetum
3191 3696 3479 3752 Dominus
3506 3699 3703 3752 noster
3728 3695 3862 3747 Iesus

2235 3791 2487 3848 Christus
2548 3790 2857 3862 oppressit,
2913 3794 2972 3845 et
3020 3790 3418 3861 generationis
3469 3806 3591 3845 suae
3645 3784 3863 3842 carnalis

2237 3885 2389 3940 diem
2430 3884 2620 3955 perire
2670 3883 2996 3952 desiderat;
3049 3890 3111 3939 ut
3149 3883 3269 3938 dies
3314 3885 3446 3955 ejus
3497 3884 3558 3938 in
3596 3893 3865 3954 regenera-

2236 3978 2391 4033 tione
2430 3983 2786 4032 numeretur.
2829 3978 3043 4043 Pereat,
3076 3976 3284 4049 inquit,
3325 3978 3460 4034 dies
3486 3974 3782 4040 saacularis,
3814 3976 3865 4023 ut

2237 4070 2357 4125 dies
2391 4070 2660 4141 spiritalis
2702 4070 2941 4124 oriatur.
2984 4071 3133 4140 Ergo
3178 4069 3234 4124 in
3280 4071 3620 4126 tentatione
3667 4070 3866 4123 sanctus

2235 4164 2336 4219 Job
2365 4163 2638 4235 mysteria
2667 4163 3039 4233 loquebatur;
3075 4163 3171 4235 qui
3201 4164 3365 4218 enim
3397 4164 3671 4219 vincebat
3708 4173 3864 4215 saecu-

2235 4258 2379 4324 lum,
2408 4257 2696 4313 Christum
2722 4256 2966 4311 videbat.

2305 4352 2395 4405 41.
2448 4351 2555 4404 Nos
2602 4349 2779 4421 igitur
2822 4366 2937 4403 non
2988 4349 3292 4404 timeamus
3346 4350 3735 4415 tentationes,
3782 4342 3863 4399 sed

3743 4442 3866 4497 Cum

2238 4537 2616 4603 inﬁrmamur,
2653 4539 2787 4590 tunc
2826 4539 3088 4607 potentes
3124 4553 3321 4591 sumus
3371 4537 3441 4610 (II
3478 4541 3628 4599 ϐοτη
3655 4551 3746 4602 xu,
3778 4535 3868 4595 10);

2238 4634 2373 4685 tunc
2407 4631 2561 4684 enim
2599 4630 2848 4684 nectitur
2882 4646 3092 4684 corona
3117 4629 3385 4700 justitiaa.
3434 4630 3552 4687 Sed
3585 4630 3683 4685 illa
3720 4624 3872 4683 Paulo

2240 4722 2490 4778 fortassis
2529 4722 2929 4789 accommoda;
2976 4739 3080 4776 nos
3121 4726 3314 4777 autem
3369 4725 3513 4795 quia
3558 4725 3749 4795 plures
3786 4732 3869 4771 co-

2238 4833 2396 4871 ronas
2419 4821 2568 4885 sunt,
2594 4832 2996 4887 quamcunque
3019 4832 3250 4886 sperare
3273 4815 3587 4872 debemus.
3607 4818 3670 4872 In
3691 4810 3873 4869 saeculo

2239 4913 2428 4966 laurus
2469 4926 2677 4965 corona
2712 4913 2815 4977 est,
2858 4925 3064 4963 corona
3106 4915 3191 4964 est
3230 4915 3471 4965 scutum
3515 4913 3612 4982 (6).
3651 4911 3720 4962 At
3757 4918 3871 4960 vero

2237 5005 2340 5060 tibi
2390 5004 2674 5076 proposita
2725 5005 2809 5058 est
2856 5019 3066 5058 corona
3119 5002 3462 5059 deliciarum
3519 5021 3533 5059 :
3596 5026 3625 5055 ‹‹
3677 5004 3872 5059 Corona

2239 5128 2381 5188 loco,
2410 5125 2507 5177 sed
2544 5129 2599 5175 et
2624 5125 2719 5175 lib.
2752 5138 2809 5175 iii
2847 5126 3121 5188 Hexaem,
3145 5138 3263 5189 cap.
3310 5127 3397 5183 14,
3440 5141 3604 5176 num.
3643 5125 3723 5186 60,
3758 5133 3871 5172 scu-

2240 5199 2632 5258 tumcoronis,
2660 5197 2768 5247 hoc
2801 5201 2904 5257 est,
2936 5197 3183 5247 victorias
3220 5198 3507 5260 praemiis,
3541 5194 3871 5248 annumerat.

2238 5268 2345 5317 Hic
2375 5269 2522 5317 enim
2551 5272 2915 5331 posteaquam
2945 5268 3073 5341 vitis
3101 5268 3495 5341 foliumscuti
3529 5263 3872 5341 similitudine

2238 5337 2557 5400 descripsit,
2613 5337 2805 5387 subdit
2860 5337 3061 5387 deinde
3108 5351 3120 5386 :
3168 5339 3380 5387 Etenim
3438 5338 3622 5389 bravii
3675 5337 3873 5400 speciem

2236 5409 2445 5459 videtur
2483 5407 2783 5471 efﬁngere...
2832 5409 3134 5458 innascitur
3180 5410 3386 5471 species
3444 5416 3495 5461 et
3538 5406 3873 5474 praerogativa

2236 5481 2482 5530 victoriae.
2529 5481 2709 5530 Secum
2766 5480 2931 5542 igitur
2977 5478 3126 5528 habet
3166 5478 3426 5530 braoium
3477 5496 3636 5532 suum
3684 5490 3784 5542 quo
3833 5478 3873 5521 οι

2235 5551 2503 5602 munimen
2549 5550 2650 5601 sibi
2700 5549 2984 5613 praebetur,
3032 5552 3139 5599 etc.
3194 5548 3263 5598 Et
3316 5549 3454 5613 (huc
3511 5552 3682 5601 etiam
3732 5545 3870 5603 facit,

2236 5624 2387 5688 quod
2416 5624 2471 5673 in
2503 5622 2760 5673 eumdem
2786 5621 2943 5673 citati
2966 5622 3164 5685 psalmi
3204 5634 3441 5672 versum
3480 5622 3621 5673 dicit
3662 5619 3873 5673 Cassio-

2236 5693 2422 5753 dorus,
2470 5692 2694 5756 Clypeus
2737 5691 3008 5754 impositus
3056 5691 3223 5755 capiti
3261 5703 3477 5741 corona
3532 5696 3625 5750 est,
3671 5690 3872 5755 aptatus

2234 5765 2384 5815 cordi
2407 5763 2658 5827 defensio.
2698 5763 2811 5813 Nec
2838 5762 2979 5814 forte
3023 5763 3190 5815 aliam
3230 5760 3305 5813 ob
3344 5776 3590 5815 causam
3627 5766 3782 5816 scuta
3825 5757 3873 5807 in
