3972 6174
159 271 255 323 1709
1192 266 1663 322 EXPOSITIONIS
1700 266 1769 322 IN

1807 267 2031 325 LUCAM
2073 268 2201 323 LIB.
2246 268 2332 321 IV.
3303 276 3439 329 1710

152 393 265 446 enim
308 388 612 444 deliciarum
653 388 1016 444 obumbrabit
1060 392 1119 444 te
1166 390 1371 460 (Prov.,
1427 408 1498 457 iv,
1548 392 1621 461 9).
1676 411 1703 441 »
1730 390 2076 475 Adiﬂ‘usum
2104 391 2461 463 temporibus
2489 390 2848 462 praedicaret,
2883 394 2983 463 qui
3020 395 3207 450 redire
3243 396 3304 451 in
3344 415 3437 453 ore

150 488 195 539 Et
222 483 331 537 alibi
358 500 369 536 :
400 504 425 530 ‹‹
462 482 620 538 Scuto
646 482 810 536 bonae
844 484 1144 538 voluntatis
1176 501 1293 538 suae
1327 485 1709 539 circumdabit

148 584 186 632 te
211 580 268 646 (7)
295 577 442 647 (Psal.
471 592 521 643 v,
550 577 649 647 13).
685 597 713 626 ››
745 576 927 632 Gloria
953 593 1176 648 quoque
1203 584 1257 631 et
1292 578 1509 632 honore
1536 594 1706 648 quem

148 670 302 725 dilexit
329 668 606 737 Dominus,
637 670 927 725 coronavit
959 672 1125 741 (Psal.
1166 688 1275 738 vm,
1311 674 1384 741 6).
1416 672 1566 742 Ergo
1610 673 1708 743 qui

144 765 230 817 vult
271 779 518 817 coronam
575 763 745 829 dare,
810 764 1153 819 tentationes
1202 765 1481 835 suggerit.
1538 766 1606 819 Et
1663 766 1708 819 si

144 855 320 928 quando
356 856 669 926 tentaberis,
715 873 993 927 cognosce
1030 858 1167 929 quia
1209 864 1439 929 paratur
1480 875 1704 914 corona.

141 951 255 1004 Tolle
302 954 601 1020 martyrum
650 951 982 1021 certamina,
1035 951 1212 1006 tulisti
1257 968 1529 1019 coronas;
1576 953 1709 1007 tolle

142 1042 382 1108 cruciatus,
410 1043 583 1097 tulisti
609 1043 1006 1099 beatitudines.

188 1138 257 1190 42.
296 1137 478 1190 Nonne
508 1137 744 1192 tentatio
773 1139 1002 1209 Ioseph,
1035 1138 1258 1193 virtutis
1288 1144 1376 1194 est
1405 1156 1703 1195 consecra-

138 1230 193 1282 tio
224 1229 315 1298 (8)?
349 1230 537 1284 Nonne
574 1231 789 1301 injuria
826 1232 1066 1287 carceris
1106 1248 1321 1288 corona
1360 1238 1444 1288 est
1484 1233 1704 1288 castita-

135 1324 215 1376 tis?
246 1322 721 1386 Quemadmodum
771 1325 935 1396 regni
975 1325 1032 1379 in
1078 1327 1318 1397 Egypto
1356 1327 1708 1382 consortium

135 1416 358 1486 potuisset
389 1417 637 1487 adipisci,
670 1418 780 1472 nisi
812 1419 1075 1473 venditus
1111 1420 1314 1475 fuisset
1339 1437 1373 1474 a
1403 1420 1709 1476 fratribus?

134 1510 251 1573 Quod
296 1510 385 1564 Dei
427 1510 637 1565 factum
681 1512 936 1575 arbitrio,
995 1517 1058 1567 ut
1102 1514 1294 1583 justus
1344 1515 1705 1586 probaretur,

132 1603 219 1672 ipse
253 1604 593 1669 monstravit,
639 1605 833 1659 dicens
873 1627 883 1659 :
930 1627 957 1654 ‹‹
999 1607 1501 1670 Quemadmodum
1545 1608 1707 1661 ﬁeret

133 1695 173 1749 in
197 1696 456 1761 hodierno,
488 1703 551 1751 ut
578 1705 910 1768 pasceretur
938 1700 1181 1771 populus
1209 1702 1425 1755 multus
1454 1702 1627 1770 (Gem,
1655 1718 1705 1767 L,

132 1790 274 1857 20)?»
298 1790 411 1844 Non
451 1790 731 1845 debemus
768 1792 945 1863 igitur
981 1794 1332 1848 tentationes
1374 1794 1563 1849 saeculi
1606 1772 1785 1865 proB

133 1883 253 1936 matis
285 1884 492 1953 timere,
534 1884 745 1957 quibus
781 1886 928 1940 bona
960 1886 1198 1957 praemia
1242 1893 1649 1958 comparantur
1691 1906 1705 1943 :

132 1976 203 2028 sed
236 1977 399 2048 magis
433 1994 637 2049 rogare
674 1980 1156 2051 contemplatione
1204 1981 1546 2036 conditionis
1596 1982 1706 2036 hu-

133 2084 291 2140 manae,
318 2077 375 2125 ut
398 2088 490 2127 eas
518 2074 868 2128 tentationes
896 2074 1206 2129 subeamus
1236 2092 1378 2147 quas
1402 2076 1551 2130 ferre
1578 2092 1704 2147 pos-

133 2178 285 2217 SlﬂlllS.

179 2257 327 2312 (Vers.
355 2258 461 2330 l4.)
482 2262 552 2315 Et
575 2275 845 2329 regressus
871 2268 949 2316 est
972 2264 1125 2317 Jesus
1147 2265 1207 2317 in
1230 2265 1436 2317 virtute
1450 2264 1707 2333 Spiritus,

131 2351 171 2401 in
192 2349 463 2406 Galilzam.

178 2442 246 2499 t3.
270 2446 591 2516 Completur
616 2447 723 2501 hoc
748 2447 870 2502 loco
898 2449 1200 2520 prophetia
1232 2449 1387 2504 Isaiae
1419 2449 1661 2505 dicentis
1693 2469 1705 2505 :

134 2556 152 2581 α
189 2537 337 2609 Regio
373 2539 662 2607 Zabulon,
710 2543 768 2594 et
811 2547 965 2597 terra
1009 2542 1364 2613 Nephtalim,
1410 2547 1468 2597 et
1518 2545 1710 2599 czeteri

131 2631 348 2697 paraliam
390 2633 805 2701 inhabitantes,
847 2638 905 2688 et
941 2636 1038 2706 qui
1083 2652 1239 2690 secus
1285 2638 1577 2691 maritima
1615 2638 1708 2709 (9),

130 2722 403 2798 $1346
433 2732 589 2782 trans
622 2728 928 2783 Iordanem
955 2729 1197 2784 Catilinae
1224 2732 1506 2801 gentium,
1539 2748 1712 2803 popu-

129 2814 190 2870 lus
213 2820 293 2888 qui
328 2821 562 2876 sedebat
601 2821 662 2876 in
703 2822 911 2876 umbra
950 2824 1176 2891 mortis,
1221 2825 1405 2879 lucem
1449 2826 1714 2880 viderunt

128 2925 341 2980 magnam
389 2915 541 2980 (1sa.,
602 2931 679 2980 ix,
739 2919 790 2984 t,
848 2920 927 2981 2).
985 2938 1013 2965 η
1069 2917 1203 2981 Quis
1265 2924 1349 2973 est
1403 2918 1558 2973 enim
1618 2920 1709 2975 lux

130 3018 310 3075 magna,
338 3006 445 3062 nisi
485 3008 747 3064 Christus
789 3009 886 3080 qui
925 3010 1209 3065 illuminat
1252 3027 1485 3067 omnem
1524 3013 1707 3068 homi-

132 3111 229 3151 nem
249 3101 564 3156 venientem
592 3102 654 3155 in
680 3102 833 3157 hunc
859 3103 1187 3159 mundum?

178 3192 247 3247 44.
286 3193 449 3263 (Vers.
491 3196 608 3266 t7.)
648 3196 858 3251 Deinde
892 3197 1106 3252 librum
1136 3200 1374 3270 accepit,
1416 3205 1476 3254 ut
1514 3205 1705 3256 osten-

130 3282 248 3338 deret
264 3302 315 3340 se
340 3288 525 3360 ipsum
557 3305 681 3344 esse
710 3290 806 3361 qui
837 3291 1061 3345 locutus
1088 3296 1173 3346 est
1202 3293 1262 3346 in
1298 3294 1613 3364 prophetis,
1653 3300 1711 3349 et

129 3386 388 3436 removeret
418 3383 723 3455 sacrilegia
758 3383 1133 3455 perﬁdorum,
1170 3387 1268 3457 qui
1307 3387 1485 3441 alium
1524 3389 1707 3443 Deum

130 3468 280 3527 dicunt
319 3477 521 3532 veteris
575 3478 959 3545 Testamenti,
1014 3479 1190 3534 alium
1234 3481 1367 3535 novi
1409 3498 1422 3536 :
1478 3483 1563 3537 vel
1611 3483 1709 3554 qui

128 3560 307 3621 initium
339 3569 545 3625 Christi
576 3570 775 3626 dicunt
818 3587 963 3642 esse.
986 3572 1056 3627 de
1104 3572 1334 3645 Virgine
1369 3591 1381 3629 :
1414 3575 1708 3647 quomodo

130 3657 245 3712 enim
256 3663 408 3733 coepit
419 3680 487 3718 ex
501 3664 759 3734 Virgine,
775 3665 871 3736 qui
886 3669 1016 3721 ante
1030 3666 1320 3737 Virginem
1335 3667 1710 3739 loquebatur?

179 3751 320 3819 (Vers.
352 3758 455 3827 18.)
487 3757 734 3827 Spiritus
764 3761 974 3813 Domini
998 3776 1162 3829 super
1186 3776 1287 3815 me.

181 3844 249 3899 15.
295 3849 449 3904 Vides
495 3850 832 3906 Trinitatem
883 3858 1226 3907 coaeternam
1273 3858 1442 3926 atque
1493 3856 1708 3927 perfec-

129 3939 231 3992 tam.
258 3940 435 4012 Ipsum
463 3944 725 4016 loquitur
755 3946 1047 4016 Scriptura
1084 3948 1275 4002 Jesum
1316 3948 1496 4003 Deum
1528 3949 1710 4005 homi-

131 4042 349 4103 nemque,
389 4036 449 4091 in
493 4043 737 4109 utroque
781 4040 1103 4109 perfectum
1148 4060 1159 4095 :
1209 4042 1393 4096 Deum
1432 4043 1707 4115 loquitur,

130 4127 169 4173 et
206 4125 432 4198 Patrem,
493 4136 556 4186 et
605 4131 879 4203 Spiritum
933 4138 1215 4191 sanctum.
1261 4136 1505 4207 Spiritus
1555 4139 1712 4193 enim

132 4226 309 4274 sanctus
360 4228 703 4295 cooperator
749 4226 1098 4297 ostenditur,
1152 4230 1382 4300 quando
1435 4233 1711 4302 corporali

131 4311 274 4377 specie
308 4314 448 4371 sicut
483 4318 748 4372 columba
787 4318 1075 4376 descendit
1116 4322 1174 4376 in
1215 4322 1535 4395 Christum;
1579 4342 1709 4381 cum

134 4397 205 4454 Dei
244 4406 399 4462 Filius
447 4410 834 4482 baptizaretur
885 4414 944 4467 in
998 4414 1190 4484 ﬂuvio,
1236 4417 1400 4471 Pater
1446 4418 1708 4490 loquere-

1728 3140 1783 3213 C

1808 485 1937 539 hem
1972 485 2177 539 laboris
2213 485 2447 551 nesciat,
2477 484 2968 541 continuationem
2995 488 3209 544 fructus
3248 491 3435 546 homi-

1811 578 1975 633 nibus
2001 582 2056 632 et
2092 578 2299 649 quietis
2334 578 2651 649 indulgeat.
2684 582 2862 651 Atque
2898 579 2993 634 ille
3021 581 3102 635 ita
3138 582 3207 635 ad
3244 585 3438 639 omnia
3476 574 3481 582 λ

1807 688 1864 725 se
1901 673 2152 725 curvavit
2189 671 2477 743 obsequia,
2524 677 2583 726 ut
2620 688 2693 727 ne
2724 672 2949 727 lectoris
2981 672 3212 745 quidem
3246 692 3438 747 asper-

1810 767 2042 819 naretur
2086 764 2336 819 ofﬁcium
2378 781 2391 818 :
2437 781 2542 819 nos
2582 782 2718 821 vero
2762 766 2945 837 impii,
2994 767 3091 837 qui
3133 768 3441 824 divinitatis

1808 858 1981 912 ﬁdem
2033 858 2322 912 miraculis
2365 875 2606 930 operum
2652 860 3031 931 colligendam
3082 865 3437 934 contempla-

1807 952 1961 1006 tione
1988 953 2236 1023 corporis
2264 953 2640 1022 negabamus.

1883 1046 2056 1113 (Vers.
2103 1046 2213 1115 24.)
2258 1048 2432 1100 Amen
2473 1046 2591 1101 dico
2627 1047 2774 1101 vobis
2810 1048 2958 1116 quod
2993 1064 3143 1103 nemo
3178 1051 3443 1121 propheta

1810 1145 2057 1208 acceptus
2090 1143 2167 1193 est
2194 1140 2255 1193 in
2277 1141 2471 1209 patria
2499 1155 2620 1193 sua.

1878 1233 1965 1287 46.
1996 1232 2118 1287 Non
2146 1231 2508 1287 mediocriter
2534 1232 2749 1288 invidia
2779 1234 3060 1304 proditur,
3091 1252 3220 1306 quae
3251 1236 3442 1292 civicas

1810 1325 2100 1380 cbaritatis
2148 1325 2341 1394 oblita,
2397 1325 2455 1379 in
2507 1326 2712 1380 acerba
2776 1327 2908 1381 odia
2969 1345 3165 1383 causas
3227 1332 3445 1386 amoris

1809 1418 2064 1474 inﬂectit.
2124 1418 2308 1474 Simul
2360 1419 2470 1474 hoc
2532 1419 2795 1491 exemplo
2848 1421 3061 1492 pariter
3110 1426 3168 1476 et
3217 1426 3442 1479 oraculo

1810 1512 2126 1567 declaratur
2170 1512 2320 1583 quod
2360 1512 2572 1566 frustra
2607 1529 2775 1583 opem
2812 1514 3217 1570 misericordiae
3254 1518 3445 1572 caeles-

1810 1606 1884 1659 tis
1923 1609 2236 1677 exspectes,
2275 1607 2319 1659 si
2352 1606 2554 1660 alienae
2596 1606 2873 1661 fructibus
2902 1607 3124 1663 virtutis
3154 1609 3439 1679 invideas;

1810 1703 2145 1770 aspernator
2199 1698 2353 1753 enim
2404 1700 2675 1754 Dominus
2722 1700 3045 1755 invidorum
3096 1706 3209 1769 est,
3264 1709 3322 1757 et
3372 1704 3442 1759 ab

1810 1793 1876 1848 iis
1929 1793 2024 1864 qui
2083 1793 2277 1847 divina
2342 1793 2621 1847 beneficia
2673 1794 2733 1847 in
2794 1794 2916 1848 aliis
2979 1800 3437 1867 persequuntur,

1809 1886 2088 1941 miracula
2126 1903 2244 1940 suae
2288 1886 2574 1957 potestatis
2617 1886 2839 1941 avertit.
2882 1888 3190 1943 Dominicaa
3225 1891 3439 1961 quippe

1810 1980 1991 2034 carnis
2019 1982 2176 2034 actus
2213 1979 2522 2034 divinitatis
2562 1981 2885 2051 exemplum
2926 1987 3010 2036 est
3042 1998 3056 2035 :
3092 1987 3150 2036 et
3187 1983 3441 2039 invisibi-

1807 2073 1887 2128 lia
1913 2072 2073 2128 nobis
2101 2073 2225 2144 ejus
2249 2090 2355 2144 per
2380 2089 2447 2128 ea
2472 2090 2599 2145 quae
2626 2078 2759 2129 sunt
2785 2074 3025 2130 visibilia
3050 2076 3444 2133 demonstran-

1811 2172 1921 2223 tur.

1881 2261 1969 2315 47.
2029 2261 2151 2315 Non
2211 2260 2385 2315 otiose
2442 2261 2636 2331 itaque
2689 2260 2946 2316 Salvator
3000 2267 3233 2318 excusat
3292 2267 3445 2335 quod

1810 2354 1963 2408 nulla
1993 2353 2052 2408 in
2094 2354 2279 2425 patria
2314 2370 2415 2408 sua
2454 2355 2722 2409 miracula
2758 2355 2986 2410 virtutis
3026 2361 3298 2427 operatus
3341 2359 3441 2427 sit;

1812 2465 1885 2503 ne
1944 2449 2193 2502 fortassis
2246 2448 2450 2520 aliquis
2511 2447 2770 2502 viliorem
2833 2449 3028 2519 patriai
3088 2450 3256 2505 nobis
3320 2469 3445 2507 esse

1812 2542 2017 2596 debere
2052 2547 2277 2612 putaret
2314 2541 2601 2595 affectum.
2646 2542 2841 2612 Neque
2887 2542 3044 2596 enim
3092 2544 3239 2599 cives
3278 2549 3440 2615 pote-

1811 2638 1902 2689 rat
1942 2651 2058 2689 non
2103 2650 2317 2702 amare,
2371 2634 2469 2706 qui
2514 2638 2740 2688 amaret
2789 2651 3017 2703 omnes;
3071 2636 3172 2691 sed
3224 2638 3334 2708 ipsi
3386 2654 3444 2694 se

1810 2728 2084 2783 charitate
2131 2728 2349 2799 patriae,
2393 2728 2493 2798 qui
2531 2728 2810 2796 invident,
2840 2729 3208 2799 abdicarunt;
3259 2732 3446 2789 Chari-

1810 2827 1892 2876 tas
1940 2821 2094 2876 enim
2150 2838 2258 2876 non
2308 2822 2716 2876 aemulatur.....
2766 2838 2874 2876 non
2923 2825 3153 2891 inﬂatur
3201 2824 3242 2893 (Ι
3295 2826 3438 2888 σον..

1808 2932 1926 2982 xm,
1989 2916 2066 2986 4).
2132 2916 2240 2969 Nec
2294 2918 2491 2969 tamen
2544 2931 2738 2970 exsors
2790 2915 3202 2972 beneficiorum
3258 2918 3445 2990 patria

1810 3009 2132 3064 divinorum
2193 3012 2297 3063 est.
2360 3009 2518 3072 Quod
2583 3008 2736 3063 enim
2805 3009 2991 3080 majus
3060 3010 3440 3079 miraculum,

1810 3119 1983 3175 quam
2025 3102 2175 3174 quod
2212 3102 2273 3157 in
2302 3119 2367 3157 ea
2402 3104 2570 3156 natus
2607 3099 2861 3174 1347
2903 3105 2988 3157 est
3015 3103 3268 3158 Christus
3295 3104 3445 3173 (10)?

1808 3197 2006 3251 Videte
2051 3194 2230 3267 igitur
2283 3194 2423 3266 quid
2472 3194 2609 3249 mali
2658 3194 2873 3249 invidia
2919 3195 3143 3252 afferat.
3200 3198 3446 3269 Indigna

1809 3292 2045 3361 propter
2095 3288 2370 3345 invidiam
2427 3289 2609 3359 patria
2654 3288 2974 3358 judicatur,
3026 3290 3085 3345 in
3140 3307 3258 3362 qua
3310 3292 3447 3346 civis

1809 3386 2095 3454 operetur,
2127 3399 2255 3455 qua:
2284 3382 2461 3453 digna
2486 3382 2597 3437 fuit
2620 3382 2682 3437 in
2717 3398 2829 3454 qua
2862 3381 2959 3439 Dei
2986 3384 3155 3438 Filius
3184 3401 3445 3443 nascere-

1811 3483 1905 3532 tur
1932 3477 2064 3547 (tt).

1883 3572 2055 3641 (Vers.
2101 3572 2213 3639 25.)
2263 3572 2327 3625 In
2365 3571 2594 3625 veritate
2641 3570 2760 3624 dico
2802 3570 2995 3625 vobis:
3029 3571 3221 3627 Multa
3265 3574 3446 3628 vidua

1807 3666 2036 3733 fuerunt
2063 3665 2122 3717 in
2147 3663 2336 3718 diebus
2362 3663 2519 3717 Elia.

1882 3760 1971 3813 48.
2018 3758 2138 3811 Non
2189 3756 2321 3828 quia
2370 3756 2504 3811 Elite
2549 3756 2671 3811 dies
2710 3756 2967 3823 fuerunt,
3007 3757 3110 3811 sed
3144 3757 3203 3812 in
3241 3759 3449 3829 quibus

1810 3851 1957 3907 Elias
2009 3854 2278 3922 operatus
2340 3853 2428 3904 est
2467 3868 2481 3905 :
2524 3853 2623 3903 aut
2677 3849 2812 3921 quia
2864 3850 2984 3903 dies
3033 3850 3272 3906 faciebat
3310 3852 3444 3920 illis,

1810 3945 1912 4017 qui
1949 3946 2009 3999 in
2048 3944 2172 4015 ejus
2202 3943 2470 4014 operibus
2510 3943 2699 3998 lucem
2735 3942 3005 3998 videbant
3032 3944 3232 4013 gratiae
3277 3944 3444 4015 spiri-

1811 4038 1973 4106 talis,
2032 4042 2089 4093 et
2143 4037 2623 4093 convertebantur
2675 4036 2747 4091 ad
2806 4036 3132 4092 Dominum.
3192 4038 3262 4092 Et
3314 4037 3446 4093 ideo

1811 4131 2171 4204 aperiebatur
2225 4130 2430 4185 coelum
2487 4130 2810 4184 videntibus
2868 4135 3082 4184 aeterna
3141 4133 3197 4185 et
3255 4130 3447 4186 divina

1811 4225 2081 4298 mysteria
2129 4241 2142 4279 :
2194 4224 2562 4279 claudebatur
2605 4222 2833 4294 quando
2881 4224 3062 4279 fames
3109 4228 3258 4291 erat;
3310 4226 3445 4296 quia

1811 4320 1968 4374 nulla
2007 4324 2131 4373 erat
2169 4316 2583 4388 cognoscendae
2611 4316 2919 4372 divinitatis
2959 4317 3201 4372 ubertas.
3233 4317 3343 4373 Sed
3373 4319 3444 4373 de

1812 4414 1918 4467 hoc
1949 4412 2173 4484 plenius
2202 4412 2551 4483 scripsimus,
2584 4426 2714 4465 cum
2744 4411 2810 4465 de
2842 4411 3038 4467 Viduis
3067 4409 3447 4465 scriberemus

131 4497 198 4547 tur
221 4514 245 4551 e
268 4503 418 4558 coelo.
458 4504 625 4568 Quod
667 4505 846 4576 igitur
885 4508 1072 4578 majus
1109 4510 1420 4580 quaerimus
1459 4513 1711 4567 testimo-
1734 4511 1793 4582 D
1819 4506 1934 4576 (lib.
1964 4507 2029 4561 de
2061 4507 2298 4571 γεπείθ-

131 4587 277 4657 nium,
325 4612 497 4666 quam
550 4599 707 4669 quod
760 4616 818 4654 se
863 4600 1035 4656 fuisse
1090 4604 1188 4674 qui
1234 4604 1457 4660 locutus
1511 4612 1596 4661 est
1650 4607 1709 4661 in

132 4684 399 4756 Prophetis,
456 4691 689 4762 propria
754 4709 888 4748 voce
950 4695 1230 4765 signavit?
1286 4699 1532 4769 Ungitur
1584 4701 1709 4755 oleo

132 4772 339 4845 spiritali,
371 4786 427 4835 et
454 4784 664 4838 virtute
704 4787 939 4855 caelesti,
981 4793 1046 4844 ut
1082 4794 1485 4861 paupertatem
1516 4793 1707 4847 condi-

131 4862 258 4923 tionis
318 4873 582 4931 humanae
652 4878 919 4935 thesauro
995 4884 1425 4939 resurrectionis
1498 4886 1715 4956 rigaret

132 4962 316 5031 alterno,
360 4970 750 5039 captivitatem
803 4974 1015 5029 mentis
1063 4980 1356 5044 averteret,
1401 4979 1711 5034 caecitatem

132 5045 433 5116 illuminaret
481 5064 841 5136 animorum,
888 5084 1106 5123 annum
1150 5070 1378 5125 Domini
1424 5072 1713 5144 perpetuis

134 5172 352 5255 ξβιξιωῐιξι
392 5184 614 5248 Trajani
665 5191 885 5239 coronis
939 5192 1201 5255 insignita
1252 5194 1532 5254 visuntur,
1580 5194 1714 5244 licet

133 5236 261 5328 finitis
283 5252 356 5328 rei
385 5236 648 5328 rationem
674 5236 1237 5313 nonnihil—diversam
1266 5236 1713 5328 ὶιέᾱᾶεῖιζίρὲῖιῖὲ

136 5320 175 5358 ιιι
182 5318 327 5395 Δωρί.
353 5325 424 5373 ad
450 5325 536 5375 tib.
567 5328 630 5378 de
653 5331 830 5395 Magn.
870 5333 1015 5381 Rom.

168 5386 229 5460 l7)
255 5390 381 5443 Rom
424 5396 577 5460 edit.,
601 5386 892 5453 υοιατῖεαιίε
918 5409 1019 5453 tuae
1045 5405 1314 5455 coronasti
1340 5418 1455 5462 nos,
1480 5411 1527 5455 et
1564 5412 1711 5458 scuto

142 5463 440 5515 Circumdabit
463 5472 524 5518 to.

255 5532 450 5607 E_adem
476 5540 627 5592 Rom.
656 5543 813 5607 edit.,
843 5547 1055 5596 virtutis
1080 5553 1152 5597 est
1185 5546 1480 5599 celebratio.

185 5598 233 5676 βξ)
266 5605 323 5654 Et
358 5612 452 5671 qui
483 5624 622 5664 secus
659 5598 935 5667 maritima
974 5617 1155 5668 deleta
1193 5620 1413 5671 fuerant
1451 5621 1508 5669 in
1552 5619 1712 5670 Rom.

145 5662 705 5754 gl‘ﬁﬂ‘eque‘omnino
730 5687 894 5748 male,
921 5702 1049 5738 cum
1094 5690 1151 5739 in
1190 5691 1569 5754 superioribus
1605 5691 1715 5741 illis

144 5741 367 5825 βξξιιξυπι
398 5750 768 5825 inhabitantes,
793 5741 1365 5823 comprehendantur;
1393 5761 1492 5812 sed
1528 5764 1716 5811 tamen

147 5816 441 5872 τερθτὶιιιιιῐιι
463 5822 518 5873 in
541 5827 801 5880 omnibus
835 5816 967 5882 mss.
1005 5844 1071 5882 ac
1113 5835 1222 5883 vet.
1265 5816 1398 5884 edit.
1429 5831 1501 5883 Et
1535 5833 1716 5897 potuit

1882 4602 2057 4669 (Vers.
2084 4602 2199 4668 27.)
2231 4601 2301 4652 Et
2325 4599 2489 4652 multi
2520 4598 2719 4666 leprosi
2743 4599 2898 4650 erant
2925 4598 2992 4651 in
3013 4594 3203 4650 Iudaea
3240 4601 3441 4667 tempo-

1809 4696 1958 4750 ribus
1982 4695 2164 4749 Etisaei
2180 4693 2489 4762 prophetae;
2523 4694 2573 4744 et
2614 4704 2765 4744 nemo
2802 4703 2984 4744 eorum
3018 4688 3316 4745 mundatus
3343 4696 3444 4754 est,

1811 4791 1920 4844 nisi
1944 4790 2201 4845 Nauman
2227 4787 2420 4853 Syrus.

1883 4882 1972 4936 49.
2026 4879 2332 4935 Evidenter
2380 4877 2473 4932 hic
2521 4892 2713 4931 sermo
2765 4893 2867 4931 nos
2910 4876 3134 4931 Domini
3179 4876 3445 4930 salutaris

1814 4975 2121 5040 informat,
2176 4975 2234 5026 et
2287 4970 2359 5025 ad
2419 4970 2669 5025 studium
2734 4970 3073 5024 venerandae
3140 4968 3445 5023 divinitatis

1812 5069 2093 5133 hortatur,
2137 5064 2290 5137 quod
2327 5080 2499 5119 nemo
2536 5065 2765 5117 sanatus
2800 5062 3135 5127 ostenditur,
3170 5064 3227 5115 et
3255 5076 3443 5115 macu-

1813 5190 2142 5241 Ambrosius
2170 5201 2295 5252 quae
2326 5187 2519 5238 Οτι-ωειλ
2551 5185 2790 5236 dictione
2817 5186 3150 5247 signaverat,
3180 5183 3444 5234 continuo

1811 5262 2020 5312 Latinis
2048 5260 2233 5310 verbis
2261 5258 2557 5322 explicare.

1874 5333 1973 5395 (10)
2000 5331 2164 5393 Quod
2192 5330 2451 5381 Christus
2480 5329 2549 5378 de
2581 5326 2760 5390 patria
2792 5327 2848 5375 in
2879 5337 2990 5389 qua
3014 5324 3289 5375 educatus
3320 5324 3442 5375 fne-

1813 5408 1913 5465 rat,
1940 5402 2093 5464 dicit,
2120 5402 2177 5452 id
2205 5403 2371 5452 etiam
2400 5399 2469 5449 ad
2495 5400 2725 5463 patriam
2752 5410 2878 5460 quae
2907 5396 3089 5459 ipsum
3119 5400 3443 5447 nascentem

1814 5477 2152 5539 susceperat,
2202 5471 2452 5523 extendit
2494 5469 2839 5520 Ambrosius.
2854 5468 2995 5539 Nec
3040 5479 3182 5539 sane?
3221 5467 3442 5539 injuria,

1814 5536 2039 5612 quando
2099 5546 2215 5596 illic
2270 5545 2437 5594 etiam
2489 5541 2708 5590 nullum
2756 5553 2788 5589 a
2840 5536 3062 5587 Christo
3109 5538 3441 5587 miraculum

1812 5619 2064 5682 legamus
2086 5618 2480 5680 perpetratum.

1876 5678 1972 5752 ῐιι)
2005 5678 2161 5739 Rom.
2188 5685 2338 5747 edit.,
2368 5688 2426 5733 ut
2454 5682 2551 5733 Dei
2579 5681 2751 5731 Filius
2782 5680 3146 5752 conciperetur
3168 5694 3186 5727 .-
3215 5678 3355 5752 alia,
3380 5692 3449 5730 ac

1815 5773 1947 5810 mss.
1984 5770 2282 5809 omnes.....
2311 5757 2638 5805 macerctur.
2670 5752 2819 5804 Sane
2851 5751 3146 5815 conceptio
3184 5751 3448 5801 nativitas

1816 5834 1901 5882 est
1926 5830 2203 5881 inchoata.
