3926 6168
596 212 722 263 1711

2061 209 2115 262 8.
2161 209 2250 263 ΑΜ
2260 207 2481 263 BROSII

3730 223 3827 275 1712

584 331 691 385 losi
738 330 938 387 morbo
992 331 1240 403 corporis
1287 329 1606 399 absolutus,
1650 329 1758 384 nisi
1801 330 1901 401 qui
1945 330 2212 399 religioso
2237 332 2438 415 ANon
2489 331 2647 386 enim
2700 329 2882 403 magis
2932 331 3189 403 corporis
3239 347 3406 402 quam
3451 334 3628 388 mentis
3666 338 3831 408 lepram
3882 318 3883 321 Ἴ

586 423 771 479 ofﬁcio
832 423 1046 479 studuit
1108 424 1349 479 sanitati.
1399 426 1522 481 Non
1582 424 1741 479 enim
1804 424 2215 480 dormientibus
2315 424 2479 479 video
2520 425 2696 479 fuisse
2727 424 3090 493 mundatam,
3137 424 3363 496 quando
3403 431 3512 496 post
3544 427 3832 499 baptismum,

576 517 772 573 divina
806 517 1102 587 beneficia,
1146 518 1242 573 sed
1283 518 1714 573 observantibus
1753 518 2104 573 deferentur.
2146 519 2215 572 Et
2312 521 2523 573 veteris
2571 518 2778 573 erroris
2824 519 3146 573 colluvione
3196 518 3443 587 detersa,
3489 527 3632 591 negat
3676 541 3722 578 se
3760 525 3837 579 diis

580 611 730 667 bene
779 615 913 683 apto
962 612 1404 683 comparationis
1452 614 1715 684 exemplo
1766 611 2093 683 arrogantia
2142 613 2214 666 ci-

579 704 735 759 vium
796 705 1122 760 retunditur
1164 705 1518 775 invidorum,
1570 705 2037 777 Dominicumque
2094 706 2208 760 fac-

581 802 705 853 tum
751 798 1056 870 Scripturis
1097 800 1330 855 docetur
1366 799 1651 855 veteribus
1696 799 2015 867 convenire,
2056 799 2211 871 quod

579 892 638 947 in
679 892 835 947 libris
878 909 1106 965 quoque
1147 894 1477 964 Regnorum
1520 893 1768 965 legimus
1808 893 2079 965 gentilem
2121 892 2205 948 vi-

578 1002 707 1042 rum
766 988 1019 1042 Naaman
1066 987 1401 1058 prophetico
1456 988 1681 1042 oraculo
1738 989 1913 1059 lepra:
1967 986 2208 1042 maculis

579 1080 900 1136 absolutum
938 1082 1027 1147 (ιν
1061 1083 1211 1149 Reg.,
1255 1098 1307 1147 v,
1359 1081 1465 1149 14),
1499 1098 1628 1135 cum
1672 1081 1953 1152 plurimos
1994 1081 2209 1136 Judaeu-

577 1190 709 1229 rum
754 1175 912 1245 lepra
956 1174 1206 1246 corporis
1249 1174 1463 1245 pariter
1508 1178 1567 1229 et
1612 1176 1818 1230 mentis
1860 1174 2202 1231 absumeret.

578 1268 871 1338 Siquidem
897 1274 1139 1339 quatuor
1162 1268 1287 1323 illos
1317 1269 1439 1340 qui,
1474 1275 1711 1339 cogente
1739 1268 1911 1337 fame,
1946 1269 2005 1324 in
2030 1272 2207 1323 castra

574 1363 727 1433 regis
789 1361 965 1433 Syrias
1031 1361 1203 1432 primi
1265 1362 1666 1432 tetenderunt,
1733 1363 1907 1418 tradit
1968 1363 2206 1418 historia

572 1455 749 1510 fuisse
782 1456 1032 1527 leprosos
1072 1457 1160 1523 (1V
1195 1458 1347 1526 Reg.,
1389 1473 1485 1524 vn,
1527 1458 1672 1524 3-5).
1717 1457 1831 1512 Cur
1873 1457 2050 1527 igitur
2091 1474 2205 1511 non

572 1549 806 1603 curabat
850 1549 1079 1618 fratres,
1125 1565 1240 1605 non
1288 1549 1525 1604 curabat
1565 1549 1747 1617 cives,
1798 1566 1917 1605 non
1969 1550 2206 1605 sanabat

568 1642 856 1715 propheta
894 1648 1208 1712 consortes;
1255 1659 1387 1698 cum
1428 1648 1661 1698 sanaret
1698 1644 1937 1712 alienos,
1973 1647 2255 1715 sanaret_
2304 1660 2527 1715 quaeras
2586 1662 2599 1699 :

2311 612 2507 667 alienis
2550 612 2780 681 hostias,
2828 628 2969 684 quas
3009 612 3392 684 spoponderat
3428 613 3656 682 Domino,
3694 617 3835 671 litatu-

2311 722 2439 760 rum
2472 707 2651 775 (Ibid.,
2694 708 2801 777 17).

2381 804 2467 855 52.
2500 800 2657 855 Disce
2687 800 2860 856 etiam
2890 817 3156 871 congruas
3192 803 3465 871 praecepta
3488 801 3681 856 virtutis
3708 820 3719 857 :
3742 821 3839 875 pro-

2307 894 2458 949 bavit
2499 894 2692 962 ﬁdem,
2735 894 2836 965 qui
2881 894 3113 965 praemia
3152 893 3440 949 recusavit.
3481 894 3620 949 Disce
3660 899 3843 969 utroque

2309 986 2585 1042 dictorum
2638 988 3033 1059 factorumque
3092 987 3417 1058 magisterio
3463 987 3587 1058 quid
3632 991 3843 1059 sequaris.

2307 1081 2487 1136 Habes
2529 1081 2756 1136 Domini
2797 1087 3168 1153 praeceptum,
3197 1081 3335 1136 vatis
3372 1082 3685 1152 exemplum,
3720 1084 3846 1153 gratis

2308 1175 2582 1246 accipere,
2630 1175 2804 1246 gratis
2849 1175 2987 1230 dare
3032 1175 3280 1246 (Matth,
3327 1191 3381 1242 x,
3417 1176 3498 1241 8);
3538 1191 3629 1229 uec
3663 1176 3848 1230 vendere

2306 1268 2706 1338 ministerium,
2745 1268 2842 1324 sed
2878 1268 3104 1324 offerre.
3137 1270 3261 1324 Non
3300 1269 3453 1323 enim
3489 1268 3656 1338 pretio
3682 1271 3849 1322 taxatur

2307 1362 2405 1417 Dei
2449 1364 2652 1434 gratia,
2701 1379 2805 1418 nec
2849 1363 2908 1417 in
2954 1363 3327 1418 sacramentis
3368 1362 3578 1416 lucrum
3618 1362 3851 1433 quaeritur,

2305 1457 2405 1513 sed
2433 1456 2769 1530 obsequium
2798 1456 3129 1512 sacerdotis.

2374 1554 2462 1605 53.
2518 1551 2641 1605 Non
2698 1553 2893 1605 tamen
2948 1550 3085 1605 satis
3138 1553 3224 1605 est
3269 1551 3317 1604 si
3362 1550 3573 1605 lucrum
3626 1549 3729 1620 ipse
3774 1566 3856 1603 non

2658 1643 2890 1699 familiae
2947 1660 3173 1716 quoque
3231 1645 3345 1699 tua;
3400 1642 3712 1698 cohibendae
3759 1649 3857 1696 sunt

572 1753 670 1792 eos
693 1736 791 1808 qui
819 1736 1236 1792 observantiam
1258 1736 1418 1807 legis,
1449 1743 1504 1791 et
1524 1737 1819 1808 religionis
1847 1737 2200 1793 consortium
2220 1713 2277 1785 B
2300 1754 2540 1805 manus;
2583 1753 2685 1792 nec
2731 1738 2841 1793 hoc
2888 1738 3075 1792 solum
3126 1736 3507 1809 exposcimus,
3551 1740 3609 1790 ut
3641 1740 3689 1790 te
3722 1736 3858 1789 solum

571 1847 689 1886 non
732 1829 1018 1886 habebant
1049 1846 1062 1884 :
1098 1830 1207 1884 nisi
1249 1830 1380 1901 quia
1418 1830 1726 1886 voluntatis
1767 1836 1854 1886 est
1892 1831 2197 1899 medicina,

568 1940 687 1979 non
726 1923 938 1995 gentis,
984 1928 1043 1978 et
1079 1921 1343 1978 divinum
1374 1941 1584 1979 munus
1620 1925 1764 1980 votis
1798 1924 2050 1996 eligitur,
2085 1942 2198 1979 non

567 2023 791 2072 natura:
836 2017 968 2087 jure
1021 2017 1309 2073 defertur?
1364 2018 1542 2086 Disce,
1595 2019 1940 2086 Christiane,
1993 2035 2198 2091 rogare

570 2112 721 2182 quod
748 2110 940 2182 cupias
969 2112 1280 2182 impetrare
1315 2129 1327 2166 :
1356 2111 1676 2167 fastidiosos
1702 2112 1850 2168 viros
1882 2113 2196 2169 caelestium

567 2204 854 2275 profectus
882 2220 1185 2260 munerum
1221 2221 1333 2260 non
1366 2211 1705 2277 sequuntur.

642 2302 728 2353 50.
778 2298 885 2353 Sed
951 2299 1208 2370 quamvis
1270 2299 1515 2371 simplex
1582 2300 1855 2371 expositio
1916 2300 2194 2356 moralem

565 2393 846 2447 informet
889 2392 1174 2460 affectum,
1225 2394 1407 2464 gratia
1450 2398 1645 2449 tamen
1688 2410 1805 2449 non
1854 2397 1938 2449 est
1980 2396 2196 2450 occulta

564 2486 842 2559 mysterii.
896 2486 1117 2541 Etenim
1175 2502 1306 2541 cum
1362 2486 1679 2558 posteriora
1726 2505 1758 2543 a
1805 2488 2193 2560 superioribus

563 2580 917 2647 deriventur,
986 2584 1109 2635 tum
1176 2580 1344 2635 etiam
1411 2581 1705 2652 superiora
1776 2582 2192 2653 posterioribus

560 2677 892 2729 astruuntur
926 2672 1052 2745 (lib.
1093 2675 1159 2728 de
1200 2675 1440 2742 Viduis).
1472 2674 1728 2729 Diximus
1764 2677 1918 2731 enim
1955 2677 2014 2731 in
2047 2676 2192 2730 libro

560 2768 690 2835 alio,
718 2768 776 2822 in
804 2767 973 2822 vidua
998 2767 1096 2822 illa
1123 2768 1193 2823 ad
1220 2784 1393 2839 quam
1420 2768 1567 2822 Elias
1589 2769 1837 2824 directus
1865 2774 1967 2837 est,
1991 2775 2191 2841 typum

558 2862 817 2917 Ecclesiae
863 2860 1243 2931 praemissum.
1288 2862 1529 2932 Populus
1574 2863 1880 2918 Ecclesiam
1926 2864 2193 2935 congruit

561 2958 671 3025 (l2)
713 2958 781 3010 ut
821 2959 1105 3026 sequatur.
1145 2955 1397 3025 Populus
1435 2955 1529 3009 ille
1572 2973 1639 3009 ex
1689 2956 2019 3028 alienigenis
2049 2974 2188 3012 con-

2302 1837 2520 1889 castum
2545 1831 3089 1903 immaculatumque
3115 1831 3420 1886 custodias.
3451 1832 3565 1884 Non
3595 1830 3729 1884 enim
3757 1828 3859 1882 dixit

2299 1927 2619 1997 Apostolus,
2658 1930 2712 1981 te
2753 1926 2953 1996 solum,
2999 1925 3116 1994 sed,
3149 1946 3177 1974 ‹‹
3204 1926 3279 1979 Te
3321 1925 3507 1996 ipsum
3541 1927 3737 1979 castiun
3771 1938 3858 1975 cus-

2298 2020 2416 2075 todi
2457 2021 2498 2083 (ῐ
2545 2023 2701 2083 Tim.,
2747 2036 2801 2088 v,
2839 2022 2949 2089 22).
3000 2041 3026 2068 ››
3074 2019 3358 2083 Quaeritur
3399 2034 3535 2089 ergo
3582 2033 3686 2072 non
3724 2016 3860 2069 solum

2298 2118 2396 2168 tua
2422 2114 2491 2167 ab
2531 2113 2855 2185 hujusmodi
2895 2113 3184 2180 nundinis,
3230 2112 3332 2167 sed
3365 2111 3537 2167 etiam
3575 2110 3753 2165 domus
3784 2112 3862 2161 tua.

2297 2207 2563 2261 castitas:
2603 2227 2631 2254 «
2671 2208 2904 2278 Oportet
2944 2206 3141 2275 (enim)
3190 2204 3740 2277 irreprehensibilem
3775 2217 3861 2255 esse

2295 2301 2756 2356 sacerdotem.....
2784 2317 2901 2355 sua:
2940 2300 3134 2355 domui
3173 2299 3325 2354 bene
3366 2298 3729 2370 propositum,
3754 2295 3864 2349 ﬁlios

2294 2394 2601 2449 habentem
2652 2393 2940 2461 subditos,
2981 2409 3110 2448 cum
3165 2394 3323 2448 omni
3375 2393 3646 2447 castitate.
3682 2390 3736 2445 Si
3773 2388 3863 2460 quis

2292 2494 2482 2544 autem
2509 2488 2707 2543 domui
2739 2503 2853 2542 suae
2890 2503 3134 2559 praeesse
3167 2487 3370 2555 nescit,
3409 2484 3687 2558 quomodo
3719 2483 3863 2537 Eccle-

2292 2582 2388 2637 sia:
2427 2582 2525 2635 Dei
2570 2581 2929 2653 diligentiam
2980 2580 3210 2656 habebit
3256 2583 3321 2647 (I_
3354 2583 3515 2643 Tim,
3560 2596 3634 2646 ιιι,
3682 2576 3819 2638 2-5)?
3846 2596 3863 2619 ιι

2293 2677 2511 2730 lnstrue
2555 2691 2690 2747 ergo
2737 2675 3014 2730 familiam
3057 2680 3238 2741 tuam,
3291 2675 3545 2741 hortare,
3592 2666 3883 2737 custodi;et‘

2292 2770 2338 2824 si
2381 2776 2436 2824 te
2479 2769 2742 2824 fefellerit
2779 2770 3031 2823 servulus
3060 2769 3398 2837 (humanam
3430 2768 3584 2823 cnim
3626 2781 3728 2820 non
3763 2760 3868 2817 eici.

2290 2863 2387 2935 pio
2420 2863 2794 2931 facultatem),
2842 2862 3173 2935 prophetico
3220 2862 3612 2934 deprehensus
3654 2855 3867 2928 repudie.

2289 2961 2383 3011 tur
2415 2958 2699 3028 exemplo.
2736 2957 2855 3012 Cito
2886 2960 2944 3026 (1,
2979 2973 3036 3027 q.
3066 2973 3104 3025 ι,
3137 2973 3261 3027 cap.
3307 2958 3445 3021 Cito)
3478 2960 3697 3025 turpem
3730 2948 3870 3019 sequi-

561 3053 850 3120 gregatus,
898 3049 1141 3119 populus
1182 3048 1278 3102 ille
1318 3054 1447 3103 ante
1486 3051 1764 3120 leprosus,
1812 3052 2054 3121 populus
2096 3052 2187 3106 ille
2209 3084 2264 3157 Ο
2288 3053 2383 3104 tur
2424 3051 2583 3121 lepra
2626 3049 2974 3116 mercedem,
3006 3053 3064 3105 et
3099 3044 3599 3121 pecunia'corpus
3638 3044 3867 3149 animuin-

559 3146 689 3197 ante
734 3140 1090 3210 maculosus,
1138 3141 1473 3213 priusquam
1518 3143 1759 3213 mystico
1802 3143 2191 3215 baptizaretur
2212 3134 2264 3157 υ
2292 3160 2402 3216 que
2435 3144 2577 3198 male
2613 3143 2846 3215 quaesita
2885 3144 3290 3199 commaculat.
3324 3165 3354 3193 «
3385 3140 3677 3213 Accepisti,
3710 3134 3867 3206 inquit,

559 3236 619 3290 in
646 3235 905 3303 ﬂumine,
933 3235 1087 3289 idem
1124 3238 1252 3305 post
1289 3241 1644 3292 sacramenta
1679 3237 2029 3308 baptismatis
2064 3254 2186 3291 ma-

558 3329 696 3384 culis
738 3328 990 3399 corporis
1032 3334 1088 3384 et
1132 3329 1336 3385 mentis
1375 3329 1627 3400 ablutus,
1668 3330 1793 3401 jam
1838 3348 1953 3386 non
1997 3333 2186 3402 lepra,

557 3422 657 3477 sed
685 3422 1047 3477 immaculata
1075 3423 1234 3495 virgo
1266 3423 1437 3495 ccepit
1473 3440 1593 3479 esse
1634 3424 1756 3478 sine
1787 3440 1951 3496 ruga.
1991 3426 2185 3482 Merito

558 3532 698 3588 ergo
728 3532 971 3587 magnus
1005 3518 1254 3572 Naaman
1296 3518 1354 3571 in
1396 3521 1700 3588 conspectu
1738 3518 1964 3573 Domini
1993 3519 2101 3586 sui,
2132 3525 2189 3575 et

554 3608 915 3664 admirabilis
939 3610 1081 3665 facie
1110 3610 1466 3681 describitur,
1496 3611 1765 3683 quoniam
1798 3612 1856 3667 in
1894 3613 2015 3684 ejus
2050 3618 2186 3685 typo

552 3704 702 3758 salus
744 3705 936 3759 futura
972 3705 1240 3776 gentibus
1280 3704 1614 3773 declaratur,
1659 3705 1758 3776 qui
1802 3706 2004 3761 soluts:
2048 3723 2183 3762 con-

552 3797 676 3853 silio
723 3798 925 3868 puellae
974 3800 1110 3868 (l3),
1159 3815 1286 3871 quae
1328 3798 1519 3853 fractis
1567 3799 1780 3854 viribus
1828 3800 2071 3865 civium,
2123 3801 2183 3855 in

547 3891 816 3947 hostilem
865 3891 1086 3963 captiva
1135 3897 1369 3947 venerat
1413 3894 1774 3963 potestatem,
1825 3911 1858 3947 a
1908 3894 2183 3965 propheta

549 3986 791 4041 salutem
833 3984 1092 4058 1348
1132 4003 1361 4057 sperare
1401 3986 1782 4042 commonitus
1823 3988 1911 4051 (IV
1947 3991 2095 4056 Beg.,
2126 4004 2180 4055 ν,

548 4080 690 4145 2-4),
731 4095 846 4132 non
882 4081 1097 4134 terreni
1138 4079 1290 4150 regis
1327 4080 1591 4151 imperio,
1630 4080 1725 4135 sed
1767 4079 1971 4135 divina:
2011 4081 2178 4136 mise-

550 4170 806 4225 ricordias
832 4170 1169 4227 liberalitate
1199 4177 1432 4228 sanatur

620 4268 707 4319 51.
748 4264 863 4319 Cur
895 4265 1132 4336 mystico
1172 4281 1415 4321 numero
1458 4283 1720 4337 mergere
1753 4268 2030 4338 jubetur?
2067 4270 2181 4325 Cur

547 4358 807 4413 Iordanis
856 4357 1060 4413 ﬂuvius
1107 4358 1378 4430 eligitur?
1423 4380 1447 4413 «
1490 4362 1685 4415 Nonne
1738 4361 1907 4431 boni,
1958 4363 2175 4434 inquit,

2290 3233 2619 3304 pecuniam,
2661 3239 2717 3288 et
2754 3232 3068 3304 possidebis
3103 3249 3174 3288 ex
3217 3249 3283 3288 ea
3325 3248 3556 3304 agrum,
3583 3234 3639 3286 et
3670 3227 3867 3283 vineam.

2290 3325 2348 3375 et
2387 3321 2612 3389 oliveta,
2656 3324 2715 3376 et
2755 3338 2959 3393 greges
2992 3339 3005 3376 :
3037 3328 3093 3377 et
3131 3322 3293 3394 lepra
3334 3324 3588 3377 Naaman
3623 3312 3869 3390 applicabit

2287 3427 2345 3466 se
2390 3412 2449 3466 in
2498 3415 2553 3467 te
2605 3413 2738 3479 (14),
2795 3417 2851 3466 et
2900 3412 3104 3467 semini
3148 3415 3247 3467 tuo
3302 3429 3493 3484 usque
3539 3411 3597 3465 in
3644 3412 3883 3461 internum)

2290 3501 2374 3569 (Iv
2421 3503 2574 3571 389-.
2621 3518 2674 3570 v,
2727 3505 2815 3569 26,
2860 3505 2972 3569 27).
3022 3524 3049 3551 »
3093 3502 3259 3557 Vides
3304 3502 3449 3575 quia
3498 3502 3640 3555 facto
3678 3490 3883 3551 auctorisl

2287 3591 2562 3645 successio
2598 3591 2904 3646 damnatur
2942 3591 3208 3647 hasredis.
3249 3589 3619 3663 lnexpiabilis
3653 3591 3729 3641 est
3755 3581 3883 3637 enim:

2287 3680 2499 3734 venditi
2538 3681 2703 3750 culpa
2747 3681 3021 3752 mysterii,
3053 3687 3110 3736 et
3142 3682 3350 3751 gratiis
3394 3679 3645 3735 vindicta
3685 3667 3870 3730 celestis

2284 3772 2488 3825 transit
2538 3771 2611 3825 ad
2673 3774 2945 3841 posteros.
3002 3770 3251 3841 Denique
3303 3770 3572 3826 Moabitae
3624 3770 3679 3821 et
3726 3758 3868 3816 caeteri

2286 3875 2397 3913 non
2442 3858 2732 3913 intrabunt
2774 3859 2832 3913 in
2871 3859 3177 3913 Ecclesium
3218 3859 3324 3913 Dei
3364 3874 3554 3929 usque
3585 3855 3656 3912 ad
3696 3850 3883 3908 tertiam:

2283 3951 2339 4002 et
2375 3950 2638 4018 quartam
2681 3947 3112 4019 generationem
3148 3950 3357 4015 (Deut.,
3398 3964 3551 4013 χχιιι,
3599 3947 3646 4013 3)
3676 3961 3689 3997 :
3718 3935 3883 4009 tamdiu1

2281 4036 2541 4091 videlicet
2585 4040 2668 4105 (ut
2716 4036 3031 4108 simplicius
3074 4036 3552 4106 interpretemur)
3594 4032 3758 4088 donec
3791 4022 3873 4079 cul-

2282 4142 2412 4196 pam
2469 4131 2765 4181 auctorum
2819 4126 3153 4198 multiplicis
3204 4126 3492 4182 successio
3543 4112 3883 4195 generationis,

2282 4215 2550 4270 aboleret.

2349 4306 2437 4359 54.
2464 4304 2575 4359 Sed
2602 4321 2731 4359 cum
2765 4304 2844 4359 illi
2879 4304 2978 4376 qui
3013 4305 3072 4360 in
3112 4306 3296 4360 Deum
3337 4303 3683 4360 idololatriae
3718 4309 3867 4353 errore

2279 4393 2667 4464 deliquerunt,
2718 4394 2775 4447 iu
2821 4398 3086 4465 quartam
3132 4395 3577 4466 generationem
3623 4389 3883 4467 videantur

876 4452 1200 4555 Aphafplfar
1254 4453 1414 4555 βυνίξ
1464 4454 1714 4555 Dama“?
1738 4470 1898 4555 ⁸⁸-
1934 4452 2257 4555 δίξτάδηθθ
2279 4452 2694 4551 esse‘multati,
2737 4452 2988 4555 profecto
3033 4452 3229 4538 durior
3266 4484 3503 4539 videtur
3541 4497 3657 4538 esse
3694 4481 3870 4533 senten-

547 4546 733 4615 (Ibid.,
779 4546 904 4613 l2)?
945 4568 973 4596 »
1013 4546 1125 4602 Sed
1172 4547 1351 4603 iratus
1400 4547 1505 4603 hos
1554 4547 1823 4619 praetulit,
1871 4548 2176 4604 Jordanem

546 4638 855 4693 meditatus
885 4640 1086 4708 elegit;
1120 4641 1300 4695 nescit
1336 4642 1490 4696 enim
1520 4642 1603 4696 ira
1635 4641 2003 4713 mysterium,
2037 4643 2177 4698 ﬁdes

545 4732 722 4787 novit.
782 4731 938 4786 Disce
990 4733 1338 4803 baptismatis
1396 4736 1637 4805 gratiam
1695 4737 1954 4791 salutaris
2007 4754 2021 4790 :
2079 4736 2178 4808 qui

543 4827 799 4897 leprosus
848 4829 1153 4894 merserat,
1196 4826 1376 4881 ﬁdelis
1414 4831 1666 4884 emersit.
1709 4831 1864 4884 Disce
1905 4830 2177 4900 spiritalia

542 4924 892 4976 sacramenta
941 4918 1157 4990 signari
1197 4935 1210 4972 :
1253 4921 1509 4990 corporis
1562 4923 1883 4977 remedium
1940 4924 2174 4993 petitur,

542 5015 751 5070 mentis
787 5013 1124 5085 acquiritur.
1158 5012 1418 5067 Abluitur
1445 5030 1625 5102 caro,_
1639 5015 1873 5072 affectus
1904 5017 2173 5073 abluitur.

602 5192 698 5254 (12)
741 5189 887 5240 Edit.
933 5201 1126 5240 omnes
1169 5203 1300 5240 cum
1346 5203 1479 5241 mss.
1519 5194 1760 5256 quatuor
1800 5193 2008 5246 inﬁmae
2046 5198 2178 5246 asta-

544 5262 632 5322 tis,
675 5261 907 5324 Populus
946 5260 1233 5311 Ecclesium
1269 5264 1624 5326 congregavit.
1668 5265 1778 5314 Alii
1823 5279 2026 5328 magno
2068 5280 2175 5316 nu-

540 5345 774 5392 mero...,
817 5333 1074 5396 congruit.
1117 5333 1330 5382 Melius.
1368 5334 1491 5383 Non
1525 5334 1673 5384 enim
1713 5336 1953 5399 populus
1986 5337 2177 5388 Eccle-

541 5402 681 5451 siam
721 5416 1085 5467 congregasse
1125 5408 1276 5455 recte
1314 5403 1423 5454 dici
1462 5407 1663 5468 potest,
1689 5419 1817 5456 cum
1855 5418 1925 5455 ex
1968 5407 2175 5470 populo

541 5479 870 5536 congregata
901 5477 973 5525 sit
997 5475 1269 5526 Ecclesia.
1293 5475 1405 5527 Sed
1441 5475 1676 5540 Populus
1714 5477 2002 5527 Ecclesium
2046 5491 2175 5527 con-

543 5544 685 5605 gruit
731 5549 789 5592 ut
832 5551 1109 5609 sequatur,
1158 5559 1384 5597 sensum
1438 5546 1761 5610 expeditum
1809 5548 2079 5611 praeferet,
2128 5551 2173 5599 si

544 5612 785 5674 trajectis
837 5615 1022 5666 verbis
1081 5618 1155 5667 ita
1208 5619 1480 5682 explices,
1534 5620 1777 5682 congruit
1826 5624 1885 5668 ut
1948 5619 2175 5682 populus

547 5682 829 5733 Ecclesium
854 5691 1129 5748 sequatur.

603 5753 702 5821 (13)
748 5754 903 5805 Rom.
952 5756 1081 5805 edit.
1138 5757 1275 5817 sola,
1322 5760 1417 5823 qui
1459 5766 1654 5812 sanctae
1702 5759 1920 5812 consilio
1966 5760 2170 5826 puellae.

2275 4572 2377 4641 tia,
2407 4589 2517 4644 qua
2545 4572 2694 4628 Giezi
2730 4589 2926 4627 semen
2969 4589 3142 4644 usque
3180 4574 3241 4627 in
3289 4577 3579 4629 aeternum
3612 4585 3708 4643 pro
3747 4561 3867 4633 θηρί’

2280 4662 2453 4717 ditatc
2503 4662 2780 4729 habendi,
2827 4662 3155 4733 prOphetica
3197 4663 3544 4717 auctoritate
3592 4657 3868 4715 damnatur,

2278 4753 2599 4824 prtesertim
2664 4768 2794 4807 cum
2851 4752 3129 4806 Dominus
3184 4757 3388 4807 noster
3445 4753 3607 4805 Jesus
3664 4742 3867 4802 Christus

2277 4858 2382 4912 per
2418 4842 2620 4896 lavacri
2663 4841 3162 4911 regenerationem
3205 4841 3482 4896 omnibus
3524 4835 3866 4894 remissionem

2279 4931 2502 4986 dederit
2527 4934 2924 5003 peccatorum;
2954 4931 3062 4984 nisi
3096 4934 3161 4985 ut
3191 4931 3471 4985 vitiorum
3512 4926 3689 4995 magis
3729 4929 3883 5012 qua"):

2279 5021 2504 5091 generis
2535 5037 2733 5075 semen
2775 5019 3072 5090 intelligas.
3120 5016 3385 5091 1349
3432 5018 3587 5075 Sicut
3622 5013 3758 5071 enim
3793 5020 3864 5075 qm

2276 5196 2400 5247 Vet.
2433 5196 2563 5246 edit.
2595 5210 2660 5247 ac
2689 5209 2818 5246 mss.
2848 5195 3133 5253 undecim,
3158 5195 3253 5260 qui
3281 5199 3534 5253 sacratae,
3558 5196 3657 5244 etc.
3687 5184 3863 5251 Oplillle

2276 5281 2407 5318 vero
2450 5267 2673 5318 codices
2711 5267 2904 5325 Corb.,
2949 5267 3114 5317 Micb.
3157 5271 3211 5316 et
3256 5266 3355 5316 alii
3402 5280 3504 5317 sex
3552 5260 3859 5329 probatiores.

2276 5337 2372 5400 qui
2419 5336 2630 5396 solutae,
2688 5341 2814 5399 etc.,
2873 5323 2928 5387 id
2986 5342 3101 5399 est,
3151 5337 3329 5387 nullis
3376 5323 3618 5399 conjugii
3670 5323 3860 5377 vinculis

2276 5408 2516 5458 astricta;
2548 5423 2558 5456 :
2585 5409 2672 5458 vel
2718 5410 2764 5457 si
2807 5409 3002 5470 mavis,
3047 5413 3408 5471 paternarum
3455 5402 3861 5471 cteremoniarun}

2268 5482 2401 5543 iugo
2449 5479 2656 5530 liberie.
2698 5480 2823 5542 Quo
2865 5466 3105 5544 utroque
3147 5481 3378 5530 nomine
3421 5475 3679 5528 Ecclesia
3716 5466 3861 5531 potest

2274 5551 2507 5615 ﬁguram
2533 5564 2597 5600 ac
2621 5550 3039 5601 similitudinem
3070 5564 3183 5615 prae
3205 5563 3267 5600 se
3299 5550 3461 5601 ferre.

2337 5623 2435 5692 (14)
2480 5623 2563 5672 Ita
2608 5635 2777 5673 manu
2824 5623 3034 5673 exarati
3080 5622 3307 5674 codices
3366 5632 3567 5692 magno
3605 5618 3857 5692 οορξθιξξιξ·

2273 5677 2428 5742 Εάὶιξ
2450 5696 2635 5743 autem
2662 5706 2874 5757 omnes,
2901 5695 2966 5744 El
2996 5693 3146 5758 lepra
3176 5694 3432 5744 Naaman
3459 5677 3729 5740 adhaerebit
3764 5677 3856 5727 tibi.

2274 5767 2380 5813 etc.
