3972 6174
26 1356 35 1505 Ι

150 304 238 358 ms

1142 285 1614 341 EXPOSITIONIS
1651 284 1721 339 IN
1764 285 1988 339 LUCAM
2028 286 2155 340 LIB.
2202 286 2288 340 IV.

3258 290 3393 342 1714

140 427 206 481 ﬁlii
236 415 566 494 promissionis
609 416 761 478 sunt,
810 411 1166 467 aestimantur
1208 410 1269 464 in
1313 425 1510 466 semen
1554 409 1657 464 bo-
1681 409 1992 493 Amulcet.
2040 410 2106 463 Et
2154 409 2304 464 bene
2348 412 2576 464 sanctus
2628 410 2799 463 Lucas
2847 409 3031 464 virum
3072 411 3143 465 ab
3192 411 3394 482 spiritu

136 534 233 576 num
256 514 348 570 :ita
371 510 521 567 etiam
549 507 645 579 qui
669 506 773 561 ﬁlii
810 504 1018 561 erroris
1043 508 1195 573 sunt,
1228 504 1581 559 aestimantur
1602 503 1663 557 in

137 626 274 667 semen
295 606 497 661 malum.
522 602 665 656 Nam
696 603 754 655 et
776 598 954 655 Judaei
981 616 1047 654 ex
1078 602 1239 670 patre
1268 597 1512 665 diabolo,
1544 613 1660 652 non

135 705 269 775 utique
298 698 454 755 carnis
488 694 857 762 successione,
885 693 985 748 sed
1023 691 1297 747 criminis.
1346 693 1498 762 Ergo
1542 706 1662 744 om-

132 815 199 853 nes
218 792 390 865 cupidi,
414 806 599 845 omnes
643 787 799 843 avari
839 786 990 843 Giezi
1031 788 1254 858 lepram
1292 801 1423 840 cum
1453 783 1662 838 divitiis

130 892 207 946 suis
223 886 501 960 possident:
534 887 589 938 et
614 883 763 937 male
802 880 1037 954 quaesita
1080 879 1362 949 mercede,
1396 894 1511 933 non
1540 880 1661 932 tam

129 980 449 1057 patrimonium
502 976 864 1043 facultatum,
920 990 1092 1047 quam
1158 973 1493 1029 thesaurum
1548 970 1659 1024 cri-

126 1077 284 1132 minum
329 1073 734 1144 congregarunt
779 1072 992 1125 interno
1049 1066 1346 1139 supplicio,
1394 1068 1453 1119 et
1502 1063 1663 1119 brevi

127 1172 272 1225 fructu.
298 1168 423 1221 Nam
449 1181 574 1220 cum
603 1163 814 1218 divitiae
840 1163 953 1217 sint
979 1162 1226 1228 caducas,
1253 1176 1426 1232 poena
1454 1174 1660 1231 perpe-

125 1269 185 1317 tua
203 1264 270 1317 est
294 1277 304 1315 :
334 1260 455 1331 quia
480 1274 666 1329 neque
695 1273 919 1324 avarus,
953 1270 1138 1327 neque
1166 1254 1441 1320 ebriosus,
1474 1267 1660 1322 neque

122 1356 235 1410 idolis
253 1353 474 1409 serviens
501 1367 748 1423 regnum
776 1350 878 1406 Dei
907 1347 1241 1421 possidebit.

168 1451 300 1518 (Vers.
332 1449 412 1516 28,
441 1447 545 1518 29.)
583 1448 654 1501 Et
680 1446 877 1516 repleti
905 1448 1034 1500 sunt
1063 1445 1151 1497 ira
1183 1456 1362 1497 omnes
1394 1442 1453 1494 in
1489 1454 1657 1509 syna-

26 1522 35 1577 i'
119 1560 226 1614 goga,
269 1543 361 1597 hac
407 1541 711 1603 audientes,
764 1544 815 1595 et
865 1541 1245 1599 surremerunt,
1299 1541 1351 1590 et
1398 1533 1661 1604 ejecerunt

30 1658 35 1713 ς
118 1638 224 1691 illum
243 1641 377 1691 extra
401 1636 689 1690 civitatem.

162 1735 225 1785 55.
258 1728 533 1799 Sacrilegia
559 1726 910 1794 Judazorum,
941 1741 1070 1796 quae
1098 1723 1278 1779 multo
1309 1727 1442 1778 ante
1469 1719 1658 1777 Domi-

1762 502 2033 573 nequitiae
2082 502 2390 558 liberatum
2446 506 2577 556 ante
2631 501 2941 574 praemisit,
2994 508 3052 557 et
3103 503 3397 560 substituit

1759 596 1990 651 femina:
2027 596 2346 651 sanitatem.
2375 597 2693 668 Utrumque
2722 595 2874 651 enim
2904 594 3161 669 1350
3189 612 3392 651 sexum

1764 690 2035 745 Dominus
2088 680 2389 744 cu'raturus
2445 690 2747 744 advenerat
2808 707 2821 743 :
2880 695 2938 743 et
2994 690 3155 761 prior
3207 691 3394 744 sanari

1762 783 1979 850 debuit,
2021 784 2121 854 qui
2162 783 2321 854 prior
2362 789 2587 839 creatus
2626 788 2731 851 est,
2765 799 2870 839 nec
2906 782 3270 855 praetermitti
3299 783 3395 837 illa

1762 893 1890 948 quae
1924 876 2239 932 mobilitate
2279 878 2462 949 magis
2499 875 2702 946 animi,
2742 893 2915 948 quam
2952 877 3229 949 pravitate
3268 892 3396 949 pec-

1761 973 2004 1026 caverat.

1832 1067 1918 1119 58.
1982 1066 2155 1133 (Vers.
2223 1064 2332 1135 31.)
2391 1064 2640 1120 Sabbato
2704 1064 3007 1119 medicinas
3079 1064 3390 1120 Dominicm

1760 1174 1929 1230 opera
1955 1164 2138 1230 coepta
2161 1157 2459 1229 signiﬁcat,
2484 1160 2547 1212 ut
2571 1158 2705 1213 inde
2732 1174 2882 1213 nova
2912 1162 3172 1214 creatura
3199 1175 3388 1230 caspe-

1760 1258 1853 1325 rit,
1894 1257 1993 1312 ubi
2031 1262 2192 1312 vetus
2228 1262 2358 1313 ante
2389 1257 2630 1312 desivit:
2660 1274 2763 1312 nec
2810 1257 2913 1312 sub
2957 1258 3083 1329 lege
3127 1274 3245 1313 esse
3289 1257 3386 1312 Dei

1762 1356 1987 1423 Filium,
2014 1355 2114 1410 sed
2141 1372 2311 1427 supra
2337 1356 2541 1426 legem,
2572 1355 2631 1409 in
2661 1355 2780 1426 ipso
2806 1355 3086 1426 principio
3117 1356 3385 1427 designa-

1760 1455 1848 1505 ret
1896 1467 1910 1505 ε
1955 1465 2060 1504 nec
2108 1448 2247 1503 solvi
2293 1450 2501 1520 legem,
2550 1448 2649 1504 sed
2702 1449 2949 1520 impleri.
2994 1450 3187 1519 Neque
3231 1448 3387 1503 enim

1758 1560 1863 1616 per
1896 1544 2108 1614 legem,
2151 1543 2248 1597 sed
2288 1544 2458 1598 verbo
2490 1544 2667 1598 factus
2709 1546 2788 1597 est
2826 1542 3092 1610 mundus,
3132 1542 3274 1597 sicut
3305 1542 3385 1597 le-

1761 1636 1949 1709 gimus
1985 1656 1997 1691 :
2034 1658 2060 1686 «
2103 1636 2282 1692 Verbo
2329 1636 2561 1692 Domini
2612 1635 2735 1691 cceli
2785 1636 2996 1690 ﬁrmati
3038 1641 3169 1690 sunt
3216 1637 3385 1706 (Psal.

1758 1746 1932 1800 xxxn,
1964 1731 2037 1802 6).
2071 1753 2098 1780 »
2127 1732 2247 1785 Non
2278 1730 2515 1785 solvitur
2542 1745 2680 1800 ergo
2710 1730 2823 1796 lex,
2863 1729 2959 1784 sed
2996 1729 3291 1799 impletur,
3325 1733 3389 1783 ut

115 1841 185 1878 “"5
205 1822 641 1895 Ραθηῑωῖίεινθτδῐ
668 1836 770 1892 Ι)θῖ
798 1819 1157 1891 Prophetam:
1200 1822 1257 1872 et
1291 1816 1493 1890 Psalmi
1526 1832 1655 1870 V81"
1676 1791 1737 1864 B
1759 1825 1855 1880 ﬁat
1895 1791 2181 1881 renovatio
2215 1823 2465 1879 hominis
2497 1791 2640 1894 jamv
2668 1791 2928 1878 labentis.
2963 1791 3121 1877 Und-e
3151 1827 3207 1877 et
3235 1791 3385 1893 Arpo-

116 1916 238 1971 siculo
265 1916 627 1972 declaraverat
665 1930 794 1986 quae
833 1928 1101 1984 passurus
1139 1916 1287 1967 esset
1329 1910 1388 1965 in
1423 1924 1658 1981 corpore

112 2010 373 2066 constitutus
408 2009 598 2065 dicens
629 2025 642 2062 :
673 2028 703 2057 «
734 2005 1146 2063 Retribuebant
1178 2004 1322 2061 mihi
1364 2005 1518 2059 mala
1550 2019 1656 2075 pro

113 2103 222 2157 bonis
254 2103 395 2173 (Psal.
430 2118 611 2173 xxxiv,
659 2101 764 2171 12),
804 2122 832 2151 ››
873 2099 933 2154 in
975 2098 1282 2170 Evangelia
1323 2098 1492 2153 docet
1534 2112 1657 2150 esse

113 2197 334 2268 completa.
361 2198 493 2252 Nam
519 2211 653 2252 cum
679 2195 801 2266 ipse
830 2209 934 2265 per
960 2192 1198 2265 populos
1234 2189 1510 2246 beneﬁcia
1542 2189 1655 2244 dif-

113 2289 330 2355 funderet,
378 2290 455 2344 illi
507 2287 746 2359 injurias
792 2286 1141 2359 irrogabant.
1191 2286 1329 2347 Nec,
1351 2283 1564 2338 mirum
1608 2282 1656 2337 si

110 2382 393 2452 perdiderunt
429 2383 690 2450 salutem,
737 2381 836 2452 qui
866 2380 1159 2452 ejecerunt
1188 2377 1257 2433 de
1298 2378 1415 2432 suis
1450 2376 1657 2432 ﬁnibus

110 2475 408 2543 Salvatorem;
438 2474 668 2532 moralis
707 2473 859 2530 enim
894 2473 1186 2541 Dominus,
1226 2477 1282 2526 et
1317 2470 1412 2543 qui
1444 2470 1653 2526 docue-

108 2572 165 2622 rat
206 2570 432 2641 exemplo
482 2569 576 2624 sui
623 2568 910 2641 apostolos
963 2582 1091 2621 suos
1141 2565 1407 2621 omnibus
1465 2563 1658 2620 omnia

107 2660 204 2731 ﬁeri,
229 2679 316 2718 nec
337 2663 590 2718 volentes
619 2660 902 2734 repudiat,
934 2676 1037 2716 nec
1072 2659 1276 2715 invitos
1308 2658 1523 2730 alligat,
1551 2673 1658 2713 nec

32 2820 41 2829 _
106 2755 380 2824 ejicientibus
422 2758 771 2825 reluctatur,
820 2771 928 2809 nec
970 2753 1308 2826 rogantibus
1351 2752 1527 2807 deest.
1570 2751 1657 2807 Sic

106 2848 341 2904 Gerasenos
363 2851 493 2906 alibi
520 2866 660 2905 cum
686 2849 923 2903 virtutes
950 2848 998 2919 ej
1009 2865 1072 2901 us
1098 2846 1376 2902 sustinere
1398 2862 1515 2900 non
1537 2861 1659 2916 pos-

104 2945 202 3008 sent,
214 2946 349 3014 quasi
367 2944 633 2999 inﬁrmos
648 2946 707 2998 et
719 2943 970 3013 ingratos
983 2940 1400 3013 reliquit(Luc.,
1416 2956 1531 3008 V111,
1545 2939 1655 3009 37).

148 3038 211 3089 56.
231 3037 386 3092 Simul
414 3037 682 3108 intellige
710 3052 824 3091 non
864 3053 930 3090 ex
964 3035 1295 3090 necessitate
1330 3033 1523 3100 fuisse,
1556 3031 1658 3087 sed

1758 1920 1929 1975 stolus
1959 1918 2075 1974 ait:
2111 1939 2139 1967 «
2172 1917 2555 1989 Exspoliantes
2588 1933 2688 1971 vos
2722 1921 2976 1971 veterem
3014 1915 3385 1970 hominem...

1756 2012 1975 2068 induite
2002 2026 2206 2067 novum
2249 2010 2346 2085 qui
2381 2010 2697 2065 secundum
2727 2008 3017 2067 Christum
3056 2013 3278 2063 creatus
3304 2010 3391 2063 est

1760 2109 1997 2178 (Ephes.,
2040 2122 2113 2174 ιν,
2155 2108 2243 2173 22,
2287 2105 2383 2172 24;
2428 2104 2646 2167 Coloss.,
2686 2120 2763 2171 IlI,
2807 2107 2859 2170 9,
2905 2103 3014 2173 10).
3056 2122 3083 2151 ››
3129 2103 3197 2157 Et
3238 2101 3389 2157 bene

1757 2200 1991 2255 sabbato
2024 2199 2210 2271 cmpit,
2255 2201 2319 2252 ut
2349 2197 2541 2269 ipsum
2585 2214 2643 2252 se
2677 2196 3007 2252 ostenderet
3044 2200 3386 2263 creatorem,

1759 2293 1855 2365 qui
1884 2309 2059 2364 opera
2082 2291 2349 2363 operibus
2375 2291 2673 2358 intexeret,
2698 2293 2755 2344 et
2780 2293 3217 2361 prosequeretur
3244 2305 3389 2360 Opus

1758 2387 1909 2459 quod
1948 2387 2067 2458 ipse
2090 2386 2217 2457 jam
2242 2389 2530 2456 ccepcrat:
2565 2389 2626 2438 ut
2656 2385 2703 2437 si
2730 2383 2973 2438 domum
3011 2382 3176 2437 faber
3208 2398 3386 2437 reno-

1755 2497 1885 2535 vare
1913 2480 2195 2552 disponat,
2225 2494 2339 2533 non
2363 2494 2396 2532 a
2415 2476 2827 2544 fundamentis,
2861 2476 2957 2531 sed
2983 2493 3016 2529 a
3043 2475 3388 2530 culminibus

1758 2574 1955 2646 incipit
1979 2574 2195 2628 solvere
2221 2576 2584 2626 vetustatem.
2613 2572 2812 2640 Itaque
2841 2569 2918 2624 ibi
2952 2569 3112 2640 prius
3140 2584 3382 2622 manum

1757 2668 2042 2734 admovet,
2071 2665 2169 2720 ubi
2195 2671 2326 2719 ante
2356 2663 2622 2718 desierat.

1828 2763 1917 2815 59.
1967 2759 2182 2814 Deinde
2229 2754 2263 2811 a
2307 2756 2623 2811 minoribus
2670 2754 2897 2826 incipit,
2950 2759 3012 2809 ut
3056 2755 3124 2809 ad
3173 2755 3389 2826 majora

1756 2853 2066 2926 perveniat.
2101 2850 2351 2907 Liberari
2389 2866 2421 2903 a
2460 2850 2723 2904 daemone
2765 2853 2822 2903 et
2859 2848 3144 2917 homines,
3190 2849 3286 2903 sed
3328 2848 3389 2903 in

1756 2948 1927 3004 verbo
1970 2946 2069 3001 Dei
2107 2947 2365 3018 possunt,
2408 2942 2889 2999 resurrectionem
2926 2941 3166 2998 mortuis
3203 2943 3386 3014 impe-

1755 3058 1883 3097 rare
1910 3040 2110 3096 divina:
2139 3037 2316 3093 solius
2344 3042 2432 3093 est
2460 3036 2777 3108 potestatis.

103 3128 398 3231 voluntariam
453 3130 716 3231 corporis
755 3128 1125 3231 passionem,
1172 3143 1280 3231 nec
1335 3130 1566 3231 captum
1623 3142 1730 3231 ac
1829 3138 1915 3190 60.
1967 3135 2143 3203 (Vers.
2194 3130 2307 3204 34.)
2351 3131 2463 3186 Nec
2512 3145 2856 3201 quemquam
2910 3144 3143 3184 movere
3195 3129 3387 3197 debet,

101 3221 262 3291 Judaeis,
290 3225 381 3279 sed
407 3242 439 3279 a
468 3241 527 3279 se
559 3224 687 3295 ipso
720 3222 996 3278 oblatum.
1026 3220 1247 3278 Etenim
1276 3220 1504 3292 quando
1536 3220 1658 3274 vult

103 3314 276 3385 capitur,
302 3318 526 3390 quando
565 3316 689 3372 vult
726 3315 990 3383 elabitur,
1022 3314 1249 3387 quando
1273 3314 1392 3368 vult
1419 3329 1655 3384 suspen-

102 3405 222 3477 ditur,
245 3412 452 3481 quando
478 3411 605 3467 vult
642 3426 758 3465 non
791 3412 1041 3464 tenetur.
1073 3409 1143 3462 Et
1177 3407 1270 3462 hic
1298 3407 1357 3461 in
1398 3406 1654 3477 superci-

103 3497 198 3555 lium
225 3505 412 3561 montis
437 3503 885 3577 praecipitandus
909 3501 1244 3557 ascenderat
1270 3518 1283 3556 :
1315 3504 1372 3556 et
1396 3516 1523 3556 ecce
1554 3516 1659 3571 per

101 3594 285 3651 medium
325 3598 584 3666 illorum,
631 3601 851 3652 mutata
899 3595 1085 3651 subito
1134 3596 1224 3650 vel
1267 3594 1658 3666 obstupefacta

99 3684 335 3747 furentium
376 3698 594 3760 mente,
643 3690 974 3746 descendit:
1012 3689 1273 3744 nondum
1316 3688 1473 3744 enim
1516 3688 1659 3743 hora

99 3787 268 3837 venerat
303 3785 603 3856 passionis.
653 3784 803 3849 Quin
843 3783 1012 3839 etiam
1054 3782 1304 3837 malebat
1340 3781 1527 3836 adhuc
1569 3781 1659 3835 Ju-

100 3869 200 3927 daos
233 3892 418 3935 sanare
466 3894 650 3951 quam
697 3876 971 3950 perdere,
1017 3881 1078 3931 ut
1125 3875 1398 3931 inefﬁcaci
1446 3873 1657 3929 furoris

100 3966 203 4021 exitu
232 3970 542 4028 desinerent
586 3972 730 4026 velle
770 3969 925 4042 quod
962 3970 1207 4041 implere
1251 3985 1365 4023 non
1405 3971 1655 4040 possent.

100 4055 213 4115 Vides
250 4063 413 4136 igitur
452 4069 515 4121 et
553 4065 648 4120 hic
686 4062 994 4119 divinitatis
1040 4079 1161 4118 esse
1201 4062 1354 4134 quod
1396 4064 1658 4133 operatus

98 4157 149 4202 εδ(
181 4152 285 4227 (15),
327 4164 383 4214 et
424 4159 543 4215 illic
586 4156 894 4213 voluntatis
939 4173 1062 4213 esse
1111 4155 1266 4228 quod
1309 4159 1503 4227 captus
1551 4157 1655 4210 est.

96 4239 189 4300 Nam
213 4252 686 4320 quemadmodum
717 4268 750 4305 a
784 4250 980 4323 paucis
1004 4249 1198 4321 iteneri
1237 4249 1440 4321 potuit,
1484 4248 1583 4320 qui
1623 4266 1658 4303 a

26 4376 31 4385 η-
96 4340 244 4408 Populo
282 4360 389 4403 non
431 4344 704 4402 tenetur?
749 4344 855 4400 Sed
906 4343 1086 4400 noluit
1130 4343 1485 4415 sacrilegium
1534 4359 1656 4397 esse

22 4674 33 4753 ἓ

20 4786 31 4823 β

96 4430 353 4507 multorum,
404 4443 469 4495 ut
514 4440 577 4494 in
628 4444 883 4495 auctores
926 4438 1108 4510 culpae
1156 4437 1335 4493 crucis
1384 4435 1659 4492 invidiam

1758 3228 1912 3301 quod
1953 3229 2083 3282 Jesu
2127 3224 2398 3280 Nazareni
2438 3240 2650 3279 nomen
2693 3223 2752 3278 in
2792 3223 2901 3277 hoc
2941 3221 3090 3277 libro
3130 3221 3387 3277 diabolus

1757 3321 1962 3377 dixisse
1998 3320 2219 3392 primus
2248 3318 2560 3373 inducitur.
2591 3319 2702 3373 Nec
2731 3317 2887 3373 enim
2924 3317 2997 3372 ab
3028 3332 3096 3372 eo
3132 3315 3388 3373 Christus

1756 3431 1970 3470 nomen
1998 3414 2237 3484 accepit,
2270 3412 2423 3484 quod
2449 3412 2518 3467 de
2546 3411 2684 3466 ccelo
2718 3410 2960 3483 angelus
2987 3410 3060 3465 ad
3094 3410 3389 3481 Virginem

1757 3507 1963 3563 detulit
1989 3508 2160 3577 (Luc.,
2191 3521 2228 3574 ι,
2260 3506 2371 3578 31).
2410 3506 2508 3559 Est
2536 3505 2694 3560 enim
2726 3504 2895 3574 hujus
2926 3502 3299 3574 impudentiae
3324 3505 3390 3556 ut

1757 3602 1907 3656 inter
1935 3600 2199 3655 homines
2226 3598 2439 3671 aliquid
2471 3598 2695 3670 primus
2730 3601 2984 3668 usurpet,
3013 3600 3071 3651 et
3098 3595 3172 3651 ad
3201 3595 3386 3650 homi-

1755 3712 1859 3751 nes
1889 3693 2053 3767 quasi
2086 3709 2300 3749 novum
2330 3691 2568 3760 deferat,
2597 3707 2711 3763 quo
2741 3695 3023 3745 terrorem
3053 3705 3171 3744 suae
3201 3694 3387 3760 potes-

1757 3789 1888 3844 tatis
1929 3787 2183 3844 incutiat.
2230 3785 2486 3857 Denique
2528 3788 2588 3839 et
2621 3784 2681 3839 in
2716 3783 2916 3839 Genesi
2943 3782 3165 3854 primus
3206 3784 3387 3837 Deum

1758 3881 1979 3938 homini
2002 3879 2378 3951 nuncupavit;
2411 3880 2491 3934 sic
2518 3878 2674 3934 enim
2701 3877 2876 3933 habes
2903 3893 2915 3931 :
2944 3897 2973 3927 ‹‹
3005 3878 3072 3932 Et
3100 3875 3240 3930 dixit
3266 3891 3381 3930 ser-

1757 3993 1900 4047 pens
1929 3974 2157 4030 mulieri
2184 3990 2197 4028 :
2229 3972 2381 4037 Quid
2419 3972 2614 4044 utique
2652 3970 2791 4025 dixit
2823 3970 2968 4025 Deus
3001 3986 3074 4024 ne
3106 3968 3287 4025 edatis
3315 3968 3385 4023 ab

1758 4068 1916 4125 omni
1941 4069 2099 4140 ligno
2129 4068 2301 4139 (Gem,
2330 4082 2409 4135 III,
2446 4065 2533 4137 1)?
2565 4087 2592 4116 »
2627 4066 2880 4137 Uterque
2907 4064 3087 4137 igitur
3121 4063 3389 4133 deceptus

1763 4180 1796 4218 a
1829 4162 2051 4218 diabolo
2080 4165 2183 4229 est,
2211 4165 2436 4215 sanatus
2462 4176 2497 4214 a
2521 4158 2763 4215 Christo.

1828 4260 1920 4311 61.
1953 4255 2205 4327 Sequere
2238 4259 2464 4322 caetera,
2497 4256 2557 4307 et
2583 4251 2919 4324 evangelica
2952 4250 3209 4307 lectionis
3239 4249 3390 4304 disce

1758 4348 2044 4421 mysteria,
2076 4351 2248 4420 atque
2273 4346 2333 4401 in
2363 4347 2609 4401 duorum
2644 4344 2885 4400 sanitate
2924 4342 3165 4415 publica:
3204 4358 3389 4395 sacra-

1758 4446 2021 4498 mentum
2046 4441 2243 4496 salutis
2268 4455 2533 4512 agnosce.
2560 4460 2589 4489 «
2615 4439 2770 4494 Sicut
2791 4437 2947 4491 enim
2976 4436 3035 4489 in
3061 4435 3239 4492 Adam
3266 4450 3390 4489 om-

98 4529 413 4604 rem"lueret;
440 4540 617 4607 atque
641 4550 676 4589 ε.
698 4532 896 4606 paucis
920 4531 1154 4605 quidem
1182 4531 1531 4604 afﬁgeretur,
1559 4530 1657 4586 Sed
1678 4527 1737 4598 D
1759 4553 1859 4592 nes
1888 4536 2230 4602 moriuntur,
2257 4535 2335 4588 ita
2368 4539 2426 4589 et
2455 4534 2517 4588 in
2545 4531 2767 4590 Christo
2796 4546 2996 4585 omnes
3024 4527 3387 4583 viviﬁcabun-

97 4628 163 4682 PI'O
184 4626 280 4680 toto
304 4626 437 4684 orbe
467 4630 813 4683 moreretur.

140 4714 272 4781 (Vers.
309 4723 394 4789 33,
422 4723 536 4792 38.)
584 4724 656 4777 Et
698 4723 755 4776 in
794 4735 1072 4791 synagoga
1109 4725 1226 4775 erat
1263 4718 1414 4774 homo
1454 4720 1657 4775 habens

93 4804 277 4871 ’Pit‘l'tum
317 4816 676 4871 immundum.
732 4815 800 4869 Et
848 4813 992 4868 infra
1034 4829 1047 4868 :
1080 4813 1317 4881 Surgens
1364 4816 1545 4867 autem
1590 4813 1656 4867 de

93 4908 300 4974 ενηαυοςα
348 4910 582 4964 intravit
634 4911 695 4963 in
745 4908 961 4963 domum
1015 4908 1244 4963 Simonis
1297 4910 1347 4961 et
1400 4906 1650 4961 Andreae.

92 4986 225 5051 ενα-ηδ
247 5006 417 5057 autem
443 5004 679 5060 Simonis
706 5002 991 5057 tenebatur
1014 5003 1225 5069 magnis
1247 5000 1507 5067 febribus.

247 5092 371 5149 Vide
425 5095 793 5150 clementiam
845 5093 1072 5149 Domini
1127 5093 1431 5149 Salvatoris
1478 5104 1653 5148 :‘nec

94 5175 410 5271 Illfliguatione
454 5191 797 5258 commotus,
836 5205 942 5243 nec
989 5188 1201 5243 scelere
1239 5186 1502 5255 offensus,
1547 5202 1651 5243 nec

95 5271 244 5337 I“inriti
262 5281 501 5339 violatus
512 5282 776 5338 Judaiam
810 5281 1023 5337 deserit
1047 5300 1059 5336 :
1084 5280 1226 5354 quin
1246 5280 1420 5336 etiam
1447 5281 1649 5336 imme-

98 5366 403 5456 flforinjuriaa,
426 5392 650 5433 memor
664 5375 1006 5443 clementiae,
1028 5392 1179 5431 nunc
1194 5375 1472 5440 docendo,
1496 5391 1649 5430 nunc

97 5448 337 5538 liiterando,
382 5486 541 5525 nunc
575 5469 848 5541 sanando,
888 5470 1081 5525 inﬁdas
1120 5468 1303 5541 plebis
1335 5468 1507 5525 corda
1550 5469 1645 5526 de-

141 5625 208 5703 (Ιξ)
229 5631 419 5687 Omnes
445 5636 597 5701 edit,
627 5638 771 5703 quod
794 5651 903 5689 non
926 5643 1112 5702 captus
1134 5643 1226 5689 est.
1254 5638 1462 5689 Omnes
1491 5649 1647 5700 mss.,

97 5696 462 5825 ξέἕὶιῗὲἕαωδ
505 5696 594 5760 est
621 5696 654 5761 ι’
680 5722 883 5775 nempe
932 5696 1298 5762 mutationem
1350 5710 1408 5759 in
1463 5696 1647 5760 mente

140 5836 209 5897 (16}
241 5844 353 5897 Mss.
396 5850 626 5917 aliquot,
676 5857 878 5905 natura
921 5851 1125 5905 diaboli
1166 5864 1276 5906 non
1319 5850 1646 5919 improbari;

1758 4633 1853 4685 tur
1880 4631 1921 4699 (Ι
1953 4633 2098 4693 Cor.,
2128 4645 2213 4696 xv,
2247 4631 2357 4699 22).
2390 4648 2417 4677 ››
2447 4626 2581 4691 Quis
2609 4630 2695 4680 est
2729 4623 2824 4679 ille
2851 4623 2950 4695 qui
2985 4622 3045 4677 in
3082 4622 3386 4695 Synagoga

1757 4722 2020 4795 spiritum
2051 4721 2323 4776 damonii
2355 4719 2607 4775 habebat
2643 4717 3032 4787 immundum,
3068 4716 3176 4771 nisi
3206 4732 3389 4787 popu-

1754 4818 1843 4872 lus
1857 4815 2202 4885 Judasorum,
2222 4814 2320 4886 qui
2338 4812 2496 4886 quasi
2519 4811 2862 4884 serpentinis
2882 4810 3049 4882 spiris
3070 4809 3379 4876 revinctus,

1757 4914 1815 4965 et
1861 4909 2161 4964 innodatus
2208 4906 2423 4963 diaboli
2466 4905 2715 4979 laqueis,
2762 4905 3086 4961 simulatam
3109 4901 3383 4973 corporis

1756 5002 2098 5060 munditiam
2136 5000 2425 5057 interioris
2466 5000 2675 5056 mentis
2710 4999 2967 5055 sordibus
2996 4994 3383 5069 inquinabat?

1754 5099 1822 5152 Et
1852 5096 2000 5151 bene
2031 5113 2044 5151 :
2074 5097 2139 5151 In
2171 5111 2451 5165 synagoga
2493 5095 2647 5150 homo
2687 5097 2806 5150 erat
2844 5094 2943 5163 qui
2979 5092 3236 5162 spiritum
3277 5090 3379 5143 im-

1751 5190 2012 5246 mundum
2036 5189 2296 5257 habebat;
2325 5188 2456 5261 quia
2489 5188 2766 5261 Spiritum
2795 5186 3059 5241 sanctum
3085 5182 3374 5238 amiserat.

1751 5283 2055 5341 lntroierat
2100 5283 2259 5337 enim
2301 5282 2577 5351 diabolus,
2633 5280 2783 5335 unde
2831 5278 3086 5335 Christus
3134 5275 3380 5331 exierat.

1753 5377 1937 5434 Simul
1970 5377 2289 5433 ostenditur
2319 5378 2523 5433 natura
2550 5372 2764 5430 diaboli
2797 5388 2913 5426 non
2942 5369 3206 5441 improba
3241 5368 3374 5440 (16),

1752 5487 1930 5544 opera
1953 5471 2168 5543 iniqua.
2194 5471 2335 5525 Nam
2372 5484 2544 5542 quem
2583 5484 2685 5539 per
2719 5464 3078 5538 superiorem
3109 5465 3377 5518 naturam

1749 5638 1994 5705 quidam,
2026 5651 2134 5690 non
2167 5638 2488 5703 improbare,
2523 5648 2684 5701 opera
2715 5633 2925 5700 iniqua.
2956 5631 3067 5685 Sed
3105 5631 3376 5705 potiorem

1748 5704 1873 5762 esse
1920 5711 2155 5763 aliorum
2200 5724 2265 5763 ac
2304 5710 2432 5763 edit.
2482 5709 2778 5761 lectionem
2823 5708 2978 5774 patet
3019 5718 3088 5756 ex
3134 5704 3202 5754 iis
3249 5716 3378 5770 qum

1747 5786 2075 5847 sequuntur.
