3972 6174
538 283 670 334 1715

1916 277 1918 282 ’
2004 283 2058 336 S.
2099 279 2422 336 AMBROSII

3711 296 3798 347 'll6

530 404 836 458 Dominum
875 406 1193 472 contitetur,
1232 422 1405 477 opere
1445 408 1639 476 negat.
1669 407 1738 460 Et
1763 405 1821 458 in
1855 405 1960 459 hoc
1985 420 2161 475 appa-
2188 403 2532 487 Afacultate
2563 404 2828 470 coeundi,
2862 403 3180 475 cupiditatis
3211 404 3512 474 impatiens,
3554 411 3696 478 atque
3726 411 3806 465 im-

531 501 619 553 ret
662 498 783 568 ejus
821 500 1090 570 nequitia,
1141 502 1196 553 et
1234 499 1564 570 improbitas
1608 500 1970 564 Judaaorum;
2013 498 2164 568 quod

529 591 610 646 ita
634 593 842 663 populo
872 594 982 664 (t7)
1008 609 1234 647 vesanae
1259 594 1577 648 caecitatem
1611 592 1819 647 mentis
1849 590 2071 659 offudit,
2105 594 2167 644 ut

529 686 772 756 populus
798 691 989 757 neget,
1017 703 1192 757 quem
1218 686 1507 740 daemones
1533 679 1897 740 conﬁtentur.
1929 685 1971 738 Ο
2001 684 2166 754 pejor

533 779 805 850 magistro
855 779 1262 850 discipulorum
1313 779 1632 834 haereditas!
1691 779 1781 832 llle
1828 778 2001 832 verbo
2052 779 2162 832 Do-

536 872 758 927 minum
797 876 998 942 tentat,
1045 873 1105 927 hi
1147 874 1296 928 facto
1338 890 1351 927 :
1389 873 1484 926 ille
1518 873 1675 938 dicit,
1709 873 1864 926 Mitte
1902 877 1952 926 te
1990 871 2163 942 (Lua,

534 983 609 1035 iv,
633 971 685 1034 9,
712 970 901 1036 supra)
937 984 949 1021 :
980 967 1070 1020 isti
1101 967 1458 1033 adoriuntur,
1487 969 1552 1019 ut
1579 965 1830 1019 mittant.

604 1064 691 1116 62.
757 1061 811 1116 Si
873 1062 1071 1117 altiore
1134 1061 1363 1115 consilio
1421 1059 1525 1113 ista
1587 1075 1926 1129 pensamus,
1981 1057 2163 1112 animi

535 1154 807 1209 debemus
830 1155 1149 1225 intelligere
1177 1159 1235 1208 et
1259 1153 1512 1223 corporis
1544 1153 1884 1217 sanitatem;
1921 1154 1982 1205 ut
2009 1151 2167 1221 prius

535 1248 762 1302 animus
807 1248 904 1319 qui
943 1247 1220 1318 serpentis
1267 1246 1563 1300 laborabat
1604 1245 1840 1314 insidiis,
1880 1245 2168 1299 absolutus

535 1343 625 1397 sit.
673 1342 874 1397 Anima
914 1343 1067 1395 enim
1113 1357 1407 1412 nunquam
1447 1358 1479 1393 a
1525 1356 1763 1410 corpore
1815 1339 2163 1407 vinceretur,

539 1436 792 1510 1351
836 1435 939 1490 nisi
969 1436 1123 1506 prius
1155 1451 1187 1488 a
1214 1435 1440 1489 diabolo
1477 1436 1818 1487 tentaretur.
1849 1433 1990 1486 Nam
2038 1448 2168 1485 cum

539 1530 730 1584 anima
753 1546 958 1601 corpus
991 1533 1141 1600 agat,
1170 1527 1428 1595 vivificet,
1473 1529 1531 1580 et
1558 1527 1868 1597 gubernet;
1893 1527 2164 1597 quemad-

537 1623 774 1678 modum
805 1623 864 1677 in
892 1624 1013 1694 ejus
1046 1623 1336 1676 illecebras
1363 1620 1583 1691 captiva
1613 1623 1936 1690 raperetur,
1975 1619 2081 1673 nisi
2114 1624 2171 1674 et

535 1718 659 1788 ipsa
695 1716 1004 1787 superioris
1033 1715 1270 1785 alicujus
1315 1714 1609 1784 potestatis
1650 1713 1886 1767 vinculis
1920 1712 2167 1784 stringe-

2265 503 2402 567 petu
2472 497 2722 552 libidinis
2788 503 3015 568 raptus,
3085 514 3144 550 se
3210 498 3478 552 moderari
3535 505 3808 571 nequiverit.

2268 591 2459 648 Sciens
2491 591 2645 644 enim
2677 591 3042 661 prudensque
3075 590 3230 661 quod
3267 595 3406 645 esset
3434 593 3599 646 oculos
3621 597 3810 650 amissu-

2263 701 2394 752 rus,
2446 685 2786 755 priusquam
2840 684 3192 738 convenisset
3245 685 3429 751 uxori,
3477 685 3529 738 in
3569 687 3671 757 ipso
3709 697 3817 744 testu

2266 778 2537 832 ferventis
2585 778 2935 848 cupiditatis,
2984 782 3040 832 et
3088 777 3496 832 consuetudinis
3540 787 3813 850 apparatu:

2264 870 2418 939 Vale,
2459 872 2663 942 inquit,
2705 872 2955 926 amicum
2996 873 3216 925 lumen.
3260 871 3348 926 Sic
3390 872 3531 926 febre
3564 872 3711 926 libido
3748 877 3820 928 lla-

2268 965 2522 1036 grantior
2548 969 2657 1036 est,
2691 965 3034 1036 graviusque
3063 964 3376 1035 praecipitat
3403 968 3454 1018 et
3477 966 3767 1020 inﬂammat.

2339 1063 2424 1113 65.
2472 1059 2584 1114 Sed
2633 1059 2728 1113 ubi
2775 1059 2899 1130 quis
2940 1059 3243 1129 resipuerit
3270 1059 3527 1124 afurore,
3568 1063 3686 1113 tunc
3721 1076 3823 1114 con-

2268 1152 2519 1207 scientia}
2573 1152 2861 1206 interioris
2909 1153 3162 1222 aperitur
3205 1152 3375 1222 visus,
3419 1152 3645 1222 factique
3682 1155 3824 1222 poeni-

2270 1246 2442 1299 tentia
2485 1245 2756 1310 succedit,
2802 1251 2858 1300 et
2893 1245 3157 1316 pudenda
3200 1244 3287 1299 sui
3333 1245 3685 1315 unusquisque
3723 1246 3828 1299 faci-

2267 1338 2423 1393 noris
2457 1339 2803 1393 conscientia
2840 1338 3141 1392 erubescit.
3181 1339 3335 1392 Tunc
3375 1339 3515 1391 Deus
3555 1338 3769 1404 timetur,
3794 1346 3832 1391 et

2269 1437 2526 1503 peccator
2578 1449 2636 1487 se
2691 1433 2847 1503 cupit
2902 1431 3102 1499 celare,
3157 1432 3251 1485 sed
3308 1447 3417 1485 non
3471 1435 3692 1501 potest:
3732 1435 3834 1484 tunc

2269 1542 2396 1580 caro
2433 1527 2711 1598 arguitur,
2757 1525 3018 1580 diabolus
3058 1529 3354 1580 accusatur
3384 1542 3398 1579 :
3434 1524 3549 1578 hac
3577 1523 3717 1595 quasi
3739 1524 3837 1578 lena

2269 1620 2552 1688 vitiorum,
2601 1621 2693 1674 ille
2738 1620 2897 1691 quasi
2941 1621 3139 1672 auctor
3176 1619 3403 1673 erroris.
3432 1618 3656 1672 Patescit
3689 1617 3838 1672 defor-

2272 1714 2470 1780 mitas;
2518 1714 2734 1767 nudum
2776 1719 2861 1768 est
2901 1713 3053 1766 enim
3091 1714 3204 1766 Deo
3243 1728 3416 1766 omne
3458 1717 3731 1778 secretum,
3766 1727 3843 1764 nec

542 1811 736 1866 retur?
765 1809 1023 1880 Denique
1055 1826 1171 1863 non
1199 1809 1356 1880 prius
1396 1809 1510 1861 Eva
1548 1807 1798 1873 esurivit,
1840 1823 2014 1878 quam
2050 1823 2166 1859 ser-
2191 1783 2246 1852 B
2273 1806 2423 1860 illius
2468 1807 2604 1861 licus
2652 1807 2827 1868 foliis,
2873 1807 2978 1860 hoc
3029 1808 3143 1871 est,
3193 1805 3450 1877 tegmine
3489 1803 3743 1876 corporali
3779 1805 3846 1857 vel

544 1905 734 1975 pentis
785 1920 912 1957 eam
969 1903 1221 1957 versutia
1274 1901 1513 1956 tentavit
1558 1918 1570 1954 :
1618 1903 1676 1954 et
1730 1900 1856 1954 ideo
1910 1900 2174 1954 adversus

541 1998 729 2069 ipsum
754 2000 1046 2051 auctorem
1073 1996 1285 2067 peccati
1314 1995 1471 2066 prius
1493 1995 1692 2049 debuit
1719 1992 2002 2049 medicina
2029 1993 2174 2046 salu-

548 2091 620 2145 tis
648 2091 887 2161 operari.

621 2187 708 2240 63.
740 2183 1008 2238 Fortassis
1045 2184 1215 2238 etiam
1247 2183 1304 2236 in
1338 2186 1471 2253 typo
1512 2181 1768 2235 mulieris
1805 2180 1953 2234 illius
1979 2195 2172 2234 socrus

547 2278 788 2333 Simonis
815 2281 873 2331 et
899 2277 1142 2330 Andreas
1187 2275 1353 2329 variis
1391 2275 1697 2329 criminum
1743 2273 1994 2327 febribus
2042 2288 2172 2326 caro

545 2377 738 2426 nostra
779 2371 1102 2442 languebat,
1147 2373 1202 2422 et
1245 2368 1599 2422 diversarum
1639 2367 2017 2437 cupiditatum
2061 2367 2171 2421 im-

550 2465 780 2520 modicis
823 2464 1096 2518 aestuabat
1142 2461 1445 2517 illecebris.
1478 2462 1588 2516 Nec
1632 2461 1913 2515 minorem
1955 2461 2174 2515 febrem

545 2559 752 2614 amoris
781 2575 901 2612 esse
932 2558 1194 2625 dixerim,
1224 2573 1396 2627 quam
1433 2555 1659 2610 caloris.
1696 2557 1890 2626 Itaque
1930 2555 2022 2608 illa
2048 2555 2172 2608 ani-

547 2669 708 2706 mum
752 2652 944 2719 febris,
991 2651 1114 2705 haec
1158 2666 1360 2720 corpus
1401 2649 1742 2703 inﬂammat.
1792 2648 1984 2701 Febris
2021 2648 2174 2702 enim

548 2750 744 2800 nostra
771 2744 1002 2799 avaritia
1033 2747 1138 2810 est,
1166 2743 1342 2798 febris
1371 2746 1564 2796 nostra
1589 2742 1765 2796 libido
1794 2745 1904 2809 est;
1930 2759 1996 2795 eo
2025 2742 2173 2812 quod

546 2841 744 2909 ignitae
791 2839 904 2892 sint
954 2838 1308 2908 cupiditates.
1362 2836 1521 2891 Unde
1575 2840 1632 2890 et
1688 2835 1985 2906 Apostolus
2031 2835 2108 2887 ait
2157 2851 2169 2888 :

554 2955 580 2984 «
629 2933 687 2988 Si
733 2950 844 2986 non
890 2949 949 2985 se
991 2931 1305 2997 continent,
1346 2931 1599 2994 nubant;
1644 2929 1844 2983 melius
1889 2934 1971 2982 est
2021 2927 2174 2981 enim

548 3027 763 3082 nubere
802 3042 976 3097 quam
1021 3024 1110 3077 uri
1151 3025 1192 3093 (Ι
1239 3027 1385 3086 Cor.,
1422 3039 1516 3090 vn,
1550 3021 1624 3092 9).
1675 3044 1701 3070 »
1751 3021 1938 3075 Febris
1981 3024 2175 3075 nostra

546 3119 769 3176 luxuria
795 3124 895 3186 est,
935 3118 1105 3172 febris
1138 3120 1329 3170 nostra
1359 3115 1595 3169 ambitio
1635 3120 1736 3181 est,
1773 3114 1948 3168 febris
1980 3116 2174 3167 nostra

551 3211 847 3268 iracundia
885 3216 989 3264 est.
1023 3212 1155 3275 Quae
1186 3209 1317 3263 licet
1353 3209 1608 3278 corporis
1637 3207 1769 3261 vitia
1811 3207 1942 3276 sint,
1978 3207 2174 3278 ignem

553 3308 748 3359 tamen
793 3304 1012 3359 ossibus
1053 3303 1363 3374 implicant,
1400 3307 1678 3370 mentem,
1721 3301 1998 3369 animum,
2046 3317 2171 3354 sen-

553 3415 758 3470 susque
803 3400 1152 3469 pertentant.
1208 3399 1332 3451 Haec
1381 3396 1541 3467 prior
1592 3394 1806 3449 diaboli
1851 3394 2177 3449 sollicitatur

552 3497 690 3547 arte.
735 3492 960 3546 Etenim
1005 3508 1144 3562 ager
1181 3491 1380 3558 bonus,
1424 3488 1622 3555 vestis,
1667 3487 1896 3557 monile,
1949 3487 2176 3542 suadela

552 3586 829 3657 serpentis
855 3591 961 3640 est.
994 3587 1287 3640 Honorum
1329 3583 1536 3654 gratia,
1565 3581 1881 3636 sublimitas
1919 3584 2173 3652 potesta-

548 3685 692 3747 tum,
723 3679 1022 3750 epularum
1061 3679 1324 3746 suavitas,
1366 3678 1552 3731 forma
1583 3675 1900 3730 meretricis
1936 3676 2176 3746 laqueus

552 3778 636 3829 est
665 3773 893 3840 diaboli,
923 3777 980 3826 et
1009 3773 1169 3843 quasi
1195 3772 1429 3843 quidam
1459 3770 1727 3841 nequitiae
1763 3769 2028 3839 spiritalis
2053 3769 2175 3822 ille-

551 3868 815 3922 cebrosas
839 3867 1062 3933 affatus,
1097 3865 1194 3936 qui
1222 3881 1324 3936 per
1350 3865 1532 3918 carnis
1559 3863 1886 3917 illecebram
1913 3879 2042 3932 quae
2069 3863 2176 3916 cito

550 3961 805 4015 feminea
857 3960 1103 4032 quadam
1152 3959 1373 4014 levitate
1427 3957 1680 4012 mollitur
1728 3958 1864 4027 (l8),
1918 3955 2176 4010 animum

554 4069 779 4124 quoque
817 4053 889 4107 de
920 4053 1097 4123 gradu
1133 4051 1342 4123 dejicit.
1371 4053 1562 4122 Neque
1593 4051 1748 4105 enim
1774 4051 2021 4104 formam
2050 4066 2175 4103 mu-

552 4146 706 4200 lieris
733 4145 956 4200 animus
981 4145 1138 4216 prius
1165 4162 1338 4216 quam
1371 4145 1624 4215 corporis
1656 4144 1853 4198 oculus
1878 4142 2176 4214 concupis-

551 4237 642 4293 cit.
688 4238 946 4310 Denique
990 4238 1144 4309 quod
1185 4255 1297 4292 non
1344 4238 1572 4303 videris,
1623 4254 1737 4291 non
1785 4236 2029 4303 amabis;
2079 4236 2180 4290 sed

555 4332 651 4386 ubi
696 4349 826 4386 caro
875 4332 1242 4402 concupierit,
1291 4329 1685 4401 compatientis
1729 4347 1952 4402 quoque
2001 4329 2180 4383 animi

553 4426 865 4481 constantia
926 4426 1236 4495 defatiscit,
1293 4428 1352 4479 et
1407 4440 1570 4479 mens
1625 4424 1908 4479 consortio
1971 4423 2180 4477 amoris

2266 1900 2543 1971 jactantia
2579 1901 2835 1955 saeculari
2872 1901 3226 1971 ﬂagitiorum
3271 1905 3487 1955 secreta
3527 1899 3773 1953 velantur.
3799 1898 3846 1950 Et

2273 1995 2661 2066 unusquisque
2729 1995 2983 2049 divinum
3061 1989 3273 2066 peccati
3346 1993 3560 2048 conscia
3629 1991 3850 2046 formidat

2275 2092 2469 2144 mente
2514 2088 2798 2159 judicium
2850 2089 3042 2143 dicens
3096 2110 3106 2143 :
3157 2089 3265 2152 Qui
3324 2104 3493 2158 super
3540 2103 3626 2140 me
3673 2091 3850 2138 montes

2274 2182 2521 2238 cadent?
2550 2183 2609 2236 in
2638 2182 2841 2253 quibus
2872 2199 2964 2236 me
2994 2182 3343 2237 abscondam
3372 2179 3623 2254 1352
3647 2177 3851 2232 scissuris

2275 2282 2584 2348 petrarum,
2627 2293 2757 2330 cum
2797 2277 3022 2331 venerit
3060 2276 3428 2347 confringere
3467 2273 3706 2328 terram?
3736 2273 3852 2325 Tunc

2274 2370 2513 2426 tribulos
2559 2376 2618 2424 et
2659 2371 2848 2440 spinas
2891 2370 3084 2424 animo
3139 2386 3294 2436 caro,
3346 2370 3454 2424 hoc
3503 2372 3603 2438 est,
3640 2380 3854 2421 curarum

2274 2482 2498 2519 morsus
2538 2464 3097 2534 sollicitudinumque
3127 2468 3391 2534 generat,
3433 2467 3723 2532 aestusque,
3751 2474 3856 2529 quos

2273 2559 2380 2613 sibi
2427 2575 2528 2628 per
2573 2558 3086 2628 concupiscentiam
3136 2559 3326 2611 carnis
3375 2557 3593 2610 animus
3638 2556 3744 2625 ipse
3778 2553 3857 2604 cir-

2274 2651 2586 2707 cumdedit.
2629 2651 2854 2705 Etenim
2895 2651 3053 2721 quasi
3100 2651 3267 2704 clavis
3316 2650 3647 2720 quibusdam
3685 2645 3859 2713 sufﬁgi-

2276 2753 2367 2800 tur
2413 2745 2603 2799 anima
2650 2745 2938 2814 corporeis
2985 2744 3410 2814 voluptatibus,
3457 2749 3513 2797 et
3559 2758 3680 2796 cum
3727 2738 3861 2793 semel

2275 2839 2578 2894 adbmserit
2619 2838 3025 2908 cupiditatibus
3071 2839 3334 2892 demersa
3381 2837 3639 2902 terrenis,
3681 2832 3864 2888 difficile

2275 2934 2333 2987 in
2378 2934 2558 2986 altum
2604 2936 2804 3002 potest,
2853 2931 3005 2986 unde
3056 2931 3374 2999 descendit,
3414 2931 3536 2985 sine
3583 2929 3677 2984 Dei
3720 2930 3866 2981 favore

2275 3027 2543 3081 revelare.
2600 3028 2842 3080 Actuum
2899 3026 3056 3079 enim
3106 3042 3349 3079 suorum
3408 3026 3597 3079 vincta
3653 3021 3864 3092 laqueis,

2276 3126 2331 3174 et
2377 3119 2702 3174 deliciarum
2750 3118 3108 3172 saecularium
3159 3119 3454 3173 illecebris
3508 3116 3741 3172 obnoxia
3781 3113 3867 3184 jam

2277 3215 2529 3267 tenetur.

2347 3310 2432 3361 66.
2478 3307 2633 3360 Hunc
2660 3322 2798 3376 ergo
2835 3305 3036 3373 Adam,
3068 3305 3215 3359 hanc
3253 3307 3438 3360 Evam
3475 3303 3737 3361 Dominus
3771 3299 3872 3353 libe-

2275 3406 2503 3455 raturus
2542 3399 2770 3454 advenit
2813 3416 2825 3454 :
2871 3415 3115 3470 quorum
3154 3399 3303 3453 alter
3349 3400 3424 3454 ad
3465 3398 3764 3469 imaginem
3802 3391 3872 3446 Dei

2274 3495 2471 3560 factus,
2517 3494 2700 3548 altera
2740 3493 3009 3548 virtutem
3049 3492 3134 3546 sui
3173 3492 3472 3565 accipiens
3510 3492 3637 3560 viri,
3662 3484 3872 3562 quandiu

2274 3587 2384 3642 fuit
2409 3587 2632 3641 subdita
2661 3586 2906 3652 fortiori,
2936 3603 3106 3640 unam
3144 3587 3437 3656 gerebant
3472 3587 3534 3639 in
3573 3601 3681 3638 uno
3714 3580 3874 3652 Spiritu

2276 3682 2387 3736 Deo
2426 3680 2688 3751 placitam
2731 3680 3111 3746 voluntatem,
3161 3683 3220 3734 et
3259 3680 3328 3734 in
3370 3679 3640 3751 paradiso
3684 3673 3771 3731 Dei
3801 3686 3875 3742 po-

2279 3773 2389 3841 siti,
2433 3773 2563 3828 vitze
2609 3773 2845 3828 caelestis
2888 3773 3278 3844 operabantur
3321 3773 3682 3828 alimoniam.
3723 3769 3879 3823 Postea

2277 3883 2408 3922 vero
2446 3883 2620 3938 quam
2651 3883 2782 3921 caro
2818 3867 3052 3921 suadere
3095 3867 3414 3935 diversum,
3445 3872 3505 3922 et
3543 3868 3725 3937 legem
3751 3856 3880 3928 coepit

2278 3959 2572 4032 propriam
2597 3977 2714 4015 non
2745 3965 2938 4015 tenere
2970 3962 3102 4030 (19),
3145 3962 3401 4032 paradisi
3443 3960 3662 4015 exsules
3687 3955 3818 4013 facti,
3841 3951 3880 4002 in

2279 4055 2432 4109 hunc
2459 4053 2789 4108 inferiorem
2827 4054 3268 4125 demersumque
3308 4055 3509 4110 locum
3549 4048 3755 4124 peccati
3786 4060 3880 4100 me-

2279 4147 2387 4202 rito
2422 4147 2766 4202 reciderunt.
2811 4149 2924 4201 Nec
2965 4147 3277 4219 quisquam
3325 4152 3500 4219 putet
3543 4147 3884 4214 incongruum

2281 4258 2422 4308 esse,
2453 4241 2499 4294 si
2533 4241 2715 4295 Adam
2747 4245 2914 4312 atque
2954 4242 3067 4296 Eva
3102 4241 3160 4294 in
3203 4248 3344 4312 typo
3384 4243 3605 4296 animai
3639 4244 3693 4294 et
3733 4247 3886 4302 corpo-

2281 4336 2357 4389 ris
2389 4335 2763 4401 aastimentur,
2798 4351 2929 4388 cum
2970 4335 3028 4389 in
3067 4339 3202 4405 typo
3250 4335 3530 4390 Ecclesiae
3578 4331 3888 4388 aestiment-ur

2283 4433 2338 4484 et
2372 4427 2595 4484 Christi.
2639 4429 2781 4482 Nam
2826 4445 2958 4482 cum
2993 4427 3106 4482 duo
3152 4444 3270 4482 esse
3316 4429 3381 4482 in
3429 4443 3602 4482 carne
3646 4441 3749 4480 una
3774 4425 3886 4491 Apo-

552 4520 862 4574 inﬂectitur
892 4520 1026 4591 (duo
1055 4519 1210 4574 enim
1251 4519 1311 4573 in
1349 4535 1518 4573 carne
1554 4535 1667 4573 una
1701 4517 1874 4589 sunt),
1906 4523 2074 4588 atque
2103 4517 2259 4590 itaD
2283 4523 2454 4576 stolus
2480 4522 2713 4589 diceret,
2742 4521 2951 4593 adjecit
2981 4539 2994 4575 :
3027 4543 3055 4570 α
3085 4522 3562 4589 Sacramentum,
3587 4519 3781 4590 inquit,
3807 4515 3890 4567 hoc

554 4630 702 4668 mors
731 4613 931 4684 irrepit
954 4613 1182 4668 sceleris
1209 4613 1434 4680 effectu,
1459 4616 1712 4668 tentante
1740 4611 1984 4679 diabolo,
2011 4628 2182 4666 carne

553 4707 847 4762 suadente.

621 4802 706 4856 64.
740 4799 1143 4855 Vehementior
1171 4803 1366 4855 tamen
1401 4805 1487 4855 est
1516 4801 1694 4855 animi
1735 4817 1904 4872 quam
1935 4800 2183 4873 corporis

548 4894 754 4964 febris;
787 4897 847 4949 et
886 4893 1012 4949 ideo
1043 4910 1146 4964 pro
1181 4893 1359 4948 animi
1395 4895 1702 4965 voluptate,
1749 4895 2000 4965 corporis
2033 4897 2182 4950 salus

547 4990 887 5060 plerumque
915 4987 1322 5058 contemnitur,
1355 5003 1459 5043 nec
1487 5005 1521 5042 θ,
1546 4987 1808 5059 periculis
1837 4988 2177 5045 abstinetur.

545 5083 706 5138 Unde
736 5099 847 5137 non
874 5082 1126 5137 alienum
1149 5081 1377 5137 videtur
1404 5085 1661 5152 repetere
1690 5082 2180 5153 quemadmodum

544 5176 878 5232 'l‘heotimus
917 5192 1048 5230 cum
1077 5176 1239 5247 gravi
1283 5175 1580 5230 oculorum
1624 5175 1987 5230 incommodo
2032 5176 2181 5230 labo-

544 5276 716 5338 raret,
757 5274 814 5326 et
853 5273 1074 5326 amaret
1109 5285 1362 5338 uxorem,
1394 5269 1692 5324 interdicta
1729 5269 1834 5324 sibi
1883 5287 1915 5324 a
1957 5271 2178 5324 medico

605 5417 700 5479 (l7)
743 5415 890 5466 Edit.
929 5416 1087 5468 Rom.
1132 5415 1270 5477 sola,
1315 5416 1429 5478 ejus
1473 5415 1716 5478 nequitia
1758 5419 1804 5464 et
1848 5413 2176 5477 improbitas,

543 5487 685 5551 quod
726 5488 803 5537 ita
840 5487 1037 5552 populo
1071 5487 1399 5546 Judzeorum,
1430 5489 1536 5536 etc.
1585 5485 1704 5536 Vet.
1747 5485 1876 5535 edit.
1913 5497 2041 5534 cum
2081 5485 2178 5534 tri—

547 5559 652 5607 bus
708 5559 936 5608 omnino
985 5571 1121 5608 mss.
1169 5563 1234 5608 ut
1286 5558 1344 5607 in
1393 5559 1568 5609 textu.
1620 5555 1820 5608 Casteri
1867 5555 2011 5617 cod.,
2069 5558 2178 5619 ejus

543 5627 784 5690 nequitia
836 5627 1144 5691 improbitas
1186 5629 1514 5687 Iudaeorum,
1561 5630 1666 5678 etc.
1714 5628 1836 5678 Non
1887 5628 1959 5676 ita
2009 5627 2176 5689 male,

543 5697 590 5743 si
638 5697 878 5758 nequitia
923 5703 1174 5749 sumatur
1216 5701 1274 5750 in
1321 5703 1478 5750 sexto
1523 5712 1674 5762 casu,
1713 5712 1812 5763 pro
1854 5712 1950 5761 per
1993 5699 2178 5762 nequi-

547 5765 698 5816 tiam.

609 5835 704 5896 (18)
747 5833 875 5884 Mss.
915 5836 1141 5900 aliquot,
1181 5853 1284 5903 quo
1322 5855 1416 5905 per
1452 5842 1606 5892 carni
1645 5841 1916 5894 illecebras
1941 5843 2041 5895 cito
2081 5856 2175 5895 cor

2283 4631 2565 4686 magnum
2592 4620 2677 4669 est
2708 4633 2720 4669 :
2753 4631 2860 4687 ego
2888 4620 3078 4669 autem
3111 4615 3240 4670 dico
3271 4615 3338 4670 in
3369 4616 3604 4671 Christo
3637 4619 3694 4669 et
3726 4610 3778 4666 in
3812 4607 3892 4661 Ec-

2283 4709 2454 4764 clesia
2481 4710 2717 4779 (Ephes.,
2755 4726 2809 4775 v,
2850 4709 2960 4778 32).
3007 4731 3034 4759 »
3077 4711 3139 4764 In
3178 4725 3290 4779 quo
3340 4727 3488 4781 ergo
3530 4705 3758 4779 superni
3802 4700 3893 4759 Dei,

2282 4802 2343 4858 in
2373 4819 2440 4858 eo
2474 4803 2654 4857 multo
2685 4802 2867 4873 magis
2895 4802 3071 4858 animi
3112 4804 3292 4857 nostri
3335 4807 3533 4875 potest
3573 4818 3691 4859 esse
3725 4797 3896 4868 myste-

2281 4897 2454 4952 rium.

2353 4994 2439 5045 67.
2481 4991 2587 5046 Sed
2626 4991 2822 5058 haeret,
2856 4990 3090 5045 suffixus
3121 4995 3224 5058 est,
3257 4996 3470 5062 captus
3502 4997 3610 5060 est,
3651 4992 3707 5044 et
3738 4996 3896 5053 corpo-

2280 5083 2392 5138 reis
2430 5099 2734 5138 succensus
2771 5083 3047 5150 febribus,
3091 5085 3496 5155 compassione
3539 5083 3721 5138 carnis
3750 5091 3895 5146 segre-

2282 5177 2404 5232 scit.
2446 5177 2797 5241 Quarendus
2839 5181 2921 5231 est
2948 5177 3221 5232 medicus.
3268 5178 3385 5234 Sed
3431 5179 3565 5250 quis
3607 5177 3708 5232 iste
3747 5173 3900 5226 tantus

2282 5274 2386 5337 est,
2441 5271 2537 5342 qui
2581 5269 2784 5325 sauciae
2835 5271 3043 5326 mentis
3089 5272 3386 5326 mediatur
3432 5268 3752 5328 ulceribus?
3794 5260 3901 5325 Ουίε

2279 5416 2487 5478 femina
2513 5415 2749 5478 quadam
2782 5414 2988 5465 levitate
3008 5416 3262 5466 emolliat.

2340 5487 2436 5551 (19)
2468 5488 2613 5538 Edit.
2657 5489 2781 5538 Am.
2826 5491 2994 5551 atque
3030 5488 3154 5538 Era.
3194 5502 3329 5539 cum
3363 5503 3504 5539 mss.
3547 5488 3738 5546 tribus,
3771 5482 3901 5541 1699'”

2278 5558 2429 5621 coepit
2464 5560 2747 5622 propriam
2783 5571 2891 5607 non
2934 5558 3128 5608 timere.
3167 5559 3300 5610 Gill.
3349 5574 3486 5611 cum
3528 5558 3746 5610 duobus
3777 5562 3901 5602 mss...

2279 5631 2439 5694 legem
2475 5629 2630 5695 caspit
2660 5631 2914 5694 Primam.
2950 5631 3108 5682 Rom.
3155 5633 3272 5683 sola
3309 5647 3321 5680 :
3366 5635 3556 5696 prima
3593 5644 3700 5682 non
3734 5627 3899 5677 timere-

2277 5701 2537 5765 Denique
2569 5715 2701 5752 mss.
2733 5702 3019 5766 undecim,
3048 5705 3103 5754 in
3140 5704 3353 5769 quibus
3383 5703 3556 5755 Corb.
3590 5707 3645 5752 et
3686 5699 3773 5750 alii
3809 5705 3901 5743 me-

2276 5772 2428 5824 lioris
2453 5777 2620 5836 nota,
2650 5778 2712 5824 ut
2739 5775 2796 5824 in
2823 5777 3002 5826 textu.
