3972 6174
199 220 312 270 1717

1274 215 1738 271 EXPOSITIONIS
1775 216 1842 271 IN
1883 217 2110 273 LUCAM
2150 220 2272 274 LlB.
2319 222 2404 274 ιν.

3382 237 3516 289 1718

194 341 358 393 tantus
397 341 482 391 est
519 337 708 402 homo,
758 338 856 408 qui
903 338 1076 407 possit
1119 338 1244 392 aliis
1288 339 1606 406 subvenire,
1653 356 1782 393 cum
1807 340 2103 424 Aalienis.
2137 346 2446 399 Caveamus
2487 347 2663 416 igitur
2701 349 3004 418 perﬁdum,
3046 370 3340 410 caveamus
3381 374 3508 427 pro-

187 434 289 502 ipse
322 429 422 484 sibi
466 446 583 484 non
625 429 832 500 possit?
873 431 1010 494 Quis
1054 431 1179 485 aliis
1223 432 1396 502 possit
1432 433 1609 487 vitam
1655 433 1782 487 red-

188 526 323 590 dere,
350 539 477 577 cum
505 524 624 594 ipse
650 530 900 578 mortem
926 541 1040 578 non
1072 526 1247 594 possit
1277 525 1554 580 evadere?
1581 528 1788 580 Omnes

185 618 317 672 enim
347 615 403 670 in
430 617 606 670 Adam
635 617 874 683 mortui;
912 617 1046 688 quia
1079 639 1106 666 ‹‹
1136 620 1243 673 Per
1271 635 1452 672 unum
1490 619 1787 674 hominem

181 712 230 764 in
253 711 394 763 hunc
419 710 698 764 mundum
735 713 1029 780 peccatum
1059 711 1330 779 introivit,
1362 718 1415 766 et
1453 729 1556 782 per
1584 729 1782 783 pecca-

181 811 281 857 tum
317 818 465 855 mors
495 819 509 856 :
541 809 597 857 et
632 803 708 857 ita
747 802 805 856 in
846 819 1047 857 omnes
1093 804 1357 858 homines
1400 806 1784 876 pertransivit,

179 897 226 949 in
258 912 361 966 quo
401 912 604 950 omnes
647 901 1027 966 peccaverunt
1061 897 1250 964 (Rom.,
1298 914 1350 965 v,
1404 898 1507 968 l2).
1563 919 1590 947 »
1635 899 1786 953 Illius

178 989 327 1058 igitur
381 989 553 1058 culpa
602 1005 756 1042 mors
807 989 1064 1042 omnium
1119 993 1204 1043 est
1255 992 1362 1056 (Cf.
1416 993 1562 1060 Aug.
1612 991 1710 1044 lib.
1763 994 1781 1046 Ι

176 1087 334 1135 amt-ru
380 1083 494 1135 Jul.
555 1083 772 1150 Pelug.,
829 1098 949 1151 cap.
1009 1085 1080 1149 3).
1139 1082 1387 1152 Denique
1441 1084 1597 1137 missi
1654 1091 1785 1139 sunt

177 1174 346 1238 sancti,
387 1175 546 1228 missi
575 1179 707 1228 sunt
738 1180 794 1228 et
834 1175 1146 1245 prophetae,
1190 1177 1288 1246 qui
1328 1177 1555 1230 oracula
1594 1177 1783 1232 divina

175 1270 550 1339 loquerentur;
586 1284 689 1323 nec
731 1269 1043 1340 quidquam
1081 1285 1416 1339 promovere
1452 1274 1778 1340 potuerunt.

173 1363 470 1425 Quaeramus
497 1378 638 1432 ergo
671 1362 918 1432 aliquem
947 1362 1017 1417 de
1047 1362 1266 1433 angelis
1291 1369 1390 1417 aut
1426 1364 1782 1433 archangelis

173 1455 450 1508 medicum.
481 1455 594 1509 Sed
625 1455 1112 1526 quemadmodum
1137 1456 1280 1510 mihi
1306 1462 1545 1526 possunt
1582 1457 1775 1527 praesi-

171 1549 305 1602 dium
343 1548 512 1613 ferre,
559 1565 632 1602 ne
675 1565 945 1619 peccem;
985 1565 1113 1602 cum
1160 1549 1282 1620 ipse
1332 1549 1703 1620 archangelus
1745 1567 1780 1604 a

173 1646 371 1712 peccato
396 1657 512 1695 non
551 1642 805 1712 potuerit
837 1642 1153 1696 abstinere?
1181 1643 1680 1706 Quemadmodum
1705 1643 1778 1697 ad

171 1734 472 1806 paradisum
509 1735 750 1804 angelus
787 1751 1054 1789 revocare
1090 1751 1182 1790 me
1219 1735 1448 1806 poterit,
1487 1752 1618 1790 cum
1657 1716 1852 1808 ipseB

171 1829 370 1883 Satanas
423 1835 479 1883 et
533 1829 727 1899 angeli
784 1828 871 1882 sui
929 1828 1125 1883 sedem
1180 1845 1355 1899 quam
1406 1835 1774 1901 acceperunt,

171 1936 363 1975 servare
393 1939 510 1976 non
544 1921 812 1992 possint?

227 2016 366 2085 (Cap.
411 2018 472 2069 V.
515 2045 587 2055 —
627 2017 777 2072 Vers.
826 2015 901 2085 3.)
938 2015 1244 2069 Ascendens
1281 2022 1464 2070 autem
1504 2019 1564 2069 in
1609 2033 1776 2070 unum

172 2111 336 2172 navim,
380 2125 502 2178 quae
545 2116 667 2163 erat
721 2109 968 2169 Simonis,
1013 2110 1225 2177 rogavit
1272 2114 1335 2162 ut
1383 2110 1697 2165 inducerent
1741 2127 1775 2164 α

172 2209 289 2255 terra
311 2203 748 2272 aliquantulum.

222 2297 296 2348 68.
326 2295 422 2349 Ubi
468 2296 758 2349 Dominus
796 2294 992 2349 multis
1031 2295 1344 2366 impertivit
1377 2296 1531 2350 varia
1563 2312 1773 2366 genera

169 2388 457 2454 sanitatum,
500 2405 610 2443 nec
646 2394 926 2459 tempore,
967 2405 1072 2442 nec
1111 2390 1229 2442 loco
1271 2389 1440 2459 coepit
1472 2389 1540 2443 ab
1585 2390 1770 2444 studio

169 2481 366 2534 sanandi
416 2481 585 2536 turba
649 2481 919 2536 cohiberi.
974 2483 1179 2553 Vesper
1231 2482 1513 2549 incubuit,
1568 2499 1767 2554 seque-

169 2574 359 2641 bantur;
386 2579 666 2646 stagnum
697 2575 961 2637 occurrit,
999 2576 1296 2646 urgebant.
1331 2577 1398 2629 Et
1425 2576 1550 2630 ideo
1580 2593 1769 2631 ascen-

169 2665 232 2720 dit
269 2667 320 2721 in
367 2668 518 2722 Petri
569 2669 780 2722 navim.
829 2669 955 2722 Haec
1005 2675 1091 2723 est
1139 2669 1235 2723 illa
1285 2669 1442 2723 navis
1492 2686 1618 2740 quae
1665 2670 1766 2724 ad-

170 2760 254 2814 huc
280 2762 590 2816 secundum
622 2763 949 2816 Matthaaum
976 2763 1212 2816 ﬂuctuat
1239 2762 1484 2831 (Matth.,
1517 2779 1633 2831 vni,
1655 2765 1766 2832 24),

170 2855 440 2909 secundum
467 2857 686 2910 Lucam
715 2855 967 2926 repletur
996 2855 1272 2926 piscibus;
1303 2861 1368 2910 ut
1405 2861 1461 2910 et
1488 2856 1770 2927 principia

172 2948 388 3003 Ecclesiae
446 2949 818 3015 ﬂuctuantis,
890 2955 944 3003 et
1011 2948 1326 3018 posteriora
1402 2949 1767 3004 exuberantis

169 3056 433 3109 agnoscas;
482 3043 669 3113 pisces
712 3041 864 3096 enim
908 3047 1074 3108 sunt,
1126 3043 1223 3112 qui
1266 3043 1414 3097 hanc
1463 3043 1768 3114 enavigant

172 3131 390 3207 1353
411 3137 618 3190 vitam.
642 3135 722 3190 lbi
743 3135 928 3189 adhuc
949 3135 1239 3206 discipulis
1259 3135 1512 3192 Christus
1533 3137 1764 3205 dormit,

171 3225 240 3278 hic
273 3229 541 3300 przecipit.
587 3228 808 3282 Dormit
844 3228 998 3282 enim
1041 3228 1297 3298 trepidis,
1330 3229 1590 3298 perfectis
1623 3229 1763 3300 vigi-

170 3319 246 3371 lat.
279 3321 378 3375 Sed
417 3321 916 3393 quemadmodum
957 3321 1204 3376 dormiat
1242 3321 1516 3389 Christus,
1558 3322 1766 3376 audisti

173 3410 413 3468 dicentem
439 3416 501 3469 in
532 3415 852 3485 propheta:
881 3435 910 3462 «
940 3415 1057 3484 Ego
1083 3413 1345 3481 dormivi,
1369 3418 1426 3469 et
1450 3431 1547 3469 cor
1573 3431 1766 3470 meum

172 3503 327 3574 vigilat
354 3509 552 3575 (Cant.,
589 3524 642 3576 v,
670 3508 747 3578 2).
780 3529 808 3557 »

225 3600 296 3652 69.
335 3602 401 3656 Et
441 3606 678 3656 sanctus
726 3602 1019 3656 Matthzeus
1064 3605 1216 3656 recte
1265 3618 1380 3656 non
1419 3602 1762 3673 praetermit-

172 3692 369 3748 tendum
414 3695 639 3765 putavit
685 3697 915 3749 aeternae
963 3694 1233 3749 indicium
1287 3695 1614 3765 potestatis,
1669 3697 1763 3750 ubi

173 3781 380 3853 imperat
408 3789 590 3843 ventis
622 3789 866 3857 (Matth.,
897 3805 1013 3855 vm,
1047 3791 1154 3857 26).
1196 3791 1317 3843 Non
1349 3792 1431 3842 est
1471 3788 1627 3843 enim
1656 3789 1760 3843 hu-

174 3890 307 3930 mana
332 3879 612 3946 doctrina,
647 3881 794 3934 sicut
826 3881 1059 3934 audistis
1094 3880 1318 3936 .ludazos
1356 3882 1560 3948 dicere,
1590 3880 1763 3936 verbo

172 3967 379 4038 imperat
413 3973 708 4044 spiritibus
749 3975 917 4044 (Luc.,
962 3991 1037 4040 ιν,
1070 3974 1184 4044 36),
1217 3976 1314 4030 sed
1359 3975 1592 4030 coelestis
1637 3992 1761 4030 ma-

167 4060 350 4127 jestatis
391 4067 641 4138 insigne.
685 4067 845 4130 Quod
882 4067 1171 4121 turbatum
1215 4068 1443 4122 sedatur
1483 4085 1660 4133 mare,
1710 4073 1766 4122 et

173 4153 338 4211 divinae
365 4160 513 4212 vocis
547 4160 791 4229 imperio
829 4159 1220 4231 obsequuntur
1259 4162 1565 4227 elementa,
1597 4167 1766 4232 atque

173 4247 479 4305 insensibilia
523 4269 755 4307 sensum
801 4253 1092 4324 accipiunt
1136 4254 1521 4326 obsequendi;
1563 4254 1765 4310 divinae

175 4345 467 4410 mysterium
512 4347 716 4418 gratiae
758 4347 1062 4402 revelatur.
1114 4348 1272 4412 Quod
1321 4347 1526 4402 ﬂuctus
1570 4348 1762 4403 mites-

1892 433 2160 502 ditorem,
2201 454 2272 491 ne
2317 455 2416 507 per
2463 455 2642 493 unum
2688 441 2919 512 plurimi
2961 444 3316 502 ﬂuctuemus.
3362 451 3512 521 Ergo

1889 543 2004 581 non
2041 530 2303 584 turbatur
2343 533 2463 585 haec
2503 533 2656 588 navis
2693 536 2752 588 in
2792 553 2902 606 qua
2938 539 3235 606 prudentia
3266 543 3511 613 navigat,

1888 621 2048 676 abest
2085 624 2344 692 perﬁdia,
2391 625 2532 680 ﬁdes
2579 628 2777 698 spirat.
2820 631 3315 694 Quemadmodum
3357 636 3512 691 enim

1888 715 2113 770 turbare
2156 722 2401 786 poterat,
2449 720 2540 773 cui
2589 728 2829 790 prteerat
2876 724 2949 789 is,
2993 725 3051 778 in
3096 743 3207 796 quo
3252 728 3512 784 Ecclesiae

1887 809 2316 864 ﬁrmamentum
2359 813 2485 866 est?
2514 813 2628 867 Illic
2668 831 2807 885 ergo
2849 817 3120 885 turbatio,
3153 819 3251 873 ubi
3292 821 3510 876 modica

1886 900 2058 967 ﬁdes;
2095 903 2186 956 hic
2215 907 2502 973 securitas,
2540 906 2631 960 ubi
2661 909 2906 978 perfecta
2937 910 3187 966 dilectio.

1957 998 2042 1047 71.
2100 997 2270 1060 (Vers.
2327 998 2402 1067 4.)
2457 999 2709 1070 Denique
2762 1002 2867 1055 etsi
2920 1003 3042 1057 aliis
3094 1004 3406 1076 imperatur
3449 1013 3512 1063 ut

1886 1090 2076 1142 laxent
2116 1089 2257 1144 retia
2297 1108 2420 1158 sua,
2452 1093 2553 1145 soli
2588 1099 2778 1147 tamen
2821 1098 2982 1151 Petro
3023 1098 3228 1152 dicitur
3265 1117 3276 1152 :
3311 1104 3424 1156 Duc
3452 1106 3510 1156 in

1884 1182 2075 1243 altum,
2110 1182 2215 1236 hoc
2246 1188 2348 1248 est,
2381 1183 2438 1238 iu
2471 1186 2822 1256 profundum
2865 1189 3333 1259 disputationum.
3364 1194 3508 1257 Quid

1884 1273 2036 1327 enim
2097 1279 2213 1329 tam
2275 1277 2452 1330 altum
2515 1294 2686 1348 quam
2752 1280 3114 1336 altitudinem
3180 1285 3506 1340 divitiarum

1882 1367 2094 1435 videre,
2148 1369 2289 1423 scire
2334 1371 2434 1423 Dei
2482 1371 2702 1439 Filium,
2746 1379 2803 1426 et
2847 1376 3259 1443 professionem
3305 1379 3507 1434 divina:

1882 1461 2264 1530 generationis
2331 1465 2664 1518 assumere?
2719 1467 2901 1528 Quam
2963 1468 3098 1521 licet
3168 1486 3330 1523 mens
3393 1489 3504 1526 non

1879 1559 2050 1625 queat
2087 1554 2342 1608 humana
2380 1556 2564 1626 plena:
2605 1557 2841 1612 rationis
2870 1561 3310 1631 investigatione
3346 1581 3503 1619 com-

1878 1647 2269 1716 prehendere,
2323 1648 2458 1701 ﬁdei
2507 1655 2698 1703 tamen
2747 1653 3043 1722 plenitudo
3095 1657 3503 1725 complectitur.

1878 1740 2018 1792 Nam
2046 1741 2146 1793 etsi
2173 1757 2289 1794 non
2323 1742 2452 1796 licet
2480 1743 2622 1796 mihi
2653 1743 2793 1798 scire
2830 1747 3311 1815 quemadmodum
3340 1756 3506 1805 natus

1877 1832 1967 1898 sit,
2012 1848 2127 1886 non
2173 1833 2305 1888 licet
2349 1839 2541 1888 tamen
2588 1837 2804 1890 nescire
2855 1840 3004 1909 quod
3057 1843 3225 1895 natus
3269 1843 3356 1898 sit.
3403 1846 3501 1899 Se-

1878 1925 2018 1978 riem
2066 1927 2449 1996 generationis
2487 1929 2708 1999 ignoro,
2757 1931 2853 1984 sed
2893 1935 3286 1988 auctoritatem
3325 1952 3501 2006 gene-

1876 2019 2110 2073 rationis
2163 2037 2415 2091 agnosco
2472 2021 2602 2091 (20).
2673 2025 2796 2078 Non
2865 2026 3226 2081 interfuimus
3286 2046 3415 2084 cum
3471 2048 3505 2084 a

1878 2114 2034 2165 Patre
2079 2113 2176 2166 Dei
2228 2113 2394 2167 Filius
2437 2120 2780 2185 nasceretur,
2829 2119 2927 2172 sed
2971 2118 3332 2175 interfuimus
3372 2139 3503 2178 cum

1873 2224 1905 2258 a
1943 2208 2102 2259 Patre
2136 2207 2238 2260 Dei
2273 2208 2439 2262 Filius
2469 2209 2773 2264 diceretur.
2815 2211 2868 2265 Si
2901 2213 3014 2266 Deo
3051 2230 3168 2267 non
3195 2215 3500 2283 credimus,

1873 2301 1963 2353 cui
1990 2299 2322 2354 credimus?
2349 2301 2552 2355 Omnia
2591 2304 2748 2356 enim
2778 2321 2903 2375 quae
2940 2306 3243 2374 credimus,
3272 2311 3356 2363 vel
3387 2311 3502 2365 visu

1872 2393 2174 2459 credimus,
2221 2395 2304 2447 vel
2344 2394 2586 2449 auditu:
2628 2397 2774 2450 visus
2815 2414 2965 2468 saepe
3001 2399 3234 2468 fallitur,
3275 2403 3500 2457 auditus

1873 2485 1928 2538 iu
1974 2486 2084 2539 ﬁde
2130 2491 2232 2540 est.
2275 2490 2358 2540 Au
2411 2489 2714 2542 asserentis
2759 2506 3002 2559 persona
3053 2493 3393 2547 discutitur?
3440 2496 3498 2550 Si

1871 2577 1971 2631 viri
2012 2577 2142 2631 boni
2181 2579 2452 2645 dicerent,
2498 2582 2656 2634 nefas
2696 2587 3024 2651 putaremus
3062 2600 3175 2638 non
3218 2587 3448 2641 credere
3483 2605 3493 2641 :

1872 2676 2014 2728 Deus
2055 2674 2272 2740 asserit,
2323 2673 2520 2743 probat
2567 2674 2756 2740 Filius,
2803 2676 3089 2744 refugiens
3136 2678 3218 2731 sol
3265 2677 3494 2747 fatetur,

1873 2770 2119 2820 tremens
2158 2772 2307 2820 terra
2349 2771 2607 2819 testatur.
2649 2767 2708 2819 ln
2746 2766 2851 2820 hoc
2883 2768 3062 2822 altum
3095 2768 3496 2839 disputationis

1873 2859 2110 2913 Ecclesia
2139 2875 2171 2912 a
2213 2860 2374 2912 Petro
2415 2858 2660 2924 ducitur,
2704 2863 2767 2912 ut
2805 2859 2985 2913 videat
3020 2861 3151 2915 hinc
3190 2878 3490 2934 resurgen-

1870 2957 1985 3006 tem
2000 2951 2097 3006 Dei
2115 2951 2336 3018 Filium,
2357 2952 2487 3005 inde
2510 2951 2790 3022 Spiritum
2805 2955 3064 3007 sanctum
3091 2954 3490 3024 profluentem.

1942 3049 2027 3099 72.
2083 3045 2220 3109 Quae
2271 3050 2403 3099 sunt
2461 3050 2653 3099 autem
2707 3046 3092 3116 apostolorum
3143 3064 3269 3118 quin
3320 3050 3494 3106 laxari

1860 3139 2137 3210 jubentur
2187 3139 2356 3204 retia,
2411 3139 2518 3192 nisi
2570 3139 2868 3193 verborum
2926 3140 3387 3210 complexiones,
3441 3150 3496 3198 et

1865 3233 2029 3304 quasi
2081 3232 2312 3303 quidam
2374 3231 2646 3286 orationis
2700 3231 2890 3298 sinus,
2941 3239 2996 3287 et
3049 3233 3493 3304 disputationum

1865 3343 2118 3382 recessus
2173 3325 2268 3396 qui
2329 3342 2424 3380 eos
2484 3341 2623 3396 quos
2678 3324 2964 3396 ceperint,
3021 3343 3134 3380 non
3185 3328 3494 3383 emittant?

1868 3418 2125 3491 1354
2155 3420 2223 3472 Et
2258 3418 2406 3473 bene
2457 3417 2766 3488 apostolica
2807 3418 3192 3473 instrumenta
3238 3421 3490 3491 piscandi

1865 3513 2005 3567 retia
2047 3515 2199 3580 sunt,
2247 3529 2376 3582 quae
2420 3528 2537 3565 non
2578 3516 2772 3581 captos
2819 3510 3128 3581 perimunt,
3171 3513 3269 3567 sed
3309 3530 3489 3569 reser-

1865 3609 2020 3673 vant,
2067 3608 2123 3659 et
2163 3604 2233 3658 de
2278 3603 2563 3674 profundo
2608 3604 2679 3658 ad
2730 3603 2930 3658 lumen
2970 3604 3313 3674 extrahunt;
3356 3606 3491 3662 ﬂuc—

1867 3702 2087 3753 tuantes
2114 3697 2183 3752 de
2214 3697 2426 3751 inﬁmis
2453 3697 2526 3751 ad
2554 3713 2806 3767 superna
2837 3695 3161 3750 traducunt.

1936 3795 2023 3846 73.
2075 3793 2170 3845 Est
2228 3795 2284 3844 et
2344 3790 2499 3844 aliud
2569 3789 2943 3861 apostolicum
3005 3789 3256 3858 piscandi
3313 3809 3492 3861 genus

1866 3886 1973 3955 (24,
2016 3901 2072 3955 q.
2118 3889 2166 3951 i,
2202 3899 2250 3938 c.
2284 3886 2382 3938 Est
2416 3884 2611 3954 aliud),
2648 3899 2760 3953 quo
2793 3898 3000 3954 genere
3037 3883 3222 3937 solum
3256 3885 3490 3938 Petrum

1865 3977 2068 4048 piscari
2110 3977 2378 4031 Dominus
2402 3977 2566 4047 jubet
2608 3976 2802 4030 dicens
2833 3992 2846 4030 :
2879 3998 2906 4024 ‹‹
2947 3977 3101 4032 Mitte
3142 3977 3402 4046 hamum,
3436 3982 3495 4032 et

1865 4087 1996 4124 eum
2040 4070 2254 4140 piscem
2293 4070 2393 4139 qui
2431 4069 2649 4140 primus
2690 4069 3030 4136 ascenderit,
3073 4070 3205 4125 tolle
3246 4071 3490 4139 (Matth.,

1867 4179 1997 4229 xvu,
2040 4164 2149 4230 26).
2184 4185 2209 4211 ››
2243 4163 2510 4232 Magnum
2545 4161 2781 4232 quidem
2821 4167 2906 4217 est
2940 4167 2998 4216 et
3034 4163 3284 4233 spiritale
3316 4164 3492 4218 docu-

1869 4259 2132 4309 mentum
2188 4254 2310 4325 (H,
2363 4271 2416 4324 q.
2481 4258 2530 4321 l,
2585 4271 2634 4308 c.
2689 4257 2954 4323 Magnum
3009 4256 3283 4325 quidem),
3339 4257 3491 4326 quod

1866 4347 2166 4404 Christiani
2201 4347 2306 4401 viri
2345 4347 2768 4401 sublimioribus
2809 4348 3177 4419 potestatibus
3213 4348 3493 4401 docentur

173 4440 281 4488 cunt
304 4441 510 4509 saeculi,
545 4439 717 4495 verbo
747 4440 1080 4496 immundus
1110 4441 1340 4511 spiritus
1377 4442 1761 4512 conquiescit;
1785 4437 1842 4508 D
1867 4443 2067 4496 debere
2096 4457 2216 4495 esse
2256 4441 2512 4510 subjecti,
2557 4457 2627 4493 ne
2669 4441 2794 4508 quis
2840 4440 3305 4494 constitutionem
3341 4440 3493 4510 regis

174 4540 262 4580 non
294 4530 531 4587 alterum
569 4533 744 4587 altero
782 4534 1082 4600 refellitur,
1130 4535 1225 4588 sed
1264 4539 1573 4606 utrumque
1612 4537 1760 4590 cele-

174 4612 347 4672 bratur.
393 4622 571 4676 Habes
601 4622 941 4676 miraculum
977 4623 1036 4678 in
1081 4624 1399 4690 elementis,
1447 4624 1617 4679 habes
1660 4626 1759 4679 do-

175 4713 467 4765 cumentum
491 4712 550 4767 in
581 4711 887 4782 mysteriis.

230 4800 302 4852 70.
347 4801 492 4872 Ergo
544 4802 678 4873 quia
731 4805 961 4858 sanctus
1013 4802 1306 4858 Matthaaus
1354 4803 1450 4857 illa
1502 4803 1758 4874 praeliba-

179 4892 320 4954 verat,
359 4898 580 4946 sanctus
615 4893 792 4946 Lucas
833 4909 958 4947 eam
997 4892 1101 4946 sibi
1142 4892 1356 4960 navim,
1400 4893 1458 4947 in
1502 4909 1616 4963 qua
1655 4894 1759 4946 Pe-

180 4975 272 5026 trus
324 4977 649 5047 piscaretur,
704 4982 893 5053 elegit.
955 4982 1075 5036 Non
1139 4981 1404 5036 turbatur
1467 4982 1573 5035 ista
1634 4998 1763 5052 quae

182 5059 367 5120 Petrum
395 5069 583 5138 habet,
619 5071 880 5126 turbatur
908 5071 1005 5126 illa
1032 5087 1160 5142 qua:
1191 5072 1393 5126 Judam
1424 5071 1615 5126 habet.
1646 5071 1762 5124 Etsi

184 5152 326 5207 multa
351 5156 460 5211 illic
488 5159 892 5231 discipulorum
933 5161 1138 5214 merita
1165 5159 1532 5232 navigabant,
1570 5165 1762 5214 tamen

189 5252 282 5294 eam
306 5245 475 5302 adhuc
515 5249 752 5319 perﬁdia
780 5248 1085 5320 proditoris
1119 5249 1390 5320 agitabat.
1426 5251 1486 5303 ln
1519 5255 1762 5319 utraque

189 5323 386 5387 Petrus:
420 5337 511 5391 sed
551 5339 647 5410 qui
692 5337 806 5393 suis
848 5338 1065 5393 meritis
1109 5339 1308 5392 ﬁrmus
1353 5343 1455 5406 est,
1501 5337 1766 5392 turbatur

237 5450 312 5523 βο)
361 5455 450 5506 Sic
488 5465 590 5510 vet.
649 5460 780 5512 edit.
828 5474 895 5511 ac
947 5461 1136 5523 plures
1185 5473 1316 5510 mss.
1368 5461 1526 5512 Rom.
1578 5464 1765 5511 autem

199 5516 292 5648 00:“.
331 5538 447 5577 cum
493 5545 618 5582 mss.
673 5533 904 5597 aliquot,
947 5516 1048 5583 .sed
1098 5538 1365 5582 auctorem
1407 5532 1766 5596 generationis

253 5604 390 5644 nosco.

253 5604 374 5642 ηοεςο
381 5635 390 5644 .

245 5660 316 5722 ίὲι)
343 5665 484 5719 Rom.
508 5671 652 5732 edit.,
684 5673 911 5736 pretium
935 5673 1308 5737 redemptionis
1341 5679 1533 5724 nostra:
1572 5675 1766 5724 animae

209 5733 474 5797 τίθονΡοτ-ἱς.
515 5742 622 5794 Sed
658 5733 716 5794 in
762 5746 981 5797 cunctis
1025 5733 1148 5796 aliis
1193 5748 1364 5809 atque
1412 5758 1545 5796 mss.
1590 5745 1766 5806 deest,

1866 4534 2077 4590 terreni
2108 4537 2267 4604 putet
2303 4549 2421 4587 esse
2458 4531 2807 4586 solvendam.
2844 4533 2898 4587 Si
2935 4534 3088 4586 enim
3125 4547 3360 4587 censum
3397 4533 3493 4588 Dei

1865 4624 2036 4677 Filius
2083 4621 2284 4686 solvit,
2339 4620 2465 4690 quis
2520 4626 2581 4674 tu
2633 4622 2821 4673 tantus
2870 4637 2958 4687 es,
3012 4620 3110 4690 qui
3164 4637 3278 4674 non
3328 4626 3494 4692 putes

1864 4727 1985 4766 esse
2031 4710 2411 4765 solvendum?
2465 4711 2532 4762 Et
2577 4709 2668 4763 ille
2719 4724 2955 4764 censum
2995 4709 3162 4764 solvit
3206 4710 3303 4782 qui
3352 4710 3493 4764 nihil

1864 4801 2186 4873 possidebat
2216 4817 2228 4855 :
2270 4806 2333 4854 tu
2371 4804 2565 4854 autem
2600 4798 2697 4870 qui
2738 4799 2926 4853 saeculi
2963 4799 3221 4870 sequeris
3249 4800 3489 4865 lucrum,

1864 4908 1964 4946 cur
2011 4889 2201 4944 saeculi
2252 4889 2585 4960 obsequium
2637 4904 2753 4943 non
2803 4888 3228 4958 recognoscas?
3277 4887 3389 4941 Cur
3438 4891 3492 4941 te

1865 4996 2034 5051 supra
2086 4979 2355 5033 saeculum
2413 4977 2659 5049 quadam
2708 4975 2883 5031 animi
2939 4974 3268 5046 arrogantia
3315 4974 3491 5039 feres,

1866 5085 1998 5123 cum
2027 5069 2230 5122 saeculo
2259 5067 2332 5121 sis
2361 5067 2570 5121 misera
2597 5066 2898 5137 cupiditate
2927 5066 3212 5135 subjectus
3230 5064 3257 5117 ?

1938 5159 2024 5212 74.
2074 5156 2342 5212 Panditur
2380 5155 2559 5227 igitur
2600 5155 2954 5220 didrachma,
3003 5152 3154 5224 quod
3202 5155 3327 5207 erat
3374 5169 3497 5224 pre-

1867 5246 2009 5301 tium
2045 5248 2252 5301 nostrae
2294 5243 2703 5316 redemptionis
2732 5246 2789 5297 et
2823 5242 3074 5313 corporis
3107 5241 3239 5311 (21),
3272 5241 3328 5294 in
3367 5242 3494 5312 lege

1865 5335 2231 5408 promissum,
2274 5334 2332 5388 in
2381 5333 2684 5404 Evangelio
2729 5331 3098 5402 persolutum,
3146 5346 3263 5384 non
3315 5330 3493 5385 otiose

1865 5461 2057 5510 animae
2103 5473 2118 5506 :
2154 5472 2279 5523 quas
2320 5470 2426 5506 vox
2471 5457 2697 5506 omnino
2734 5453 3048 5504 necessaria
3098 5466 3210 5502 non
3260 5452 3498 5515 videtur,

1866 5544 1995 5582 cum
2026 5534 2211 5579 nostra
2252 5526 2537 5590 redemptio
2578 5525 2725 5576 idem
2769 5525 2842 5574 sit
2884 5538 2950 5574 ac
2990 5523 3276 5588 redemptio
3312 5525 3504 5574 anima:

1865 5608 2074 5652 nostrae.
2100 5601 2350 5663 Namque
2378 5597 2663 5647 hominem
2697 5596 2753 5644 in
2784 5596 2973 5646 anima
2996 5595 3350 5660 potissimum
3375 5609 3504 5647 con—

1865 5675 2064 5725 sistere
2091 5671 2299 5736 passim
2325 5673 2564 5722 testatur
2590 5668 2934 5721 Ambrosius.
