3972 6174
502 271 636 323 1719
1980 262 2036 315 S.
2079 262 2129 316 Α

2244 261 2395 318 {0811
3684 271 3792 324 1720

495 379 554 447 1xi
589 407 688 446 ore
724 390 891 462 piscis
921 389 1215 443 inventum
1249 404 1262 441 :
1296 406 1324 435 α
1360 388 1435 441 Ex
1467 401 1564 440 ore
1597 385 1754 440 enim
1794 390 1893 440 tuo
1916 382 2124 456 justiﬁ-
2147 395 2295 468 Aex
2335 400 2446 456 qua
2486 386 2731 440 Joannes
2770 386 2826 439 et
2863 383 3101 439 Jacobus
3141 382 3456 454 eliguntur?
3484 405 3509 434 «
3550 387 3696 442 Facta
3728 395 3797 445 est

493 485 712 542 caberis
746 483 987 554 (Matth.,
1017 499 1109 549 χιι,
1144 481 1254 552 37).
1287 502 1314 531 ››
1341 479 1566 535 Etenim
1604 479 1851 550 pretium
1885 478 2123 533 immor-
2226 478 2423 550 (enim)
2471 478 2665 533 Judeea
2710 476 3077 532 sanctiﬁcatio
3126 476 3248 547 ejus
3293 478 3450 547 (Psal.
3499 496 3625 548 cxm,
3668 482 3733 551 2).
3774 503 3795 534 ιι

490 578 722 637 talitatis
779 581 862 632 est
924 575 1090 630 nobis
1151 580 1344 630 nostra
1403 573 1684 628 confessio
1714 591 1730 640 ;
1792 573 1927 644 quia
1984 572 2126 625 sicut
2228 572 2292 627 Hi
2328 572 2504 643 igitur
2533 573 2602 626 de
2633 572 2936 643 Synagoga
2962 571 3033 626 ad
3071 580 3269 625 navem
3309 571 3470 640 Petri,
3505 572 3603 627 hoc
3627 580 3717 640 est,
3742 577 3797 631 ad

493 672 770 744 scriptum
798 674 882 725 est
911 687 924 724 :
959 669 1123 725 «Ore
1155 668 1432 724 confessio
1469 669 1533 722 ﬁt
1560 667 1630 722 ad
1661 667 1900 721 salutem
1931 665 2125 737 (Rom,
2227 665 2533 719 Ecclesiam
2568 670 2977 731 convenerunt,
3018 667 3082 717 ut
3117 664 3415 734 implerent
3452 664 3632 720 ambas
3666 669 3799 721 navi-

500 784 556 836 ι,
588 766 696 837 10).
730 787 757 815 ››
2227 761 2403 814 cuias.
2437 760 2646 814 Omnes
2690 758 2847 813 enim
2888 756 2948 811 in
2984 757 3216 812 nomine
3255 758 3383 811 Jesu
3414 770 3555 828 genu
3584 758 3802 828 ﬂectunt,

2228 853 2341 907 sive
2376 853 2621 919 Judesus,
2663 852 2777 906 sive
2808 851 3034 906 Graecus
3064 868 3075 905 :
3110 872 3138 899 ‹‹
3174 850 3372 905 Omnia
3401 856 3456 905 et
3487 850 3544 905 in
3579 852 3803 908 omnibus

2227 946 2479 1000 Christus
2521 946 2760 1012 (Coloss.,
2805 961 2885 1012 ιιι,
2928 947 3032 1013 11).
3078 966 3105 994 ››
3147 944 3254 999 Sed
3284 944 3425 998 mihi
3453 945 3690 999 cumulus
3722 946 3805 1001 iste

2229 1045 2522 1110 suspectus
2558 1045 2658 1106 est,
2694 1055 2765 1093 ne
2804 1038 3153 1109 plenitudine
3198 1037 3285 1091 sui
3314 1054 3478 1091 naves
3515 1054 3648 1107 pene
3682 1055 3804 1093 mer-

2229 1135 2464 1203 gantur;
2492 1134 2716 1203 oportet
2746 1133 2903 1187 enim
2933 1134 2991 1186 et
3015 1132 3262 1186 haereses
3291 1148 3428 1198 esse,
3457 1134 3517 1185 ut
3544 1131 3810 1202 probentur

2228 1227 2383 1281 boni.

2301 1324 2386 1376 78.
2420 1322 2719 1374 Possumus
2762 1322 2958 1373 tamen
2997 1324 3055 1373 et
3093 1317 3264 1372 aliam
3301 1317 3597 1372 Ecclesiam
3634 1317 3810 1372 intelli-

2229 1430 2387 1485 gere,
2422 1430 2624 1467 navem
2654 1413 2912 1479 alterius;
2944 1412 3013 1465 ab
3045 1428 3163 1465 una
3196 1411 3351 1465 enim
3383 1411 3567 1481 plures
3594 1411 3812 1466 Ecclesia:

2235 1506 2284 1579 1
2304 1505 2496 1579 355
2532 1506 2878 1560 derivantur.
2912 1507 3049 1560 Ecce
3084 1504 3195 1558 alia
3219 1504 3535 1558 sollicitudo
3562 1503 3714 1570 Petri,
3741 1504 3813 1557 cui

2229 1617 2333 1654 sua
2372 1601 2494 1670 jam
2543 1599 2736 1669 praeda
2778 1603 3032 1669 suspecta
3062 1601 3167 1653 est.
3221 1597 3332 1653 Sed
3380 1596 3533 1652 novit
3569 1596 3814 1666 perfectus

2151 1762 2191 1766 ._
2230 1693 2706 1764 quemadmodum
2758 1708 2979 1748 servare
3022 1690 3193 1762 possit
3232 1690 3568 1758 reconditos,
3611 1689 3700 1761 qui
3732 1690 3816 1744 scit

2152 1762 2713 1858 Bquemadmodum
2754 1801 2954 1857 capere
3007 1784 3184 1857 possit
3238 1784 3536 1856 dispersos.
3592 1782 3726 1847 Quos
3769 1782 3817 1836 in

938 1896 947 1956 ζ
990 1877 1428 1956 υυωωθζνδυιυ
1478 1877 1610 1956 Ἷξλξδ
1657 1877 1765 1906 ¹¹υ⁸
1821 1877 1959 1905 um“
2015 1877 2127 1917 ‘3’"
2231 1881 2406 1935 verbo
2444 1879 2614 1950 capit.
2659 1879 2839 1934 Verbo
2884 1878 3062 1934 credit
3111 1877 3219 1950 ('23)
3253 1895 3267 1932 :
3300 1881 3473 1950 negat
3500 1892 3657 1932 suam
3695 1892 3816 1948 pra:-

501 1949 732 2022 quando
776 1964 891 2002 non
934 1947 1203 2018 imperas.
1248 1946 1424 2001 Nemo
1473 1945 1662 1999 adhuc
1709 1960 1918 1998 nomen
1964 1959 2131 1997 suum
2235 1973 2388 2042 dam,
2420 1945 2594 2044 negat
2619 1988 2787 2027 suum
2813 1988 3038 2027 munus.

500 2042 684 2110 dedit,
735 2041 922 2096 adhuc
969 2042 1195 2094 noctem
1259 2039 1447 2094 habeo
1514 2038 1643 2109 (22).
1705 2036 1827 2091 Misi
1875 2036 2133 2107 jaculum

500 2134 648 2189 vocis
690 2150 795 2206 per
835 2132 1156 2204 epiphania,
1200 2136 1257 2187 et
1296 2131 1483 2186 adhuc
1520 2130 1664 2185 nihil
1701 2130 1846 2201 cepi.
1875 2129 1996 2183 Misi
2032 2145 2134 2200 per

502 2229 674 2295 diem'
703 2230 964 2298 exspecm
989 2229 1052 2280 nt
1071 2224 1388 2322 J9b9355_i"
1414 2224 1588 2322 νίῗξδθ
1614 2228 1714 2322 ΨΟ
1739 2222 1943 2322 Ῐίῗχεώο
1963 2222 2129 2322 Ϊθξίθξ
2227 2222 2250 2230 ’
2306 2256 2392 2307 79.
2421 2252 2826 2307 Admirabatur
2868 2252 3022 2308 enim
3061 2252 3209 2307 dona
3248 2252 3475 2322 divina;
3510 2253 3564 2307 et
3596 2266 3698 2322 quo
3720 2250 3822 2321 plus

501 2322 544 2377 O
593 2336 768 2375 vacua
814 2319 1201 2391 praesumptio,
1243 2334 1274 2371 ο
1315 2317 1608 2372 humilitas
1651 2316 1976 2371 fructuosa!
2025 2316 2133 2380 Qui
2234 2351 2558 2414 memerat,
2613 2346 2717 2400 hoc
2774 2346 3160 2416 praesumebat
3208 2344 3423 2401 minus.
3458 2316 3573 2399 'Dic
3610 2316 3669 2398 ξι
3716 2316 3768 2397 ζα
3809 2358 3819 2394 ε

503 2413 645 2469 nihil
692 2417 861 2509 “mea
912 2417 1196 2509 993mm,
1251 2427 1521 2509 “Rga?!”
1572 2411 1633 2465 in
1681 2410 1877 2509 verb°_
1906 2409 2134 2464 Domini
2235 2443 2359 2501 Exi,
2389 2457 2423 2495 a
2447 2409 2552 2503 me,
2582 2409 2835 2505 Domine;
2864 2441 2994 2509 quia
3025 2440 3176 2493 homo
3198 2444 3453 2509 peccator
3478 2454 3613 2500 sum,
3648 2442 3703 2492 ut
3728 2452 3822 2491 res-

502 2506 851 2605 °°n°ludfmt
901 2505 1135 2605 Ῑῗξδθίηω
1187 2504 1636 2605 ωιληξωάίηθω·
1689 2506 1810 2558 Non
1843 2503 1978 2605 PO?
2021 2504 2130 2605 hut
2235 2534 2486 2605 pondeat
2542 2533 2642 2587 tibi
2698 2503 2968 2587 Dominus
3012 2549 3025 2587 :
3074 2503 3220 2587 Noli—
3243 2532 3451 2588 timere
3499 2530 3621 2603 (24).
3668 2529 3825 2584 Indul-

505 2617 694 2656 manw
729 2599 1005 2674 facundiae
1043 2615 1207 2698 olm!”
1249 2598 1346 2698 δίῗά
1391 2614 1655 2669 superum
1696 2597 2010 2652 vocationis
2051 2601 2137 2652 est
2234 2597 2393 2698 genti
2438 2627 2678 2681 Domino
2723 2630 3014 2698 peccatum
3050 2628 3248 2682 fatere.
3291 2625 3417 2681 Noli
3456 2597 3649 2680 timere
3679 2623 3825 2677 etiam

506 2710 732 2749 munus.
777 2693 995 2792 Oedunt
1038 2691 1453 2763 disputationes
1494 2692 1832 2761 hominum;
1876 2690 1988 2747 ﬁde
2033 2707 2135 2745 sua
2235 2690 2360 2792 (Quae
2398 2724 2493 2775 tua
2529 2725 2661 2775 sunt
2697 2690 2931 2775 domino
2971 2720 3210 2789 deferre,
3257 2720 3396 2791 quia
3430 2736 3556 2791 qum
3592 2734 3687 2771 sua
3718 2719 3825 2770 sunt

506 2788 665 2859 plebs
692 2786 890 2842 credit.

567 896 657 946 75.
708 893 777 945 Et
823 891 1060 945 fortasse
1117 888 1337 959 primus
1389 888 1478 941 hic
1530 885 1696 957 piscis
1762 886 1980 956 primus
2044 887 2130 938 est

493 988 734 1056 martyr,
763 984 824 1038 in
857 999 953 1038 ore
978 983 1195 1037 habens
1221 981 1572 1047 didrachma,
1601 980 1711 1034 hoc
1737 982 1840 1046 est,
1872 977 2127 1049 pretium

493 1094 715 1134 census.
760 1078 1093 1133 Didrachma
1137 1078 1394 1133 nostrum
1423 1073 1676 1128 Christus
1719 1077 1823 1126 est.
1877 1071 2128 1125 Habebat

492 1172 669 1243 igitur
688 1171 906 1242 primus
934 1170 1030 1224 ille
1057 1171 1294 1239 martyr,
1322 1167 1644 1237 Stephanus
1669 1165 1900 1233 scilicet,
1931 1165 1991 1218 in
2026 1180 2127 1219 ore

502 1266 860 1330 thesaurum,
901 1279 1030 1317 cum
1065 1261 1354 1317 Christum
1389 1261 1448 1314 in
1487 1260 1747 1330 passione
1777 1259 2125 1330 loqueretur.

504 1359 613 1414 Sed
642 1360 998 1412 revertamur
1026 1354 1098 1408 ad
1139 1354 1490 1425 propositum
1525 1353 1733 1419 locum,
1767 1357 1825 1406 et
1850 1351 2129 1406 discamus

502 1450 869 1522 apostolicam
895 1448 1303 1503 humilitatem.

576 1545 748 1616 (Vers.
801 1540 875 1613 5.)
920 1544 1241 1611 Prwceptor,
1294 1540 1509 1612 inquit,
1562 1554 1660 1610 per
1712 1542 1879 1594 totam
1929 1542 2132 1592 noctem

501 1639 808 1693 laborantes
856 1636 995 1691 nihil
1039 1637 1303 1705 cepimus;
1348 1635 1442 1690 sed
1487 1635 1545 1688 in
1593 1633 1750 1688 verbo
1792 1639 1884 1686 tuo
1934 1632 2131 1686 lamabo

498 1734 657 1787 retia.

568 1859 659 1912 76.
704 1857 774 1910 Et
816 1870 944 1925 ego,
990 1853 1262 1920 Domine,
1312 1852 1428 1907 scio
1478 1852 1610 1923 quia
1656 1868 1767 1906 nox
1817 1850 1959 1905 mihi
2015 1854 2127 1917 est,

2306 2067 2481 2135 (Vers.
2532 2065 2610 2135 8.)
2650 2068 2774 2129 Ezci,
2805 2066 3013 2137 inquit,
3054 2082 3087 2119 a
3126 2081 3227 2128 me,
3258 2067 3509 2131 Domine;
3545 2066 3670 2135 quia
3695 2063 3820 2117 homo

2227 2164 2479 2230 peccator
2503 2175 2642 2215 sum.

2234 2815 2400 2870 nobis
2450 2814 2544 2870 ille
2594 2814 2883 2869 concessit.
2937 2814 3121 2869 Nescit
3175 2813 3466 2881 invidere,
3521 2812 3692 2868 nescit
3734 2810 3825 2864 eri-

578 2918 668 2969 77.
715 2914 890 2985 (Vers.
942 2916 995 2979 6,
1039 2912 1116 2979 7.)
1163 2911 1528 2981 Rumpuntur
1568 2909 1733 2977 retia,
1779 2925 1883 2965 nec
1927 2908 2136 2964 labitur
2234 2925 2390 2978 pere,
2434 2908 2616 2962 nescit
2650 2908 2894 2963 auferre.
2928 2908 3092 2963 Vides
3128 2924 3296 2979 quam
3341 2908 3524 2963 bonus
3568 2904 3823 2969 Dominus,

509 3006 695 3079 piscis.
726 3008 1009 3061 Vocantur
1040 3005 1112 3059 ad
1146 3004 1549 3075 adjumentum
1586 3002 1721 3059 socii
1757 3002 1856 3073 qui
1888 3006 2049 3057 erant
2074 3002 2134 3057 in
2235 3002 2334 3072 qui
2378 3007 2601 3056 tantum
2650 3001 2848 3056 tribuit
2893 3000 3240 3069 hominibus,
3288 3007 3355 3056 ut
3400 2998 3704 3056 viviﬁcandi
3743 2997 3823 3051 ha-

509 3100 620 3157 alia
654 3099 806 3156 navi.
838 3100 975 3164 Quae
1004 3100 1089 3153 est
1123 3096 1222 3152 illa
1260 3097 1370 3153 alia
1402 3096 1563 3152 navis
1600 3095 1708 3150 nisi
1740 3097 1886 3152 forte
1912 3096 2130 3164 Judeea,
2155 3120 2210 3194 Ο
2234 3094 2410 3149 beant
2435 3097 2797 3166 potestatem.

572 3265 670 3326 (22)
718 3262 929 3315 Eadem
974 3262 1105 3314 edit.
1155 3263 1293 3324 sola,
1342 3261 1513 3312 adhuc
1550 3275 1647 3325 per
1690 3265 1891 3312 noctem
1934 3260 2134 3314 laboro.
2299 3262 2397 3324 (23)
2422 3262 2579 3313 Rom.
2617 3261 2769 3323 edit,
2808 3261 2971 3312 Verbo
3004 3261 3194 3312 reddit.
3223 3260 3395 3312 Haud
3430 3260 3692 3313 absurdus
3724 3271 3826 3308 sen-

513 3336 676 3399 Quod
714 3337 899 3385 autem
942 3333 1095 3383 addit
1133 3333 1189 3383 S.
1229 3333 1433 3397 praesul
1475 3333 1726 3396 jaculum
1772 3336 1874 3389 (est
1914 3333 1967 3382 id
2006 3335 2138 3384 retis
2236 3346 2347 3383 sus.
2382 3334 2639 3383 Attamen
2675 3345 2785 3382 non
2828 3333 2973 3382 male
3019 3334 3188 3383 etiam
3230 3334 3357 3385 alias
3392 3347 3459 3385 ac
3500 3346 3648 3393 mss,
3694 3328 3827 3380 Verbo

510 3419 688 3472 genus
716 3404 1026 3470 ajaciendo
1055 3404 1286 3464 dictum)
1316 3404 1415 3454 abs
1447 3416 1508 3453 se
1540 3416 1639 3466 per
1675 3403 1970 3467 epiphania
1998 3405 2139 3454 festa
2236 3403 2427 3462 credit,
2468 3402 2694 3467 quidam
2750 3417 2903 3465 mss,
2947 3404 3203 3466 credidit;
3255 3403 3409 3456 idem
3463 3405 3609 3455 enim
3658 3404 3731 3453 est
3775 3411 3825 3449 ac

511 3478 746 3528 missum
789 3477 979 3537 fuisse,
1019 3476 1226 3526 indicat
1263 3475 1529 3525 institisse
1571 3488 1631 3525 se
1669 3488 1781 3525 non
1829 3475 2135 3538 baptizatis,
2247 3476 2406 3526 Verbo
2434 3476 2649 3539 ejusque
2670 3476 2917 3539 prasidio
2938 3476 3224 3527 committit.

509 3550 572 3597 ut
596 3559 799 3598 nomen
828 3547 885 3596 in
925 3547 1117 3596 album
1153 3546 1685 3597 catechumenorum
1718 3545 1905 3595 referri
1944 3549 2136 3609 postu-
2304 3545 2400 3607 (24)
2458 3545 2535 3594 Ita
2587 3544 2716 3594 edit.
2763 3545 2985 3595 Amerb.
3042 3559 3171 3595 cum
3222 3559 3358 3596 mss.
3411 3548 3524 3598 fere
3573 3542 3825 3597 omnibus;

472 3648 475 3649 ν
509 3619 707 3668 larent.
736 3617 806 3666 Et
828 3616 960 3667 hinc
992 3630 1107 3666 non
1146 3616 1292 3667 male
1335 3616 1600 3679 conjicias
1639 3615 1765 3665 illos
1808 3615 1894 3665 bis
1937 3629 2141 3665 nomen
2242 3617 2299 3666 in
2352 3629 2588 3680 quorum
2632 3619 2816 3666 tamen
2854 3617 3141 3666 nonnullis
3189 3618 3554 3668 scribitur.....
3597 3617 3827 3680 peccatum

511 3701 676 3738 suum
715 3686 934 3738 dedisse
973 3702 985 3736 :
1030 3689 1084 3736 1ο
1122 3701 1253 3738 cum
1297 3686 1685 3737 catechumeni
1722 3685 1953 3745 ﬁerent;
1993 3687 2048 3736 2ο
2088 3689 2145 3736 et
2241 3686 2419 3749 fateri.
2455 3687 2525 3735 Et
2563 3686 2670 3736 hoc
2716 3688 2775 3736 in
2816 3701 2987 3737 causa
3024 3688 3130 3737 fuit
3175 3701 3276 3737 cur
3322 3689 3449 3738 Era.
3492 3693 3547 3738 et
3575 3700 3684 3750 seq.
3719 3683 3825 3734 edit.

510 3759 835 3819 solemnius,
879 3771 1008 3809 cum
1056 3758 1203 3808 inter
1251 3760 1627 3821 competentes
1677 3756 2140 3820 describerentur,
2242 3758 2747 3820 interpunctionem
2773 3759 3129 3808 immutarent
3158 3759 3265 3809 hoc
3292 3759 3503 3810 modo:
3536 3756 3654 3808 Noli
3680 3756 3827 3805 timere

511 3834 575 3880 ut
600 3828 731 3879 alibi
762 3830 877 3892 jam
904 3830 1237 3878 notavimus.
1284 3827 1417 3878 Inde
1451 3828 1616 3878 etiam
1657 3841 1851 3877 rursus
1884 3827 2145 3892 colligere
2242 3828 2535 3891 indulgenti
2562 3829 2788 3878 Domino
2812 3834 3077 3892 peccatum
3104 3829 3294 3893 fateri;
3327 3830 3480 3895 quod
3510 3830 3687 3880 minus
3708 3823 3825 3875 belle

513 3904 597 3951 est
656 3900 811 3950 hunc
852 3912 1163 3950 sermonem
1214 3899 1434 3949 circiter
1477 3910 1650 3949 sacrae
1696 3897 2145 3961 Quadragesimaa
2244 3899 2480 3963 quadrat
2507 3912 2635 3950 cum
2663 3900 3056 3965 superioribus.

512 3972 670 4022 initia
696 3984 816 4022 esse
842 3971 1282 4035 pronuntiatum.

522 4154 850 4166 ———

1729 4344 2069 4437 LIBER
2150 4345 2664 4453 QUINTUS.

581 4768 756 4842 (Vers.
824 4770 921 4835 12,
982 4767 1091 4838 13.)
1152 4771 1222 4823 Et
1275 4769 1487 4835 factum
1549 4774 1646 4831 est,
1712 4783 1829 4824 cum
1889 4774 2020 4825 esset
2074 4769 2358 4855 inDbus,
2410 4785 2539 4824 cum
2591 4769 2985 4825 illucescerent
3037 4770 3322 4825 elementa
3376 4768 3595 4836 mundi,
3644 4770 3695 4821 et
3737 4764 3824 4818 hoc

502 4880 619 4919 una
662 4864 962 4925 Civitatum,
1008 4875 1121 4916 ecce
1158 4863 1244 4915 vir
1287 4861 1480 4931 plenus
1527 4863 1698 4932 lepra,
1738 4864 2026 4933 procidens
2074 4867 2135 4918 in
2235 4863 2438 4917 clarius
2503 4880 2645 4935 opus
2720 4863 3001 4918 aestimare
3064 4863 3357 4918 debemus.
3428 4865 3495 4917 Et
3553 4857 3824 4917 secundum

504 4959 721 5026 faciem,
760 4956 975 5025 rogavit
1017 4970 1135 5009 eum
1175 4954 1354 5009 dicens
1394 4973 1410 5008 :
1456 4957 1695 5020 Domine,
1741 4959 1789 5011 si
1836 4960 1935 5020 vis,
1986 4962 2136 5027 potes
2232 4957 2561 5012 Mattheeum
2590 4957 2806 5028 primus
2836 4957 2928 5012 hic
2957 4960 3087 5028 post
3112 4957 3535 5012 benedictiones
3562 4972 3593 5009 a
3621 4949 3824 5008 Domino

503 5068 586 5106 me
645 5049 930 5105 mundare.
981 5050 1053 5102 Et
1111 5048 1398 5104 extendens
1442 5065 1665 5104 manum
1718 5065 1906 5114 suam,
1962 5053 2137 5121 tetigit
2235 5056 2462 5105 sanatus
2492 5050 2783 5105 inducitur
2820 5052 3058 5122 (Matth.,
3107 5067 3220 5120 Vill,
3264 5050 3339 5122 3);
3376 5054 3439 5105 ut
3477 5050 3607 5121 quia
3642 5042 3826 5100 dixerat

503 5146 677 5208 illum,
707 5144 888 5199 dicens
919 5161 937 5197 :
969 5143 1122 5205 Volo,
1158 5143 1443 5197 mundare.
2235 5143 2509 5197 Dominus
2553 5160 2566 5197 :
2614 5164 2641 5192 ‹‹
2686 5145 2809 5199 Non
2854 5144 2978 5198 veni
3023 5143 3237 5199 solvere
3281 5144 3492 5216 legem,
3529 5140 3623 5196 sed
3665 5136 3822 5192 adim-

577 5242 626 5294 1.
670 5238 818 5293 Bene
855 5236 951 5291 ubi
988 5236 1240 5308 leprosus
1280 5235 1606 5303 mundatur,
1652 5240 1838 5292 certus
1877 5234 1992 5291 non
2036 5253 2133 5292 ex-
2232 5236 2387 5307 plere
2418 5236 2657 5306 (Matth.,
2700 5253 2747 5304 v,
2791 5239 2897 5306 17),
2927 5258 2955 5287 ››
2989 5236 3082 5292 ille
3119 5238 3218 5309 qui
3251 5229 3822 5297 excludebaturalege

504 5331 769 5403 primitur
795 5331 968 5399 locus,
1014 5333 1077 5385 ut
1116 5329 1450 5384 ostendatur
1487 5345 1603 5384 non
1638 5345 1818 5385 unum
1859 5329 2135 5401 populum
2234 5328 2444 5398 (Leuit,
2476 5346 2586 5396 xm,
2619 5330 2693 5401 3),
2724 5329 2958 5401 purgari
2990 5347 3049 5384 se
3086 5330 3306 5385 Domini
3339 5332 3614 5401 potestate
3642 5334 3821 5396 praesu-

503 5424 762 5496 specialis
813 5423 1051 5495 alicujus
1103 5422 1375 5490 civitatis,
1430 5422 1529 5477 sed
1584 5423 1846 5479 omnium
1898 5424 2135 5493 populos
2233 5439 2417 5491 mens,
2456 5439 2573 5477 non
2610 5439 2675 5477 ex
2716 5423 2864 5493 lege,
2897 5423 2996 5478 sed
3037 5440 3203 5495 supra
3240 5425 3428 5495 legem
3466 5438 3581 5477 esse
3611 5415 3820 5490 gratiam

500 5516 674 5574 fuisse
724 5520 970 5572 sanatos.
1022 5516 1169 5572 Bene
1221 5520 1417 5571 autem
1465 5517 1521 5571 et
1567 5515 1877 5571 secundum
1924 5516 2134 5571 Lucam
2226 5514 2528 5586 judicaret,
2555 5533 2683 5588 quae
2714 5516 2918 5588 leprosi
2952 5517 3231 5572 maculam
3259 5519 3446 5589 posset
3471 5514 3701 5569 abluere.

503 5616 707 5680 quarto
754 5611 918 5680 signo
941 5652 955 5677 ,
1014 5627 1081 5664 ex
1129 5627 1243 5682 quo
1293 5610 1353 5664 in
1405 5609 1805 5681 Capharnaum
1861 5609 2135 5664 Dominus
2301 5612 2356 5665 2.
2389 5609 2597 5665 Verum
2630 5613 2695 5665 ut
2732 5610 2792 5665 in
2825 5610 3068 5665 Domino
3102 5609 3398 5682 potestatis
3433 5605 3730 5669 auctoritas,
3759 5598 3820 5653 ita

502 5701 674 5767 venit,
707 5701 814 5754 iste
847 5707 1097 5770 sanatur;
1126 5720 1260 5758 nam
1290 5704 1337 5758 si
1371 5705 1641 5775 quartum
1670 5702 1823 5757 diem
1854 5703 1969 5758 sole
1997 5704 2131 5759 illu-
2229 5703 2289 5757 in
2341 5703 2435 5760 illo
2482 5704 2616 5759 fidei
2666 5705 2978 5759 constantia
3021 5705 3353 5761 declaratur.
3413 5703 3507 5758 Ille
3546 5701 3601 5755 in
3645 5693 3819 5753 faciem

501 5791 741 5847 minavit
767 5791 940 5861 (Gem,
970 5808 1007 5862 ι,
1038 5794 1146 5864 14),
1178 5798 1237 5849 et
1270 5795 1570 5851 clariorem
1598 5796 1819 5851 caeteris
1848 5795 1982 5854 fecit
2007 5796 2129 5854 die-
2229 5796 2490 5869 procidit,
2521 5798 2677 5869 quod
2719 5798 3058 5855 humilitatis
3093 5803 3179 5856 est
3215 5802 3273 5855 et
3297 5795 3556 5872 pudoris;
3586 5794 3642 5848 ut
3667 5800 3819 5845 unos-

122 5936 219 5951 ...λιι

88 5952 109 5975 ,η
198 5954 379 6057 η
