3972 6174
206 250 311 301 l'l‘li

1271 243 1739 301 EXPOSITIONIS
1773 245 1841 301 IN
1880 244 2111 301 LUCAM
2151 245 2277 299 LIB.
2322 246 2383 298 V.

3389 253 3405 305 1
3420 252 3521 305 722

205 368 414 440 quisque
455 367 521 422 de
557 382 671 422 suae
708 367 838 422 vita:
878 366 1114 423 maculis
1154 367 1482 438 erubescat;
1520 368 1619 423 sed
1653 384 1787 424 con-
1811 367 2244 454 Adisciplinam
2308 367 2582 438 placitura
2648 369 2766 423 Deo
2832 369 3020 424 hostia
3080 376 3445 427 consecretur
3504 390 3518 428 :

201 461 477 517 fessionem
516 460 852 516 verecundia
888 478 1006 516 non
1048 462 1337 533 repressit.
1367 460 1626 517 Ostendit
1662 462 1785 515 vul-

197 572 310 621 nus,
361 553 673 609 remedium
723 555 1055 625 postulavit,
1110 562 1165 610 et
1218 556 1340 626 ipsa
1394 555 1684 627 religionis
1736 560 1791 610 et

198 648 305 702 ﬁdei
340 648 503 717 plena
543 647 821 702 confessio
866 653 971 702 est.
1019 650 1081 705 Si
1122 651 1222 711 vis,
1272 649 1477 720 inquit,
1518 653 1666 718 potes
1710 664 1791 703 me

192 741 445 796 mundare.
479 742 537 794 In
572 741 864 795 voluntate
903 742 1132 796 Domini
1178 741 1374 795 tribuit
1412 745 1787 812 potestatem;

192 835 248 889 de
281 835 557 889 voluntate
592 837 780 889 autem
819 835 1040 891 Domini
1082 852 1200 890 non
1243 836 1405 907 quasi
1446 835 1669 906 pietatis
1703 836 1788 890 in-

189 926 426 981 credulus
457 927 753 995 dubitavit,
798 927 901 983 sed
943 929 1107 1000 quasi
1139 928 1467 983 colluvionis
1504 945 1619 983 suae
1654 944 1792 983 con-

188 1022 315 1075 scius
344 1037 461 1075 non
497 1023 878 1093 praesumpsit.
913 1022 1014 1077 Cui
1059 1022 1267 1077 morali
1304 1022 1555 1093 quadam
1599 1023 1790 1077 Domi-

183 1131 271 1169 nus
296 1115 591 1169 sanctitate
631 1116 966 1186 respondit:
1003 1137 1031 1165 «
1071 1116 1227 1183 Volo,
1268 1115 1550 1170 mundare
1589 1116 1715 1186 (25).
1761 1139 1789 1166 ››

241 1207 408 1278 (Vers.
450 1208 560 1279 13.)
596 1211 666 1263 Et
699 1212 950 1264 continuo
985 1210 1135 1279 lepra
1174 1210 1291 1278 ejus
1321 1209 1566 1264 discessit
1603 1211 1671 1264 ab
1711 1226 1788 1264 eo.

238 1304 285 1356 3.
323 1301 472 1356 Nihil
514 1302 670 1356 enim
710 1303 966 1357 medium
1006 1308 1089 1356 est
1127 1302 1277 1356 inter
1306 1319 1448 1373 opus
1480 1303 1580 1357 Dei
1618 1309 1791 1374 atque

178 1399 543 1466 praeceptum;
591 1397 722 1468 quia
762 1396 821 1450 in
868 1398 1151 1467 praecepto
1198 1399 1283 1450 est
1330 1413 1492 1467 opus.
1544 1396 1793 1467 Denique

182 1510 203 1537 α
252 1488 410 1555 dixit,
464 1491 525 1543 et
575 1489 722 1543 facta
773 1495 906 1543 sunt
954 1490 1122 1559 (Psal.
1176 1506 1342 1557 xxxu,
1395 1492 1468 1560 9).
1516 1511 1542 1538 »
1585 1490 1793 1545 Videtis

180 1581 335 1653 igitur
365 1583 519 1653 quod
559 1581 804 1637 dubitari
844 1598 959 1637 non
996 1586 1202 1653 potest,
1234 1582 1370 1653 quia
1398 1582 1658 1637 voluntas
1695 1584 1795 1637 Dei

179 1680 406 1745 potestas
451 1680 560 1730 est.
603 1675 659 1730 Si
704 1692 842 1748 ergo
893 1677 1153 1731 voluntas
1213 1677 1335 1747 ejus
1383 1680 1628 1747 potestas
1675 1680 1790 1744 est,

1894 481 1919 513 «
1974 462 2173 516 Omnis
2227 462 2385 516 enim
2451 461 2675 516 victima
2722 462 2836 517 sale
2895 462 3126 516 salietur
3174 464 3387 534 (Mare,
3446 484 3519 534 Ix,

1888 555 2000 625 48).
2042 577 2070 603 n
2118 555 2278 609 Unde
2327 558 2384 609 et
2430 555 2633 609 Paulus
2670 556 2749 609 ait
2792 572 2807 613 :
2859 576 2887 604 ιι
2935 555 3177 610 Obsecro
3223 573 3358 628 ergo
3402 575 3518 629 vos,

1889 648 2111 716 fratres,
2147 664 2252 718 per
2295 648 2747 703 misericordiam
2786 648 2908 717 Dei,
2945 653 3005 704 ut
3045 648 3361 705 exhibeatis
3397 667 3521 705 cor-

1891 757 2031 813 pora
2073 744 2259 796 vestra
2302 742 2545 797 hostiam
2593 743 3018 814 acceptabilem,
3062 744 3379 814 placentem
3409 744 3522 800 Deo

1893 834 2085 904 (Rom,
2114 851 2214 902 xu,
2246 835 2316 905 1).
2350 854 2376 885 ››

1963 933 2014 983 7.
2055 928 2236 983 Simul
2273 928 2415 982 illud
2450 928 2732 995 mirabile,
2765 929 2918 1001 quod
2949 946 3018 985 eo
3057 930 3275 985 sanavit
3311 946 3523 1001 genere

1892 1037 2006 1093 quo
2050 1021 2233 1077 fuerat
2283 1021 2624 1076 obsecratus.
2672 1022 2736 1077 Si
2776 1025 2878 1086 vis,
2916 1029 3072 1093 potes
3107 1040 3191 1079 me
3232 1024 3521 1079 mundare.

1897 1117 2048 1177 Volo,
2104 1114 2307 1186 inquit,
2356 1116 2643 1170 mundare.
2700 1116 2879 1171 Habes
2920 1119 3301 1184 voluntatem,
3349 1117 3524 1172 habes

1894 1209 2064 1263 etiam
2093 1208 2319 1280 pietatis
2343 1207 2629 1264 affectum.
2659 1213 2729 1265 Et
2762 1211 3049 1266 ertendens
3074 1226 3317 1274 manum,
3348 1213 3527 1281 tetigit

1889 1304 2070 1357 illum.
2101 1302 2211 1357 Lex
2251 1302 2413 1373 tangi
2447 1302 2705 1373 leprosos
2742 1303 3010 1375 prohibet
3044 1304 3262 1374 (Levit.,
3293 1321 3407 1373 xm,
3439 1306 3521 1375 3);

1893 1396 1992 1450 sed
2039 1395 2137 1466 qui
2181 1395 2442 1450 dominus
2484 1396 2629 1467 legis
2678 1401 2791 1463 est,
2842 1412 2957 1451 non
3000 1396 3334 1468 obsequitur
3377 1397 3521 1468 legi,

1893 1488 1992 1543 sed
2034 1489 2225 1560 legem
2262 1489 2415 1543 facit.
2447 1490 2568 1543 Non
2608 1506 2747 1560 ergo
2786 1489 2995 1562 tetigit,
3035 1490 3170 1560 quia
3209 1490 3331 1546 sine
3370 1492 3526 1545 tactu

1894 1582 2169 1636 mundare
2190 1598 2303 1637 non
2325 1586 2585 1653 poterat;
2611 1583 2711 1637 sed
2733 1589 2795 1637 ut
2813 1583 3082 1654 probaret
3110 1583 3158 1655 1
3174 1581 3363 1656 357
3391 1584 3522 1655 quia

1895 1674 2181 1746 subjectus
2209 1692 2327 1730 non
2353 1681 2477 1731 erat
2502 1676 2636 1747 legi,
2668 1692 2777 1731 nec
2806 1677 3137 1747 contagium
3168 1678 3428 1744 timebat,
3461 1680 3526 1731 ut

180 1768 261 1838 qui
306 1769 473 1822 unius
526 1770 829 1824 voluntatis
878 1770 1214 1825 Trinitatem
1273 1774 1570 1837 asserunt,
1625 1747 1870 1824 uniusB
1894 1769 2185 1836 homines;
2209 1769 2454 1841 sedquia
2473 1770 2846 1825 contaminari
2867 1785 2983 1824 non
3004 1773 3245 1841 poterat,
3270 1771 3367 1842 qui
3386 1771 3524 1825 alios

180 1862 354 1933 utique
409 1867 675 1917 asserunt
749 1863 1057 1934 potestatis.
1123 1865 1319 1935 Itaque
1386 1864 1574 1918 statim
1634 1864 1794 1935 lepra

179 1954 428 2023 discessit,
490 1954 752 2029 1356
818 1960 879 2010 ut
942 1957 1230 2028 intelligas
1294 1957 1576 2012 medentis
1625 1958 1793 2013 aﬁ‘ec-

178 2056 303 2116 tum,
333 2050 428 2120 qui
460 2049 769 2105 veritatem
807 2051 968 2121 Operi
997 2050 1236 2105 addidit.

236 2144 284 2198 4.
312 2144 577 2214 Denique
608 2143 921 2198 secundum
950 2144 1197 2199 Marcum
1229 2143 1526 2199 miseratus
1552 2146 1637 2199 est
1661 2160 1794 2198 eum

182 2238 431 2291 Dominus
488 2239 710 2303 (Mam,
765 2255 802 2304 ι,
854 2237 942 2309 41)
976 2254 988 2291 :
1023 2238 1177 2308 quod
1224 2238 1459 2308 pulchre
1505 2242 1590 2293 est
1638 2238 1792 2308 posi-

180 2336 300 2384 tum.
336 2333 400 2386 Et
440 2332 723 2402 pleraque
760 2330 892 2384 talia
929 2336 1247 2401 posuerunt
1286 2331 1663 2402 evangelistaa,
1694 2331 1793 2401 qui

181 2441 265 2477 nos
307 2426 363 2479 in
429 2430 677 2495 utroque
730 2424 973 2478 fundare
1028 2425 1357 2491 voluerunt,
1413 2424 1793 2480 describentes

180 2517 320 2588 signa
354 2517 584 2573 virtutis
611 2516 683 2571 ad
721 2517 914 2585 ﬁdem,
950 2518 1335 2588 exprimentes
1371 2534 1545 2588 opera
1576 2518 1794 2573 virtutis

182 2611 239 2663 ad
262 2611 664 2666 imitationem.
692 2610 856 2665 Unde
893 2616 950 2665 et
976 2611 1165 2682 tangit
1203 2628 1315 2665 non
1345 2611 1704 2681 dedignatus,
1739 2615 1796 2665 et

181 2699 396 2769 imperat
423 2717 548 2755 non
582 2699 832 2769 difﬁsus;
865 2700 973 2754 hoc
1000 2700 1154 2754 enim
1185 2706 1268 2755 est
1294 2700 1568 2754 indicium
1604 2704 1792 2770 potes-

183 2792 308 2857 tatis,
356 2792 498 2862 quia
552 2790 716 2861 quasi
771 2790 990 2844 habens
1044 2792 1377 2861 potestatem
1428 2790 1692 2857 sanandi,
1739 2793 1795 2844 et

175 2880 391 2949 jubendi
435 2880 868 2947 auctoritatem,
913 2880 1193 2951 Operandi
1235 2879 1630 2935 testimonium
1681 2896 1794 2933 non

180 2970 381 3041 refugit.
413 2992 439 3019 «
477 2969 618 3023 Volo
651 2968 775 3040 (26),
808 2987 836 3020 »
870 2984 1008 3039 ergo
1039 2968 1176 3023 dicit
1205 2971 1437 3040 propter
1465 2967 1791 3036 Photinum,

178 3058 396 3130 imperat
459 3062 708 3131 propter
773 3057 1004 3125 Arium,
1070 3056 1257 3128 tangit
1321 3060 1556 3129 propter
1616 3057 1792 3113 Mani-

181 3148 400 3206 chzeum.

1892 1863 2212 1931 liberabat;
2265 1863 2433 1917 simul
2483 1879 2515 1918 e
2563 1864 2845 1919 contrario
2892 1865 3049 1935 lepra
3098 1866 3252 1919 tactu
3300 1864 3526 1919 Domini

1893 1956 2207 2026 fugaretur,
2239 1972 2368 2027 quas
2394 1955 2612 2011 solebat
2637 1957 3032 2012 contaminare
3059 1961 3415 2028 tangentem.

1966 2053 2015 2103 8.
2059 2049 2237 2121 (Vers.
2281 2050 2388 2119 14.)
2432 2050 2746 2108 Ostendere
2786 2054 2981 2105 autem
3019 2067 3080 2105 se
3118 2050 3399 2106 sacerdoti
3425 2050 3520 2121 ju-

1891 2143 2077 2211 betur,
2102 2148 2158 2198 et
2177 2142 2383 2199 offerre
2403 2159 2504 2214 pro
2531 2143 2938 2199 emundatione
2960 2160 3092 2213 sua;
3116 2149 3179 2199 ut
3196 2144 3333 2199 dum
3358 2143 3528 2198 offert

1894 2253 1953 2291 se
1983 2237 2285 2304 sacerdoti,
2312 2237 2663 2309 intelligeret
2687 2237 2955 2292 sacerdos
2979 2253 3098 2292 non
3123 2237 3268 2309 legis
3300 2237 3525 2304 ordine,

1894 2330 1994 2384 sed
2032 2330 2131 2384 Dei
2164 2330 2349 2401 gratia
2386 2346 2558 2401 supra
2586 2331 2776 2402 legem
2818 2347 2939 2385 esse
2977 2334 3264 2397 curatum;
3295 2334 3352 2385 et
3386 2331 3525 2385 dum

1893 2423 2171 2478 mundato
2209 2424 2372 2495 jubet
2420 2423 2627 2479 oﬂ'erre
2680 2422 3015 2479 sacriﬁcium
3061 2426 3167 2495 (27)
3212 2424 3526 2479 secundum

1894 2522 2243 2588 praeceptum
2268 2517 2462 2589 Moysi,
2493 2517 2821 2572 ostenderet
2849 2516 3127 2572 Dominus
3164 2517 3302 2587 quia
3337 2517 3525 2588 legem

1893 2627 2013 2666 non
2053 2612 2310 2677 solveret,
2354 2611 2453 2667 sed
2495 2611 2793 2683 impleret;
2839 2611 2938 2682 qui
2980 2610 3294 2665 secundum
3332 2611 3525 2681 legem

1896 2699 2184 2772 gradiens,
2232 2716 2403 2771 supra
2448 2700 2640 2771 legem
2682 2716 2884 2755 sanare
2934 2716 3032 2755 eos
3077 2716 3219 2772 quos
3270 2701 3529 2756 remedia

1894 2789 2035 2861 legis
2069 2804 2188 2843 non
2227 2793 2581 2856 sanaverant,
2624 2789 2929 2845 videretur.
2964 2791 3031 2843 Et
3066 2789 3214 2844 bene
3257 2789 3479 2845 addidit
3510 2807 3523 2844 :

1893 2881 2043 2936 Sicut
2078 2881 2338 2948 pracepit
2392 2880 2638 2948 Moyses;
2683 2898 2711 2927 ‹‹
2743 2879 2855 2933 Lex
2914 2879 3070 2932 enim
3120 2877 3393 2948 spiritalis
3441 2883 3528 2934 est

1897 2968 2083 3037 (Rom,
2124 2983 2217 3034 v11,
2253 2966 2356 3037 14),
2387 2988 2415 3017 ››
2464 2966 2707 3039 ideoque
2746 2967 2972 3022 videtur
3003 2965 3340 3023 sacriﬁcium
3370 2967 3529 3039 spiri-

1895 3057 2009 3112 tale
2040 3057 2366 3111 mandasse.

1816 3109 1870 3182 Ο
2042 3109 2321 3217 "Denique
2356 3109 2583 3201 addidit
2623 3162 2636 3200 :
2691 3147 2757 3200 Ut
2801 3147 2872 3200 sit
2919 3148 2979 3199 in
3017 3148 3383 3203 testimonium
3435 3148 3529 3201 hoc

239 3242 282 3293 5.
310 3240 420 3294 Nec
454 3237 636 3293 unius
672 3240 897 3291 tantum
922 3237 1082 3308 lepra
1117 3242 1365 3307 curatur,
1396 3236 1494 3292 sed
1534 3237 1794 3292 omnium
1891 3237 2041 3291 vobis
2073 3238 2201 3307 (28),
2232 3236 2337 3290 hoc
2366 3240 2468 3302 est,
2502 3236 2547 3289 si
2580 3237 2694 3292 Deo
2737 3235 3000 3303 credatis,
3033 3237 3079 3290 si
3109 3236 3420 3307 impietatis
3445 3236 3528 3290 le-

185 3328 362 3399 quibus
420 3328 637 3384 dicitur
687 3342 700 3381 :
752 3348 780 3377 ‹‹
825 3327 946 3381 Jam
990 3343 1087 3382 vos
1136 3327 1337 3381 mundi
1383 3328 1514 3381 estis
1564 3331 1795 3397 propter

183 3433 481 3473 sermonem
512 3423 686 3489 quem
715 3418 937 3472 locutus
969 3432 1095 3471 sum
1123 3416 1281 3470 vobis
1310 3415 1516 3488 (Joan.,
1544 3432 1634 3482 xv,
1662 3415 1737 3486 3).
1762 3436 1788 3463 ι)

180 3505 223 3559 Si
255 3507 420 3577 igitur
458 3508 647 3578 leprze
690 3505 970 3562 medicina
1001 3505 1239 3560 verbum
1277 3508 1393 3575 est,
1434 3507 1794 3574 contemptus

1893 3340 1999 3395 pra
2037 3324 2307 3392 discedat,
2357 3325 2402 3379 si
2441 3326 2792 3379 occultorum
2835 3324 3098 3396 cognitor
3134 3325 3207 3379 sit
3251 3325 3528 3393 sacerdos,

1894 3411 1953 3467 si'
1982 3413 2111 3483 puri
2150 3415 2308 3467 testis
2350 3413 2615 3483 affectus,
2658 3415 2809 3469 unde
2855 3418 3045 3485 potest
3083 3414 3177 3468 ille
3218 3413 3399 3483 magis
3443 3430 3528 3467 sa-

1894 3502 2087 3557 cerdos
2126 3503 2305 3557 videri
2350 3520 2521 3575 quem
2562 3504 2784 3558 occulta
2825 3520 2944 3558 non
2984 3505 3220 3571 lateant,
3261 3503 3353 3557 cui
3389 3502 3529 3557 dici-

183 3597 351 3667 utique
406 3596 573 3653 verbi
638 3597 800 3667 lepra
864 3595 1071 3649 mentis
1139 3599 1241 3650 est.
1320 3594 1433 3649 Sed
1494 3611 1564 3647 ne
1631 3593 1794 3664 lepra
1892 3594 1986 3646 tur
2019 3614 2029 3645 :
2063 3612 2092 3641 «
2118 3593 2197 3646 Tu
2227 3608 2286 3646 es
2316 3592 2582 3646 sacerdos
2613 3593 2673 3647 in
2710 3597 2989 3647 aeternum
3024 3592 3340 3647 secundum
3372 3592 3526 3646 ordi-

181 3686 392 3741 transire
424 3685 607 3758 possit
631 3686 691 3739 in
722 3685 1028 3752 medicum,
1066 3685 1455 3756 unusquisque
1483 3684 1794 3738 Dominicae
1892 3698 2027 3737 nem
2051 3681 2458 3737 Melchisedech
2487 3682 2653 3750 (Psal.
2684 3698 2791 3748 CIX,
2820 3680 2895 3751 4).
2926 3702 2955 3730 ››

180 3772 496 3830 humilitatis
550 3776 812 3845 exemplo
858 3775 1197 3845 jactantiam
1257 3773 1412 3828 vitet.
1466 3776 1580 3829 Cur
1632 3772 1792 3827 enim

182 3865 485 3935 praecipitur
516 3863 731 3917 nemini
769 3863 977 3929 dicere,
1014 3863 1125 3917 nisi
1164 3866 1227 3916 ut
1262 3863 1491 3925 doceret
1518 3879 1632 3917 non
1665 3862 1791 3916 vul-

184 3953 338 4021 gauda
372 3957 575 4008 nostra
610 3952 905 4019 beneﬁcia,
948 3952 1045 4006 sed
1085 3953 1427 4024 premenda;
1466 3955 1531 4007 ut
1562 3969 1678 4008 non
1711 3969 1796 4007 so-

1965 3773 2136 3842 (Vers.
2175 3774 2259 3841 18,
2307 3770 2415 3842 19.)
2460 3774 2528 3827 Et
2568 3786 2678 3826 ecce
2715 3773 2825 3826 viri
2858 3775 3142 3842 portantes
3168 3773 3227 3825 in
3265 3772 3395 3826 tecto
3434 3772 3528 3827 ho-

1892 3865 2087 3918 minem
2129 3865 2225 3933 qui
2263 3863 2449 3928 fuerat
2485 3862 2827 3931 paralyticus
2871 3867 2925 3916 et
2961 3866 3254 3931 quaerentes
3287 3876 3407 3915 eum
3445 3863 3528 3914 in-

1891 3955 2037 4020 ferre
2080 3957 2130 4007 et
2178 3966 2378 4021 ponere
2429 3954 2556 4006 ante
2598 3966 2753 4016 eum;
2798 3956 2851 4006 et
2894 3966 3003 4006 non
3044 3953 3375 4007 invenientes
3419 3966 3531 4021 qua

180 4040 281 4095 lum
326 4059 357 4097 a
394 4041 666 4098 mercede
716 4041 1104 4096 abstineamus
1146 4042 1427 4112 pecunias,
1474 4042 1570 4097 sed
1619 4042 1794 4095 etiam
1886 4045 2049 4113 parte
2085 4041 2241 4096 illum
2284 4041 2550 4107 inferrent
2585 4055 2706 4110 pm
2744 4042 2925 4103 turba,
2965 4041 3323 4096 ascenderunt
3363 4055 3529 4111 super

183 4131 401 4198 gratim?
440 4134 559 4186 Aut
595 4129 837 4184 fortasse
875 4130 1048 4184 etiam
1096 4129 1195 4184 illa
1242 4130 1452 4185 silentii
1502 4146 1672 4184 causa
1712 4133 1795 4185 est

1897 4136 2115 4195 tectum,
2145 4134 2198 4184 et
2222 4144 2325 4199 per
2364 4130 2574 4199 tegulas
2612 4130 2969 4185 submiserunt
3002 4131 3162 4185 illum
3194 4132 3253 4184 in
3293 4131 3441 4193 tecto,
3473 4133 3532 4184 in

182 4216 437 4289 imperati,
489 4219 645 4290 quod
689 4219 958 4273 meliores
1008 4217 1245 4289 putabat
1298 4219 1397 4290 qui
1443 4218 1553 4273 ﬁde
1605 4219 1793 4289 magis
1893 4220 2147 4284 medium,
2189 4223 2313 4274 ante
2335 4222 2532 4275 Iesum.

182 4314 492 4379 spontanea,
545 4323 721 4380 quam
764 4308 862 4379 qui
906 4308 1146 4377 speratis
1189 4306 1481 4363 beneﬁciis
1524 4307 1791 4363 credidis-

184 4402 307 4450 sent.

1968 4312 2053 4364 10.
2112 4310 2237 4363 Non
2303 4309 2477 4364 otiosa
2535 4309 2706 4379 hujus
2769 4309 3061 4380 paralytici
3130 4326 3235 4366 nec
3290 4316 3532 4382 angusta

1895 4397 2184 4453 medicina
2214 4403 2318 4466 est,
2352 4398 2580 4468 quando
2610 4397 2884 4453 Dominus
2916 4402 2974 4454 et
3013 4414 3203 4453 orasse
3229 4398 3529 4470 praemitti-

242 4489 285 4539 6.
308 4486 530 4542 Oﬁ‘erre
557 4488 751 4541 autem
769 4485 935 4556 juxta
960 4486 1149 4557 legem
1176 4502 1232 4540 se
1263 4485 1586 4557 prazcipitur
1612 4502 1793 4540 sacer-
1815 4481 1874 4552 D
1896 4493 2008 4556 tur,
2057 4505 2173 4544 non
2221 4487 2418 4560 utique
2466 4492 2701 4559 propter
2743 4487 3098 4559 suti‘ragium,
3151 4487 3254 4542 sed
3300 4493 3535 4559 propter

186 4573 304 4641 doti,
346 4592 463 4629 non
510 4580 571 4629 ut
613 4575 785 4629 alium
832 4574 1075 4641 deferat,
1115 4574 1213 4628 sed
1252 4580 1315 4628 ut
1352 4591 1411 4628 se
1454 4575 1639 4646 ipsum
1680 4576 1797 4630 Deo

186 4662 357 4718 offerat
386 4664 642 4736 spiritale
678 4661 1016 4717 sacriﬁcium
1041 4681 1057 4731 ;
1096 4668 1161 4717 ut
1193 4665 1349 4717 actus
1379 4664 1649 4733 praeteriti
1680 4664 1795 4718 col-

186 4750 387 4808 luvione
421 4753 663 4819 detersa,
693 4768 798 4823 per
824 4751 1214 4822 cognitionem
1244 4752 1380 4807 ﬁdei
1412 4756 1468 4806 et
1505 4752 1795 4824 sapientia:

238 4875 327 4936 (25)
380 4875 545 4926 Rom.
587 4873 738 4936 edit,
785 4874 987 4939 pietate
1038 4874 1323 4938 respondit.
1379 4874 1488 4926 Sed
1547 4888 1659 4925 non
1704 4876 1799 4925 in~

189 4944 353 4995 solens
390 4950 479 4997 est
519 4946 734 4998 auctori
782 4949 972 4996 nostro
1014 4949 1076 4996 ut
1119 4948 1448 4997 sanctitatem
1490 4951 1660 5011 ponat
1700 4960 1799 5011 pro

191 5016 379 5076 pietate.

246 5089 329 5150 (26)
366 5089 551 5139 Volo...
580 5094 798 5153 propter
842 5090 1153 5152 Photinum;
1189 5089 1461 5139 Photinus
1504 5090 1652 5140 enim
1695 5090 1799 5140 etsi

194 5154 416 5210 Marcelli
445 5162 727 5224 Ancyrani
765 5161 989 5211 Arianis
1024 5160 1276 5223 partibus
1307 5160 1513 5211 addicti
1552 5161 1800 5225 discipu—

194 5225 283 5289 lus,
307 5232 361 5279 in
392 5231 585 5281 multis
621 5236 804 5282 tamen
842 5246 973 5283 cum
1018 5230 1263 5282 Sabellio
1307 5233 1614 5293 sentiebat;
1647 5232 1801 5284 hunc

198 5303 359 5350 autem
405 5315 634 5366 negasse
678 5307 895 5354 constat
939 5303 1190 5353 eamdem
1238 5303 1295 5351 in
1349 5304 1507 5353 Patre
1556 5318 1621 5354 ac
1662 5304 1801 5353 Filio

198 5375 500 5430 potestatem
545 5375 789 5438 reperiri,
834 5378 896 5424 ut
952 5374 1278 5424 Ambrosius
1332 5387 1515 5438 supra,
1571 5374 1664 5425 lib.
1719 5388 1794 5437 ιν,

200 5451 330 5491 num.
372 5444 451 5504 10,
487 5444 766 5496 indicavit.
801 5446 970 5509 Igitur
1011 5457 1140 5494 cum
1179 5446 1236 5494 in
1280 5445 1397 5495 Deo
1436 5445 1697 5495 voluntas
1737 5458 1801 5495 ac

202 5515 415 5581 potestas
438 5527 611 5566 unum
645 5517 771 5577 sint,
818 5520 943 5581 apte
982 5516 1262 5579 colligitur
1300 5515 1584 5567 Christum
1611 5520 1803 5568 osten-

205 5578 358 5635 dendo
398 5586 735 5638 voluntatem
769 5578 930 5639 suam
977 5578 1224 5652 ejusdem
1269 5588 1533 5639 efﬁcaciae
1576 5601 1696 5639 esse
1737 5603 1803 5640 ac

207 5658 483 5723 paternam,
520 5659 683 5710 simul
724 5658 1033 5710 ostendisse
1072 5659 1364 5723 utriusque
1409 5657 1663 5709 eamdem
1702 5659 1802 5709 ha-

211 5720 416 5796 bendam
483 5734 839 5794 potestatem,
906 5720 1288 5796 proindequa
1320 5730 1572 5782 eamdem
1638 5732 1802 5781 etiam

214 5794 546 5852 substantiam
572 5805 738 5868 atque
762 5794 1139 5854 omni'modam
1162 5794 1617 5865 similitudinem;
1654 5801 1803 5867 quod

1899 4581 2258 4651 exemplum;
2312 4580 2578 4634 imitandi
2632 4580 2789 4635 enim
2844 4579 3137 4651 specimen
3182 4581 3358 4651 dedit,
3418 4598 3534 4636 non

1897 4669 2246 4740 impetrandi
2289 4669 2570 4724 ambitum
2610 4669 2905 4741 requisivit
2942 4670 3068 4741 (29).
3106 4672 3174 4725 Et
3202 4671 3537 4727 convenien‘

1897 4758 2048 4814 tibus
2078 4774 2147 4814 ex
2174 4758 2331 4812 omni
2357 4758 2587 4813 Galilaea
2614 4765 2669 4813 et
2694 4759 2904 4825 Iudaea,
2936 4764 2996 4814 et
3024 4761 3356 4829 Jerusalem,
3389 4760 3532 4831 legis

1898 4880 2047 4932 idem
2090 4880 2361 4931 Photinus
2396 4880 2751 4945 pernegabat.
2793 4883 3024 4946 Imperat
3066 4887 3284 4946 propter
3324 4882 3532 4937 Arium,

1899 4954 1996 5016 qui
2052 4951 2312 5002 videlicet
2368 4965 2497 5002 cum
2556 4952 2778 5002 Christo
2838 4953 3185 5003 divinitatem
3239 4952 3534 5016 adjudica-

1898 5025 1999 5085 ret,
2040 5021 2234 5072 eadem
2274 5035 2440 5086 Opera
2480 5022 2638 5072 illum
2684 5024 2993 5087 imperandi
3031 5024 3358 5075 auctoritate
3406 5036 3531 5086 spo-

1898 5092 2087 5142 liabat.
2137 5093 2324 5156 Tangit
2366 5098 2586 5156 propter
2637 5094 3017 5157 Manicheum;
3068 5096 3114 5143 is
3162 5094 3367 5157 quippe
3409 5098 3536 5143 tan-

1902 5164 2068 5228 gendi
2109 5163 2433 5214 facultatem
2470 5164 2666 5215 eadem
2705 5163 2926 5214 Christo
2969 5164 3265 5223 adimebat,
3310 5165 3532 5229 quando

1900 5248 2132 5355 vagamb
2149 5249 2216 5287 ac
2264 5236 2575 5286 naturalem
2634 5249 2859 5288 carnem
2915 5235 2985 5286 ab
3046 5236 3143 5286 illo
3192 5239 3533 5300 assumptam

1901 5304 1957 5354 in
2005 5306 2091 5355 cia
2136 5310 2276 5355 atur.

1901 5304 2276 5355 inﬁciabatur.

1966 5376 2060 5440 (27)
2110 5377 2231 5426 Vet.
2272 5376 2427 5434 edit.,
2469 5382 2516 5426 et
2558 5375 2683 5425 dum
2724 5374 3019 5425 mandatur
3060 5389 3155 5439 per
3193 5376 3531 5441 sacriﬁcium,

1903 5446 2085 5509 Rom.,
2123 5447 2252 5496 dum
2293 5448 2589 5497 mundatur
2617 5447 2807 5512 o/I’erre
2838 5447 3187 5511 sacriﬁcium;
3226 5460 3358 5498 mss.
3401 5462 3533 5499 vero

1904 5519 2016 5568 fere
2044 5518 2111 5568 ad
2146 5532 2340 5580 unum,
2371 5522 2432 5568 ut
2458 5531 2560 5568 nos
2589 5519 2645 5573 in
2678 5522 2853 5568 textu.

1970 5589 2068 5671 (28)
2116 5589 2275 5642 Rom.
2323 5590 2475 5651 edit,
2525 5589 2762 5653 Denique
2812 5588 2961 5640 addit
3005 5603 3021 5638 :
3065 5588 3127 5639 In
3183 5591 3533 5642 testimonium

1904 5661 2068 5796 vagi
2086 5732 2251 5796 Edit.,
2275 5745 2383 5783 non
2405 5731 2661 5796 precandi
2687 5731 2941 5783 ambitum
2967 5733 3267 5798 requisivit.
