3926 6168
510 253 643 304 1723

1983 254 2037 307 8.
2080 252 2395 308 AMBROSII

3664 265 3761 319 1724

499 373 838 440 doctoribus,
868 374 1020 430 inter
1049 381 1386 431 caeterorum
1414 377 1662 432 remedia
1697 377 1994 447 debilium,
2027 394 2125 449 pa—
2151 390 2208 461 Α
2303 381 2387 432 l3.
2453 380 2574 441 Quo
2638 379 2758 433 loco
2822 379 3054 448 plenam
3123 378 3362 448 speciem
3425 367 3776 442 resurrectionis

503 467 722 538 ralytici
747 467 904 521 istius
927 469 1208 523 medicina
1229 470 1583 525 describitur.
1600 471 1850 526 Primum
1873 471 2130 526 omnium

500 561 651 632 quod
707 564 839 614 ante
893 561 1161 628 diximus,
1216 565 1602 633 unusquisque
1659 581 1814 634 (eger
1867 565 2130 634 petenda:

505 658 826 725 precatores
863 656 1056 710 salutis
1092 656 1260 711 debet
1297 657 1584 724 adhibere,
1621 675 1724 728 per
1753 674 1891 726 quos
1927 662 2130 711 nostrae

505 748 632 800 vita:
703 764 983 818 compago
1056 751 1330 816 resoluta,
1403 757 1746 820 actuumque
1807 756 2130 804 nostrorum

502 841 704 894 clauda
751 842 987 912 vestigia
1030 842 1184 896 verbi
1234 843 1468 897 caelestis
1520 844 1770 898 remedio
1820 845 2133 898 reformen-

503 938 614 988 tur.
663 935 786 990 Sint
826 935 1000 1005 igitur
1036 936 1210 1006 aliqui
1256 937 1563 990 monitores
1604 937 1832 1002 mentis,
1877 938 1975 1006 qui
2016 938 2132 990 ani-

502 1043 659 1082 mum
702 1029 976 1094 hominis,
1018 1031 1274 1100 quamvis
1321 1029 1615 1084 exterioris
1655 1031 1901 1100 corporis
1932 1031 2128 1084 debili-

502 1127 613 1176 tate
674 1126 1026 1194 torpentem,
1088 1123 1159 1176 ad
1224 1125 1516 1193 superiora
1574 1123 1816 1193 erigant.
1877 1124 2131 1187 Quorum

502 1231 696 1269 rursus
746 1216 1106 1270 adminiculis
1155 1224 1208 1269 et
1261 1217 1554 1285 attollere,
1612 1221 1667 1269 et
1720 1216 2020 1270 humiliare
2073 1234 2130 1270 se

501 1308 700 1376 facilis,
732 1315 862 1363 ante
893 1312 1082 1363 Jesum
1121 1310 1358 1375 locetur,
1394 1311 1683 1364 Dominico
1719 1310 1893 1364 videri
1925 1310 2132 1380 dignus

502 1405 752 1471 aspectu.
814 1401 1206 1455 Humilitatem
1275 1403 1430 1456 enim
1495 1403 1728 1472 respicit
1789 1403 2056 1456 Dominus
2114 1420 2126 1456 :

505 1515 534 1546 ι(
586 1495 724 1557 Quia
775 1494 1020 1566 respexit
1073 1495 1455 1550 humilitatem
1513 1497 1734 1550 ancillae
1787 1512 1902 1549 suae
1959 1496 2127 1562 (Luc.,

503 1603 540 1653 ι,
571 1589 678 1656 48).
715 1611 741 1636 ››

571 1680 744 1750 (Vers.
777 1685 883 1750 20.)
916 1683 1151 1748 Quorum
1177 1684 1354 1752 ﬁdem,
1385 1683 1588 1754 inquit,
1619 1691 1680 1737 ut
1706 1685 1864 1737 vidit.

2232 470 2498 537 ostendit,
2529 471 2626 541 qui
2654 472 2859 526 mentis
2886 471 3212 526 vulneribus
3239 474 3572 544 corporisque
3591 482 3774 542 sanatis,

2233 568 2457 634 peccata
2485 565 2656 619 donat
2684 565 3028 630 animorum,
3062 565 3406 618 debilitatem
3434 569 3596 621 carnis
3628 573 3777 624 exclu-

2234 658 2350 724 dit;
2395 659 2498 711 hoc
2542 666 2624 734 est
2663 659 2817 711 enim
2860 662 3039 711 totum
3083 658 3372 712 hominem
3413 675 3519 713 esse
3554 669 3779 718 curatum.

2232 752 2492 815 Quamvis
2518 751 2694 821 igitur
2722 767 2996 821 magnum
3028 752 3098 805 sit
3136 751 3461 806 hominibus
3497 762 3697 822 peccata
3721 759 3785 809 di-

2234 845 2460 898 mittere
2515 846 2658 915 (quis
2701 844 2853 899 enim
2911 851 3095 916 potest
3147 850 3374 914 peccata
3414 845 3666 902 dimittere
3707 852 3786 903 nisi

2231 939 2376 992 solus
2425 941 2587 1007 Deus,
2640 939 2737 1009 qui
2785 955 2885 1008 per
2932 955 3029 993 eos
3077 955 3307 1009 quoque
3354 939 3587 1004 dimittit,
3629 942 3791 1010 quibus

2233 1031 2556 1085 dimittendi
2597 1033 2706 1099 (3t)
2744 1032 2940 1085 tribuit
2992 1032 3381 1102 potestatem);
3432 1038 3608 1086 tamen
3651 1037 3793 1089 multo

2233 1124 2477 1177 divinius
2533 1129 2617 1178 est
2683 1126 3155 1179 resurrectionem
3217 1125 3427 1179 donare
3483 1127 3796 1196 corporibus,

2232 1217 2689 1289 quandoquidem
2721 1219 2841 1288 ipse
2872 1219 3145 1273 Dominus
3174 1219 3502 1273 resurrectio
3531 1225 3623 1272 est.

2307 1314 2391 1366 14.
2464 1313 2630 1376 (Vers.
2698 1313 2809 1373 24.)
2875 1313 2968 1366 llic
3026 1313 3202 1366 lectus
3261 1312 3359 1382 qui
3422 1313 3536 1366 tolli
3589 1313 3799 1382 jubetur,

2231 1403 2368 1474 quid
2400 1409 2484 1458 est
2518 1404 2693 1470 aliud,
2727 1405 2834 1458 nisi
2864 1406 2998 1475 quia
3038 1406 3356 1459 humanum
3386 1405 3608 1474 jubetur
3638 1422 3802 1476 corpus

2230 1496 2453 1551 attolli?
2494 1499 2615 1567 lpse
2652 1501 2738 1551 est
2777 1499 2876 1568 qui
2920 1515 3021 1567 per
3059 1499 3311 1568 singulas
3351 1503 3537 1552 noctes
3567 1499 3756 1552 lavatur
3781 1518 3804 1550 a

2234 1591 2405 1644 David
2459 1591 2587 1659 (32),
2645 1595 2705 1644 ut
2751 1592 2997 1661 legimus
3042 1609 3054 1645 :
3106 1615 3130 1639 ‹ι
3189 1591 3404 1644 Lavabo
3458 1607 3554 1661 per
3600 1592 3809 1661 singulas

2233 1687 2426 1737 noctes
2453 1685 2659 1737 lectum
2686 1699 2912 1752 meum;
2940 1685 3203 1754 lacrymis
3228 1685 3374 1738 meis
3399 1688 3626 1738 stratum
3656 1701 3812 1738 meum

577 1778 659 1828 Η.
695 1777 930 1845 Magnus
960 1777 1230 1831 Dominus
1258 1777 1357 1847 qui
1386 1752 1631 1830 aliorum
1665 1777 1866 1830 merito
1894 1777 2133 1846 ignoscit
2159 1752 2207 1822 Β
2233 1776 2434 1847 rigabo
2489 1778 2655 1845 (Psal.
2707 1793 2777 1843 v1,
2829 1779 2904 1846 7).
2952 1800 2980 1826 ››
3038 1752 3132 1830 [iic
3181 1784 3265 1831 est
3305 1778 3481 1832 lectus
3524 1778 3731 1843 doloris,
3769 1778 3813 1830 in

501 1868 645 1932 aliis,
684 1874 740 1922 et
773 1870 910 1922 dum
943 1870 1083 1922 alios
1113 1870 1333 1939 probat,
1365 1869 1490 1924 aliis
1526 1873 1741 1924 relaxat
1777 1875 1984 1924 errata.
2023 1872 2136 1925 Cur

500 1962 654 2031 apud
707 1965 760 2015 te
831 1963 1003 2016 homo
1059 1963 1276 2032 collega
1333 1981 1445 2017 non
1507 1965 1722 2029 valeat,
1787 1981 1915 2017 cum
1980 1966 2132 2035 apud

501 2055 804 2108 Dominum
846 2072 1040 2110 servus
1087 2061 1143 2110 et
1187 2055 1604 2110 interveniendi
1647 2057 1916 2110 meritum
1957 2064 2010 2112 et
2041 2059 2135 2129 jus

502 2148 713 2201 habeat
754 2148 1138 2218 impetrandi?
1170 2149 1346 2216 Disce,
1391 2151 1487 2220 qui
1523 2150 1770 2220 judicas,
1807 2151 2132 2220 ignoscere;

503 2241 676 2308 disce,
714 2241 812 2312 qui
840 2257 994 2313 aeger
1024 2259 1103 2308 es,
1137 2243 1461 2314 impetrare.
1495 2244 1550 2299 Si
1587 2245 1848 2315 gravium
1876 2248 2134 2315 peccato-

505 2351 633 2388 rum
686 2335 898 2389 difﬁdis
949 2337 1206 2402 veniam,
1261 2336 1468 2390 adhibe
1518 2343 1875 2408 precatores,
1930 2338 2137 2393 adhibe

503 2428 811 2483 Ecclesiam
863 2446 992 2500 quae
1056 2447 1161 2501 pro
1222 2435 1275 2484 te
1332 2436 1609 2500 precetur,
1665 2432 1825 2500 cujus
1881 2437 2133 2486 contem-

502 2523 748 2592 platione
791 2523 946 2594 quod
996 2523 1098 2578 tibi
1143 2525 1416 2579 Dominus
1455 2541 1671 2595 negare
1719 2531 1926 2595 posset,
1977 2526 2132 2596 igno-

503 2619 639 2670 scat.

577 2708 836 2782 1358
880 2714 961 2764 12.
1006 2711 1176 2778 (Vers.
1213 2715 1300 2777 21,
1343 2713 1453 2781 22.)
1495 2713 1562 2766 Et
1597 2711 1854 2783 quamvis
1887 2713 2137 2768 historia:

503 2802 678 2856 ﬁdem
721 2820 835 2857 non
877 2788 1182 2859 debeamus
1223 2804 1516 2873 omittere;
1563 2813 1623 2860 ut
1663 2822 1794 2860 vere
1840 2807 2136 2876 paralytici

504 2895 662 2949 istius
716 2914 921 2968 corpus
972 2899 1274 2952 credamus
1329 2915 1449 2952 esse
1505 2903 1801 2967 sanatum,
1860 2916 2137 2970 cognosce

506 2994 701 3044 tamen
746 2991 1036 3045 interioris
1091 2991 1342 3046 hominis
1394 2992 1721 3061 sanitatem,
1770 2993 1858 3046 cui
1911 3000 2138 3063 peccata

2235 1886 2348 1940 quo
2378 1871 2574 1924 anima
2606 1875 2802 1924 nostra
2840 1870 2994 1940 gravi
3031 1870 3395 1925 conscientia
3424 1887 3574 1941 aegra
3600 1871 3812 1924 cruciatu

2229 1963 2471 2033 jacebat.
2517 1963 2626 2018 Sed
2657 1964 2703 2016 si
2734 1966 2862 2034 quis
2897 1964 3211 2018 secundum
3243 1964 3455 2018 Christi
3485 1969 3742 2034 praecepta
3773 1981 3816 2016 se

2238 2056 2490 2128 gesserit,
2534 2057 2655 2127 jam
2705 2074 2819 2110 non
2869 2057 3043 2110 lectus
3092 2056 3307 2111 doloris
3353 2061 3456 2124 est,
3496 2058 3590 2111 sed
3627 2057 3816 2128 quietis.

2235 2151 2593 2205 Miseratione
2638 2151 2857 2204 etenim
2891 2150 3119 2204 Domini
3159 2151 3329 2222 caspit
3363 2151 3520 2221 quies
3554 2167 3663 2205 esse
3699 2150 3822 2220 quod

2238 2259 2390 2298 mors
2441 2251 2596 2309 erat,
2661 2245 2757 2314 qui
2814 2243 2979 2298 nobis
3028 2259 3292 2314 soporem
3349 2244 3545 2298 mortis
3595 2244 3741 2296 vertit
3779 2242 3820 2294 in

2237 2337 2478 2407 gratiam
2519 2337 2846 2407 voluptatis.
2890 2337 3001 2391 Nec
3043 2338 3225 2390 solum
3269 2338 3462 2391 levare
3506 2337 3723 2400 lectum,
3751 2334 3826 2387 sed

2238 2431 2408 2484 etiam
2455 2431 2690 2484 domum
2733 2446 2890 2483 suam
2939 2435 3216 2500 repetere,
3256 2430 3367 2484 hoc
3406 2435 3507 2496 est,
3547 2429 3616 2482 ad
3647 2427 3826 2498 paradi-

2237 2541 2365 2577 sum
2395 2523 2579 2578 redire
2613 2529 2899 2592 censetur;
2937 2539 3006 2577 ea
3034 2530 3119 2578 est
3159 2523 3318 2577 enim
3349 2539 3484 2576 vera
3517 2523 3707 2576 domus
3733 2538 3830 2592 qum

2237 2617 2531 2672 hominem
2577 2617 2764 2688 prima
2816 2617 3102 2687 suscepit;
3155 2633 3273 2671 non
3317 2617 3451 2687 jure
3503 2616 3714 2682 amissa,
3756 2615 3827 2667 sed

2239 2712 2453 2766 fraude.
2509 2711 2706 2766 Merito
2761 2726 2898 2781 ergo
2947 2710 3263 2764 restituitur
3320 2711 3553 2776 domus,
3603 2709 3831 2780 quoniam

2239 2811 2470 2859 venerat
2525 2804 2623 2876 qui
2688 2819 2897 2858 nexum
2953 2804 3168 2858 fraudis
3228 2803 3507 2870 aboleret,
3549 2803 3641 2874 jus
3685 2801 3830 2855 refor-

2242 2902 2450 2953 maret.

2313 2996 2395 3046 15.
2443 2993 2611 3061 (Vers.
2662 2993 2769 3062 25.)
2810 2992 2918 3045 Nec
2969 3007 3132 3044 mora
3174 2990 3290 3044 ulla
3333 2990 3592 3045 sanitatis
3632 2989 3833 3042 interve-

507 3083 817 3150 donantur,
851 3101 980 3154 quas
1005 3101 1134 3137 cum
1168 3085 1344 3139 Judaei
1379 3090 1637 3140 asserunt
1674 3103 1706 3138 a
1743 3087 1858 3140 solo
1899 3087 2136 3140 Domino
2157 3117 2210 3188 Ο
2238 3086 2322 3140 nit
2356 3104 2369 3140 :
2402 3102 2580 3140 unum
2628 3085 2908 3140 dictorum
2955 3084 3467 3156 remediorumque
3517 3085 3832 3138 momentum

508 3193 662 3246 posse
700 3177 956 3244 concedi,
990 3178 1165 3230 Deum
1205 3179 1402 3248 utique
1443 3194 1574 3231 eum
1615 3179 1974 3247 conﬁtentur,
2007 3197 2132 3233 suo-

503 3286 610 3340 que
648 3270 866 3340 judicio
898 3270 1192 3340 perﬁdiam
1235 3288 1396 3324 suam
1444 3272 1710 3342 produnt,
1758 3277 1815 3326 ut
1863 3289 2002 3342 opus
2044 3291 2131 3327 as-

507 3368 714 3430 truant,
745 3379 1049 3432 personam
1089 3371 1322 3435 negent.
1361 3366 1550 3435 Itaque
1589 3365 1658 3418 ab
1697 3365 1830 3435 ipsis
1859 3370 1916 3420 et
1949 3367 2136 3436 operis

506 3457 588 3509 sui
631 3456 721 3510 Dei
765 3457 934 3512 Filius
971 3457 1176 3528 accipit
1215 3457 1629 3525 testimonium,
1671 3464 1728 3511 et
1758 3459 1905 3513 vocis
1937 3459 2131 3513 suifra-

505 3548 663 3619 gium
700 3567 815 3605 non
848 3551 1118 3622 requirit;
1157 3551 1393 3622 perﬁdia
1431 3551 1587 3605 enim
1629 3553 1888 3606 conﬁteri
1929 3557 2132 3622 potest,

505 3643 736 3698 credere
775 3661 885 3698 non
924 3648 1128 3714 potest.
1173 3646 1364 3715 Itaque
1397 3646 1787 3700 testimonium
1832 3662 1944 3699 non
1976 3646 2137 3700 deest

503 3736 803 3803 divinitati,
840 3737 980 3791 ﬁdes
1010 3737 1168 3792 deest
1197 3738 1383 3792 saluti.
1412 3739 1552 3792 Nam
1585 3742 1643 3791 et
1679 3738 1918 3792 validius
1949 3744 2032 3792 est
2062 3739 2134 3791 ad

504 3828 674 3884 ﬁdem
700 3831 852 3902 quod
879 3831 1221 3886 conﬁtentur
1241 3830 1402 3885 inviti
1433 3834 1561 3900 (30);
1584 3835 1639 3885 et
1666 3831 2039 3902 perniciosius
2061 3833 2134 3885 ad

503 3925 726 3994 culpam
769 3925 916 3995 quod
958 3928 1190 3995 negant,
1223 3926 1319 3996 qui
1359 3925 1473 3978 suis
1511 3925 1912 3979 assertionibus
1950 3926 2130 3979 revin-

504 4020 731 4072 cuntur.
784 4019 984 4089 Magna
1035 4019 1226 4089 itaque
1277 4018 1467 4072 inﬁdae
1523 4018 1699 4088 plebis
1751 4019 2026 4085 amentia,
2073 4024 2136 4072 ut

505 4127 633 4164 cum
667 4113 921 4164 confessa
959 4112 1131 4165 fuerit
1160 4111 1333 4165 solius
1366 4111 1456 4166 Dei
1490 4128 1611 4166 esse
1638 4111 1854 4166 donare
1888 4117 2132 4182 peccata,

507 4221 615 4257 non
658 4205 850 4258 credat
895 4205 1008 4258 Deo
1053 4210 1286 4274 peccata
1326 4204 1582 4258 donanti.
1630 4205 1902 4258 Dominus
1939 4209 2133 4259 autem

503 4299 683 4352 salvos
713 4299 906 4353 volens
940 4298 1124 4354 facere
1154 4304 1494 4370 peccatores,
1529 4303 1585 4353 et
1614 4299 1967 4353 occultorum
1995 4315 2133 4370 cog-

507 4391 720 4446 nitione
759 4393 935 4447 Deum
981 4409 1039 4447 se
1082 4409 1204 4447 esse
1245 4393 1613 4459 demonstrat,
1658 4397 1714 4446 et
1760 4391 2134 4448 admiratione

505 4486 810 4553 factorum,
850 4487 1126 4558 adjiciens
1157 4503 1170 4541 :

576 4581 749 4648 (Vers.
814 4584 921 4648 23.)
987 4583 1128 4647 Quid
1178 4587 1256 4636 est
1320 4582 1544 4648 facilius
1603 4580 1774 4635 dicere
1825 4596 1842 4633 :
1908 4583 2140 4636 Dimisso

503 4678 630 4729 sunt
681 4674 782 4727 tibi
828 4681 1049 4743 peccatu.
1096 4683 1226 4742 tua;
1275 4681 1376 4729 aut
1415 4675 1639 4729 dicere:
1684 4676 1876 4741 Surge,
1923 4679 1974 4729 et
2019 4692 2136 4729 am-

508 4769 636 4822 bula
653 4769 681 4820 ?

572 4934 668 4996 (30)
707 4933 838 4984 Mss.
871 4934 1102 4998 aliquot,
1135 4931 1451 4994 conﬁtentur
1490 4935 1687 4994 invidi;
1711 4949 1857 4985 unus
1892 4939 1947 4984 et
1981 4934 2138 4995 alter,

506 5006 819 5069 conﬁtentur
846 5006 1052 5068 injusti.

574 5078 670 5140 (3|)
731 5079 849 5128 Non
913 5080 1127 5140 poterat
1183 5077 1511 5126 Ambrosius
1573 5076 1898 5127 clarioribus
1955 5077 2140 5128 verbis

509 5152 834 5212 potestatem
876 5145 1187 5198 dimittendi
1227 5151 1457 5210 peccata
1495 5146 1759 5196 ministris
1802 5147 2072 5198 Ecclesiae
2109 5163 2139 5198 a

511 5220 734 5271 Christo
759 5221 946 5270 datam
968 5217 1288 5282 praadicare.

576 5293 669 5354 (32)
722 5290 1007 5355 Quidquid
1057 5291 1203 5339 inter
1256 5302 1437 5348 voces,
1493 5287 1708 5337 lavatur
1753 5304 1786 5338 a
1843 5290 2036 5346 David,
2088 5296 2142 5340 et

511 5363 648 5423 illas,
711 5364 867 5412 tectus
913 5361 1158 5423 doloris;
1194 5360 1531 5420 continetur,
1580 5359 1767 5410 deerat
1815 5361 1871 5409 in
1925 5363 2142 5411 cunctis

509 5433 639 5482 edit.
675 5433 881 5484 Verum
927 5434 982 5483 in
1020 5432 1279 5483 omnibus
1306 5431 1446 5483 Gall.
1491 5445 1624 5480 mss.
1656 5432 1944 5493 reperitur,
1983 5435 2142 5482 exci-

510 5506 694 5564 pimus
727 5510 913 5557 tamen
956 5506 1090 5571 Reg.
1118 5510 1174 5556 et
1211 5503 1488 5564 C1arom.;
1527 5502 1624 5552 sed
1669 5507 1903 5566 uterque
1944 5516 2142 5553 recen-

514 5575 638 5633 tior,
676 5580 731 5624 et
758 5576 850 5628 hic
881 5591 991 5628 non
1022 5582 1134 5627 tam
1163 5576 1352 5628 Ambr.
1389 5575 1657 5640 expositio
1687 5578 1785 5637 est,
1822 5587 1990 5638 quam
2019 5576 2142 5638 ejus

519 5646 775 5708 epitome.

579 5716 674 5777 (33)
706 5717 852 5766 Edit.
885 5719 1015 5768 Gill.
1060 5720 1353 5769 iutruserat
1394 5721 1449 5769 in
1493 5723 1746 5769 textum:
1791 5715 2044 5780 Sequitur
2082 5716 2144 5766 dc

511 5789 796 5854 publicano
839 5795 882 5838 et
925 5791 986 5839 de
1027 5805 1084 5840 co
1121 5793 1262 5854 quod
1301 5806 1405 5843 non
1446 5795 1581 5842 rcnit
1609 5794 1784 5855 justas
1817 5802 2025 5848 vocare,
2055 5787 2148 5840 sed

2239 3184 2338 3234 est.
2369 3180 2633 3249 Spectant
2663 3183 2991 3249 surgentem
3021 3177 3320 3247 increduli,
3351 3177 3632 3231 mirantur
3655 3176 3831 3228 abeun-

2239 3277 2386 3340 tem,
2447 3277 2504 3326 et
2568 3272 2739 3326 divini
2803 3271 2988 3341 operis
3049 3270 3328 3324 miracula
3388 3271 3614 3324 malunt
3668 3269 3834 3322 timere

2237 3383 2406 3437 quam
2439 3366 2684 3420 credere.
2715 3367 2853 3418 Nam
2888 3365 2935 3418 si
2975 3364 3368 3432 credidissent,
3404 3381 3520 3418 non
3561 3361 3834 3416 timuissent

2240 3459 2452 3530 utique,
2479 3460 2574 3512 sed
2606 3458 2929 3512 dilexissent
2947 3475 2963 3526 ;
2993 3457 3240 3528 perfecta
3268 3457 3430 3512 enim
3463 3456 3683 3511 dilectio
3707 3453 3836 3507 timo

2238 3569 2359 3606 rem
2388 3551 2632 3606 excludit
2660 3552 2804 3604 foras
2834 3551 2875 3620 (Ι
2905 3553 3082 3610 Joun.,
3111 3567 3184 3616 Iv,
3217 3552 3324 3621 l8).
3358 3552 3427 3604 Et
3454 3550 3585 3604 ideo
3609 3549 3710 3614 isti,
3731 3545 3834 3616 quia

2236 3662 2352 3700 non
2406 3645 2746 3715 diligebant,
2805 3644 3330 3697 calumniabantur.
3391 3639 3835 3698 Calumniantibus

2236 3745 2426 3793 autem
2478 3738 2612 3792 dicit
2664 3755 2676 3791 ε
2731 3758 2758 3785 ‹‹
2807 3737 2952 3800 Quid
3002 3737 3265 3806 cogitatis
3313 3737 3470 3791 mala
3511 3737 3572 3790 in
3617 3733 3836 3788 cordibus

2237 3832 2433 3885 vestris
2477 3831 2654 3901 (Luc.,
2696 3846 2749 3896 v,
2798 3829 2929 3900 2‘2)?
2976 3851 3002 3877 ››
3048 3829 3182 3893 Quis
3224 3830 3337 3884 hoc
3385 3828 3560 3884 dicit?
3605 3824 3836 3883 Sacerdos

2239 3941 2504 3994 magnus.
2552 3925 2786 3993 Lepram
2832 3921 3059 3976 videbat
3106 3923 3165 3976 in
3212 3922 3487 3977 cordibus
3530 3921 3836 3975 Judazorum.

2236 4017 2482 4072 ostendit
2531 4034 2624 4071 eos
2679 4016 2902 4088 pejores
2958 4032 3077 4071 esse
3137 4016 3390 4087 leproso.
3453 4016 3549 4070 Ille
3602 4009 3836 4067 sacerdoti

2237 4114 2320 4166 est
2362 4128 2421 4164 se
2461 4111 2651 4180 jussus
2692 4109 2899 4163 offerre
2942 4116 3214 4179 purgatus
3267 4127 3280 4163 :
3336 4107 3600 4181 1359
3641 4108 3732 4160 hos
3772 4119 3836 4154 sa-

2237 4204 2431 4257 cerdos
2496 4202 2798 4273 repudiat,
2855 4218 2925 4256 ne
2979 4201 3120 4257 alios
3177 4219 3412 4274 quoque
3466 4215 3666 4256 eorum
3710 4197 3837 4266 lepra

2235 4297 2603 4352 contaminet.

2314 4394 2394 4444 l6.
2452 4390 2629 4460 (Vers.
2681 4391 2787 4456 27.)
2845 4389 3115 4460 Sequitur
3161 4388 3411 4459 mystica
3467 4384 3708 4442 evocatio
3751 4383 3837 4452 (33.-

2153 4481 2210 4552 D
2236 4483 2541 4556 publicani,
2581 4499 2754 4554 quem
2793 4483 2950 4554 sequi
2982 4482 3145 4552 jubet
3193 4499 3311 4537 non
3353 4481 3612 4553 corporis
3652 4490 3837 4549 gressu,

2239 4579 2334 4632 sed
2408 4577 2616 4631 mentis
2681 4575 2904 4631 affectu.
2958 4578 3153 4646 Itaque
3215 4575 3313 4630 ille
3383 4576 3544 4646 prius
3596 4587 3746 4626 avara
3786 4566 3839 4621 de

2240 4669 2600 4725 mercedibus
2647 4669 2780 4738 (34),
2834 4669 2978 4722 dura
3035 4669 3103 4723 de
3155 4668 3456 4723 laboribus
3508 4665 3840 4738 periculisque

2241 4768 2542 4818 nautarum
2584 4763 2973 4816 emolumenta
3012 4765 3372 4827 convertens,
3417 4761 3590 4816 verbo
3623 4758 3837 4813 vocatus.

2238 4937 2552 4996 peccatores.
2589 4931 2814 4993 Mystica
2840 4931 3070 4986 vacatio,
3097 4933 3199 4980 etc.
3237 4928 3357 4979 Sed
3399 4927 3743 4996 manifestum
3776 4921 3836 4966 est

2240 4992 2363 5052 haec
2393 5003 2558 5063 tituli,
2599 4992 2708 5051 non
2752 5004 2936 5051 textus
2970 5000 3240 5049 rationem
3275 5014 3345 5050 ac
3385 5001 3619 5049 formam
3652 4992 3834 5069 habere.

2241 5075 2396 5124 Rom.
2431 5077 2635 5133 autem,
2682 5073 2887 5122 omisso
2932 5071 3120 5132 verbo,
3154 5071 3423 5133 sequitur.
3469 5072 3550 5119 sic
3587 5065 3835 5129 reposuit:

2240 5149 2464 5209 Mystica
2485 5145 2589 5194 haec
2614 5150 2705 5202 est,
2735 5149 2845 5194 etc.

2303 5198 2396 5278 l34)
2429 5217 2578 5279 Quid
2609 5217 2655 5265 si
2692 5198 2906 5280 legeres
2944 5228 3072 5265 cum
3112 5227 3264 5273 mss.,
3307 5213 3446 5278 Reg.
3479 5213 3540 5262 de
3580 5198 3835 5280 mercibus?

2242 5275 2405 5338 Certe
2451 5275 2583 5352 quas
2628 5275 2939 5350 sequuntur
2982 5299 3095 5336 non
3143 5275 3680 5335 obscure'indicant
3724 5275 3831 5325 Mat-

2242 5360 2453 5411 thaeum
2480 5358 2774 5409 Ambrosio
2806 5358 2976 5407 fuisse
3009 5369 3077 5405 ex
3103 5370 3170 5407 eo
3194 5369 3402 5420 genere
3432 5353 3832 5419 publicanorum.

2243 5433 2339 5494 qui
2366 5431 2634 5480 tributum
2659 5443 2688 5479 e
2713 5429 2986 5492 portoriis,
3018 5427 3073 5477 id
3101 5433 3201 5487 est,
3231 5441 3261 5478 e
3293 5427 3576 5478 mercibus
3609 5422 3832 5494 imporlﬂj

2243 5487 2312 5552 tis
2354 5487 2768 5564 exportatisque
2811 5500 3115 5562 exigerent.
3166 5498 3276 5550 Sed
3331 5503 3524 5548 contra
3573 5492 3725 5542 ﬁdem
3772 5487 3832 5532 tot

2242 5586 2373 5622 mss.
2402 5576 2567 5635 atque
2593 5571 2724 5622 edit.
2755 5572 3007 5620 omnium
3047 5570 3188 5620 nihil
3218 5568 3525 5627 audemus;
3555 5576 3674 5616 cum
3709 5568 3832 5635 pm:

2243 5645 2434 5695 sertim
2465 5625 2673 5693 tributa
2695 5656 2806 5694 non
2833 5643 3015 5693 solum
3049 5641 3332 5693 mercibus
3362 5625 3730 5690 mercatorum,
3751 5625 3831 5675 sed

2243 5717 2411 5768 etiam
2439 5715 2681 5767 mercedi
2710 5718 3003 5764 nautarum
3033 5711 3437 5766 mercatoribus
3465 5718 3674 5774 operam
3696 5709 3828 5750 suam

2244 5787 2548 5842 locantium
2583 5787 2793 5851 imponi
2825 5786 3126 5850 potuerint.
