3972 6174
252 294 375 347 1725

243 414 456 484 propria
482 414 794 486 dereliquit,
828 416 928 488 qui
955 416 1206 489 rapiebat
1232 417 1447 487 aliena;
1477 434 1544 473 ac
1572 419 1682 473 vile
1715 419 1852 475 illud
1874 432 1932 505 Α

238 507 395 563 sedile
458 509 808 577 destituens,
867 514 982 565 toto
1055 514 1180 582 post
1242 512 1545 567 Dominum
1613 513 1850 584 vestigio

239 602 431 656 mentis
481 603 706 658 incedit.
769 604 1020 659 Convivii
1077 622 1308 677 quoque
1366 606 1563 676 magni
1625 607 1851 661 exhibet

237 702 591 765 apparatum;
645 698 743 769 qui
788 699 943 753 enim
999 698 1284 754 domicilio
1321 700 1605 755 Christum
1650 700 1852 771 recipit

236 788 469 856 interno,
496 792 758 846 maximis
777 792 1244 848 delectationibus
1264 794 1700 848 exuberantium
1726 810 1850 867 pas-

232 882 367 936 citur
403 884 782 955 voluptatum.
825 889 1025 958 Itaque
1065 888 1337 942 Dominus
1379 887 1627 942 libenter
1663 888 1850 957 ingre-

231 975 388 1043 ditur,
432 982 492 1031 et
528 977 587 1031 in
630 979 750 1049 ejus
790 980 888 1050 qui
930 980 1254 1047 crediderit,
1303 980 1584 1035 recumbit
1620 982 1846 1036 atl'ectu.

297 1074 380 1124 17.
433 1071 549 1126 Sed
598 1089 793 1127 rursus
844 1074 1173 1130 accenditur
1219 1073 1435 1129 invidia
1481 1075 1846 1146 perﬁdorum,

227 1170 276 1218 et
301 1164 511 1219 futuras
546 1182 728 1236 poture
767 1167 981 1238 species
1017 1167 1436 1239 prteﬁguratur.
1479 1169 1850 1239 Epulantibns

225 1257 371 1312 enim
409 1258 696 1327 ﬁdelibus,
736 1264 794 1315 et
835 1260 895 1315 in
934 1261 1033 1316 illo
1073 1262 1347 1316 caelorum
1390 1263 1849 1318 recumbentibus

224 1366 418 1421 regno,
462 1352 704 1423 perﬁdia
737 1353 938 1424 jejuna
974 1355 1350 1425 torquebitur.
1389 1355 1566 1410 Simul
1594 1356 1845 1409 ostendi-

222 1448 311 1499 tur
333 1451 620 1516 quantum
652 1446 879 1501 intersit
914 1447 1064 1501 inter
1097 1449 1337 1503 aemulos
1370 1449 1516 1520 legis
1543 1453 1601 1503 et
1628 1449 1845 1519 gratias,

224 1538 363 1608 quod
407 1538 488 1593 illi
533 1540 629 1610 qui
660 1540 853 1611 legem
888 1545 1228 1612 sequuntur,
1253 1542 1471 1612 jejunae
1512 1543 1721 1596 mentis
1762 1543 1845 1597 fa-

221 1647 366 1685 mem
391 1632 690 1702 patiantur
716 1638 988 1689 aeternam
1020 1651 1033 1689 :
1067 1634 1165 1706 qui
1191 1651 1324 1690 vero
1355 1635 1590 1691 verbum
1616 1636 1676 1689 in
1706 1635 1850 1690 inte-

221 1724 457 1779 rioribus
481 1727 695 1781 anima:
723 1735 1082 1798 receperunt,
1109 1728 1363 1783 alimenti
1391 1728 1632 1784 ccelestis
1652 1734 1709 1783 et
1728 1729 1851 1783 fon-
2145 1724 2917 1798 _"::"_,":’_’,::,f:v;;:‘

1787 1770 1925 1878 EtB
1949 1775 2169 1847 telligas
2212 1773 2366 1846 quod
2409 1790 2507 1828 eos
2535 1774 2720 1845 justos
2755 1771 2912 1840 dicit,
2950 1770 3050 1842 qui
3084 1786 3153 1824 ex
3191 1770 3320 1841 lege
3359 1784 3578 1840 praesu-

221 1818 285 1873 tis
312 1818 574 1873 ubertate
602 1822 842 1877 recreati
869 1822 1083 1876 esurire
1102 1828 1160 1877 et
1181 1822 1340 1877 sitire
1370 1839 1482 1877 non
1509 1828 1760 1893 possunt.

221 1911 334 1967 ideo
360 1912 460 1983 qui
492 1915 689 1969 animo
703 1915 1062 1985 jejunabant,
1092 1916 1525 1970 murmurabant
1552 1916 1807 1971 dicentes
1832 1933 1845 1970 :

285 2007 455 2071 (Vers.
500 2010 613 2077 30.)
660 2010 840 2075 Quare
882 2024 1001 2063 cum
1042 2009 1350 2080 publicanis
1391 2017 1441 2064 et
1478 2012 1849 2080 peccatoribus

220 2101 507 2156 manduca!
535 2107 585 2155 et
613 2101 748 2155 bibit
779 2104 931 2171 (35)?

286 2196 363 2248 18.
408 2194 764 2265 Serpentina
798 2212 907 2251 vox
943 2196 1050 2250 ista
1092 2201 1195 2250 est.
1242 2194 1495 2266 Denique
1548 2196 1694 2250 hanc
1728 2197 1843 2267 pri-

219 2304 357 2341 mam
404 2304 606 2343 vocem
645 2305 876 2361 serpens
911 2289 1118 2359 emisit,
1161 2289 1353 2343 dicens
1400 2290 1524 2343 Eva:
1566 2306 1579 2343 :
1627 2312 1654 2339 ‹‹
1698 2290 1846 2354 Quid

221 2382 401 2452 utique
432 2382 582 2437 dixit
606 2383 754 2437 Deus
782 2400 795 2437 :
833 2383 1010 2438 Nolite
1041 2384 1381 2438 manducare
1407 2399 1473 2437 ex
1499 2384 1657 2437 omni
1686 2384 1845 2454 ligno

218 2476 377 2542 (Gem,
420 2493 508 2544 ιιι,
554 2476 641 2545 l)?
672 2499 699 2527 ››
743 2478 889 2548 Ergo
929 2477 1103 2548 patris
1136 2477 1219 2531 sui
1249 2492 1468 2531 venena
1498 2475 1843 2545 diffundunt,

217 2570 303 2640 qui
338 2570 585 2625 dicunt:
621 2570 771 2634 Quid
814 2569 1006 2641 utique
1046 2587 1175 2624 cum
1218 2569 1535 2640 publicanis
1565 2576 1619 2625 et
1657 2587 1847 2641 pecca-

219 2664 418 2717 toribus
468 2663 784 2718 manducat
835 2668 890 2717 et
942 2663 1125 2717 bibit?
1177 2663 1335 2718 Unde
1388 2663 1660 2718 Dominus
1713 2679 1845 2718 cum

218 2757 602 2826 peccatoribus
656 2757 1087 2823 manducando,
1133 2756 1304 2810 etiam
1358 2772 1489 2810 cum
1534 2756 1845 2826 gentilibus

219 2866 318 2904 non
344 2851 621 2921 prohibet
646 2865 752 2904 nos
779 2850 925 2904 inire
956 2850 1298 2917 convivium,
1325 2848 1519 2903 dicens
1551 2866 1563 2903 :

278 2946 450 3015 (Vers.
485 2943 604 3014 31.)
646 2945 769 3000 Non
809 2948 963 3013 egent
996 2946 1094 3013 qui
1136 2945 1265 2997 sani
1303 2949 1449 3005 sunt,
1482 2943 1717 3009 medico;
1752 2943 1845 2998 sed

214 3040 298 3106 qui
318 3039 456 3092 male
493 3037 717 3092 habent.

278 3134 359 3186 l9.
400 3132 629 3186 Novum
666 3129 1159 3185 medicamentum
1186 3112 1383 3185 'novus
1424 3129 1699 3201 magister
1739 3130 1838 3184 ad-

213 3226 369 3279 vexit.
399 3225 528 3279 Hoc
554 3223 623 3278 de
648 3230 806 3278 terra
833 3240 946 3277 non
972 3222 1300 3293 pullulavit;
1322 3222 1655 3294 imprudens
1679 3224 1834 3278 enim

213 3321 289 3372 est
312 3318 510 3373 omnis
540 3321 800 3371 creatura
828 3316 999 3387 hujus
1039 3316 1432 3380 confectionis.
1461 3317 1683 3386 Venite,
1713 3333 1837 3372 om-

214 3427 302 3465 nes
349 3413 445 3482 qui
506 3410 822 3465 incurristis
868 3416 1231 3481 peccatorum
1283 3410 1466 3465 varias
1510 3411 1835 3481 passiones,

212 3505 425 3559 utimini
451 3504 769 3575 peregrino
797 3504 1244 3571 medicamento,
1272 3520 1385 3575 quo
1416 3520 1697 3559 venenum
1725 3521 1837 3559 ser-

212 3598 381 3667 pentis
411 3597 747 3653 excluditur
772 3614 786 3651 :
816 3598 974 3669 quod
1002 3614 1118 3652 non
1148 3598 1336 3653 solum
1364 3598 1691 3669 passionum
1717 3599 1837 3653 abs-

211 3691 326 3746 tulit
366 3690 738 3760 cicatricem,
790 3692 888 3745 sed
939 3690 1110 3746 etiam
1158 3708 1389 3746 causam
1435 3692 1545 3746 diri
1591 3692 1838 3747 vulneris

211 3785 543 3856 amputavit.
579 3785 691 3839 Hoc
719 3784 1203 3839 medicamentum
1233 3801 1351 3841 non
1376 3786 1595 3841 famem
1619 3786 1834 3853 indicit,

209 3879 295 3933 sed
335 3878 536 3934 cibum
576 3878 785 3933 animas
824 3877 1222 3932 subministrat
1252 3897 1266 3934 :
1302 3898 1330 3929 «
1365 3879 1531 3933 Venit
1570 3880 1723 3933 enim
1758 3879 1838 3933 Fi-

210 3971 305 4026 lius
326 3972 589 4028 hominis
618 3972 967 4026 manducans
998 3978 1053 4027 et
1083 3971 1307 4042 bibens,
1344 3976 1401 4028 et
1437 3973 1634 4027 dicunt
1665 3990 1678 4027 :
1714 3973 1833 4027 Dae-

208 4066 466 4121 monium
494 4065 662 4121 habet
686 4064 860 4136 (Luc.,
888 4081 985 4132 vu,
1019 4067 1103 4135 34)
1120 4083 1137 4135 ;
1162 4087 1191 4116 n
1219 4072 1277 4121 et
1300 4066 1428 4121 ideo
1453 4082 1614 4121 mens
1643 4070 1838 4120 nostra

209 4175 310 4212 non
349 4166 438 4215 est
473 4159 674 4230 jejuna
707 4159 1011 4229 :jejunant
1038 4158 1098 4213 hi
1133 4159 1340 4230 quibus
1376 4160 1534 4214 abest
1560 4159 1834 4226 Christus,

206 4251 601 4324 bonorumque
643 4252 978 4307 meritorum
1023 4252 1202 4323 c0piis
1237 4256 1429 4324 egent.
1468 4255 1541 4309 At
1570 4269 1703 4308 vero
1744 4254 1836 4308 cui

208 4347 372 4402 virtus
417 4363 541 4402 sum
584 4346 888 4401 voluntatis
935 4345 1142 4401 sufﬁcit
1185 4346 1319 4417 (36),
1370 4347 1467 4418 qui
1515 4364 1614 4401 sua
1662 4346 1836 4403 domo

1335 293 1798 352 EXPOSITIONIS
1836 296 1906 352 IN
1944 297 2172 353 LUCAM
2210 296 2337 351 LIB.
2380 297 2443 349 V.

1862 3168 1916 3240 C
1942 3194 2002 3244 ιι,
2045 3179 2167 3246 21);
2211 3198 2240 3226 ››

3444 298 3581 352 1Ἷ2ϐ

2025 422 2110 475 20.
2152 418 2262 483 Qui
2299 423 2431 474 sunt
2470 418 2552 472 illi
2589 416 2730 485 dies,
2765 417 2971 488 quibus
3006 417 3167 471 nobis
3196 418 3450 474 Christus
3484 435 3584 475 au-

1950 514 2152 579 fertur,
2195 512 2442 566 maxime
2482 527 2613 565 cum
2653 510 2773 581 ipse
2809 510 3018 565 dixerit
3050 526 3064 563 :
3100 530 3125 560 α
3158 510 3453 566 Vobiscum
3481 527 3582 567 ero

1950 623 2126 677 usque
2159 607 2227 659 ad
2268 603 2828 660 consummationem
2866 603 3065 657 mundi
3107 604 3351 671 (Matth,
3392 621 3581 672 xxviii,

1949 700 2072 771 20);
2101 721 2129 749 »
2160 699 2279 771 ipse
2308 698 2516 755 dixerit
2546 715 2559 753 :
2595 720 2623 748 ‹‹
2656 699 2776 752 Non
2814 697 3135 767 relinquam
3166 713 3263 750 vos
3296 698 3583 769 orphanos

1950 793 2152 865 (Joan.,
2198 809 2306 859 xxv,
2357 791 2487 862 48)?
2529 814 2557 841 »
2597 794 2828 848 Certum
2867 793 2953 846 est
2993 790 3149 844 enim
3192 789 3349 861 quod
3393 790 3439 844 si
3481 807 3583 845 nos

1948 887 2251 958 relinquat,
2297 886 2433 941 salvi
2465 903 2586 941 esse
2622 900 2994 957 nequeamus.
3033 885 3215 939 Nemo
3253 882 3357 938 tibi
3392 883 3581 938 Chris-

1949 985 2070 1035 tum
2103 983 2283 1052 potest
2311 980 2558 1044 aut‘erre.
2588 979 2698 1034 nisi
2728 981 2785 1034 te
2822 978 2906 1032 illi
2940 978 3061 1049 ipse
3100 977 3343 1032 auferas.
3377 978 3501 1032 Non
3530 983 3583 1033 te

1948 1075 2170 1130 auferat
2186 1074 2464 1146 jactantia
2488 1078 2609 1141 tua,
2636 1089 2749 1131 non
2772 1074 2829 1126 te
2859 1072 3077 1128 auferat
3102 1070 3449 1141 arrogantia,
3479 1086 3581 1126 nec

1948 1168 2050 1223 tibi
2102 1168 2171 1224 de
2218 1169 2347 1239 lege
2397 1182 2739 1239 praesumas;
2791 1182 2912 1224 non
2956 1165 3114 1221 enim
3158 1180 3357 1220 vocare
3400 1164 3584 1237 justos

1948 1262 2123 1331 venit,
2156 1262 2255 1317 sed
2284 1266 2629 1333 peccatores.

2016 1405 2106 1456 21.
2160 1400 2457 1466 Quomodo
2514 1399 2692 1471 igitur
2750 1398 3021 1454 Dominus
3067 1396 3324 1468 justitias
3379 1397 3579 1452 dilexit

1949 1497 2116 1566 (Psal.
2159 1512 2210 1562 x,
2253 1497 2327 1563 8),
2367 1511 2554 1566 neque
2592 1493 2761 1547 David
2805 1492 2947 1547 vidit
2982 1491 3201 1562 justum
3242 1490 3579 1546 derelictum

1948 1591 2113 1660 (Psal.
2163 1605 2347 1655 xxxvi,
2399 1587 2528 1658 25)?
2581 1589 2689 1643 Aut
2748 1602 2876 1657 quia
2930 1584 3038 1639 ista
3092 1584 3329 1656 aequitas
3386 1583 3479 1639 Dei
3533 1582 3583 1638 si

1941 1684 2129 1755 justus
2166 1681 2525 1753 relinquitur,
2565 1686 2621 1735 et
2661 1682 2928 1751 peccator
2964 1677 3313 1739 adsciscitur,
3356 1676 3461 1731 nisi
3497 1675 3581 1730 in-

1949 1874 2134 1939 munt,
2169 1875 2227 1925 et
2261 1868 2554 1940 Evangelii
2590 1867 2838 1939 gratiam
2880 1882 2998 1920 non
3034 1864 3373 1935 requirunt?
3402 1864 3580 1917 Nemo

1950 1969 2143 2019 autem
2165 1962 2516 2035 justiﬁcatur
2543 1978 2611 2016 ex
2639 1962 2787 2031 lege,
2820 1958 2920 2014 sed
2950 1958 3249 2013 redimitur
3281 1972 3348 2011 ex
3376 1956 3577 2027 gratia.

1949 2059 2045 2112 Est
2084 2057 2259 2129 igitur
2296 2057 2354 2110 in
2390 2055 2517 2125 lege
2545 2054 2788 2125 justitia,
2818 2053 2917 2107 sed
2963 2068 3080 2107 non
3125 2054 3210 2106 est
3241 2065 3348 2121 per
3386 2050 3577 2121 legem

1940 2151 2192 2222 justitia;
2219 2166 2355 2204 nam
2384 2150 2505 2219 ipse
2534 2147 2830 2218 Apostolus
2857 2146 2936 2200 ait
2970 2162 2983 2201 :
3016 2166 3045 2195 «
3077 2144 3349 2199 Hebraeus
3376 2159 3440 2197 ex
3472 2144 3576 2198 He-

1948 2244 2132 2312 braeis,
2174 2242 2490 2298 secundum
2519 2242 2710 2312 legem
2748 2240 3084 2309 Pharisaaus,
3112 2237 3428 2293 secundum
3466 2236 3583 2306 jus-

1947 2340 2131 2395 titiam
2178 2354 2307 2409 quae
2345 2337 2406 2391 in
2445 2336 2575 2407 lege
2626 2338 2731 2402 est,
2777 2338 3139 2389 conversatus
3183 2332 3304 2386 sine
3346 2331 3581 2403 querela

1947 2432 2231 2505 (Philipp.,
2274 2446 2350 2499 ιιι,
2385 2433 2435 2499 5,
2466 2431 2539 2499 6),
2568 2447 2596 2480 »
2626 2428 2724 2499 qui
2764 2426 3042 2499 gloriatur
3081 2442 3147 2479 ex
3174 2425 3304 2496 lege
3336 2441 3349 2479 :
3383 2445 3412 2473 «
3446 2424 3583 2487 Quae

1947 2525 2117 2592 mihi,
2174 2523 2393 2594 inquit,
2449 2523 2607 2577 lucra
2662 2521 2927 2586 fuerunt,
2985 2520 3109 2574 haec
3162 2518 3298 2573 duxi
3346 2519 3583 2588 propter

1944 2618 2233 2676 Christum
2287 2616 2635 2671 detrimenta
2684 2630 2807 2669 esse
2857 2613 3043 2683 (lbid.,
3088 2613 3163 2684 7),
3216 2632 3243 2661 »
3300 2612 3408 2665 hoc
3458 2612 3579 2677 est,

1947 2711 2126 2782 abjeci
2180 2708 2457 2781 justitiam
2519 2714 2577 2763 et
2630 2706 2871 2779 gloriam
2921 2707 3096 2778 legis;
3148 2704 3372 2777 justitia
3425 2703 3581 2758 enim

1944 2804 2089 2875 legis
2128 2803 2248 2858 sine
2290 2803 2515 2860 Christo
2554 2818 2731 2856 vacua
2772 2804 2872 2867 est,
2917 2800 3054 2871 quia
3099 2798 3391 2870 plenitudo
3435 2796 3580 2868 legis

1943 2898 2195 2953 Christus
2230 2903 2333 2952 est.
2376 2898 2443 2952 Et
2481 2895 2609 2949 ideo
2649 2894 2751 2948 etsi
2792 2898 2878 2948 est
2920 2893 2978 2947 in
3015 2893 3144 2963 lege
3175 2890 3427 2962 justitia,
3460 2907 3578 2944 non

1945 2995 2029 3045 est
2054 2995 2249 3046 tamen
2278 3006 2383 3062 per
2408 2989 2598 3059 legem
2620 2986 2845 3058 justitia
2876 3003 2888 3041 :
2925 3007 2951 3036 «
2982 2986 3041 3041 Si
3069 2985 3222 3040 enim
3254 3002 3358 3055 per
3387 2985 3579 3055 legem

1937 3085 2175 3156 justitia,
2226 3100 2364 3154 ergo
2409 3082 2664 3137 Christus
2713 3080 2889 3153 gratis
2926 3085 3185 3135 mortuus
3225 3084 3308 3134 est
3348 3079 3576 3150 (Galat.,

2282 3181 2544 3230 mortuus
2594 3178 2682 3229 est
2724 3174 2879 3229 enim
2925 3174 3216 3241 Christus,
3266 3178 3329 3226 ut
3368 3171 3575 3243 imple-

1938 3274 2027 3325 ret
2063 3270 2372 3341 justitiam.
2408 3269 2664 3340 Denique
2703 3268 2910 3323 Joanni
2953 3267 3166 3321 dicenti
3198 3283 3210 3321 :
3251 3288 3278 3315 «
3318 3268 3434 3337 Ego
3464 3282 3497 3319 a
3522 3268 3577 3318 te

1938 3364 2120 3419 debeo
2152 3362 2442 3434 baptizari,
2468 3367 2525 3417 et
2550 3368 2609 3416 tu
2637 3361 2796 3416 venis
2816 3361 2884 3415 ad
2908 3378 3000 3414 me
3030 3360 3276 3432 (Mutth.,
3304 3376 3387 3427 ιιι,
3417 3358 3521 3429 14),
3546 3378 3573 3405 ››

1937 3456 2236 3528 respondit
2280 3474 2293 3511 :
2334 3477 2362 3505 «
2404 3456 2535 3511 Sine
2567 3455 2769 3521 modo;
2804 3455 2882 3508 sic
2921 3453 3077 3507 enim
3119 3454 3283 3508 decet
3327 3469 3433 3507 nos
3468 3452 3572 3505 im-

1935 3551 2096 3622 plere
2128 3565 2360 3605 omnem
2378 3549 2662 3620 justitiam
2688 3548 2881 3620 (Ibid.,
2917 3548 3023 3617 15).
3056 3568 3084 3595 ››
3120 3548 3268 3617 Ergo
3297 3563 3415 3601 non
3442 3562 3573 3617 gra-

1936 3644 2009 3698 tis
2051 3648 2330 3710 mortuus,
2376 3643 2473 3697 sed
2507 3659 2609 3713 pro
2649 3641 2817 3696 nobis
2859 3643 3118 3695 mortuus
3159 3643 3245 3694 est
3287 3639 3573 3707 Christus;

1936 3742 2002 3792 ut
2028 3737 2167 3807 justi
2190 3736 2481 3807 fulgerent
2517 3735 2661 3790 sicut
2689 3735 2770 3789 sol
2796 3735 2857 3789 in
2889 3749 3070 3805 regno
3101 3732 3284 3787 Patris
3320 3733 3427 3787 sui.
3465 3732 3575 3787 Sed

1940 3847 2057 3885 non
2095 3830 2274 3886 Judaei
2310 3829 2473 3900 justi,
2520 3829 2728 3900 quibus
2772 3827 3023 3882 dicitur:
3067 3846 3095 3875 ‹‹
3134 3827 3278 3881 Cum
3320 3824 3576 3879 videritis

1930 3924 2123 3995 justos
2147 3924 2361 3979 intrare
2391 3924 2451 3977 in
2480 3939 2725 3995 regnum
2756 3922 3024 3976 caelorum
3055 3920 3232 3991 (Luc.,
3260 3934 3375 3987 xm,
3404 3920 3514 3985 28).
3547 3938 3575 3967 ››

1937 4018 2032 4072 Isti
2068 4024 2201 4072 sunt
2221 4017 2362 4088 justi
2400 4016 2501 4088 qui
2534 4016 2961 4088 percutientem
3005 4030 3120 4068 non
3160 4010 3571 4084 repercutiunt,

1936 4112 2035 4184 qui
2059 4111 2358 4166 inimicum
2387 4110 2659 4182 diligunt.

2007 4258 2097 4311 22.
2144 4256 2316 4324 (Vers.
2359 4255 2472 4325 32.)
2519 4254 2578 4309 Si
2618 4254 2698 4309 sic
2741 4270 2860 4309 non
2911 4253 3242 4325 accipimus,
3287 4250 3575 4307 invenitur

1938 4349 2292 4405 contrarium
2328 4365 2341 4403 :
2383 4350 2507 4406 Non
2545 4351 2670 4404 veni
2706 4363 2895 4403 vocare
2928 4348 3109 4417 justas
3151 4347 3257 4402 Sed
3295 4345 3422 4400 illos
3456 4361 3575 4400 non

210 4440 400 4511 recipit
464 4440 784 4507 Christum,
847 4440 1168 4494 convivium
1234 4456 1512 4511 magnum
1576 4439 1833 4513 1360
1938 4447 2119 4510 vocat,
2151 4442 2250 4514 qui
2274 4458 2334 4496 se
2354 4442 2541 4512 justos
2568 4457 2689 4496 esse
2716 4440 2914 4495 dicunt
2944 4457 2957 4494 :
2995 4462 3023 4488 «
3052 4443 3390 4511 Ignorantes
3415 4438 3573 4492 enim

211 4534 460 4604 exhibet,
489 4534 600 4588 hoc
626 4537 730 4600 est,
761 4533 1043 4588 bonorum
1080 4550 1323 4604 operum
1360 4535 1610 4605 spiritale
1647 4535 1836 4589 convi-
1859 4533 1918 4605 D
1942 4537 2141 4605 Deum,
2177 4539 2234 4590 et
2272 4551 2433 4589 suam
2466 4534 2753 4605 justitiam
2792 4536 3115 4604 quaerentes
3150 4534 3424 4599 statuere,
3458 4530 3575 4600 jus-

210 4627 379 4695 vium,
412 4644 531 4700 quo
560 4626 713 4681 dives
737 4627 984 4698 populus
1012 4630 1165 4697 eget,
1205 4644 1424 4699 pauper
1455 4629 1743 4698 epulatur.
1777 4631 1844 4685 Et
1946 4630 2082 4685 titiae
2129 4629 2227 4683 Dei
2277 4644 2391 4682 non
2436 4632 2569 4681 sunt
2614 4626 2852 4697 subjecti
2898 4626 3096 4697 (Rom.,
3141 4643 3196 4693 x,
3236 4628 3308 4697 3).
3355 4648 3382 4675 »
3424 4625 3573 4695 Ergo

210 4720 365 4789 ideo,
418 4721 634 4793 inquit,
678 4721 941 4791 jejunare
998 4737 1111 4775 non
1164 4724 1402 4792 possunt
1452 4722 1555 4776 lilii
1608 4724 1838 4794 sponsi,

213 4814 462 4885 quandiu
491 4831 623 4870 cum
649 4814 761 4869 illis
789 4818 875 4870 est
898 4830 1164 4886 sponsus.

275 4908 452 4979 (Vers.
494 4910 603 4980 35.)
654 4910 878 4966 Venient
917 4914 1099 4964 autem
1126 4909 1240 4965 dies
1282 4924 1400 4965 cum
1445 4912 1726 4978 auferetur
1769 4913 1838 4967 ab

212 5001 315 5057 illis
338 5017 600 5073 sponsus.

268 5130 362 5193 (33)
411 5131 568 5181 Rom.
611 5131 741 5182 edit.
784 5130 877 5183 hic
922 5136 978 5183 et
1018 5132 1182 5195 intra,
1220 5134 1559 5185 manducatis
1605 5140 1653 5185 et
1694 5135 1837 5185 bibi—

215 5199 290 5250 tis.
318 5202 466 5253 Huic
497 5201 831 5268 suffragatur
871 5208 1057 5254 textus
1095 5206 1475 5269 evangelista,
1507 5211 1677 5271 atque
1715 5221 1834 5258 om-

214 5283 307 5322 nes
345 5274 593 5337 ejusdem
630 5275 945 5334 versiones;
984 5276 1356 5341 Ethiopicam
1399 5283 1587 5329 tamen
1623 5279 1835 5343 excipi-

215 5353 363 5413 mus;
388 5344 509 5395 haec
537 5346 688 5395 enim
717 5359 847 5397 cum
876 5348 987 5395 ant.
1011 5347 1142 5397 edit.
1177 5348 1512 5413 cunctisque
1532 5363 1665 5399 mss.
1699 5352 1833 5399 Am-

214 5409 476 5482 brosianis
525 5416 754 5467 lectioni
806 5421 1012 5468 nostrai
1062 5409 1470 5482 patrocinatur;
1520 5422 1614 5471 cui
1669 5421 1833 5471 etiam

217 5481 355 5600 {avet
381 5485 488 5537 loci
516 5488 705 5550 series,
739 5489 786 5539 si
810 5488 978 5539 modo
1016 5481 1127 5539 non
1159 5490 1533 5553 perfunctorie
1556 5493 1834 5543 examine-

240 5566 315 5600 ur.

240 5566 315 5603 ur.

277 5624 368 5687 (38)
412 5627 488 5678 Ita
538 5644 668 5681 mss.
719 5631 1051 5695 complures,
1105 5632 1198 5681 alii
1242 5645 1374 5682 vero
1417 5637 1473 5682 et
1517 5636 1627 5682 ant.
1678 5633 1829 5695 edit.,

1944 4727 2305 4794 usurpatores
2350 4720 2593 4793 justitias
2652 4736 2770 4775 non
2835 4723 3111 4775 vocantur
3167 4720 3241 4775 ad
3294 4720 3571 4791 gratiam;

1940 4833 2075 4872 nam
2119 4816 2168 4870 si
2204 4814 2393 4886 gratia
2436 4831 2507 4870 ex
2551 4813 2908 4886 poenitentia,
2963 4814 3164 4885 utique
3216 4813 3317 4885 qui
3363 4812 3577 4867 fastidit

1938 4908 2373 4981 paenitentiam,
2433 4907 2654 4963 abdicat
2719 4907 2981 4979 gratiam.
3040 4906 3316 4963 Sitierunt
3369 4905 3569 4959 vulne-

1938 5003 2047 5058 rati
2077 5002 2206 5073 (37),
2246 5001 2345 5074 qui
2375 5017 2434 5056 se
2478 5000 2828 5056 sanctiﬁcant
2858 5018 2872 5055 :
2912 5000 3033 5055 istis
3067 5016 3311 5073 sponsus
3345 4998 3570 5053 aufere-

1936 5146 2182 5199 sponsus,
2219 5137 2283 5184 ut
2320 5134 2376 5184 in
2421 5134 2563 5196 aliis,
2608 5139 2662 5184 et
2698 5134 2917 5185 cunctis
2960 5147 3090 5184 mss.
3134 5132 3393 5193 habetur,
3442 5131 3573 5182 lon-

1935 5219 2070 5270 gum
2102 5205 2291 5257 locum
2321 5219 2390 5257 ex
2418 5207 2587 5258 Luem
2616 5205 2920 5271 Evangelio
2944 5219 3047 5256 suo
3080 5217 3234 5255 more
3262 5203 3569 5255 substitue-

1938 5280 2044 5326 rat.

1999 5349 2095 5411 (37)
2150 5350 2281 5400 Mss.
2335 5364 2449 5401 non
2494 5351 2658 5415 pauci
2709 5363 2841 5399 cum
2892 5352 3004 5399 ant.
3058 5348 3214 5410 edit.,
3270 5349 3366 5399 Isti
3418 5354 3573 5398 erunt

1932 5420 2231 5481 vulnerati;
2276 5421 2371 5471 alii
2422 5422 2636 5486 aliquot
2678 5424 2735 5471 in
2783 5421 2987 5485 quibus
3039 5419 3227 5481 Corb.,
3281 5420 3370 5471 isti
3417 5425 3575 5471 erunt

1931 5491 2219 5543 vulnerati.
2269 5493 2342 5543 Et
2377 5492 2502 5544 huic
2540 5506 2669 5543 vera
2712 5493 2879 5543 lectio
2922 5495 3022 5542 est.
3067 5492 3173 5542 Hic
3220 5492 3368 5542 enim
3407 5492 3446 5541 ii
3476 5494 3572 5555 qui

1926 5564 2198 5626 jejunant,
2251 5577 2363 5613 non
2409 5563 2788 5627 jejunantibus
2839 5567 3229 5626 opponuntur;
3289 5577 3421 5614 cum
3472 5578 3571 5614 au-

1932 5638 2046 5684 tem
2075 5634 2143 5685 de
2171 5635 2386 5684 ultimis
2423 5635 2563 5684 infra
2603 5634 2873 5697 scriptum
2905 5633 3016 5682 sit:
3056 5632 3324 5695 Quomodo
3364 5632 3575 5683 videtur

223 5696 279 5742 At
318 5710 436 5770 vero
472 5702 555 5750 cui
597 5703 766 5752 virtus
802 5716 903 5753 sua
948 5702 1217 5752 voluntate
1261 5702 1468 5767 sufﬁcit.
1516 5703 1624 5755 Sed
1675 5719 1831 5768 repo-
1920 5706 2195 5769 jejunare,
2239 5708 2335 5770 qui
2376 5718 2486 5756 non
2534 5701 2689 5755 sitit?
2720 5696 2869 5754 satis
2919 5704 3283 5769 intelligimus
3323 5705 3574 5768 jejunare

227 5776 343 5837 nere
378 5769 582 5831 placuit
620 5770 800 5834 Rom.,
829 5776 893 5822 At
938 5785 1056 5823 vero
1098 5774 1185 5822 cui
1225 5774 1396 5824 virtus
1431 5775 1674 5837 suppetit.
1721 5776 1828 5826 Ea-

228 5833 341 5887 dem
394 5839 513 5892 edit.
566 5857 667 5907 pro
716 5833 920 5907 verbis,
966 5844 1033 5895 Et
1079 5844 1211 5895 ideo.
1240 5881 1251 5893 .
1430 5833 1545 5895 cum
1595 5844 1704 5897 illis
1758 5851 1831 5898 est

1931 5778 2058 5827 illos
2101 5776 2169 5826 de
2218 5776 2426 5841 quibus
2465 5777 2686 5836 dicitur,
2727 5777 2996 5827 sitiet-unt.
3038 5777 3176 5827 Nam
3220 5776 3336 5839 hic,
3380 5774 3573 5825 vulne-

1930 5849 2058 5905 rati,
2109 5847 2256 5899 idem
2300 5852 2386 5899 est
2427 5862 2493 5900 ac
2528 5850 2837 5914 paznitentiu
2880 5861 2989 5901 non
3024 5849 3236 5912 sanati;
3279 5848 3367 5899 vel
3414 5847 3571 5899 forte,
