3926 6168
433 277 565 329 1727
1906 270 1960 325 S.
2003 270 2044 325 A

2150 269 2318 325 ROSII
3603 280 3703 337 1728

422 404 517 452 tur
544 413 557 452 :
586 394 749 451 nobis
779 399 973 451 autem
1013 410 1131 449 non
1170 394 1429 465 Caipbas,
1472 410 1592 448 non
1630 393 1842 449 Pilatus
1878 393 2063 448 Chris-
2084 394 2297 477 Aquia
2341 391 2514 447 talem
2554 392 2733 447 habes
2772 406 3043 463 sponsum
3082 408 3094 446 :
3140 392 3233 446 hic
3275 394 3328 446 te
3366 395 3539 450 vestiet
3570 399 3710 456 bene-

384 562 389 565 ,
424 496 550 545 tum
593 489 842 556 abstulit,
887 505 992 544 nec
1036 504 1338 559 possumus
1368 488 1663 559 jejunare;
1697 487 1829 559 quia
1864 486 2056 542 Chris-
2164 486 2496 554 dictionem,
2528 502 2598 541 ne
2625 502 2737 557 qua
2762 490 2966 541 noceat
2998 485 3243 540 scissura
3268 489 3483 556 peccati.

424 589 549 639 tum
579 583 877 650 habemus,
910 588 967 636 et
994 583 1202 639 Christi
1240 598 1472 636 carnem
1516 582 1822 652 epulamur
1849 586 1902 635 et
1934 596 2057 634 san-
2231 583 2321 656 25.
2373 582 2671 636 Servemus
2724 579 2903 650 igitur
2949 584 3164 633 vestem
3184 573 3208 646 ,’
3248 595 3413 650 quam
3460 598 3547 636 nos
3589 601 3716 641 sacro

426 678 681 749 guinem.
713 676 1013 741 Quomodo
1042 676 1193 730 enim
1231 675 1459 729 videtur
1487 675 1778 746 jejunare,
1809 675 1908 745 qui
1947 689 2061 728 non
2160 674 2438 728 Dominus
2473 678 2830 744 emergentes
2868 673 3027 727 fonte
3065 672 3304 727 vestivit.
3346 673 3454 729 Cito
3495 676 3717 735 scinditur

427 770 640 826 esurit?
689 769 986 834 Quomodo
1036 767 1286 841 1361
1342 768 1569 823 videtur
1613 767 1911 838 jejunare,
1964 766 2061 837 qui
2161 768 2351 836 vestis,
2398 767 2446 821 si
2481 767 2633 822 facta
2677 783 2791 820 non
2833 769 3185 838 congruant;
3236 766 3346 821 cito
3388 767 3536 823 tineis
3573 774 3721 826 carnis

428 878 543 919 non
585 862 742 917 sitit?
778 862 1069 928 Quomodo
1111 866 1300 916 autem
1341 861 1496 916 sitire
1537 862 1743 931 potest,
1782 860 1881 931 qui
1919 859 2063 913 bibit
2161 862 2443 928 atteritur,
2469 864 2525 916 et
2548 860 2751 915 veteris
2777 860 3021 915 hominis
3050 876 3243 914 errore
3269 862 3576 917 maculatur.
3601 866 3720 936 Ergo

428 956 742 1026 Christum,
772 973 902 1011 cum
929 956 1049 1027 ipse
1077 955 1283 1010 dixerit
1316 972 1330 1009 :
1363 976 1389 1004 ‹‹
1425 953 1534 1019 Qui
1567 953 1776 1008 biberit
1812 953 1881 1007 de
1913 970 2062 1024 aqua
2163 954 2256 1008 hic
2298 970 2445 1009 nova
2490 954 2776 1009 veteribus
2818 954 3079 1025 copulare
3127 972 3140 1009 :
3185 953 3246 1007 in
3290 956 3532 1024 Apostolo
3572 963 3725 1013 autem

429 1066 601 1121 quam
632 1066 737 1121 ego
774 1049 938 1117 dabo,
979 1065 1096 1103 non
1134 1049 1284 1102 sitiet
1322 1049 1382 1102 in
1421 1052 1703 1101 aeternum
1745 1047 1944 1116 (Joan.,
1982 1062 2056 1114 1v,
2162 1048 2334 1103 etiam
2386 1048 2544 1102 novis
2589 1054 2778 1102 vetera
2824 1046 3198 1119 supervestire
3242 1047 3600 1118 prohibemur,
3644 1052 3721 1106 sed

430 1142 558 1211 i3)?
604 1165 631 1191 ››
684 1141 941 1213 Denique
990 1142 1058 1196 de
1105 1140 1285 1195 animi
1326 1140 1541 1194 dictum
1583 1139 1837 1210 jejunio,
1887 1138 2058 1193 etiam
2164 1157 2372 1196 exuere
2421 1146 2608 1207 vetus,
2656 1157 2867 1195 novum
2908 1157 3161 1211 sumere;
3209 1146 3269 1194 ut
3313 1140 3595 1210 exspoliati,
3637 1159 3729 1198 non

428 1235 720 1307 sequentia
748 1235 1054 1290 declarant.
2163 1234 2302 1289 nudi
2355 1234 2720 1289 inveniamur
2772 1236 2832 1302 (ll
2889 1237 3031 1296 Cor.,
3085 1250 3137 1300 v,
3192 1234 3333 1304 2-4).
3391 1234 3731 1305 Exspoliamur

499 1331 674 1398 (Vers.
728 1328 841 1400 36.)
889 1330 1038 1384 Dixit
1089 1330 1232 1382 enim
1278 1327 1696 1383 similitudinem
1747 1327 1823 1381 ad
1872 1327 1992 1381 illos
2042 1345 2058 1381 :
2165 1326 2423 1402 1362
2463 1328 2617 1383 enim
2648 1328 2885 1382 meliora
2914 1327 3197 1399 sumpturi
3234 1349 3244 1379 :
3278 1326 3547 1382 nudamur
3575 1332 3735 1383 autem

426 1424 568 1491 Quia
594 1438 746 1477 nemo
788 1424 1189 1476 commissuram
1229 1422 1295 1476 de
1330 1424 1644 1476 vestimento
1682 1436 1819 1475 novo
1856 1422 2062 1475 immit-
2163 1438 2294 1477 cum
2341 1422 2745 1477 indumentum
2792 1421 2954 1476 nobis
2997 1421 3182 1475 aliena
3208 1420 3409 1475 fraude
3447 1421 3733 1489 detrahitur,

426 1518 494 1570 tit
521 1518 578 1569 in
601 1517 976 1571 vestimentum
1004 1519 1175 1569 uetus.
2161 1533 2280 1571 non
2313 1520 2509 1571 nostra
2538 1516 2830 1570 voluntate
2859 1515 3179 1586 deponitur.

496 1611 586 1662 '23.
638 1607 864 1662 Dixerat
907 1608 1054 1662 filios
1097 1607 1319 1679 sponsi,
1368 1608 1477 1662 hoc
1524 1614 1629 1678 est,
1674 1608 1819 1662 ﬁlios
1863 1607 2058 1675 Verbi,
2164 1637 2173 1644 -
2234 1610 2405 1681 (Vers.
2448 1612 2555 1679 37.)
2597 1613 2664 1665 Et
2698 1624 2848 1664 nemo
2884 1611 3052 1664 mittit
3086 1610 3276 1664 vinum
3310 1623 3498 1664 novum
3530 1611 3583 1662 in
3622 1611 3740 1663 utres

425 1702 523 1772 qui
569 1717 673 1772 per
717 1701 1462 1774 lavacri‘regenerationem
1503 1702 1561 1755 in
1595 1703 1690 1772 jus
1727 1701 1929 1756 divinae
1960 1718 2059 1773 ge-
2095 1773 2110 1774 ᾧ
2160 1709 2378 1760 veteres.

425 1794 742 1850 nerationis
798 1773 1075 1866 assumpti
1128 1798 1289 1862 sunt,
1337 1795 1595 1866 quandiu
1644 1812 1775 1850 cum
1822 1795 1932 1849 illis
1980 1773 2137 1850 estB
2230 1800 2320 1853 26.
2350 1795 2645 1869 Fragilitas
2670 1796 2940 1851 humanas
2970 1795 3316 1851 conditionis
3351 1794 3607 1867 aperitur,
3636 1811 3742 1849 cum

424 1904 684 1958 sponsus,
709 1889 972 1959 jejunare
1002 1904 1118 1942 non
1150 1904 1329 1959 posse.
1365 1890 1489 1943 Non
1532 1889 1728 1961 utique
1769 1889 1878 1943 hoc
1912 1889 2059 1960 jeju-
2161 1907 2400 1962 corpora
2458 1893 2653 1945 nostra
2718 1890 2932 1944 exuviis
2990 1889 3392 1944 defunctorum
3448 1888 3746 1943 animalium

423 1981 583 2035 nium
626 1983 933 2053 relegatur,
974 1998 1086 2053 quo
1124 1982 1418 2037 conﬁcitur
1462 1998 1620 2050 caro,
1654 1987 1710 2037 et
1749 1982 2061 2053 corporalis
2161 1988 2587 2056 comparantur.
2615 1986 2797 2055 Atque
2826 1983 3046 2038 utinam
3070 1983 3355 2037 bonorum
3382 1982 3581 2037 utrium
3605 1997 3746 2035 usum

425 2075 646 2131 luxuria
688 2075 1024 2146 castigatur;
1070 2075 1177 2130 hoc
1220 2075 1375 2130 enim
1411 2075 1703 2146 jejunium
1754 2092 1857 2130 nos
1902 2091 2058 2129 com-
2158 2078 2440 2150 possimus
2480 2078 2753 2148 implere;
2798 2079 2861 2130 ut
2899 2080 3323 2131 sacramentum
3367 2074 3519 2147 quod
3557 2074 3746 2146 accepi-

426 2167 682 2223 mendat.
720 2169 861 2222 Nam
898 2167 1390 2239 quemadmodum
1436 2168 1739 2240 discipulos
1784 2168 1877 2223 hic
1914 2168 2061 2240 jeju-
2160 2189 2316 2239 mus,
2382 2170 2763 2227 reservemus!
2821 2171 2992 2225 Levat
3045 2170 3318 2241 injuriam
3371 2168 3661 2237 industria,
3713 2167 3749 2221 si

429 2278 567 2316 nare
596 2261 946 2332 prohiberet,
976 2278 1106 2316 cum
1127 2263 1245 2333 ipse
1268 2261 1544 2317 Dominus
1565 2262 1854 2333 jejunaret
1887 2264 2056 2331 (Luc.,
2160 2265 2444 2321 renovatis
2493 2264 2717 2319 utribus
2768 2280 2921 2334 nova
2971 2264 3103 2319 vina
3159 2262 3486 2318 credantur.
3537 2265 3598 2319 Et
3647 2261 3751 2316 ideo

426 2372 500 2425 1v,
544 2356 624 2424 2);
667 2371 796 2410 cum
841 2358 1130 2426 postremo
1169 2355 1383 2410 diceret
1417 2355 1791 2427 nequissimos
1831 2356 2060 2427 spiritus
2161 2364 2313 2415 utres
2363 2359 2469 2414 hos
2521 2359 2722 2431 plenos
2770 2374 2991 2413 servare
3044 2373 3271 2429 semper
3333 2357 3626 2425 debemus;
3672 2372 3751 2409 va-

428 2447 655 2505 nonnisi
716 2447 949 2519 jejuniis
1014 2453 1072 2503 et
1140 2448 1489 2504 orationibus
1553 2450 1734 2504 solere
1800 2451 2057 2521 superari
2166 2470 2301 2508 cuos
2349 2453 2502 2508 enim
2549 2452 2661 2507 cito
2712 2452 2865 2506 tinea
2912 2454 2971 2507 et
3014 2467 3210 2522 aerugo
3256 2450 3553 2519 consumit,
3600 2447 3753 2520 gratia

429 2544 670 2613 (Matth,
719 2559 851 2611 xvn,
901 2543 1031 2614 20)?
1076 2543 1332 2614 Denique
1379 2544 1553 2597 etiam
1599 2544 1705 2598 hoc
1757 2544 1879 2599 loco
1915 2545 2060 2615 jeju-
2161 2549 2346 2602 servat
2371 2546 2653 2617 impletos.

429 2636 592 2692 nium
632 2636 1041 2691 vestimentum
1081 2636 1387 2709 appellavit
1428 2642 1608 2706 vetus,
1651 2638 1806 2709 quod
1846 2654 2056 2693 exuen-
2228 2644 2314 2694 27.
2350 2640 2585 2695 Pulchre
2618 2644 2809 2695 autem
2848 2639 3009 2711 operi
3048 2639 3179 2694 huic
3217 2638 3358 2693 talia
3392 2641 3615 2711 peccata
3646 2652 3756 2693 con-

430 2728 569 2785 dum
613 2730 912 2801 Apostolus
957 2729 1259 2785 aestimavit
1301 2730 1489 2785 dicens
1535 2748 1548 2785 :
1593 2731 1917 2803 Exspoliate
1959 2749 2060 2788 vos
2157 2735 2397 2789 veniunt
2443 2750 2456 2788 :
2504 2738 2729 2789 sextum
2778 2736 2864 2787 est
2906 2732 3060 2788 enim
3102 2748 3266 2805 opus,
3315 2749 3428 2805 quo
3476 2732 3598 2788 Levi
3638 2745 3758 2785 nova

427 2826 679 2879 veterem
732 2824 1026 2880 hominem
1077 2840 1210 2879 cum
1262 2824 1479 2880 actibus
1530 2826 1685 2895 ejus,
1740 2829 1796 2880 et
1838 2826 2060 2881 induite
2159 2828 2405 2900 quadam
2441 2828 2719 2900 ﬁguratur
2746 2826 2933 2881 forma
2971 2826 3139 2897 (Luc.,
3176 2842 3228 2896 v,
3265 2831 3334 2882 27
3372 2824 3579 2898 supra).
3615 2825 3756 2879 Sexto

431 2912 565 2972 eum
638 2917 737 2989 qui
799 2918 1159 2990 baptismatis
1230 2918 1678 2974 sanctiﬁcatione
1754 2922 2060 2975 renovatur
2160 2928 2352 2976 autem
2380 2921 2473 2977 die
2508 2920 2688 2976 factus
2727 2926 2813 2976 est
2851 2921 3022 2975 homo
3050 2920 3221 2989 (Gem,
3268 2938 3305 2987 ι,
3342 2923 3429 2991 27)
3461 2936 3473 2974 :
3508 2920 3653 2974 sexto
3678 2915 3761 2987 igi-

425 3011 664 3081 (Coloss.,
693 3028 771 3082 iu,
803 3014 855 3079 9,
889 3011 995 3083 10).
1028 3012 1091 3065 In
1119 3012 1377 3067 eamdem
1402 3012 1578 3084 igitur
1606 3012 1856 3068 formam
1887 3013 2059 3068 series
2160 3020 2252 3069 tur
2292 3013 2500 3071 Christi
2539 3031 2711 3086 opere
2753 3013 3097 3070 reformatur
3132 3014 3249 3084 jam
3295 3030 3414 3068 non
3460 3017 3631 3081 vetus,
3677 3007 3755 3062 sed

425 3105 688 3160 convenit
739 3108 1157 3175 praceptorum
1176 3146 1190 3173 ,
1239 3121 1311 3161 ne
1365 3108 1522 3160 actus
1570 3107 1775 3161 veteris
1826 3112 1881 3161 et
1930 3107 2058 3162 novi
2080 3140 2131 3180 ρ
2160 3125 2309 3164 nova
2335 3113 2610 3177 creatura,
2633 3113 2690 3163 et
2713 3108 2980 3180 quaedam
3005 3107 3193 3163 forma
3218 3107 3542 3179 peregrina.
3571 3106 3633 3159 Et
3653 3103 3760 3158 ideo

431 3196 682 3252 hominis
725 3197 1096 3266 misceamus;
1146 3214 1276 3253 cum
1322 3198 1416 3253 ille
1459 3200 1766 3270 corporalis
1817 3200 2061 3255 exterior
2085 3196 2134 3214 υ
2162 3208 2430 3274 tanquam
2459 3219 2604 3257 nova
2631 3205 2889 3257 creatura
2914 3201 3136 3259 Christo
3169 3201 3496 3256 convivium
3528 3197 3758 3261 exhibet;

428 3307 606 3361 opera
652 3290 841 3345 carnis
891 3295 1176 3361 operetur,
1230 3295 1287 3346 et
1327 3291 1422 3347 hic
1471 3291 1713 3348 interior
1757 3292 1853 3363 qui
1901 3310 2060 3349 rena-
2162 3312 2230 3350 eo
2274 3296 2428 3367 quod
2467 3299 2524 3350 et
2566 3296 2625 3350 in
2669 3296 2789 3367 ipso
2830 3295 3085 3351 Christus
3122 3294 3527 3360 delectaretur,
3571 3295 3624 3346 et
3661 3290 3762 3360 ipse

429 3384 621 3451 scitur,
669 3400 784 3439 non
830 3384 1225 3439 versicolorem
1277 3386 1525 3457 speciem
1572 3391 1831 3441 veterum
1880 3404 2058 3442 novo-
2160 3393 2382 3461 partem
2406 3388 2797 3445 delectationis
2814 3391 3137 3443 mereretur
3156 3388 3371 3443 habere
3392 3402 3523 3442 cum
3544 3383 3758 3442 Christo.

427 3493 673 3550 rumque
727 3477 927 3533 debeat
984 3478 1195 3534 habere
1253 3483 1579 3550 gestorum,
1640 3481 1736 3535 sed
1798 3482 2061 3536 concolor
2158 3483 2242 3537 Ad
2277 3484 2431 3537 hunc
2470 3483 2647 3554 igitur
2684 3481 3120 3537 informandum
3156 3484 3449 3553 praecepta
3477 3480 3573 3534 dat
3595 3474 3760 3531 Domi-

424 3572 641 3626 Christo
690 3572 855 3627 illum
899 3572 1087 3627 studio
1135 3573 1345 3628 mentis
1390 3574 1642 3644 imitari,
1691 3575 1778 3629 cui
1827 3581 2059 3630 renatus
2160 3592 2267 3630 nus
2281 3594 2298 3646 ς
2328 3575 2673 3647 sequebatur
2709 3576 2867 3629 enim
2894 3574 3018 3646 jam
3051 3576 3238 3641 laetus,
3279 3574 3490 3640 alacer,
3520 3575 3577 3626 et
3600 3568 3762 3624 exsul-

427 3670 512 3720 est
555 3666 616 3720 in
663 3666 911 3721 lavacro.
953 3667 1154 3721 Absint
1194 3667 1368 3739 igitur
1403 3668 1665 3723 decolora
1711 3669 1916 3723 mentis
1961 3686 2055 3723 ve-
2158 3675 2302 3738 tans,
2340 3670 2534 3723 dicens
2567 3685 2581 3722 :
2610 3669 2731 3723 lam
2773 3684 2889 3722 non
2923 3667 3295 3740 publicanum
3328 3683 3483 3739 gero,
3512 3666 3629 3737 jam
3666 3676 3765 3717 non

427 3759 661 3829 lamina,
701 3777 829 3832 quae
859 3759 1167 3831 displicent
1202 3778 1442 3833 sponso;
1486 3761 1747 3833 displicet
1779 3763 1937 3817 enim
1980 3763 2055 3830 ei,
2158 3766 2323 3835 porto
2361 3762 2555 3817 Levin.
2598 3762 2739 3818 Exui
2780 3761 2971 3830 Levin,
3017 3763 3329 3833 postquam
3371 3758 3651 3817 Christum
3692 3754 3762 3808 in-

425 3854 523 3924 qui
547 3857 757 3909 vestem
788 3871 902 3909 non
930 3854 1192 3909 habuerit
1232 3855 1575 3927 nuptialem.
1604 3855 1821 3927 Sponso
1864 3861 2058 3911 autem
2158 3856 2275 3911 dui.
2307 3855 2414 3911 Odi
2441 3871 2621 3927 genus
2652 3871 2864 3925 meum,
2894 3855 3052 3925 fugio
3081 3854 3253 3908 vitam
3292 3869 3483 3910 meam
3509 3851 3763 3924 priorem;

426 3947 567 4018 quid
598 3951 780 4018 potest
806 3948 1047 4018 placere,
1082 3948 1188 4003 nisi
1216 3964 1324 4019 pax
1368 3948 1565 4017 animi,
1597 3950 1817 4021 puritas
1850 3950 2055 4019 cordis,
2160 3950 2343 4005 solum
2376 3954 2432 4003 te
2473 3965 2697 4021 sequor,
2740 3948 2981 4004 Domine
3016 3950 3168 4017 Jesu,
3212 3947 3318 4019 qui
3354 3963 3522 4002 sanas
3559 3944 3766 3999 vulnera

427 4040 673 4096 charitas
702 4041 951 4095 mentis?
2159 4060 2306 4099 mea.
2354 4043 2490 4108 Quis
2526 4043 2680 4098 enim
2718 4059 2810 4097 me
2853 4048 3080 4113 separat
3115 4058 3148 4095 a
3182 4041 3465 4097 charitate
3508 4037 3621 4105 Dei,
3659 4049 3765 4106 quas

499 4134 590 4188 24.
650 4135 837 4188 Bonus
892 4150 1130 4205 sponsus
1185 4136 1462 4189 Dominus
1516 4137 1707 4204 Jesus,
1764 4137 1855 4191 hic
1908 4154 2056 4193 novo
2157 4139 2214 4193 in
2254 4142 2308 4193 te
2347 4136 2824 4204 est?Tribulatio,
2869 4152 2944 4190 an
2993 4135 3278 4208 angustia,
3324 4152 3401 4190 an
3446 4129 3657 4188 fames?
3690 4127 3761 4182 Li-

428 4229 596 4298 partu
626 4229 885 4280 naturam
914 4226 1176 4283 initiavit.
1208 4228 1344 4283 Huic
1383 4228 1721 4300 desponsata
1758 4237 2055 4303 corrupte-
2157 4235 2323 4304 gatus
2349 4248 2475 4286 sum
2504 4231 2636 4285 ﬁdei
2675 4230 2847 4285 clavis
2877 4229 3236 4302 quibusdam,
3269 4232 3330 4285 et
3363 4228 3529 4283 bonis
3565 4237 3762 4295 compe-

426 4320 495 4375 lis
532 4321 714 4375 carnis
755 4320 1093 4391 absolvitur,
1140 4337 1257 4376 non
1299 4322 1444 4377 ﬁlios
1486 4323 1748 4378 mortales
1796 4325 2054 4397 requirit,
2158 4325 2321 4381 dibus
2371 4324 2664 4380 charitatis
2714 4324 2955 4380 innexus
3010 4340 3157 4379 sum.
3212 4323 3403 4379 Omne
3459 4318 3764 4377 mandatum

427 4431 542 4469 non
600 4416 727 4469 Eva:
788 4414 1105 4470 delectatur
1158 4415 1476 4483 doloribus,
1534 4432 1650 4472 non
1705 4416 1889 4473 virum
1928 4420 2055 4473 'ob-
2156 4424 2320 4475 tuum
2375 4419 2521 4474 sicut
2572 4418 2891 4473 cauterium
2946 4420 3289 4490 impressum
3346 4415 3574 4472 tenebo.
3625 4406 3764 4468 Etsi

427 4508 661 4564 noxium
692 4509 894 4581 culpae,
924 4525 1041 4564 non
1068 4509 1463 4566 haereditatem
1490 4511 1855 4566 condemnati
1879 4512 2057 4584 patris
2076 4508 2136 4579 D
2160 4513 2275 4567 urit
2310 4512 2626 4567 cauterium
2669 4511 2948 4581 mandati,
2996 4515 3194 4567 tamen
3239 4510 3563 4583 putrefacta
3602 4502 3759 4561 carnis

424 4601 688 4673 requirit.
743 4602 891 4659 Vidit
942 4603 1095 4658 enim
1152 4604 1339 4658 carnis
1387 4604 1611 4675 ulcera,
1671 4622 1843 4678 quam
1891 4611 2056 4662 antea

424 4695 879 4765 concupiscebat;
927 4696 1172 4752 advertit
1224 4715 1337 4753 non
1396 4715 1517 4753 esse
1570 4699 2055 4770 pulchritudinem

427 4805 647 4859 veram,
710 4805 838 4860 quas
890 4789 1161 4845 vitiorum
1220 4791 1426 4846 habeat
1478 4792 1921 4850 deformitatem.
1986 4797 2055 4850 Et

426 4884 556 4939 ideo
593 4883 730 4954 quid
772 4882 876 4938 tibi
916 4900 1049 4938 cum
1090 4884 1184 4939 tali
1230 4901 1471 4957 sponso,
1512 4888 1760 4944 femina?
1805 4889 2054 4961 Require

425 4977 750 5048 diligenter,
786 4982 843 5033 et
872 4977 932 5033 in
963 4978 1118 5033 omni
1149 4995 1388 5051 corpore
1418 4981 1672 5037 invenies
1707 4982 2049 5037 cicatricem.

422 5071 711 5143 Cognosce
755 5073 927 5128 alium
969 5074 1153 5145 magis
1198 5091 1490 5145 sponsum,
1527 5076 1623 5147 qui
1670 5075 2054 5131 circumdatur

423 5164 570 5232 luce,
600 5167 760 5237 cujus
800 5167 1019 5239 species
1055 5185 1169 5223 non
1208 5172 1391 5240 potest
1430 5168 1686 5225 interire.
1718 5171 1875 5225 Hunc
1920 5171 2049 5226 tolle

423 5257 484 5311 in
531 5260 725 5316 animo
771 5265 900 5326 tuo,
953 5278 1218 5317 consecra
1264 5263 1323 5316 in
1364 5264 1576 5334 templo
1624 5266 1758 5331 tuo,
1811 5265 1944 5318 tolle
1990 5265 2049 5319 in

423 5365 657 5419 corpore
686 5355 807 5423 tuo,
838 5354 982 5409 sicut
1007 5355 1280 5426 scriptum
1307 5361 1390 5409 est
1419 5372 1431 5411 :
1467 5377 1493 5404 «
1518 5356 1717 5410 Tollite
1747 5358 2047 5411 Dominum

423 5442 482 5496 in
510 5459 746 5514 corpore
776 5451 963 5503 vestro
998 5449 1037 5518 (Ι
1066 5448 1210 5516 Cor.,
1250 5466 1324 5519 v1,
1353 5450 1466 5520 20).
1498 5471 1524 5499 »
1556 5450 1731 5521 Hujus
1772 5450 2051 5507 thalamos

420 5536 722 5605 ingredere
742 5556 913 5595 novos
928 5542 1099 5612 hujus
1116 5548 1360 5614 spectato
1376 5543 1745 5615 peregrinum
1762 5544 2044 5613 decorem,

420 5628 576 5683 hunc
602 5628 798 5699 indue,
820 5633 974 5689 hunc
998 5635 1123 5690 vide
1146 5635 1221 5691 ad
1243 5635 1536 5692 dexteram
1554 5637 1756 5710 Patris,
1782 5644 1839 5693 et
1860 5638 2047 5714 gaude

2154 4606 2359 4676 exurit,
2386 4622 2459 4661 ne
2493 4605 2563 4661 ad
2592 4605 2784 4661 vivum
2813 4610 3002 4677 serpat
3039 4605 3349 4677 contagio;
3399 4608 3455 4660 et
3482 4602 3529 4657 si
3564 4596 3763 4656 mordet

2154 4700 2651 4763 medicamentum,
2694 4704 2887 4755 tamen
2931 4698 3135 4753 vitium
3175 4698 3385 4754 ulceris
3426 4696 3584 4752 tollit.
3611 4690 3758 4747 Aufer

2153 4794 2348 4866 igitur,
2382 4793 2620 4848 Domine
2650 4794 2800 4862 Iesu,
2833 4792 3053 4863 potenti
3082 4792 3369 4847 machaera
3398 4796 3498 4846 tua
3530 4797 3756 4843 meorum

2152 4887 2483 4960 putredines
2526 4891 2889 4959 peccatorum
2933 4902 2945 4941 :
2994 4887 3132 4940 dum
3187 4902 3282 4941 me
3325 4884 3502 4939 habes
3546 4882 3753 4951 ligatum

2153 4981 2442 5036 charitatis
2480 4981 2736 5047 vinculis,
2777 4996 2903 5035 seca
2945 4979 3330 5051 quodcunque
3374 4977 3629 5032 vitiosum
3666 4970 3753 5025 est.

2153 5074 2292 5128 Veni
2331 5074 2440 5128 cito
2482 5073 2735 5129 incidens
2779 5073 3042 5143 occultas,
3084 5076 3142 5128 et
3184 5072 3450 5138 latentes,
3496 5068 3753 5134 variasque

2152 5168 2444 5240 passiones
2482 5184 2496 5222 :
2534 5167 2755 5239 aperito
2801 5167 3029 5237 vulnus,
3081 5182 3154 5221 ne
3197 5166 3406 5221 noxius
3444 5165 3619 5234 serpat
3659 5157 3749 5212 hu-

2150 5279 2296 5318 mor.
2345 5261 2607 5317 Emunda
2651 5278 2819 5317 omne
2862 5261 3016 5333 quod
3057 5260 3307 5316 fetidum
3349 5260 3439 5314 est
3477 5251 3748 5329 peregrino

2147 5356 2388 5411 lavacro.
2427 5356 2629 5411 Audite
2670 5372 2786 5423 me,
2829 5355 3043 5411 terreni
3084 5353 3371 5423 homines,
3400 5351 3497 5424 qui
3533 5340 3745 5421 peccatis

2148 5451 2350 5505 vestris
2380 5449 2747 5522 cogitationes
2777 5448 2960 5511 ebrias
2985 5449 3199 5521 geritis.
3234 5449 3306 5503 Et
3338 5463 3444 5519 ego
3485 5441 3603 5498 Levi
3636 5435 3744 5492 tali-

2146 5544 2251 5600 bus
2272 5561 2433 5599 eram
2454 5544 2815 5616 passionibus
2836 5543 3138 5599 sauciatus.
3164 5541 3359 5599 lnveni
3377 5537 3644 5596 medicum
3659 5524 3741 5602 qui

2148 5639 2209 5693 in
2236 5640 2373 5694 coelo
2418 5638 2661 5707 habitat,
2693 5641 2750 5692 et
2786 5639 2845 5693 in
2878 5636 3043 5693 terris
3082 5637 3299 5709 spargit
3337 5629 3737 5690 medicamenta.

416 5752 672 5803 ardenter
695 5752 944 5816 sitientes,
967 5757 1243 5822 siquidem
1278 5761 1606 5814 vulneribus
1641 5762 1887 5814 confossi
1927 5763 2109 5815 solent
2138 5762 2382 5816 maximo
2418 5764 2539 5815 sitis
2575 5765 2717 5817 metu
2759 5760 2832 5814 ob
2877 5760 3213 5819 exhaustum
3236 5755 3560 5825 sanguinem
3592 5744 3736 5800 13130“

415 5828 555 5867 rare.
