3972 6174
221 231 347 282 1729

1324 233 1791 292 EXPOSlTIONlS
1829 237 1897 292 IN
1938 236 2165 295 LUCAM
2207 238 2333 292 LIB.
2375 239 2437 293 ν.

3431 247 3451 299 1
3465 246 3567 301 730

215 351 303 404 Hie
341 349 496 404 solus
516 353 698 421 potest
737 367 941 407 sanare
971 352 1208 409 vulnera
1247 371 1392 424 mea,
1442 358 1537 428 qui
1583 375 1682 412 sua
1721 376 1823 413 ne-
1852 374 1911 444 Α
1931 360 2081 427 ideo,
2101 361 2237 432 quia
2258 360 2734 430 Sabbatumillud
2756 380 2825 419 ex
2852 364 2981 435 lege
3004 366 3255 421 solutum
3279 369 3383 436 est,
3407 368 3563 439 quod

136 471 142 476 -
211 443 331 509 scit;
394 443 492 498 hic
549 444 772 499 auferre
837 447 1023 501 cordis
1084 447 1378 518 dolorem,
1439 452 1829 524 palloremque

211 536 431 605 animos,
459 537 553 609 qui
582 538 737 592 novit
761 540 999 595 occulta.

272 652 421 723 (Cap.
472 654 553 707 VI.
587 684 657 694 —
688 655 843 709 Vers.
896 656 971 726 l.)
1010 660 1232 713 Factum
1261 665 1339 713 est
1378 664 1558 715 autem
1600 663 1659 715 in
1696 661 1829 716 Sab-

206 746 320 799 bato
368 747 601 801 secundo
652 751 862 817 primo,
913 765 1035 805 cum
1084 754 1340 807 transiret
1384 769 1487 822 per
1530 756 1823 815 seminata,

202 839 460 893 vellebant
522 840 785 910 discipuli
846 843 958 912 ejus
1013 847 1222 913 spicas,
1277 851 1327 900 et
1390 848 1818 913 manducabant,

200 934 554 998 confn'cuntes
580 950 669 989 eas
699 937 952 992 manibus
977 940 1109 993 suis.

262 1049 343 1100 '28.
390 1047 504 1101 Nec
554 1048 735 1103 solum
778 1051 1295 1121 comprehensione
1342 1052 1681 1119 verborum,
1725 1054 1822 1108 sed

198 1139 359 1193 etiam
406 1157 511 1194 usu
552 1141 693 1212 ipso,
724 1143 1028 1215 specieque
1064 1151 1353 1216 gestorum
1395 1146 1592 1218 incipit
1631 1147 1819 1201 homi-

197 1250 319 1287 nem
384 1234 660 1289 Dominus
722 1237 879 1290 Jesus
941 1238 1147 1293 veteris
1213 1240 1612 1296 observatione
1680 1241 1821 1312 legis

194 1343 414 1395 exuere,
450 1345 713 1400 novoque
751 1329 1093 1387 indumento
1133 1333 1328 1403 gratiae
1367 1333 1589 1389 vestire.
1624 1337 1818 1405 Itaque

192 1436 313 1474 eum
333 1420 457 1491 jam
489 1422 554 1475 in
584 1422 823 1477 Sabbato
851 1441 956 1494 per
981 1425 1258 1481 seminata
1286 1428 1549 1495 traducit,
1579 1429 1686 1483 hoc
1711 1434 1816 1496 est,

190 1514 448 1569 admovet
484 1515 787 1571 fructuosis
826 1517 953 1588 (38).
985 1519 1131 1584 Quid
1161 1520 1267 1574 sibi
1305 1521 1619 1576 Sabbatum
1666 1523 1814 1588 velit,

189 1607 314 1678 quid
353 1624 546 1679 seges,
575 1609 713 1680 quid
754 1611 943 1682 spicae,
988 1629 1102 1667 non
1144 1614 1433 1669 mediocre
1480 1614 1815 1686 mysterium

187 1706 277 1755 est.
324 1705 478 1771 Ager
523 1702 679 1757 enim
723 1710 807 1759 est
847 1705 1035 1758 omnis
1076 1705 1167 1759 hic
1210 1707 1460 1761 mundus
1497 1725 1510 1761 :
1556 1705 1892 1811 1363B

187 1794 296 1864 agri
338 1810 509 1865 seges
558 1795 618 1851 in
662 1797 879 1851 satione
928 1798 1168 1853 humani
1218 1800 1450 1870 generis
1499 1800 1816 1855 fecunditas

186 1904 482 1943 numerosa
517 1895 873 1957 sanctorum;
908 1891 1079 1962 spicae
1121 1893 1244 1963 agri
1281 1892 1499 1947 fructus
1529 1895 1811 1963 Ecclesiae,

185 1997 314 2053 quos
344 1983 624 2053 operibus
663 1985 1033 2040 discutientes
1064 1986 1178 2040 suis
1220 1988 1460 2058 apostoli
1497 1988 1811 2059 pasceban-

187 2078 283 2140 tur,
316 2081 515 2130 nostro
544 2093 603 2131 se
638 2078 855 2132 alentes
881 2080 1163 2149 profectu.

245 2190 328 2242 29.
369 2189 578 2244 Stabat
622 2189 800 2260 igitur
846 2207 1012 2262 seges
1050 2192 1171 2261 jam
1215 2191 1463 2247 fecunda
1510 2192 1807 2262 virtutum,

185 2282 591 2351 pullulantibus
640 2284 833 2354 spicis,
882 2284 1085 2356 quibus
1132 2285 1313 2340 nostri
1360 2286 1576 2342 fructus
1621 2288 1811 2343 meriti

182 2379 611 2447 comparantur;
656 2393 819 2448 teque
862 2378 1019 2432 enim
1062 2384 1161 2433 aut
1202 2379 1385 2434 imbre
1430 2386 1805 2448 marcescunt,

184 2475 267 2522 aut
314 2471 431 2524 sole
496 2473 827 2540 torrentur,
886 2475 987 2526 aut
1033 2471 1236 2542 pluviis
1285 2473 1660 2542 humescunt,
1710 2479 1809 2530 aut

183 2563 604 2634 tempestatibus
653 2564 971 2632 eliduntur,
1028 2570 1127 2620 aut
1174 2584 1208 2620 a
1260 2568 1607 2623 messoribus
1660 2568 1806 2624 intra

184 2655 511 2712 horreorum
552 2657 807 2713 felicium
846 2661 1207 2730 receptacula
1246 2661 1657 2716 reconduntur.
1702 2663 1804 2717 Re-

183 2754 385 2821 ceperat
438 2767 588 2821 ergo
641 2754 796 2807 terra
840 2753 965 2823 jam
1021 2754 1113 2808 Dei
1164 2755 1431 2824 verbum,
1483 2759 1542 2809 et
1588 2756 1803 2810 caelesti

183 2844 376 2899 semine
425 2850 590 2899 satus
636 2846 836 2900 divites
883 2847 1033 2901 fetus
1080 2864 1219 2919 ager
1266 2849 1450 2903 almus
1500 2848 1797 2905 effuderat.

182 2936 514 2993 Esuriebant
567 2938 822 3009 discipuli
879 2941 1115 2995 salutem
1174 2941 1509 3008 hominum,
1565 2948 1621 2997 et
1672 2947 1798 2997 tan-

179 3046 330 3101 quam
369 3048 400 3086 e
440 3032 719 3087 folliculis
775 3050 1078 3105 corporum
1130 3035 1413 3090 mentium
1464 3036 1682 3092 fructus
1729 3038 1800 3092 ad

179 3123 293 3179 ﬁdei
345 3126 541 3181 lucem
592 3126 879 3197 prieclaris
931 3145 1170 3199 operum
1221 3145 1456 3184 suorum
1508 3131 1797 3186 miraculis

181 3219 452 3275 eruebant.
516 3219 623 3274 Sed
671 3220 779 3275 hoc
827 3221 1107 3291 putabant
1155 3223 1334 3278 Judaei
1386 3224 1633 3279 Sabbato
1683 3242 1797 3280 non

178 3308 344 3381 licere,
377 3312 643 3368 Christus
682 3318 874 3368 autem
908 3331 1066 3369 novre
1095 3316 1293 3386 gratia:
1321 3333 1560 3372 munere
1604 3318 1792 3389 desig-

181 3404 329 3460 nabat
355 3407 544 3461 otium
574 3406 741 3478 legis,
775 3424 916 3478 opus
948 3408 1162 3479 gratiae.

236 3518 311 3571 30.
341 3518 453 3573 Nec
479 3517 612 3573 sine
640 3518 911 3590 mysterio
950 3519 1056 3574 hoc
1093 3520 1162 3574 ab
1204 3522 1555 3593 evangelista
1593 3538 1791 3578 secun-

180 3607 295 3665 dum
319 3612 658 3666 Matthamm
687 3614 929 3683 (Matth.,
960 3629 1055 3681 xu,
1092 3614 1164 3684 l),
1200 3620 1258 3669 et
1291 3616 1540 3670 Marcum
1573 3616 1791 3687 (Mam,

178 3718 225 3768 ιι,
271 3707 352 3776 23)
409 3705 664 3761 Sabbata
722 3723 866 3778 pure
918 3708 1101 3777 posita
1147 3708 1256 3779 (39)
1310 3715 1467 3779 puto,
1516 3710 1791 3781 quoniam

176 3795 389 3853 Sabbata
416 3803 701 3872 perpetua
724 3800 884 3855 feriae
920 3805 1053 3855 sunt
1078 3802 1507 3857 resurrectionis
1539 3809 1788 3859 ceterum.

178 3889 253 3944 Vel
292 3891 348 3947 in
396 3893 515 3948 hoc
566 3892 743 3965 igitur
787 3895 991 3949 sieculo
1044 3896 1259 3950 feriatis
1314 3896 1417 3950 hac
1467 3898 1793 3952 vacantibus

173 3985 652 4054 superstitionibus
704 3988 1059 4057 ludmorum,
1119 3989 1202 4044 vel
1262 3989 1318 4044 in
1371 3990 1565 4044 futuro
1617 3990 1791 4045 ferias

173 4075 262 4146 ipsi
308 4082 591 4152 perpetua
641 4080 1000 4137 solemnitate
1047 4083 1421 4151 celebrantes,
1469 4100 1598 4155 quae
1641 4096 1791 4139 nona

176 4175 285 4225 sunt
321 4178 499 4228 terrae
546 4174 1051 4243 manducabimus,
1093 4176 1258 4246 juxta
1305 4177 1459 4248 quod
1513 4177 1787 4249 scriptum

178 4267 300 4319 est:
346 4267 432 4323 llli
481 4267 940 4351 manducabunt,
990 4285 1089 4323 vos
1136 4286 1268 4325 vero
1317 4270 1577 4325 esurietis
1626 4271 1786 4339 (Isa.,

180 4370 305 4426 um,
339 4362 450 4425 13).

1931 457 2049 508 erat
2080 455 2351 523 primum,
2380 458 2435 509 et
2460 455 2565 509 hoc
2602 458 2849 526 primum
2892 456 3106 511 factum
3137 462 3239 527 est,
3279 460 3426 530 quod
3467 477 3555 515 se-

1930 546 2116 601 cundo
2146 550 2233 600 est
2260 548 2653 603 constitutum.
2678 550 2817 604 Nam
2840 553 2896 603 et
2914 565 3045 603 cum
3069 552 3288 620 operari
3310 551 3558 607 Sabbato

1930 640 2110 708 liceat,
2140 645 2198 695 et
2235 642 2526 712 operantis
2564 642 2720 697 nulla
2756 643 2828 697 sit
2863 658 3062 714 pmna;
3098 642 3326 699 Sabbati
3357 644 3556 715 utique

1928 750 1997 788 ex
2037 734 2165 805 lege
2194 735 2351 804 cujus
2394 735 2475 789 vis
2516 736 2701 790 soluta
2735 741 2838 803 est,
2879 752 2984 791 nec
3020 752 3229 791 nomen
3269 737 3554 806 haerebat;

1926 825 2027 880 sed
2052 831 2246 881 tamen
2272 827 2445 882 fuerit
2474 828 2615 882 illud
2642 828 2896 899 primum
2924 829 3143 899 ordine,
3173 830 3279 884 hoc
3302 829 3557 901 primum

1925 935 2182 988 munere,
2212 937 2314 975 nec
2346 920 2473 976 ideo
2505 922 2693 977 minus
2725 923 2850 990 hoc,
2882 923 3019 994 quia
3044 924 3387 989 secundum;
3417 939 3554 978 nam

1923 1016 1979 1068 et
2001 1013 2183 1067 Adam
2209 1013 2449 1085 primus,
2472 1031 2575 1070 nec
2598 1017 3022 1088 comparandus
3051 1017 3300 1072 secundo
3324 1016 3511 1071 Adam
3538 1033 3552 1070 :

1925 1126 1953 1154 «
1984 1106 2205 1161 Primus
2234 1108 2388 1163 enim
2418 1108 2599 1163 Adam
2630 1110 2686 1163 in
2718 1110 2967 1165 animam
2995 1110 3296 1177 viventem,
3323 1109 3557 1164 novissi-

1922 1216 2048 1253 mus
2088 1200 2267 1254 Adam
2301 1200 2358 1255 in
2403 1201 2666 1272 spiritum
2705 1202 3197 1259 viviﬁcantem.....
3233 1206 3301 1259 Et
3334 1204 3555 1274 primus

1921 1293 2095 1347 homo
2141 1293 2211 1347 de
2253 1297 2403 1349 terra
2439 1299 2724 1363 terrenus,
2766 1296 3048 1351 secundus
3087 1297 3259 1351 homo
3301 1297 3371 1351 de
3414 1298 3554 1351 caelo

1919 1386 2158 1441 caelestis
2205 1389 2242 1456 (l
2297 1389 2441 1451 Cor.,
2488 1405 2576 1448 xv.
2630 1392 2719 1455 45,
2776 1390 2886 1459 47).
2942 1410 2971 1438 ››
3026 1391 3300 1444 Ρτωίειιιιε
3349 1390 3549 1461 utique

1919 1479 2200 1534 secundus
2264 1480 2481 1551 primo;
2546 1481 2642 1535 ille
2708 1482 2864 1536 enim
2929 1498 3097 1537 causa
3158 1483 3387 1547 mortis,
3451 1483 3546 1536 hic

1916 1573 2065 1627 vitae.
2124 1573 2210 1627 Sic
2266 1578 2321 1628 et
2378 1574 2883 1645 secundoprimum
2939 1574 3247 1630 Sabbatum
3302 1576 3544 1642 dicitur;

1917 1667 2226 1721 secundum
2262 1667 2432 1736 juxta
2478 1684 2802 1737 numerum,
2844 1668 3096 1740 primum
3130 1668 3298 1739 juxta.
3341 1685 3545 1740 opera-

1918 1760 2086 1815 tionis
2139 1760 2418 1830 gratiam;
2470 1762 2675 1816 melius
2726 1765 2810 1816 est
2863 1762 3018 1816 enim
3066 1761 3381 1817 Sabbatum
3433 1778 3547 1833 quo

1915 1854 2227 1924 impunitas
2276 1854 2463 1921 datur,
2522 1871 2699 1926 quam
2755 1871 2868 1926 quo
2923 1871 3087 1926 pmna
3136 1855 3544 1926 praescribitur.

1913 1948 2100 2001 Prima
2125 1948 2234 2018 lex,
2275 1947 2591 2003 secundum
2631 1949 3033 2019 Evangelium;
3073 1948 3309 2004 inferior
3348 1950 3545 2003 tamen

1913 2040 2155 2095 formido
2192 2057 2366 2112 quam
2399 2041 2601 2112 gratia.
2640 2046 2749 2097 Aut
2782 2042 2927 2096 forte
2969 2045 3027 2097 et
3062 2043 3315 2113 primum
3356 2042 3449 2098 hic
3485 2043 3544 2097 in

1912 2134 2411 2205 przedestinatione
2448 2134 2685 2203 consilii,
2717 2139 2777 2190 et
2815 2136 3132 2191 secundum
3167 2136 3226 2191 in
3256 2136 3543 2191 sanctione

1910 2228 2146 2283 decreti.

1982 2326 2066 2377 32.
2096 2322 2267 2392 (Vers.
2297 2324 2369 2391 3.)
2399 2326 2547 2379 Bene
2573 2327 2765 2379 autem
2793 2323 3065 2378 Dominus
3091 2322 3151 2378 in
3180 2324 3305 2395 lege
3336 2328 3539 2396 typum

1908 2415 2086 2470 futuri
2127 2416 2230 2470 hoc
2274 2432 2501 2488 quoque
2540 2416 2892 2472 demonstrat
2931 2418 3074 2485 loco,
3116 2422 3173 2472 et
3213 2417 3541 2473 defensores

1906 2509 2049 2579 legis
2104 2510 2294 2581 arguit
2342 2510 2561 2565 nescire
2614 2527 2744 2582 quae
2793 2510 2939 2581 legis
2988 2516 3148 2578 sunt,
3202 2512 3538 2582 exemplum

1903 2602 2147 2657 aﬂ'erens
2172 2604 2320 2675 quod
2361 2604 2555 2672 David,
2581 2620 2713 2658 cum
2750 2603 2995 2659 esuriret
3020 2603 3139 2675 ipse
3176 2619 3309 2658 cum
3350 2604 3533 2671 sociis,

1901 2696 2132 2751 intravit
2180 2698 2241 2751 in
2297 2698 2531 2752 domum
2585 2698 2717 2765 Dei,
2774 2701 2833 2752 et
2884 2714 3065 2768 panes
3120 2697 3533 2768 propositionis

1906 2788 2163 2863 1364
2205 2791 2465 2862 sumpsit,
2509 2796 2566 2845 et
2605 2790 2992 2860 manducavit,
3028 2795 3086 2845 et
3130 2790 3289 2844 dedit
3328 2790 3396 2845 iis
3438 2792 3539 2862 qui

1901 2900 2030 2938 cum
2068 2885 2191 2956 ipso
2224 2891 2389 2939 erant
2420 2885 2463 2955 (l
2510 2888 2661 2955 Reg.,
2688 2901 2798 2954 xxx,
2828 2885 2967 2955 3-6).
3005 2885 3273 2955 Magnum
3308 2887 3366 2939 et
3400 2900 3535 2939 vere

1901 2979 2226 3050 exemplum
2271 2978 2694 3050 propheticum,
2742 2994 2855 3049 quo
2896 2978 3147 3049 primum
3186 2994 3305 3032 non
3340 2977 3532 3032 inania

1902 3073 2061 3143 legis,
2094 3074 2191 3127 sed
2231 3072 2410 3127 solida
2452 3073 2706 3127 utilitatis
2735 3072 2842 3143 (40)
2874 3072 3035 3127 nobis
3073 3070 3367 3143 sequenda
3392 3087 3528 3143 pro-

1899 3164 2133 3220 duntur.
2185 3165 2403 3221 Deinde
2450 3165 2585 3237 quia
2629 3165 2796 3220 David
2845 3182 2977 3220 cum
3020 3164 3185 3220 sociis
3228 3165 3452 3236 fugiens
3497 3180 3531 3217 a

1895 3258 2039 3314 facie
2073 3258 2224 3330 regis
2263 3259 2400 3314 Saul
2438 3258 2528 3313 hic
2574 3259 2970 3331 praeﬁguratus
3003 3258 3062 3312 in
3099 3258 3229 3329 lege
3272 3257 3527 3314 Christus

1897 3355 2001 3418 est,
2030 3353 2127 3423 qui
2154 3368 2284 3406 cum
2316 3353 2585 3425 apostolis
2612 3352 2930 3423 principem
2956 3351 3159 3406 mundi
3184 3352 3407 3407 lateret.

1966 3448 2056 3500 33.
2095 3445 2389 3509 Quomodo
2427 3450 2614 3500 autem
2654 3446 2749 3499 ille
2799 3444 3124 3499 observator
3162 3443 3311 3516 legis
3356 3447 3529 3516 atque

1896 3539 2167 3593 defensor
2195 3555 2373 3610 panes
2403 3544 2460 3593 et
2486 3538 2606 3610 ipse
2636 3537 3023 3607 manducavit,
3060 3541 3118 3592 et
3147 3538 3308 3593 dedit
3333 3538 3403 3595 iis
3430 3539 3528 3609 qui

1893 3648 2085 3688 secum
2138 3636 2335 3700 erant,
2391 3647 2534 3702 quos
2588 3648 2703 3686 non
2759 3630 2967 3686 licebat
3018 3631 3365 3686 manducare
3418 3621 3531 3686 nisi

1894 3725 2295 3781 tantummodo
2341 3724 2753 3791 sacerdotibus,
2804 3724 2912 3779 nisi
2959 3727 3022 3778 ut
3069 3740 3174 3795 per
3216 3725 3371 3779 illam
3419 3725 3522 3778 de-

1892 3825 2234 3875 monstraret
2266 3819 2533 3889 figuram,
2565 3818 2975 3873 sacerdotalem
3011 3817 3202 3872 cibum
3242 3817 3317 3873 ad
3353 3833 3520 3872 usum

1892 3913 2263 3967 transiturum
2320 3929 2442 3966 esse
2493 3911 2872 3983 populorum?
2927 3910 3053 3966 Sive
3108 3911 3261 3983 quod
3321 3926 3523 3965 omnes

1889 4006 2067 4061 vitam
2114 4006 2526 4061 sacerdotalem
2584 4005 2861 4060 debemus
2912 4003 3126 4059 imitari
3178 4023 3189 4058 :
3236 4003 3352 4058 sive
3392 4003 3523 4075 quia

1890 4116 2089 4155 omnes
2152 4099 2252 4154 filii
2316 4098 2578 4155 Ecclesiae
2638 4099 2960 4154 sacerdotes
3026 4104 3185 4169 sunt;
3254 4097 3526 4169 ungimur

1890 4195 2045 4249 enim
2089 4194 2145 4248 in
2184 4194 2568 4249 sacerdotium
2608 4196 2885 4262 sanctum,
2933 4193 3241 4249 offerentes
3270 4198 3519 4248 nosmet-

1890 4288 2040 4359 ipsos
2066 4289 2184 4343 Deo
2216 4288 2425 4343 hostias
2454 4287 2765 4359 spiritales.

1959 4382 2045 4435 34.
2082 4381 2216 4452 Legi
2252 4381 2431 4452 igitur
2447 4381 2575 4451 jam
2604 4381 2965 4451 superefﬂuit
3000 4379 3254 4435 doctrina
3289 4378 3518 4449 Christi,

233 4470 313 4523 31.
355 4471 489 4527 Mire
532 4475 732 4526 tamen
775 4472 1088 4527 secundum
1137 4474 1372 4543 Lucam,
1420 4473 1986 4547 secundopri-Dnec
2032 4476 2223 4546 legem
2266 4474 2450 4543 solvit,
2480 4474 2580 4528 sed
2624 4474 2838 4545 implet,
2877 4474 3012 4545 quia
3057 4489 3159 4527 nec
3204 4471 3521 4529 Sabbatum

174 4574 329 4629 mum,
362 4581 483 4619 non
517 4564 1018 4635 primosecundum
1057 4566 1364 4623 Sabbatum
1400 4569 1543 4624 dixit
1571 4593 1582 4624 :
1622 4578 1779 4627 δευτε-

176 4661 387 4726 Win-nov
426 4659 584 4713 enim
625 4659 901 4730 scriptum
938 4664 1042 4716 est.
1089 4662 1346 4717 Praeferri
1390 4663 1543 4718 enim
1588 4664 1785 4719 debuit

176 4750 303 4815 quod
328 4751 624 4822 praecellit.
658 4751 981 4807 Secundum
1013 4754 1163 4824 ideo,
1194 4756 1327 4826 quia
1360 4756 1608 4828 primum
1646 4765 1781 4812 ante

178 4853 234 4893 ex
251 4842 369 4913 lege
391 4845 706 4916 praecessit,
732 4845 788 4900 in
811 4862 926 4917 quo
948 4847 1121 4903 etiam
1144 4865 1313 4919 paena
1338 4851 1671 4922 praescripta
1697 4855 1784 4905 est

179 4932 371 5000 (Brod,
399 4953 544 5005 xxxx,
580 4939 662 5010 14)
684 4980 698 5005 ,
728 4939 772 4993 si
803 4938 930 5010 quis
963 4947 1231 5011 operetur
1262 4958 1275 4996 :
1310 4943 1561 5013 primum
1592 4947 1781 4999 autem

231 5072 315 5137 (38)
342 5077 547 5130 Omnes
570 5078 723 5143 edit.,
745 5080 991 5132 admovet
1015 5081 1301 5144 fructuosis
1328 5084 1620 5136 itineribus.
1650 5084 1777 5136 Mss.

181 5151 302 5220 vero
342 5160 453 5220 non
506 5150 732 5213 habent,
786 5152 1097 5216 itineribus;
1138 5167 1265 5217 quae
1315 5168 1423 5205 vox
1466 5155 1781 5206 introducta

182 5211 373 5290 videtur
401 5217 473 5290 ab
511 5211 727 5285 aliquo,
754 5223 852 5287 qui
887 5236 999 5273 non
1030 5211 1251 5287 puta-ret
1279 5227 1417 5276 scite
1450 5225 1561 5277 dici
1596 5239 1781 5290 posse,

182 5281 391 5401 milia?“
422 5281 724 5351 fructuosis,
765 5281 1143 5360 subintelligo,
1179 5295 1445 5360 operibus,
1491 5298 1577 5347 vel
1597 5281 1781 5348 actio;

186 5362 334 5406 nibus.

236 5426 317 5491 (39)
352 5430 495 5482 Edit.
538 5439 644 5485 vet.
685 5448 815 5487 cum
851 5438 1045 5501 paucis
1079 5452 1229 5499 mss.,
1264 5439 1550 5490 Sabbatum
1586 5454 1782 5491 secun-

188 5491 289 5575 ιξιιιῃ
328 5500 520 5567 (Rom,
564 5491 1040 5573 secundoprimum)
1072 5491 1300 5575 positum
1337 5516 1481 5575 puto,
1527 5514 1781 5575 quoniam

192 5562 444 5649 §abbatum
484 5562 740 5642 perpetuae
774 5562 941 5643 ferias,
985 5562 1091 5633 etc:
1146 5562 1349 5633 Cteteri
1397 5562 1552 5633 cod.‘
1579 5597 1782 5649 magno

192 5646 389 5718 {humero
412 5650 464 5697 et
491 5652 702 5702 meliori
728 5665 849 5703 avo
878 5654 1088 5717 scripti,
1116 5658 1179 5703 ut
1208 5655 1265 5703 in
1293 5658 1467 5705 textu.
1497 5655 1591 5705 Sic
1621 5646 1780 5718 porro

195 5713 523 5789 interpretari,
552 5722 787 5773 Sabbata
806 5738 941 5789 pure
960 5713 1157 5789 posita,
1187 5727 1347 5789 quasi
1372 5730 1533 5787 esset,
1560 5713 1783 5789 simpli-

196 5784 325 5846 citer,
348 5791 409 5837 ut
444 5792 609 5858 aiunt,
648 5796 768 5845 sine
807 5784 996 5848 addito
1026 5784 1251 5861 posite:
1286 5809 1453 5860 quam
1484 5784 1780 5849 lectionem

1884 4568 2064 4624 solvit.
2097 4569 2153 4626 Si
2186 4569 2341 4623 enim
2381 4568 2689 4623 Sabbatum
2730 4573 2964 4638 propter
3001 4564 3263 4621 homines
3299 4566 3518 4620 factum

1883 4666 1968 4718 est
2013 4679 2027 4716 :
2070 4663 2283 4717 utilitas
2328 4662 2437 4731 (41)
2485 4664 2680 4715 autem
2726 4660 2977 4715 hominis
3021 4659 3345 4731 postulabat
3388 4675 3515 4714 esu-

1882 4757 2126 4810 rientem
2170 4754 2469 4809 hominem
2514 4754 2611 4825 qui
2657 4752 2757 4809 diu
2797 4755 2984 4810 fuerat
3029 4760 3196 4809 terrm
3239 4753 3517 4808 fructibus

1881 4849 2191 4915 abdicatus,
2224 4849 2428 4903 veteris
2455 4848 2625 4902 famis
2653 4848 2875 4919 jejunia
2902 4848 3108 4914 vitare;
3153 4863 3272 4901 non
3318 4846 3512 4915 utique

1881 4942 1974 4996 lex
1999 4941 2252 5009 solvitur,
2282 4941 2382 4996 sed
2405 4942 2697 5013 impletur.
2732 4940 3025 5006 Quomodo
3056 4940 3235 5011 igitur
3271 4938 3513 4993 Domino

1881 5096 2199 5148 germanam
2226 5095 2348 5133 esse
2376 5082 2643 5146 inspectis
2670 5082 2966 5146 utriusque
2996 5079 3350 5142 evangelista;
3376 5078 3514 5128 locis

1881 5155 2042 5206 facile
2070 5153 2472 5217 deprehendes.

1942 5226 2038 5289 (40)
2070 5225 2214 5275 Edit.
2243 5228 2350 5274 vet.
2379 5238 2444 5276 ac
2472 5237 2606 5275 mss.
2638 5223 2917 5284 nonnulli,
2944 5222 3035 5273 sed
3052 5221 3217 5274 solius
3244 5220 3513 5271 utilitatis.

1882 5298 2064 5357 Rom,
2093 5297 2183 5347 sed
2224 5296 2399 5347 solida
2428 5297 2681 5347 veritatis.
2727 5295 2852 5345 Mss.
2904 5295 3175 5358 plerique,
3214 5292 3304 5342 sed
3340 5291 3517 5343 solida

1881 5368 2146 5419 utilitatis.
2193 5367 2614 5433 Consequenter
2653 5371 2843 5416 autem
2890 5365 2988 5415 ubi
3038 5378 3233 5415 omnes
3277 5377 3413 5413 mss.
3460 5365 3517 5412 et

1883 5445 1988 5491 vet.
2032 5441 2184 5498 edit.,
2224 5441 2423 5490 Deinde
2465 5441 2592 5503 quia
2630 5438 2820 5497 David,
2858 5442 2963 5488 etc.
2997 5437 3155 5488 Rom.
3192 5437 3275 5486 sic
3311 5438 3513 5485 immu-

1880 5513 2017 5562 tavit
2066 5526 2077 5560 :
2125 5512 2324 5562 Deinde
2370 5512 2501 5575 quia
2541 5511 2597 5558 in
2643 5509 2819 5559 David
2860 5522 2977 5557 cum
3014 5508 3169 5558 sociis
3213 5505 3444 5570 fugiente
3480 5521 3516 5556 a

1880 5583 2017 5645 facie
2049 5583 2189 5645 regis
2232 5581 2385 5640 Saul,
2422 5579 2795 5645 preﬁguratus
2829 5592 2945 5629 cum
2983 5577 3237 5643 apostolis
3279 5578 3518 5628 Christus

1880 5659 1973 5714 est,
2010 5658 2066 5703 ut
2098 5654 2414 5717 principem,
2444 5654 2551 5702 etc.

1945 5726 2042 5788 (41)
2074 5724 2231 5774 Rom.
2254 5724 2385 5773 edit.
2408 5723 2545 5782 sola,
2573 5721 2862 5772 Sabbatum
2885 5722 3024 5773 enim
3048 5725 3265 5784 propter
3282 5720 3515 5771 homines

1879 5795 2078 5857 factum
2110 5797 2220 5855 est;
2245 5795 2291 5843 si
2314 5806 2439 5843 vero
2470 5792 2696 5853 utilitas,
2723 5795 2828 5843 etc.
