3972 6174
302 1784 307 1791 ,
368 1776 369 1781 η
452 1735 578 1788 talis
610 1733 905 1787 manubias
934 1740 991 1787 ct
1018 1748 1178 1787 arma
1216 1739 1578 1803 sumpturus;
1610 1748 1741 1785 nam
1772 1731 1869 1802 qui
1896 1730 2081 1787 Chris-
2104 1699 2161 1772 B

458 223 587 275 1731

1930 212 1987 266 S.
2028 208 2342 265 AMBROSll

3631 219 3740 276 1732

449 335 523 390 ad
555 336 772 389 crimen
800 333 1086 404 objicitur,
1119 331 1270 404 quod
1296 332 1355 386 in
1385 346 1543 386 servo
1574 346 1676 402 pro
1704 327 1942 385 crimine
1968 344 2085 382 non
2108 338 2165 411 Α
2187 326 2365 397 lisque
2394 327 2679 383 medicina
2708 332 2810 383 est.
2839 329 2906 383 Et
2934 331 2996 382 tu
3022 327 3120 398 qui
3149 331 3308 399 putas
3331 343 3547 385 manum
3570 332 3743 390 habere

350 456 369 464 —
448 433 698 483 tenetur.

520 525 607 576 35.
640 520 787 585 Quid
825 522 1021 575 autem
1064 518 1378 575 evidentius
1415 518 1519 572 hac
1559 517 1763 588 ﬁgura,
1807 532 1935 587 quas
1979 531 2083 585 per

448 618 631 670 totam
667 615 845 668 currit
877 612 1209 667 historiam?
1250 611 1482 666 Intravit
1523 610 1699 664 David
1738 611 1795 663 in
1845 609 2081 662 domum

448 707 810 764 Achimelech
864 707 1192 774 sacerdotis;
1251 705 1349 759 sed
1403 721 1507 759 nec
1566 704 1819 774 periculo
1880 701 2080 755 mortis

450 801 757 872 proposito,
800 800 1084 871 hospitem
1118 802 1362 864 recusat,
1402 814 1507 852 nec
1543 797 1793 851 declinat
1826 796 2083 850 exsulem

452 894 632 949 sancti
674 894 902 948 animus
939 892 1242 948 sacerdotis
1281 894 1319 959 (Ι
1360 895 1514 960 Reg.,
1559 907 1671 958 xxi,
1714 894 1761 956 l,
1794 890 1868 960 2).
1906 890 2083 943 Tanta

452 987 849 1059 hospitalitatis
893 992 978 1041 est
1017 986 1219 1057 gratia,
1261 991 1325 1039 ut
1369 984 1611 1039 libenter
1652 983 1713 1037 in
1750 999 1855 1037 nos
1893 982 2083 1037 aliena

451 1081 711 1152 pericula
736 1080 1158 1135 transferamus.

525 1177 611 1229 36.
644 1176 853 1230 Verum
892 1174 1000 1228 hoc
1045 1173 1103 1227 in
1144 1173 1383 1227 historia
1427 1172 1648 1227 morale
1688 1171 1794 1241 (42)
1836 1170 1895 1224 in
1926 1186 2079 1239 mys-

454 1268 597 1322 terio
624 1268 1029 1339 prophetatum
1056 1273 1159 1334 est,
1194 1266 1345 1336 quod
1370 1281 1472 1321 nec
1499 1268 1848 1335 praesumpto
1877 1264 2082 1318 futura:

454 1361 653 1416 mortis
708 1360 908 1426 exitio,
967 1375 1166 1413 verum
1220 1359 1383 1413 illum
1432 1358 1613 1412 David
1664 1358 1911 1428 hospitio
1967 1373 2084 1411 suae

454 1456 664 1509 mentis
698 1453 951 1524 religiosi
979 1452 1347 1507 excluderent
1381 1453 1719 1507 sacerdotes.
1748 1452 1861 1505 Nec
1896 1451 2082 1505 solum

453 1548 515 1602 in
543 1547 816 1618 cujusque
842 1546 1013 1601 domo
1040 1547 1183 1600 vatis
1212 1552 1544 1617 reperturus
1570 1546 1806 1600 docetur
1831 1545 2084 1601 Christus

452 1639 788 1711 hospitium,
829 1639 930 1694 sed
968 1640 1146 1694 etiam
1178 1656 1282 1710 per
1316 1641 1559 1709 ﬁguram
1599 1638 1868 1708 nequitiae
1914 1637 2081 1707 spiri-

453 1832 575 1882 tum
622 1827 869 1897 hospitio
914 1826 1147 1896 recipit,
1190 1825 1614 1897 intelligibilem
1659 1826 1821 1879 illum
1866 1825 2084 1880 Goliam

455 1920 660 1992 spoliat
686 1920 799 1973 suis
824 1919 967 1975 telis.

530 2017 616 2068 37.
666 2012 814 2076 Quid
857 2029 992 2067 vero
1036 2012 1350 2068 evidentius
1393 2029 1566 2084 quam
1616 2014 1769 2083 quod
1810 2013 1869 2067 in
1915 2013 2082 2067 Achi-

455 2107 679 2162 melech
717 2105 886 2160 domo
919 2106 1170 2177 quinque
1206 2123 1379 2178 panes
1410 2107 1554 2178 petit
1590 2106 1783 2174 David,
1815 2112 1873 2160 et
1907 2122 2086 2162 unum

458 2200 660 2271 accipit
695 2200 881 2269 (Ibid.,
918 2202 970 2267 3,
1019 2198 1106 2270 6);
1154 2199 1579 2256 demonstrante
1614 2203 1750 2271 typo
1790 2200 1940 2271 quod
1959 2202 2083 2271 jam

457 2310 574 2348 non
610 2293 866 2365 quinque
899 2293 1059 2347 libris
1098 2294 1226 2365 (43),
1266 2293 1366 2349 sed
1406 2293 1611 2349 Christi
1653 2310 1891 2365 corpore
1931 2295 2086 2348 cibus

455 2387 717 2441 ﬁdelibus
751 2390 1063 2458 pararetur,
1105 2393 1165 2442 ut
1205 2387 1456 2441 Christus
1498 2404 1703 2458 corpus
1746 2392 2081 2451 assumeret,

396 2556 403 2559 ι
456 2496 530 2536 ne
585 2480 709 2551 quis
755 2480 824 2533 de
872 2480 1133 2535 ﬁdelibus
1180 2480 1464 2537 esui-iret?
1509 2482 1620 2535 Nec
1666 2481 1850 2535 Doech
1902 2481 2086 2552 ﬁgura

456 2579 633 2644 vacat,
663 2574 760 2645 qui
792 2578 914 2627 erat
945 2579 1130 2629 custos
1169 2575 1453 2629 mulorum
1486 2575 1672 2644 (Ibid.,
1707 2574 1793 2645 7);
1829 2591 1897 2629 eo
1935 2574 2085 2646 quod

457 2682 629 2721 nemo
687 2667 829 2721 alius
882 2666 994 2722 nisi
1047 2667 1379 2722 infructuosi
1438 2669 1626 2740 gregis
1686 2674 1873 2723 custos
1928 2670 2084 2723 .ludzr.

453 2763 654 2833 typum
683 2760 987 2831 proditoris
1013 2760 1296 2832 impleret.

526 2857 614 2911 38.
650 2855 774 2909 .lam
802 2855 938 2909 illud
968 2856 1116 2925 quod
1144 2872 1248 2926 pro
1282 2854 1453 2909 David
1488 2857 1816 2926 receptione
1851 2872 2084 2911 omnem

452 2946 815 3003 Achimelech
882 2947 1123 3002 domum
1184 2952 1394 3019 printer
1448 2948 1721 3004 Abiathar
1770 2948 2084 3021 principem

454 3046 591 3097 tunc
651 3041 928 3111 temporis
992 3040 1349 3095 sacerdotum
1412 3041 1549 3096 Saul
1608 3048 1940 3113 persecutus
1999 3046 2158 3142 estC

456 3135 502 3207 (Ι
546 3138 700 3204 Reg.,
740 3150 871 3201 xxn,
920 3136 1027 3204 20),
1066 3134 1312 3189 ostendit
1362 3135 1664 3206 prophetia
1716 3135 1880 3190 nobis
1930 3136 2082 3207 quod

453 3244 630 3282 nemo
656 3227 830 3298 possit
864 3242 1067 3282 nocere
1109 3243 1242 3282 vero
1279 3227 1525 3299 principi
1562 3230 1943 3295 sacerdotum,
1983 3230 2080 3301 qui

460 3322 610 3376 solus
638 3324 722 3375 est
741 3320 1014 3377 Christus.

527 3417 615 3470 39.
651 3416 823 3485 (Vers.
859 3413 934 3485 7.)
974 3415 1114 3469 Hinc
1142 3414 1215 3469 ad
1244 3414 1354 3469 alia
1395 3416 1767 3487 progreditur
1809 3417 2081 3473 Dominus

454 3510 636 3589 Iesus.
656 3508 799 3563 Nam
818 3507 915 3579 qui
935 3513 1120 3563 totum
1142 3508 1438 3563 hominem
1453 3509 1670 3563 salvum
1695 3510 1878 3566 facere
1899 3510 2082 3582 dispo-

457 3606 664 3669 suerat,
696 3599 951 3674 1365
982 3618 1083 3672 per
1110 3601 1332 3673 singula
1369 3603 1625 3657 membra
1655 3604 1920 3659 currebat
1947 3607 2079 3675 (44),

458 3701 522 3751 ut
546 3712 677 3751 vere
703 3696 918 3750 diceret
945 3712 958 3749 :
993 3716 1021 3743 ‹‹
1047 3695 1180 3750 Mihi
1205 3696 1538 3765 irascimini,
1566 3697 1663 3768 qui
1690 3699 1874 3753 totum
1901 3699 2080 3753 homi-

454 3806 590 3847 nem
618 3806 818 3844 sanum
847 3788 955 3844 feci
982 3789 1040 3843 in
1071 3789 1308 3843 Sabbato
1328 3789 1528 3862 (Joan.,
1559 3807 1656 3858 vn,
1685 3792 1796 3862 23).
1827 3811 1855 3842 ι)
1888 3794 2083 3864 Itaque

454 3884 565 3941 hoc
591 3884 711 3939 loco
738 3899 971 3938 manum
1002 3883 1161 3937 illam
1187 3899 1361 3955 quam
1392 3883 1654 3938 extendit
1683 3884 1881 3954 Adam,
1913 3889 1970 3940 et
1994 3887 2079 3941 in-

454 3977 710 4034 terdictae
737 3976 957 4031 arboris
982 3992 1154 4047 poma
1183 3976 1465 4047 decerpsit
1486 3978 1662 4047 (Gen.,
1691 3994 1772 4044 ιιι,
1803 3978 1877 4050 6),
1906 3979 2084 4035 succis

455 4070 741 4128 bonorum
770 4072 1046 4124 factorum
1073 4070 1414 4125 salutaribus
1442 4070 1715 4141 irrigavit,
1744 4075 1809 4125 ut
1827 4089 1956 4142 quas
1981 4074 2085 4128 cri-

459 4164 615 4219 mine
639 4168 885 4229 aruerat,
913 4163 1074 4217 bonis
1106 4162 1374 4234 operibus
1401 4169 1719 4219 sanaretur.
1757 4166 1816 4219 In
1845 4182 1957 4237 quo
1985 4168 2081 4222 Ju-

460 4257 614 4313 daaos
642 4256 932 4327 redarguit
965 4256 1237 4322 Christus,
1266 4257 1365 4328 qui
1398 4257 1560 4311 malis
1595 4257 2081 4330 interpretationi-

458 4350 567 4407 bus
604 4350 747 4422 legis
785 4356 1074 4422 praacepta
1119 4350 1410 4418 violarent,
1459 4351 1801 4407 mstimantes
1841 4353 2082 4410 Sabbato

460 4539 711 4595 sentibus
739 4539 988 4593 formam
1014 4538 1470 4610 prmﬁguraverit
1495 4541 1815 4595 futurorum
1842 4559 1854 4595 :
1881 4543 2085 4613 quibus

459 4633 657 4705 utique
683 4633 964 4686 malorum
1000 4632 1159 4687 ferias
1196 4633 1403 4688 futurae
1441 4639 1592 4701 sunt,
1625 4651 1737 4689 non
1776 4635 2080 4691 bonorum.

459 4727 603 4782 Nam
624 4727 759 4780 licet
777 4725 1070 4781 saecularia
1089 4743 1266 4797 opera
1288 4729 1710 4798 conquiescant,
1740 4746 1850 4784 non
1873 4730 2085 4786 otiosus

458 4825 654 4877 tamen
676 4820 807 4876 boni
830 4820 1019 4892 operis
1038 4824 1194 4874 actus
1215 4824 1300 4875 est
1319 4821 1378 4875 in
1403 4822 1498 4876 Dei
1523 4822 1686 4878 laude
1709 4824 2080 4895 requiescere.

529 4915 619 4970 40.
647 4915 819 4984 (Vers.
852 4915 963 4985 10.)
993 4914 1211 4968 Audisti
1240 4913 1416 4986 igitur
1445 4916 1674 4969 Domini
1705 4916 1870 4971 verba
1896 4918 2086 4974 dicen-

457 5009 530 5066 tis
561 5031 573 5065 :
602 5009 850 5066 Extende
877 5025 1098 5064 manum
1131 5014 1300 5063 tuam.
1332 5010 1666 5064 Communis
1697 5010 1801 5065 ista
1840 5028 2081 5083 genera-

521 5134 623 5196 (42)
649 5134 729 5183 Ita
757 5146 892 5183 mss.
927 5145 1141 5192 omnes,
1178 5130 1516 5195 quibusdam
1546 5134 1813 5197 exceptis,
1844 5134 1940 5186 ubi
1971 5149 2083 5186 mo-

454 5202 567 5258 rali
589 5203 851 5255 scribitur
876 5215 974 5266 pro
1000 5202 1222 5261 morale,
1252 5203 1308 5251 et
1342 5215 1438 5264 pro
1470 5204 1525 5250 in
1559 5205 1828 5266 mysterio,
1856 5206 1914 5253 in
1946 5220 2083 5269 mys-

456 5278 677 5336 terium;
705 5274 835 5335 duo,
862 5272 1250 5337 propheticum;
1281 5286 1449 5333 unus,
1479 5273 1788 5337 prophetica
1817 5275 2083 5341 allegoria

455 5355 546 5402 est.
575 5349 783 5402 Omnes
819 5348 1008 5396 autem
1037 5343 1168 5395 edit.
1211 5359 1240 5394 a
1278 5349 1467 5394 nostra
1513 5359 1581 5396 eo
1618 5345 1904 5410 differunt,
1933 5348 2083 5412 quod

456 5422 570 5473 ιιιω
591 5420 822 5479 habent,
850 5416 1212 5481 propheticum
1246 5422 1334 5465 est.

520 5492 616 5555 (43)
647 5491 890 5554 Quinque
919 5487 1087 5549 libris,
1113 5487 1316 5551 Moysis
1355 5487 1632 5550 videlicet,
1665 5489 1719 5539 id
1755 5495 1852 5553 est,
1884 5492 2083 5543 Penta-

458 5561 681 5614 tenebo.

524 5633 624 5696 (44)
652 5631 859 5682 Omnes
883 5629 1011 5679 edit.
1042 5632 1093 5677 et
1123 5628 1351 5691 quidam
1382 5642 1533 5691 mss,
1564 5643 1660 5693 per
1685 5629 1896 5692 singula
1921 5645 2082 5682 mem-

450 5701 562 5753 bra
588 5700 828 5752 curabat.
857 5699 965 5767 Alii
1006 5699 1232 5760 plurimi
1265 5700 1632 5765 elegantius...
1674 5701 1945 5767 currebat;
1975 5703 2083 5756 hoc

384 5788 395 5791 -
462 5772 611 5827 enim
635 5765 934 5831 respondet
972 5768 1142 5817 verbo
1172 5771 1463 5834 superiori,
1491 5773 1853 5837 progreditur.

2185 426 2240 473 to
2273 437 2489 488 sanam,
2519 438 2649 476 cave
2679 439 2753 477 ne
2787 421 3039 488 avaritia,
3067 438 3197 477 cave
3237 439 3304 476 ne
3335 423 3604 495 sacrilegio
3633 444 3745 482 con-

2186 514 2460 569 trahatur.
2508 515 2757 570 Extende
2799 516 3002 586 saepius
3041 532 3194 582 eam,
3242 517 3473 572 extende
3514 519 3580 572 ad
3615 520 3750 576 illum

2182 623 2493 678 pauperem
2525 609 2622 679 qui
2650 613 2707 663 te
2746 609 3004 664 obsecrat
3035 626 3047 663 :
3079 609 3342 675 extende,
3383 614 3441 664 ut
3470 613 3750 681 proximum

2177 701 2361 770 juves,
2412 707 2472 756 ut
2515 702 2700 757 vidua:
2748 703 3080 774 praesidium
3122 704 3289 772 feras,
3332 703 3524 774 eripias
3563 704 3756 775 injuriae

2184 810 2354 863 quem
2383 794 2535 849 vides
2559 795 2786 865 injustas
2818 796 3177 851 contumeliae
3208 795 3515 866 subjacere;
3547 797 3753 853 extende

2184 887 2255 941 ad
2290 889 2471 942 Deum
2510 905 2613 960 pro
2650 890 2893 959 peccatis
2936 890 3065 944 tuis.
3099 890 3189 944 Sic
3229 906 3427 944 manus
3460 891 3757 959 extenditur,

2182 980 2261 1033 sic
2318 987 2567 1036 sanatur.
2626 982 2718 1036 Sic
2774 983 3076 1037 Jeroboam
3135 999 3395 1049 manum,
3446 999 3565 1035 cum
3615 983 3761 1037 idolis

2183 1073 2543 1141 sacriﬁcaret,
2570 1076 2873 1145 contraxit;
2903 1081 2959 1130 et
2981 1093 3174 1131 rursus
3197 1092 3325 1130 cum
3348 1076 3517 1130 Deum
3542 1082 3759 1146 rogaret,

2183 1167 2433 1222 extendit
2461 1169 2544 1237 (ΙΙΙ
2571 1171 2723 1237 Reg.,
2754 1186 2864 1236 xm,
2898 1170 2948 1234 4,
2980 1172 3052 1239 6).

2258 1261 2431 1327 (Vers.
2465 1263 2573 1332 l2.)
2610 1265 2833 1317 Factum
2863 1269 2941 1318 est
2978 1270 3157 1318 autem
3192 1265 3251 1317 in
3285 1263 3393 1317 illis
3428 1263 3617 1324 diebus,
3657 1267 3767 1318 eri-iit

2182 1356 2241 1408 in
2278 1361 2506 1409 montem
2541 1372 2697 1411 orare
2727 1356 2859 1427 (45),
2891 1362 2942 1411 et
2971 1363 3090 1411 erat
3118 1360 3440 1426 pernoctans
3473 1359 3527 1409 in
3560 1359 3768 1411 oratione

2186 1450 2297 1503 Dei.

2254 1544 2342 1596 41.
2377 1542 2497 1596 Non
2527 1543 2713 1596 omnis
2743 1544 2840 1614 qui
2872 1547 3018 1611 orat,
3056 1544 3310 1599 ascendit
3334 1543 3391 1597 in
3428 1547 3662 1597 montem
3691 1546 3772 1609 (est

2185 1634 2338 1688 enim
2366 1634 2547 1690 oratio
2576 1653 2704 1707 quae
2732 1643 3027 1707 peccatum
3054 1638 3226 1707 facit),
3251 1638 3350 1692 sed
3376 1637 3467 1709 qui
3490 1637 3627 1691 bene
3651 1641 3773 1704 orat,

2185 1744 2218 1782 a
2247 1730 2484 1783 terrenis
2514 1731 2586 1783 ad
2614 1732 2909 1800 superiora
2936 1731 3331 1802 progrediens,
3363 1731 3618 1786 verticem
3644 1746 3775 1783 cura:

2186 1821 2445 1877 sublimis
2476 1824 2745 1879 ascendit.
2777 1828 2845 1879 At
2876 1825 2968 1879 ille
3007 1842 3123 1880 non
3156 1825 3411 1880 ascendit
3448 1824 3505 1878 in
3547 1828 3779 1879 montem

2185 1915 2282 1986 qui
2309 1916 2379 1971 de
2418 1918 2606 1972 saeculi
2634 1917 2859 1988 divitiis,
2895 1923 2993 1973 aut
3029 1918 3099 1974 de
3136 1919 3351 1973 honore
3390 1918 3649 1973 sollicitus
3682 1920 3778 1981 est;

2185 2026 2298 2063 non
2329 2010 2580 2065 ascendit
2605 2010 2662 2065 in
2692 2014 2968 2079 montem,
2997 2013 3095 2084 qui
3122 2012 3288 2068 fundi
3309 2012 3405 2084 jus
3430 2017 3580 2083 optat
3614 2010 3781 2065 alieni.

2184 2103 2449 2158 Ascendit
2504 2104 2597 2159 ille
2640 2106 2740 2176 qui
2788 2108 2961 2161 Deum
3002 2107 3231 2178 quierit,
3277 2106 3527 2161 ascendit
3568 2104 3656 2159 ille
3700 2104 3781 2174 qui

2184 2213 2378 2251 cursus
2425 2198 2513 2251 sui
2561 2198 2853 2253 Dominica
2899 2199 3233 2269 adjumenta
3272 2197 3546 2270 deposcit.
3594 2197 3786 2251 Omnes

2185 2290 2398 2359 magni,
2444 2307 2643 2346 omnes
2685 2292 2958 2346 sublimes
3003 2295 3263 2347 montem
3310 2292 3647 2356 ascendunt;
3688 2305 3786 2344 non

2186 2384 2341 2437 enim
2371 2384 2683 2455 cuicunque
2709 2386 2985 2457 propheta
3018 2386 3156 2441 dicit
3183 2402 3195 2441 :
3230 2407 3259 2436 «
3284 2385 3540 2443 Ascende
3564 2384 3619 2439 in
3646 2399 3786 2438 mon-

2188 2479 2301 2529 tem
2330 2478 2632 2547 excelsum,
2664 2479 2760 2550 qui
2789 2480 3148 2550 evangelizas
3188 2479 3325 2535 Sion
3358 2496 3370 2533 :
3405 2480 3586 2534 exalta
3614 2478 3667 2532 in
3691 2476 3786 2529 vir-

2189 2572 2303 2625 tute
2346 2587 2539 2626 vocem
2586 2579 2761 2641 tuam,
2796 2574 2895 2644 qui
2931 2573 3289 2644 evangelizas
3322 2573 3627 2629 Jerusalem
3658 2572 3789 2639 (Isa..

2184 2678 2270 2730 XL,
2327 2663 2403 2733 9).
2444 2684 2472 2713 »
2521 2666 2643 2719 Non
2692 2666 2942 2737 vestigiis
2991 2667 3185 2721 multis
3237 2666 3656 2738 corporalibus,
3708 2662 3792 2716 sed

2184 2755 2345 2810 factis
2395 2757 2820 2813 sublimioribus
2875 2760 2933 2814 in
2992 2761 3144 2814 hunc
3210 2766 3472 2815 montem
3533 2757 3792 2814 ascendas.

2186 2850 2438 2921 Sequere
2475 2852 2762 2908 Christum
2798 2852 2926 2925 (46),
2972 2859 3033 2908 ut
3067 2854 3187 2925 ipse
3226 2871 3350 2909 esse
3395 2870 3557 2908 mons
3590 2852 3791 2924 possis:

2188 2965 2215 2991 ‹‹
2257 2943 2474 3000 Montes
2516 2945 2673 3000 enim
2710 2946 2769 2999 in
2805 2947 3043 3002 circuitu
3081 2948 3203 3018 ejus
3250 2948 3423 3020 (Psal.
3460 2963 3637 3014 cxxiv,
3673 2944 3793 3014 2).»

2185 3036 2389 3101 Quaere
2437 3038 2496 3093 in
2541 3040 2865 3110 Evangelio,
2910 3041 3160 3097 invenies
3198 3043 3349 3097 solos
3397 3058 3531 3096 cum
3579 3037 3794 3095 Domino

2183 3136 2443 3186 montem
2472 3132 2790 3187 ascendisse
2817 3133 3144 3206 discipulos.

2253 3226 2341 3279 42.
2371 3224 2510 3280 Orat
2546 3242 2686 3297 ergo
2717 3227 2992 3283 Dominus
3028 3245 3143 3284 non
3186 3232 3252 3284 ut
3295 3245 3403 3301 pro
3441 3245 3502 3283 se
3540 3227 3797 3289 obsecret,

2183 3319 2281 3373 sed
2312 3321 2373 3372 ut
2411 3335 2514 3389 pro
2557 3336 2646 3375 me
2691 3321 2986 3392 impetret;
3022 3339 3157 3377 nam
3187 3324 3295 3379 etsi
3331 3322 3534 3378 omnia
3570 3318 3801 3393 posuerit

2183 3413 2346 3467 Pater
2388 3412 2446 3466 in
2486 3417 2763 3484 potestate
2807 3415 2960 3485 Filii,
3006 3416 3178 3471 Filius
3222 3420 3420 3472 tamen
3465 3421 3529 3471 ut
3573 3412 3800 3469 hominis

2181 3505 2429 3561 formam
2462 3506 2748 3578 impleret,
2783 3508 3193 3564 obsecrandum
3229 3512 3466 3566 Patrem
3501 3510 3664 3581 putat
3696 3519 3802 3561 esse

2182 3616 2285 3670 pro
2314 3600 2492 3667 nobis,
2525 3600 2658 3671 quia
2689 3601 2990 3657 advocatus
3029 3607 3117 3657 est
3155 3610 3376 3659 noster.
3421 3603 3542 3658 Noli
3584 3600 3799 3656 insidia-

2183 3693 2351 3747 trices
2375 3694 2596 3764 aperire
2616 3711 2801 3764 aures,
2827 3700 2887 3750 ut
2908 3701 3071 3767 putes
3099 3697 3308 3752 Filium
3339 3697 3508 3770 quasi
3529 3696 3803 3752 inﬁrmum

2184 3802 2410 3856 rogare,
2436 3794 2499 3843 ut
2521 3788 2791 3860 impetret
2820 3790 2973 3860 quod
3002 3790 3246 3861 implere
3277 3809 3399 3847 non
3427 3791 3608 3863 possit
3638 3795 3802 3860 potes-

2148 3879 2312 3934 .tatis
2351 3885 2569 3936 auctor.
2599 3881 2945 3937 Obedientiae
2983 3883 3256 3955 magister
3281 3886 3354 3941 ad
3386 3888 3677 3957 praecepta
3707 3882 3806 3936 vir-

2182 3974 2318 4029 tutis
2352 3991 2455 4030 suo
2496 3991 2597 4030 nos
2633 3976 2900 4031 informat
2945 3976 3203 4051 1366
3247 3983 3549 4054 exemplo.
3579 4003 3608 4031 (ι
3633 3979 3804 4035 Advo-

2183 4072 2394 4135 catum,
2414 4068 2619 4140 inquit,
2642 4069 2918 4125 habemus
2933 4072 3082 4143 apud
3103 4074 3328 4130 Patrem
3351 4076 3394 4143 (Ι
3412 4078 3599 4138 Joan.,
3621 4091 3677 4142 ιι,
3699 4077 3762 4142 1).
3782 4094 3805 4121 »

2184 4161 2243 4217 Si
2283 4162 2581 4217 advocatus
2626 4169 2729 4231 est,
2768 4162 2939 4220 debet
2975 4182 3078 4237 pro
3118 4168 3264 4222 meis
3300 4168 3653 4224 intervenire
3688 4182 3802 4238 pec-

2184 4255 2341 4310 catis.
2398 4257 2521 4310 Non
2569 4272 2707 4327 ergo
2758 4260 2919 4328 quasi
2969 4260 3261 4328 inﬁrmus,
3319 4262 3425 4317 sed
3474 4261 3641 4334 quasi
3692 4260 3807 4331 pius

2184 4349 2457 4404 obsecrat.
2498 4351 2588 4405 Vis
2622 4352 2761 4407 scire
2799 4353 3066 4424 quoniam
3094 4355 3287 4409 omnia
3311 4372 3447 4427 qua:
3490 4356 3651 4425 velit,
3690 4369 3804 4425 pos-

356 4476 361 4483 η
458 4445 637 4501 etiam
661 4461 694 4499 a
718 4444 884 4499 bonis
911 4443 1175 4516 operibus
1202 4444 1550 4512 feriandum,
1584 4461 1714 4499 cum
1739 4447 1829 4502 lex
1857 4447 1915 4501 in
1945 4431 2164 4518 prae-D
2185 4443 2295 4498 sit?
2337 4444 2405 4497 Et
2442 4444 2766 4516 advocatus,
2807 4452 2862 4501 et
2888 4447 3067 4517 judex
3111 4453 3213 4503 est.
3262 4451 3326 4503 in
3377 4450 3562 4505 altero
3607 4445 3810 4521 pietatis

2186 4537 2458 4603 ofﬁcium,
2494 4538 2554 4592 in
2585 4540 2764 4594 altero
2791 4540 3019 4611 insigne
3044 4545 3128 4596 est
3150 4543 3475 4613 potestatis.

2256 4632 2344 4686 43.
2395 4634 2463 4687 Et
2507 4639 2654 4696 erat,
2699 4632 2908 4705 inquit,
2945 4641 3271 4704 pernoctans
3315 4639 3378 4691 in
3418 4639 3666 4692 oratione
3703 4633 3807 4689 Dei.

2186 4726 2408 4797 Species
2430 4725 2534 4781 tibi
2561 4727 2748 4794 datur,
2778 4728 2957 4783 forma
2980 4730 3378 4800 praescribitur
3404 4746 3585 4802 quam
3617 4727 3808 4783 debeas

2185 4821 2465 4875 aemulari.
2498 4820 2641 4884 Quid
2670 4820 2825 4875 enim
2852 4825 2908 4876 te
2940 4839 3042 4893 pro
3078 4823 3253 4877 salute
3290 4827 3399 4879 tua
3428 4823 3619 4880 facere
3657 4835 3808 4892 opor-

2186 4918 2283 4985 tet,
2318 4915 2543 4986 quando
2568 4931 2670 4986 pro
2701 4921 2754 4968 te
2784 4915 3033 4971 Christus
3075 4917 3133 4970 in
3170 4917 3437 4972 oratione
3478 4911 3808 4989 pernoctat?

2184 5007 2330 5072 Quid
2364 5011 2419 5062 te
2455 5007 2635 5062 facere
2677 5009 2957 5079 convenit,
3001 5025 3135 5064 cum
3183 5010 3264 5063 vis
3312 5010 3559 5082 aliquod
3604 5004 3809 5081 pietatis

2245 5130 2342 5192 (45)
2370 5128 2463 5179 Sic
2488 5142 2680 5180 omnes
2709 5128 2838 5180 edit.
2872 5143 2938 5181 ac
2976 5129 3087 5180 duo
3115 5143 3245 5180 mss.
3286 5131 3407 5181 Alii
3441 5142 3575 5180 vero
3610 5136 3808 5183 omnes,

2184 5200 2243 5249 in
2269 5205 2418 5250 nocte
2444 5214 2619 5251 orare.
2650 5201 2833 5251 Minus
2861 5202 3109 5265 apposite
3149 5202 3218 5252 ad
3248 5203 3576 5266 sequentia.

2251 5272 2345 5335 (46)
2386 5272 2507 5323 Vet.
2552 5274 2683 5323 edit.
2723 5278 2779 5323 et
2823 5276 2987 5337 pauci
3025 5288 3178 5337 mss,
3222 5275 3283 5322 in
3326 5274 3473 5324 hunc
3515 5276 3736 5322 montem
3769 5267 3809 5314 si

2185 5344 2460 5401 ascendas,
2509 5345 2744 5407 sequeris
2797 5344 3082 5395 Christum.
3149 5345 3421 5405 Rom.....,
3482 5340 3718 5399 ascende,
3769 5339 3808 5384 σί

2182 5427 2398 5478 sequere
2424 5414 2707 5465 Christum.
2739 5415 2865 5465 Mss.
2900 5416 2993 5466 alii
3027 5417 3203 5467 multo
3236 5414 3435 5479 plures
3459 5428 3529 5466 ac
3562 5412 3806 5477 potiores.

2185 5488 2326 5536 utin
2360 5489 2533 5547 textu,
2573 5487 2681 5535 nisi
2720 5487 2871 5550 quod
2914 5488 3114 5551 legitur
3150 5488 3204 5537 in
3241 5484 3613 5549 quibusdam,
3638 5490 3807 5551 ascen—

2184 5558 2289 5609 des.
2317 5558 2389 5608 Et
2413 5571 2631 5607 rursum
2655 5549 2797 5608 infra
2823 5557 2953 5608 edit.
2977 5549 3117 5609 'Era.
3144 5572 3211 5609 ac
3235 5570 3359 5622 seq.
3394 5570 3531 5609 cum
3559 5566 3688 5605 mss.
3713 5549 3809 5622 ali-

2184 5635 2339 5695 quot,
2371 5630 2546 5692 Quare
2568 5630 2625 5679 iu
2660 5629 2948 5693 Evangelia
2973 5630 3237 5694 invenies;
3266 5621 3506 5680 Amerb.
3545 5639 3673 5680 cum
3698 5621 3808 5673 aliis

2183 5705 2392 5765 multis,
2421 5704 2621 5766 Quaere,
2646 5708 2750 5754 etc.
3494 5716 3511 5737 ο
