3972 6174
189 263 293 315 1733

1241 255 1702 313 EXPOSITIONIS
1742 256 1809 312 ΙΝ
1848 255 2075 311 LUCAM
2114 255 2242 310 LIB.
2282 255 2345 309 V.

3336 259 3361 310 ’1
3375 257 3477 311 734
3526 250 3531 265 ’

179 378 380 433 ofﬁcium
405 374 621 442 adoriri,
650 375 883 447 quando
919 375 1173 431 Christus
1201 376 1476 430 missurus
1517 379 1743 446 aposto-
1769 375 2209 459 Ainferioribus
2244 379 2421 440 sanat,
2452 374 2557 429 hoc
2588 376 2695 439 est,
2736 392 2769 429 a
2798 373 3028 429 libidine
3059 376 3300 444 revocat,
3333 375 3477 445 inju-

179 473 239 527 los
258 471 413 526 oravit
434 469 603 540 prius,
646 476 703 523 et
735 470 890 524 solus
918 470 1137 524 oravit?
1159 472 1270 526 Nec
1308 486 1558 541 unquam
1586 470 1742 536 alibi,

176 567 213 620 si
244 581 340 619 non
377 562 539 631 fallor,
574 578 762 617 orasse
797 579 929 617 cum
960 562 1223 634 apostolis
1264 562 1545 634 reperitur
1572 579 1585 616 :
1615 562 1744 616 ubi-

176 675 259 730 que
298 656 432 711 solus
472 656 743 711 obsecrat.
794 656 895 711 Dei
944 656 1100 711 enim
1147 656 1448 711 consilium
1498 656 1749 710 humana

174 757 271 805 vota
289 766 389 804 non
408 749 654 821 capiunt,
682 766 788 805 nec
812 750 1120 821 quisquam
1146 750 1486 805 interiorum
1519 748 1626 817 (47)
1655 766 1751 820 po-

174 847 258 899 test
276 859 381 897 esse
405 843 681 914 particeps
707 843 950 899 Christo.
987 844 1074 898 Vis
1098 844 1243 899 scire
1280 843 1549 915 quoniam
1584 842 1748 909 mihi,

172 954 260 991 non
281 936 373 990 sibi
405 937 688 991 oraverit?

225 1030 372 1101 (Vers.
429 1030 535 1101 13.)
590 1032 830 1093 Vocavit,
887 1029 1106 1102 inquit,
1162 1031 1455 1102 discipulos
1505 1047 1647 1095 suos,
1700 1035 1751 1086 et

170 1125 297 1191 elegit
316 1122 585 1177 duodecim
610 1139 677 1178 ear
703 1126 860 1193 ipsis.

154 1258 159 1265 .
222 1216 294 1270 44.
344 1216 486 1279 Quos
571 1216 643 1270 ad
723 1217 1158 1288 propagandum
1217 1218 1490 1273 auxilium
1557 1218 1754 1274 salutis

168 1311 396 1364 humanae
429 1326 529 1380 per
558 1314 839 1364 terrarum
871 1311 1070 1365 orbem
1103 1316 1311 1365 satores
1339 1311 1468 1366 fidei
1500 1311 1750 1367 destina-

168 1409 249 1457 ret.
272 1403 435 1457 Simul
459 1402 689 1458 adverte
719 1404 941 1458 caeleste
970 1404 1290 1472 consilium,
1323 1421 1439 1460 non
1473 1405 1754 1476 sapientes

167 1496 362 1567 aliquos,
409 1513 523 1550 non
572 1496 790 1564 divites,
834 1513 949 1551 non
998 1497 1253 1563 nobiles;
1301 1499 1403 1552 sed
1450 1498 1754 1569 piscatores

166 1592 209 1642 et
230 1589 564 1659 publicanos,
605 1606 745 1659 quos
780 1589 1071 1660 dirigeret,
1113 1590 1303 1661 elegit,
1336 1607 1407 1645 ne
1439 1592 1754 1647 traduxisse

166 1681 459 1752 prudentia,
522 1700 595 1737 ne
662 1682 972 1738 redemisse
1037 1683 1284 1750 divitiis,
1345 1701 1415 1738 ne
1483 1684 1754 1755 potentiae

1847 468 1987 522 riam
2019 469 2288 523 czecitatis
2317 468 2537 523 avertit.
2564 468 2645 523 Ad
2676 468 2916 522 vulnera
2944 472 3137 521 nostra
3164 467 3474 534 descendit,

1847 567 1910 616 ut
1940 578 2046 616 usu
2083 562 2330 633 quodam
2370 567 2425 616 et
2461 561 2622 632 copia
2662 562 2770 629 sui,
2800 564 3022 615 natura:
3052 566 3344 631 compotes
3376 577 3480 616 nos

1847 654 2011 709 faciat
2056 671 2177 709 esse
2221 655 2462 710 ccelestis
2507 655 2633 725 (50).
2685 656 2754 708 Et
2792 655 3030 709 sanabat
3074 654 3181 708 hos
3224 654 3478 726 quidem,

1848 748 1947 802 sed
1978 749 2035 801 in
2062 748 2430 803 inferioribus
2457 748 2840 820 relinquebat.

1921 840 2175 914 1367
2217 843 2304 896 47.
2346 863 2374 890 «
2401 842 2606 896 Videns
2636 844 2832 896 autem
2872 841 3085 908 turbas,
3121 862 3149 890 »
3184 844 3247 895 ut
3276 840 3481 912 legisti,

1855 956 1882 983 ‹‹
1915 934 2168 990 ascendit
2197 936 2255 990 in
2287 937 2566 991 montem.
2586 936 2655 990 Et
2674 952 2804 990 cum
2829 934 3090 1004 sedisset,
3106 934 3485 989 ascenderunt

1849 1028 1922 1083 ad
1958 1044 2092 1083 eum
2135 1028 2395 1099 discipuli
2434 1029 2556 1099 ejus
2594 1029 2836 1098 (Matth,
2867 1045 2920 1096 v,
2957 1028 3030 1097 1).
3061 1050 3090 1078 »
3126 1027 3485 1099 Evangeliza-

1851 1127 2011 1177 turus
2043 1122 2218 1190 enim,
2247 1126 2303 1177 et
2331 1121 2791 1176 benedictionem
2821 1121 2890 1175 de
2924 1121 3191 1176 thesauro
3222 1120 3484 1176 divinita-

1851 1215 1921 1270 tis
1951 1219 2318 1286 prompturus
2356 1215 2603 1281 oracula,
2644 1214 2844 1286 incipit
2881 1215 2984 1285 (51)
3017 1231 3136 1269 esse
3168 1215 3483 1270 sublimior.

1854 1309 1951 1363 Hic
1991 1312 2183 1364 autem
2221 1308 2324 1363 etsi
2356 1308 2416 1362 in
2454 1308 2663 1363 humili
2696 1308 2898 1374 stabat,
2933 1314 3124 1362 tamen
3158 1308 3349 1363 oculos
3378 1309 3487 1363 alte

1853 1402 2074 1457 levavit.
2123 1402 2216 1458 Sic
2257 1402 2411 1457 enim
2458 1401 2632 1456 etiam
2674 1418 2807 1456 cum
2845 1402 3119 1456 Lazarum
3164 1401 3484 1468 suscitaret,

1852 1496 2145 1551 infremuit
2190 1495 2389 1567 spiritu
2442 1495 2642 1567 (Joan.,
2698 1512 2770 1562 x1,
2818 1495 2928 1567 33);
2973 1495 3051 1549 sic
3097 1495 3269 1549 etiam
3315 1502 3490 1566 caput

1854 1590 2086 1655 levavit,
2140 1606 2272 1644 cum
2340 1589 2571 1644 mulieri
2624 1588 2896 1644 adulteras
2956 1594 3192 1660 peccata
3248 1588 3490 1643 donaret

1858 1685 2053 1752 (Joan.,
2086 1699 2204 1751 vm,
2250 1682 2357 1754 10).
2401 1683 2541 1746 Quid
2585 1687 2670 1737 est
2711 1682 2866 1737 enim
2902 1683 3087 1737 levare
3125 1682 3337 1748 oculos,
3378 1681 3487 1735 nisi

166 1776 549 1847 nobilitatisque
587 1777 918 1831 auctoritate
959 1777 1197 1831 traxisse
1235 1777 1451 1849 aliquos
1488 1779 1557 1833 ad
1596 1756 1831 1833 suamB
1855 1776 2096 1832 interius
2122 1777 2317 1831 lumen
2347 1775 2610 1848 aperire?

164 1870 370 1939 gratiam
405 1868 716 1935 videretur,
758 1873 820 1923 ut
857 1870 1113 1925 veritatis
1146 1870 1312 1940 ratio,
1356 1888 1469 1926 non
1512 1871 1757 1943 disputa-

164 1962 296 2016 tionis
326 1963 505 2033 gratia
534 1963 872 2034 praevaleret
897 1964 1026 2034 (48).

215 2056 289 2110 45.
315 2055 488 2125 (Vers.
530 2057 636 2125 16.)
665 2057 906 2127 Eligitur
934 2061 990 2112 et
1024 2058 1212 2125 Judas,
1247 2074 1362 2113 non
1395 2074 1497 2129 per
1536 2058 1753 2129 impru-

163 2150 399 2215 dentiam,
427 2149 529 2204 sed
570 2165 672 2219 per
702 2150 1137 2221 providentiam.
1167 2152 1385 2215 Quanta
1415 2157 1499 2205 est
1529 2152 1755 2219 veritas,

162 2258 301 2312 quam
346 2259 446 2298 nec
491 2243 854 2299 adversarius
900 2243 1159 2299 minister
1198 2244 1491 2299 inﬁrmati
1536 2246 1759 2310 Quanta

165 2338 409 2391 moralitas
455 2330 707 2403 Domini,
754 2337 851 2408 qui
896 2337 1200 2407 periclitari
1242 2338 1423 2409 magis
1462 2338 1613 2410 apud
1655 2356 1759 2394 nos

157 2428 400 2498 judicium
432 2447 609 2484 suum
640 2447 814 2502 quam
851 2430 1119 2485 affectum
1155 2431 1387 2485 maluit!
1430 2432 1761 2504 Susceperat

164 2522 287 2577 enim
318 2523 575 2578 hominis
604 2523 991 2595 fragilitatem,
1028 2530 1085 2579 et
1126 2524 1252 2579 ideo
1288 2541 1392 2580 nec
1432 2526 1535 2580 has
1572 2529 1760 2597 partes

160 2618 401 2672 recusavit
431 2617 788 2672 inﬁrmitatis
816 2618 1108 2673 humanas.
1139 2619 1324 2672 Voluit
1353 2618 1557 2687 deseri,
1586 2619 1763 2674 voluit

162 2709 313 2777 prodi,
350 2711 536 2765 voluit
578 2709 651 2764 ab
690 2711 944 2781 apostolo
986 2726 1086 2764 suo
1133 2711 1303 2779 tradi,
1346 2715 1411 2767 ut
1446 2716 1508 2765 tu
1543 2728 1576 2765 a
1611 2712 1760 2767 socio

162 2800 413 2870 desertus,
453 2821 491 2857 a
540 2805 690 2858 socio
742 2803 1033 2873 proditus,
1077 2805 1363 2861 moderate
1407 2806 1559 2859 feras
1602 2807 1760 2861 tuum

160 2908 338 2951 errasse
359 2896 668 2967 judicium,
701 2898 931 2968 periisse
954 2898 1315 2953 beneficium.

214 2990 367 3057 (Vers.
410 2990 532 3060 17.)
564 2993 633 3047 Et
671 2991 965 3053 descendit,
1000 2991 1204 3062 inquit,
1241 3008 1361 3047 cum
1401 2993 1535 3055 illis,
1576 2998 1626 3048 et
1653 2999 1760 3048 ste-

162 3084 213 3135 tit
233 3085 282 3137 in
309 3086 416 3139 loco
438 3085 590 3156 pede
618 3086 803 3154 plano.

212 3177 287 3231 46.
324 3178 571 3233 Adverte
614 3179 810 3233 omnia
841 3177 1167 3250 diligenter,
1212 3180 1497 3250 quomodo
1536 3184 1592 3235 et
1633 3196 1763 3235 cum

162 3271 393 3339 apostolis
410 3272 705 3338 ascendat,
732 3276 789 3327 et
809 3271 1114 3327 descendat
1138 3272 1211 3327 ad
1230 3272 1438 3327 turbas.
1466 3273 1765 3337 Quomodo

159 3361 284 3417 enim
324 3366 489 3420 turba
536 3364 643 3419 nisi
686 3365 746 3419 in
787 3365 991 3419 humili
1020 3366 1304 3422 Christum
1343 3366 1606 3421 videret?
1640 3369 1763 3423 Non

159 3457 379 3525 sequitur
432 3458 519 3512 ad
571 3458 827 3526 excelsa,
878 3475 995 3513 non
1049 3459 1303 3514 ascendit
1353 3459 1424 3514 ad
1483 3460 1761 3518 sublimia.

156 3548 375 3621 Denique
414 3551 527 3607 ubi
571 3551 881 3621 descendit,
924 3553 1139 3607 invenit
1178 3553 1457 3623 inﬁrmos,
1485 3554 1545 3608 in
1572 3556 1763 3609 excel-

158 3642 217 3695 sis
245 3645 388 3699 enim
432 3644 657 3701 infirmi
699 3662 817 3701 esse
856 3656 979 3700 non
1017 3652 1271 3718 possunt.
1302 3647 1395 3703 Sic
1429 3647 1600 3702 etiam
1637 3648 1767 3704 Mat-

157 3735 310 3792 thaius
335 3739 511 3794 docet
546 3739 785 3808 (Matth,
814 3755 929 3808 vm,
966 3740 1036 3810 1),
1065 3740 1125 3794 in
1156 3740 1521 3796 inferioribus
1552 3740 1767 3796 debiles

158 3845 255 3885 esse
277 3836 547 3901 sanatos;
586 3834 744 3903 prius
781 3832 935 3888 enim
966 3834 1356 3906 unusquisque
1396 3840 1624 3889 sanatus
1652 3840 1763 3901 est,

157 3928 207 3977 ut
248 3928 523 3995 paulatim
578 3926 879 3981 virtutibus
936 3927 1403 3998 procedentibus,
1459 3929 1766 3985 ascendere

156 4024 318 4084 posset
345 4020 451 4092 (49)
489 4019 568 4075 ad
604 4024 883 4076 montem.
930 4022 996 4077 Et
1034 4021 1165 4077 ideo
1205 4038 1671 4095 unumquemque
1708 4023 1766 4079 in

205 4158 288 4223 (47)
314 4158 463 4210 Edit.
488 4160 706 4210 ultimas
738 4160 971 4222 Paris...,
1002 4174 1096 4210 nec
1120 4163 1407 4226 quisquam
1433 4162 1764 4224 inferiorum.

158 4224 267 4277 Mss.
289 4230 574 4290 nonnulli,
599 4243 692 4279 nec
715 4230 999 4294 quisquam
1033 4224 1372 4282 exteriorum.
1405 4230 1769 4283 Commodius

156 4296 231 4348 alii
256 4314 318 4351 ac
342 4304 455 4352 vet.
488 4301 646 4362 edit,
675 4300 1008 4351 interiorum.

1926 1871 2015 1925 48.
2090 1869 2341 1940 Denique
2416 1872 2644 1923 sanctus
2704 1869 2996 1925 Mattheus
3048 1885 3061 1923 :
3123 1889 3150 1917 «
3204 1870 3486 1940 Aperuit,

1858 1962 2062 2033 inquit,
2106 1979 2166 2016 os
2212 1978 2380 2016 suum
2424 1962 2666 2032 (Matth,
2708 1978 2761 2031 v,
2801 1964 2878 2030 2),
2921 1984 2947 2013 »
3002 1964 3297 2018 thesauros
3334 1963 3486 2018 scili-

1857 2062 1947 2111 cet
1977 2055 2266 2127 sapientiaa
2295 2061 2352 2110 et
2380 2054 2631 2110 scientiae
2666 2054 2781 2123 Dei,
2813 2055 3049 2111 reclusis
3073 2056 3255 2128 adytis
3290 2058 3487 2128 templi

1859 2149 1964 2204 sui.
1998 2149 2108 2204 Ora
2145 2148 2418 2204 reseravit
2456 2148 2589 2221 (52);
2630 2165 2768 2220 ergo
2808 2152 2868 2203 et
2900 2152 2963 2204 tu
2995 2150 3155 2222 aperi
3193 2167 3255 2205 os
3288 2155 3487 2217 tuum;

1858 2242 1957 2297 sed
1997 2242 2154 2314 prius
2192 2246 2256 2297 ut
2294 2244 2583 2313 aperiatur
2619 2244 2878 2315 implora.
2911 2243 2965 2299 Si
3001 2244 3155 2299 enim
3200 2245 3402 2299 Paulus
3430 2243 3490 2299 in

1857 2336 2147 2407 apertione
2195 2335 2307 2390 oris
2354 2337 2441 2391 sui
2490 2337 2757 2408 implorat
2803 2337 3075 2391 auxilium
3128 2338 3369 2408 (Ephes.,
3416 2354 3487 2406 VI,

1864 2432 1972 2498 19),
2017 2430 2197 2485 multo
2238 2430 2421 2501 magis
2458 2430 2768 2502 implorare
2806 2432 2863 2485 te
2901 2430 3185 2485 convenit.
3232 2430 3491 2485 Ostendit

1859 2522 2030 2577 etiam
2078 2523 2178 2577 tibi
2224 2524 2436 2579 clavem
2482 2523 2751 2593 scientiae,
2798 2540 2910 2596 qua
2955 2540 3017 2578 os
3058 2523 3282 2595 aperire
3325 2529 3489 2578 tuum

1862 2614 2103 2681 debeas,
2178 2616 2370 2671 dicens
2447 2617 2721 2688 propheta
2790 2634 2803 2671 :
2875 2638 2903 2666 α
2970 2616 3138 2688 Aperi
3203 2633 3263 2670 os
3328 2619 3490 2671 tuum

1861 2709 2032 2764 verbo
2086 2708 2179 2764 Dei
2231 2710 2436 2779 (Prom,
2488 2727 2635 2779 xxxi,
2686 2713 2760 2779 9).
2810 2732 2838 2761 »
2887 2710 3132 2765 Verbum
3178 2710 3277 2765 Dei
3323 2710 3491 2765 clavis

1858 2802 1943 2857 tui
1994 2803 2106 2857 oris
2161 2807 2277 2870 est;
2333 2804 2505 2859 clavis
2556 2802 2805 2859 scientias
2857 2803 2971 2859 oris
3020 2803 3102 2858 tui
3154 2802 3327 2859 clavis
3370 2809 3488 2873 est,

1861 2911 1973 2967 qua
2046 2897 2245 2951 laxatis
2312 2898 2517 2953 silentii
2580 2899 2791 2954 catenis
2816 2940 2829 2966 ,
2902 2896 3205 2969 imperitiae
3253 2899 3492 2953 claustra

1862 2996 2207 3045 reserantur.

1933 3083 2110 3154 (Vers.
2142 3087 2230 3153 20,
2285 3087 2373 3152 21,
2426 3085 2540 3155 22.)
2585 3087 2742 3140 Beati
2785 3100 3051 3157 pauperes
3096 3089 3317 3157 spiritu,
3364 3088 3495 3156 quia

1862 3183 2098 3232 vestrum
2146 3183 2220 3232 est
2268 3194 2496 3248 regnum
2548 3181 2664 3234 Dei.
2714 3182 2870 3235 Beati
2913 3182 3013 3250 qui
3059 3195 3202 3235 nunc
3251 3183 3497 3235 esuriunt

1863 3279 1915 3328 et
1962 3275 2179 3336 sitiunt,
2227 3274 2362 3342 quia
2405 3274 2831 3328 saturabuntur.
2878 3276 3049 3335 Beati,
3098 3276 3195 3344 qui
3231 3290 3374 3329 nunc
3414 3277 3499 3343 fle-

1864 3368 1953 3429 tis,
2009 3368 2141 3435 quia
2200 3366 2465 3421 ridebitis.
2521 3369 2677 3422 Beati
2732 3369 2881 3422 eritis
2903 3409 2919 3430 ,
2969 3383 3086 3422 cum
3141 3383 3235 3423 vos
3286 3369 3503 3424 oderint

1865 3460 2118 3515 homines.
3390 3528 3398 3534 ι

1934 3556 2024 3609 49.
2076 3554 2325 3617 Quatuor
2371 3556 2590 3608 tantum
2632 3553 3014 3608 beatitudines
3061 3558 3289 3609 sanctus
3326 3556 3499 3610 Lucas

1867 3647 2186 3702 Dominicas
2252 3647 2472 3718 posuit,
2528 3652 2653 3702 octo
2722 3663 2855 3701 vero
2918 3650 3145 3702 sanctus
3205 3648 3500 3704 Matthaeus

1866 3741 2111 3812 (Matth,
2148 3757 2199 3808 ν,
2230 3742 2397 3811 3-10);
2431 3741 2529 3795 sed
2560 3740 2621 3794 in
2656 3739 2744 3794 his
2779 3745 2904 3795 octo
2935 3740 3045 3795 illa;
3077 3745 3323 3811 quatuor
3346 3745 3497 3809 sunt,

1866 3840 1924 3890 et
1955 3835 2016 3888 in
2050 3834 2172 3888 istis
2206 3840 2451 3905 quatuor
2480 3834 2592 3888 illas
2631 3838 2777 3888 octo.
2813 3834 2907 3887 Hic
2946 3831 3101 3888 enim
3133 3838 3384 3904 quatuor
3409 3850 3500 3888 ve-

1866 3927 1953 3982 lut
2001 3928 2239 3983 virtutes
2289 3928 2581 3998 amplexus
2631 3932 2717 3981 est
2763 3926 3117 3993 cardinales;
3166 3927 3258 3982 ille
3302 3927 3362 3982 in
3393 3926 3502 3982 illis

1868 4024 1993 4077 octo
2056 4021 2359 4092 mysticum
2430 4036 2742 4075 numerum
2820 4020 3122 4075 reservavit
3196 4020 3327 4091 (53).
3391 4022 3500 4076 Pro

1870 4161 2027 4213 Colb.
2070 4164 2319 4226 reposuit
2347 4175 2456 4221 ore,
2495 4144 2595 4225 pro
2637 4175 2759 4220 ora,
2801 4173 2929 4225 quae
2969 4173 3135 4212 voces
3176 4162 3405 4212 omnino
3443 4162 3501 4211 in

1868 4247 1977 4283 ms.
2007 4233 2249 4284 Clarum.
2293 4233 2680 4296 pratermissm
2721 4236 2868 4282 sunt.
2914 4232 2977 4282 In
3018 4231 3126 4282 hoc
3168 4232 3325 4284 Rom.
3368 4232 3499 4283 edit.

1870 4306 2036 4356 etiam
2066 4317 2197 4355 cum
2240 4303 2479 4355 Clarom.
2527 4304 2806 4364 convenit,
2848 4304 2947 4354 sed
2988 4309 3253 4367 praeterea
3290 4304 3505 4355 addidit

210 4371 292 4429 (48)
316 4372 450 4422 Mss.
486 4370 721 4435 aliquot,
748 4376 805 4420 ut
842 4372 1083 4422 veritatis
1122 4374 1350 4431 ratione,
1391 4374 1771 4438 disputationis
1869 4389 2063 4425 vocem
2103 4375 2312 4432 veteris,
2342 4379 2472 4424 ante
2512 4387 2709 4425 vocem
2747 4374 2942 4437 templi.
2976 4375 3087 4424 Nos
3115 4387 3245 4424 vero
3290 4387 3402 4438 quo
3448 4380 3501 4425 et

162 4443 323 4500 gratia
347 4442 684 4506 praevaleret.

1870 4447 2061 4497 sensui
2091 4445 2531 4507 consuleremus,
2561 4450 2615 4495 et
2639 4456 2994 4495 communem
3029 4444 3327 4494 lectionem
3372 4446 3504 4495 reti-

214 4512 300 4573 (t9)
324 4484 489 4564 Item.
520 4512 653 4563 edit.
686 4514 740 4561 et
768 4512 890 4562 cod.
923 4512 1186 4574 Clarom.,
1210 4516 1489 4566 sanandus
1514 4522 1587 4567 est
1612 4521 1768 4567 ut.....
1791 4484 1849 4556 D
1871 4530 2151 4577 neremus,
2184 4484 2684 4579 interpunctibnem
2723 4515 3163 4564 existimavimus
3201 4516 3504 4566 restituen—

163 4584 421 4634 ascmdere
452 4585 639 4649 possit.
670 4584 829 4645 Aliae,
869 4598 935 4635 ac
976 4586 1178 4649 reliqui
1216 4598 1347 4635 mss.
1393 4591 1455 4636 ut
1496 4588 1554 4636 in
1599 4591 1772 4648 textu,

164 4654 253 4703 nisi
301 4656 452 4721 quod
504 4656 706 4706 horum
753 4656 966 4720 aliquot
1015 4656 1226 4720 legunt,
1275 4660 1459 4719 possit,
1513 4672 1610 4721 pro
1659 4672 1776 4721 pos-

164 4729 238 4773 set.

1873 4589 2019 4646 dam,
2046 4593 2111 4638 ut
2134 4601 2258 4638 eam
2284 4587 2486 4637 cernis.

1931 4659 2029 4721 (53)
2090 4657 2299 4709 Omnes
2348 4656 2499 4719 edit,
2547 4656 2823 4707 reserauit.
2874 4656 2918 4707 E
2980 4659 3260 4708 contrario
3312 4671 3507 4710 omnes

1875 4729 2274 4793 propemodum
2342 4741 2503 4787 mss.,
2562 4729 2883 4790 reservavit,
2941 4728 2997 4778 id
3062 4733 3177 4791 est,
3239 4732 3506 4791 servavit,

215 4797 302 4859 (50)
336 4797 554 4848 Omnes
578 4796 731 4859 edit.,
761 4802 807 4846 et
832 4798 984 4860 copia
1008 4811 1116 4848 sua
1142 4801 1353 4849 natura:
1379 4799 1777 4862 comparticipes
1875 4801 2243 4865 compositum
2302 4812 2400 4863 pro
2455 4799 2712 4863 simplici.
2772 4800 2938 4850 Porro
2996 4803 3059 4849 ut
3112 4800 3265 4851 hunc
3318 4802 3506 4852 locum

163 4876 245 4917 nos
264 4866 431 4929 faciat
456 4881 566 4918 esse
587 4869 740 4932 regni
770 4867 1004 4919 cwlestis.
1034 4869 1079 4918 E
1119 4871 1396 4921 contrario
1425 4883 1620 4921 omnes
1643 4883 1773 4919 mss.

164 4934 212 4985 in
233 4937 531 4989 lectionem
555 4944 800 4989 nostram
828 4943 1188 4990 conveniunt.

1876 4873 1966 4922 cui
2025 4870 2219 4921 oﬂ‘usie
2276 4870 2522 4921 tenebrm
2579 4872 2879 4935 plusquam
2940 4872 3243 4922 Cimmerias
3314 4873 3507 4923 multis

1878 4943 2152 5003 videntur,
2202 4956 2301 5006 pro
2346 4946 2536 4992 nostra
2581 4943 2725 4992 virili
2778 4943 3139 5004 illustremus,
3187 4943 3360 4995 lector
3409 4944 3507 4994 ad—

219 5008 305 5070 (δι)
358 5010 570 5061 Ultima
606 5010 735 5060 edit.
776 5010 965 5073 Paris,
1008 5012 1487 5075 Evangelizaturus
1525 5013 1687 5073 enim,
1731 5017 1779 5062 et
1878 5018 2055 5065 vertat
2093 5014 2442 5065 octonarium
2485 5027 2781 5065 numerum
2812 5014 3022 5078 duplici
3067 5014 3135 5064 de
3162 5028 3330 5065 causa
3357 5030 3509 5079 mys-

165 5076 557 5132 benedictionem
584 5082 647 5131 de
667 5082 909 5132 thesauro
934 5083 1232 5133 divinitatis
1259 5088 1623 5147 prompturus,
1654 5097 1779 5132 ora-

166 5149 267 5199 culo
304 5153 517 5217 incipit,
557 5156 663 5203 etc.
697 5153 823 5204 Mss.
854 5152 1113 5214 Clarom.,
1157 5155 1639 5218 Euangelizaturus
1672 5156 1779 5205 Do-

164 5223 321 5275 minus
373 5224 805 5283 benedictionem,
852 5229 898 5275 et
950 5230 1296 5289 prompturus
1347 5225 1591 5285 oracula,
1644 5225 1779 5275 inci-

1880 5086 2051 5133 ticum
2098 5084 2229 5133 dici.
2286 5084 2467 5134 Prima
2522 5089 2604 5135 est
2654 5086 2785 5149 quia
2837 5086 2900 5136 de
2956 5090 3141 5135 octava
3185 5087 3337 5136 multi
3378 5088 3509 5137 scri-

1880 5154 2074 5205 buntur
2112 5154 2336 5218 psalmi;
2378 5169 2477 5218 per
2523 5161 2779 5207 octavam
2829 5160 3017 5207 autem
3065 5157 3283 5207 beatam
3325 5172 3509 5209 resur-

1880 5226 2181 5277 rectionem
2233 5226 2471 5289 intelligi
2529 5232 2645 5277 tum
2694 5227 2970 5291 frequenti
3029 5227 3128 5276 PP.
3187 5228 3507 5281 Grecorum

166 5294 245 5364 ρα,
289 5300 396 5347 etc.
445 5296 645 5347 Ceteri
688 5297 812 5348 cod.
863 5298 1058 5361 scripti
1101 5301 1266 5362 atque
1305 5298 1433 5348 edit.
1485 5297 1780 5348 nobiscum
1880 5296 2316 5359 Latinorumque
2386 5298 2701 5347 testimonio
2772 5299 3199 5360 cognoscimus,
3252 5306 3316 5349 ut
3375 5306 3510 5364 puta

170 5360 385 5416 faciunt.

220 5436 312 5498 (5-3)
359 5438 497 5489 Mss.
540 5453 708 5504 prope
751 5453 964 5500 omnes,
1006 5453 1117 5490 non
1167 5452 1330 5491 secus
1372 5453 1437 5491 ac
1476 5440 1610 5491 edit.
1646 5444 1779 5502 ant.,

173 5503 305 5577 hunc
353 5512 547 5561 locum
600 5503 797 5563 iisdem
842 5512 1051 5577 quibus
1096 5526 1216 5575 nos,
1265 5512 1451 5562 verbis
1495 5513 1781 5563 exhibent.

175 5573 363 5630 Verum
405 5595 539 5632 cum
584 5584 641 5633 in
680 5583 768 5633 his
802 5573 1063 5647 periodus
1104 5573 1322 5633 tantum
1361 5588 1482 5647 post
1528 5584 1780 5645 verbum,

1881 5367 2112 5429 Gregor.
2154 5367 2301 5430 Nyss
2329 5405 2342 5429 ,
2385 5367 2608 5431 Dydim.
2655 5369 2709 5416 in
2756 5369 2897 5418 Psal.
2949 5382 3026 5430 vx,
3075 5369 3245 5419 Hilar.
3294 5372 3508 5437 Prolog.

1881 5441 1939 5490 in
1964 5439 2108 5489 Psal.
2152 5442 2206 5490 et
2247 5441 2303 5489 in
2347 5439 2492 5489 Psal.
2534 5450 2732 5499 cxvm,
2779 5440 3029 5499 Hieron,
3079 5443 3337 5505 August.,
3376 5443 3510 5495 Cas-

1880 5510 2019 5561 siod.
2047 5512 2103 5560 in
2138 5511 2279 5561 Psal.
2306 5523 2383 5572 vr,
2410 5514 2537 5570 etc;
2564 5514 2682 5560 tum
2721 5523 2792 5560 ex
2820 5509 3002 5559 verbis
3030 5511 3204 5574 ipsius
3232 5514 3515 5568 Ambrosii

1882 5596 2006 5645 sup.
2049 5582 2144 5631 lib.
2189 5595 2226 5631 II
2274 5582 2329 5630 in
2376 5595 2495 5644 cap.
2539 5594 2616 5641 III,
2661 5584 2715 5631 et
2758 5580 2855 5629 inf.
2901 5581 2994 5631 lib.
3043 5596 3120 5644 vr,
3163 5585 3218 5634 in
3266 5600 3388 5651 cap.
3428 5603 3510 5651 Ix,

178 5654 440 5724 reserauit,
482 5659 666 5705 notato
717 5661 927 5719 puncto
972 5657 1374 5715 terminaretur,
1418 5654 1606 5704 nullus
1650 5654 1784 5703 hinc
1882 5659 2067 5724 octavo
2091 5653 2228 5701 enim
2256 5652 2346 5701 die
2371 5653 2520 5714 facta
2544 5656 2615 5724 est
2653 5653 2986 5714 resurrectio,
3018 5655 3156 5705 unde
3190 5661 3237 5706 et
3272 5658 3514 5724 plerique

180 5722 282 5790 erui
315 5728 532 5787 poterat
566 5726 844 5790 legitimus
886 5739 1101 5776 sensus.
1136 5726 1321 5789 Quare
1364 5729 1428 5776 ut
1465 5725 1598 5776 huic
1636 5724 1784 5775 malo
1881 5723 2076 5789 psalmi
2113 5736 2212 5787 pro
2244 5728 2432 5773 octava
2470 5722 2807 5783 scribuntur;
2856 5723 3161 5789 intelligere
3204 5733 3303 5778 est.
3351 5722 3511 5781 Unde

181 5788 449 5846 aﬂ‘erretur
503 5788 705 5864 aliquid
757 5798 1006 5860 remedii,
1059 5799 1293 5863 scriptor
1354 5798 1521 5847 unius
1570 5809 1601 5846 e
1650 5808 1780 5847 mss.

1885 5794 2034 5846 idem
2082 5793 2269 5843 subdit
2319 5795 2571 5845 octavam
2626 5806 2748 5844 esse
2805 5796 2923 5859 spei
2975 5801 3179 5849 nostra
3220 5801 3511 5866 perfectio-
