3972 6174
470 234 604 286 i735

1826 230 1835 253 ‘
1929 233 1985 286 S.
2027 232 2350 288 AMBROSII

3552 222 3557 225 ⁷
3646 246 3753 299 i736

467 357 662 408 octava
710 353 861 408 enim
905 353 1069 408 multi
1115 352 1439 409 scribuntur
1481 354 1682 425 psalmi
1723 355 1892 427 (Psal.
1931 370 2006 421 v1,
2044 359 2090 424 l;
2117 355 2371 439 Amine,
2397 353 2850 425 pauperavitiis,
2880 368 3097 424 pauper
3118 352 3177 409 in
3204 369 3312 424 quo
3332 356 3515 411 mundi
3535 360 3755 434 princeps

466 464 541 514 χι,
590 450 658 515 1),
691 450 748 501 et
787 446 1115 501 mandatum
1153 447 1361 518 accipis
1396 452 1520 503 octo
1558 448 1669 503 illis
1704 453 1924 519 partem
1962 449 2094 503 dare

462 540 699 594 fortasse
738 540 1231 603 benedictionibus
1269 541 1486 611 (Eccle.,
1528 559 1603 610 x1,
1647 541 1722 614 2);
1759 544 1901 597 sicut
1939 542 2096 597 enim

468 633 589 703 spei
625 638 834 687 nostra;
871 638 1063 688 octava
1092 634 1362 705 perfectio
1393 640 1494 703 est,
1530 636 1609 691 ita
1645 639 1839 691 octava
1876 652 2098 689 summa

466 727 739 781 virtutum
769 732 869 781 est.

541 822 627 874 5'0.
695 821 803 874 Sed
864 821 1019 891 prius
1082 839 1208 893 quae
1271 826 1405 877 sunt
1465 824 1741 894 ampliora
1788 822 2094 877 videamus.

475 935 502 963 α
544 914 728 980 Beati,
779 916 976 984 inquit,
1028 932 1342 987 pauperes;
1387 917 1658 988 quoniam
1711 924 1963 971 vestrum
2016 923 2099 971 est

469 1024 713 1078 regnum
751 1009 1020 1063 ccelorum
1068 1012 1307 1073 (Matth.,
1346 1027 1400 1078 v,
1440 1010 1517 1081 3).
1560 1032 1588 1060 ››
1633 1011 1881 1065 Primam
1916 1011 2097 1066 bene-

472 1100 778 1155 dictionem
813 1102 961 1156 hanc
1000 1105 1236 1174 uterque
1272 1104 1617 1175 evangelista
1654 1104 1859 1175 posuit.
1890 1104 2097 1159 Ordine

471 1195 626 1249 enim
681 1196 863 1266 prima
924 1200 1042 1263 est,
1102 1199 1159 1249 et
1205 1214 1414 1267 parens
1460 1198 1723 1268 quaedam
1776 1198 2098 1269 generatio-

470 1305 579 1359 que
628 1290 933 1356 virtutum,
992 1290 1122 1359 quia
1178 1290 1275 1361 qui
1326 1293 1733 1363 contempserit
1784 1292 2097 1359 saecularia,

468 1384 588 1453 ipse
643 1382 951 1437 merebitur
1000 1383 1379 1454 sempiterna;
1427 1401 1533 1439 nec
1576 1389 1763 1457 potest
1802 1387 2101 1457 quisquam

470 1475 738 1530 meritum
787 1474 950 1546 regni
993 1477 1236 1531 ccelestis
1290 1477 1546 1549 adipisci,
1599 1479 1695 1550 qui
1750 1480 1951 1534 mundi
1999 1495 2097 1533 cu-

467 1569 707 1640 piditate
756 1586 1083 1639 possessus,
1142 1573 1479 1643 emergendi
1532 1589 1648 1627 non
1704 1573 1875 1627 habet
1921 1573 2097 1627 facul-

471 1666 670 1718 tatem.

2196 448 2337 502 nihil
2381 447 2624 513 invenit;
2671 447 3079 518 pauperrillius
3120 448 3354 501 aemulus
3390 454 3644 522 pauperis,
3679 460 3759 527 qui

2198 557 2329 596 cum
2370 542 2519 595 dives
2562 544 2741 608 esset,
2792 543 3029 611 propter
3077 557 3179 595 nos
3229 558 3439 613 pauper
3478 544 3641 600 factus
3678 555 3764 605 est.

2197 634 2356 689 Unde
2409 636 2573 706 plene
2622 634 2911 689 Matthmus
2961 634 3220 706 aperuit,
3274 634 3456 690 dicens
3500 655 3511 691 :
3561 659 3585 689 tt
3634 642 3766 697 Beati

2197 744 2476 800 pauperes
2527 729 2729 799 spiritu
2787 728 3026 796 (Matth.,
3085 745 3139 796 v,
3191 729 3270 797 3);
3324 749 3350 779 ››
3398 746 3594 800 pauper
3638 734 3768 788 enim

2197 822 2397 893 spiritu
2444 838 2558 876 non
2606 821 2857 890 inﬂatur,
2909 838 3025 876 non
3076 821 3364 876 extollitur
3403 830 3581 879 mente
3621 828 3772 881 carnis

2199 931 2336 970 SlltB.
2644 970 2653 977 ,

2272 1011 2357 1063 54.
2403 1008 2589 1063 Prima
2631 1025 2765 1079 ergo
2807 1009 2915 1063 ista
2955 1008 3279 1063 benedictio
3319 1011 3401 1062 est
3427 1025 3439 1062 :
3469 1024 3587 1063 cum
3628 1011 3772 1081 depo-

2201 1120 2362 1158 suero
2389 1119 2559 1157 omne
2595 1106 2827 1172 peccatu
2840 1120 2914 1171 rn,
2946 1107 3001 1156 et
3030 1119 3237 1157 exuero
3266 1119 3488 1157 omnem
3520 1103 3776 1171 malitiam,

2202 1201 2258 1252 et
2312 1196 2675 1267 simplicitate
2723 1201 3023 1251 contentus
3071 1196 3253 1263 fuero,
3307 1196 3464 1266 inops
3515 1197 3800 1265 malorum,‘

2201 1294 2457 1362 superest
2493 1296 2557 1344 ut
2594 1294 2650 1343 et
2689 1306 2872 1344 mores
2915 1306 3075 1345 meos
3107 1294 3441 1360 temperem.
3480 1290 3612 1354 Quid
3652 1291 3780 1345 enim

2199 1385 2339 1439 mihi
2378 1385 2607 1455 prodest
2657 1400 2853 1437 carere
2901 1384 3283 1452 saecularibus,
3328 1384 3430 1437 nisi
3471 1384 3618 1439 fuero
3657 1384 3782 1437 mitis

2198 1485 2369 1549 atque
2410 1478 2771 1532 mansuetus?
2802 1478 2945 1531 Nam
2977 1477 3074 1548 qui
3111 1477 3369 1548 sequitur
3408 1476 3546 1531 viam
3585 1480 3784 1541 rectam,

2199 1571 2457 1642 sequitur
2488 1572 2684 1641 utique
2721 1570 2884 1624 illum
2920 1570 3017 1641 qui
3048 1571 3126 1625 ait
3159 1587 3171 1624 :
3204 1592 3233 1620 «
3271 1569 3472 1624 Discite
3498 1586 3529 1623 a
3560 1585 3644 1624 me
3680 1570 3788 1640 quia

2201 1665 2353 1719 mitis
2388 1682 2534 1733 sum,
2564 1669 2621 1719 et
2658 1664 2894 1719 humilis
2926 1664 3096 1718 corde
3136 1664 3375 1732 (Matth.,
3408 1679 3479 1731 χι,
3512 1664 3614 1733 29).
3647 1684 3670 1712 »
3701 1664 3790 1716 De-

545 1760 631 1810 5-l.
675 1757 938 1811 Secunda
985 1757 1351 1812 benedictio:
1389 1778 1416 1805 «
1462 1759 1636 1827 Beati,
1686 1762 1889 1829 inquit,
1938 1735 2348 1829 mitesBpone
2398 1758 2574 1829 igitur
2627 1774 2756 1829 quae
2802 1757 3061 1828 improba
3108 1763 3257 1826 sunt,
3313 1762 3477 1827 egeto
3518 1756 3656 1809 vitiis
3705 1755 3792 1825 (Si)

470 1851 657 1918 (Ibid..
689 1851 762 1915 4).
799 1871 826 1899 ››
862 1850 1065 1917 Tertia,
1109 1872 1135 1899 «
1170 1851 1323 1904 Beati
1366 1852 1462 1922 qui
1506 1853 1705 1923 lugent
1739 1854 1926 1924 (Ibid.,
1961 1855 2033 1923 5).
2073 1876 2100 1905 »

472 1945 699 2010 Quarta,
742 1963 769 1991 ‹‹
813 1943 970 1998 Beati
1013 1943 1109 2013 qui
1158 1943 1415 1999 esuriunt
1455 1944 1636 2014 (Ibid.,
1678 1948 1751 2013 6).
1796 1967 1824 1999 »
1869 1947 2101 2016 Quinta,

480 2056 507 2084 ‹‹
555 2036 710 2089 Beati
758 2035 1152 2090 misericordes
1204 2035 1389 2105 (Ibid.,
1436 2036 1509 2108 7).
1557 2057 1584 2090 »
1632 2039 1817 2106 Sexta,
1869 2060 1897 2090 «
1949 2040 2102 2094 Beati

473 2129 690 2184 mundo
722 2129 887 2183 corde
922 2130 1105 2198 (Ibid.,
1144 2129 1217 2197 8).
1262 2151 1289 2179 ››
1332 2131 1602 2201 Septima,
1637 2153 1665 2180 «
1699 2133 1855 2187 Beati
1890 2133 2104 2203 pacifici

473 2223 655 2293 (Ibid.,
697 2222 769 2294 9).
808 2247 835 2273 ››
876 2224 944 2276 Et
977 2222 1124 2277 bene
1163 2223 1442 2294 septima;
1481 2225 1759 2295 quoniam
1796 2242 1864 2279 eo
1898 2227 1987 2280 die
2033 2227 2103 2280 ab

475 2315 740 2372 omnibus
778 2316 980 2370 mundi
1021 2316 1286 2387 operibus
1325 2317 1603 2387 requievit
1646 2317 1904 2392 1368
1956 2320 2103 2374 Deus

467 2410 646 2481 (Gen.,
675 2427 729 2477 ιι,
759 2412 831 2481 2);
866 2409 989 2464 dies
1020 2409 1175 2463 enim
1213 2411 1419 2481 quietis
1450 2416 1505 2465 et
1535 2412 1683 2481 pacis
1714 2417 1817 2467 est.
1852 2413 2056 2468 Octava
2086 2430 2099 2467 :

470 2524 500 2552 ι(
539 2503 693 2558 Beati
731 2502 829 2574 qui
858 2503 1310 2574 persecutionem
1352 2504 1650 2575 patiuntur
1678 2510 1910 2577 propter
1943 2506 2104 2577 justi-

472 2597 609 2651 tiam
638 2597 821 2668 (Ibid,
858 2596 964 2667 lO).
996 2616 1022 2647 »

544 2693 628 2745 52.
698 2689 868 2756 Veni,
933 2690 1170 2744 Domine
1231 2691 1396 2758 Jesu,
1463 2691 1602 2746 doce
1668 2708 1772 2747 nos
1839 2693 2103 2748 ordinem

468 2766 890 2840 beatitudinum
946 2784 1214 2850 tuarum;
1272 2801 1459 2855 neque
1512 2785 1669 2840 enim
1720 2785 1841 2840 sine
1900 2788 2102 2842 ordine

472 2876 695 2948 dixisti,
747 2877 936 2948 primo
990 2876 1188 2932 beatos
1238 2894 1517 2949 pauperes
1568 2879 1799 2949 spiritu,
1855 2881 2104 2935 secundo

469 2973 665 3027 beatos
706 2971 888 3037 mites,
937 2975 993 3025 et
1038 2970 1207 3025 tertio
1253 2971 1349 3041 qui
1388 2972 1604 3041 lugent.
1638 2974 1777 3027 Nam
1820 2974 1924 3027 etsi
1970 2990 2100 3044 cog-

2204 1851 2517 1906 seeundum
2568 1851 2778 1905 bonam
2828 1854 3263 1921 paupertatem,
3313 1850 3515 1920 mitiga
3564 1847 3799 1903 affectum

2203 1951 2396 2012 tuum;
2432 1951 2490 1999 ut
2530 1962 2645 2000 non
2689 1944 2965 2013 irascaris,
3003 1948 3102 1997 aut
3136 1946 3292 1998 certe
3323 1944 3500 1998 iratus
3532 1958 3598 1997 ne
3636 1957 3798 2012 pecca-

2203 2039 2370 2107 veris,
2408 2040 2574 2110 juxta
2616 2038 2769 2110 quod
2812 2038 3085 2109 scriptum
3126 2043 3211 2093 est
3253 2057 3266 2092 :
3321 2057 3350 2087 «
3398 2034 3714 2102 lrascimiui,
3757 2037 3803 2088 et

2204 2133 2378 2187 nolite
2431 2147 2662 2203 peccare
2717 2131 2894 2203 (Psal.
2959 2147 3032 2198 1V,
3093 2131 3182 2202 5).
3247 2152 3279 2181 »
3344 2130 3675 2185 Praeclarum
3733 2130 3801 2182 est

2202 2227 2357 2281 enim
2420 2229 2641 2280 motum
2706 2228 3023 2295 temperare
3089 2224 3369 2293 consilio;
3438 2240 3543 2279 nec
3601 2220 3804 2277 minoris

2204 2319 2422 2373 virtutis
2488 2319 2734 2385 ducitur,
2799 2318 3067 2373 cohibere
3114 2317 3507 2383 iracundiam,
3569 2316 3802 2385 indigna-

2202 2413 2533 2484 tionemque
2572 2427 2953 2483 compescere,
2985 2428 3159 2483 quam
3195 2411 3437 2466 omnino
3478 2426 3591 2464 non
3628 2408 3804 2462 irasci:

2204 2522 2333 2560 cum
2385 2506 2726 2577 plerumque
2779 2504 2915 2561 illud
2969 2506 3212 2572 lentius,
3266 2505 3383 2560 hoc
3435 2503 3629 2557 fortius
3677 2500 3807 2554 azsti-

2204 2602 2414 2654 metur.

2277 2690 2533 2765 1369
2561 2696 2646 2747 55.
2677 2693 2822 2748 Cum
2848 2692 2958 2746 hoc
2981 2691 3202 2758 feceris,
3233 2696 3531 2746 memento
3559 2687 3684 2760 quia
3705 2701 3812 2757 pec-

2204 2791 2356 2841 cator
2399 2804 2459 2840 es
2506 2803 2519 2840 :
2570 2787 2761 2856 lugeto
2814 2788 3041 2856 peccata
3086 2788 3204 2853 tua,
3256 2786 3456 2855 lugete
3503 2782 3718 2838 delicta.
3761 2779 3815 2832 Et

2203 2880 2347 2935 bene
2394 2879 2559 2935 tertia
2607 2879 2927 2934 benedictio
2974 2881 3060 2933 est
3107 2881 3340 2948 peccata
3389 2875 3661 2941 deﬂentis,
3702 2872 3814 2943 quia

2202 2972 2441 3028 Trinitas
2489 2976 2576 3026 est
2621 2989 2748 3044 quae
2796 2976 3026 3044 peccata
3078 2970 3392 3025 condonet.
3441 2970 3620 3023 Ablue
3665 2966 3817 3037 igitur

472 3081 645 3120 nosco
683 3064 919 3135 aliquid,
959 3070 1155 3117 tamen
1195 3081 1260 3117 ex
1308 3068 1471 3134 parte
1516 3081 1815 3136 cognosco.
1859 3067 1913 3120 Si
1947 3067 2179 3173 enimC
2206 3070 2262 3121 te
2312 3065 2574 3138 lacrymis
2623 3066 2753 3132 tuis,
2806 3072 2864 3120 et
2916 3064 3146 3119 ﬂetibus
3196 3065 3345 3119 lava.
3398 3064 3459 3119 Si
3510 3069 3571 3117 tu
3618 3061 3729 3132 ipse
3773 3062 3816 3110 te

472 3162 508 3173 λ
588 3160 600 3173 1
923 3162 932 3173 ι
1230 3158 1260 3173 ἰ
1306 3160 1340 3173 ιι
1389 3160 1421 3173 η
1711 3158 1758 3173 Ακ
1981 3166 1989 3173 .
2208 3160 2238 3173 η
2382 3160 2392 3170 ο
2520 3159 2553 3173 ν
2669 3164 2679 3173 .
2924 3158 2954 3173 η
2997 3159 3011 3173 ι
3040 3160 3070 3173 ι.
3363 3157 3373 3167 ι
3412 3156 3444 3173 n
3531 3155 3545 3173 ι
3600 3150 3791 3173 1_n--_:_

466 3160 674 3215 Paulus
704 3174 775 3211 ex
814 3162 971 3228 parte
1003 3158 1269 3227 cognovit
1300 3160 1341 3226 (Ι
1383 3160 1527 3221 σωκ,
1559 3175 1677 3223 xm,
1708 3158 1784 3230 9),
1818 3166 2102 3231 quantum
2127 3150 2179 3173 υ
2203 3160 2446 3227 ﬂeveris,
2485 3159 2628 3214 alius
2667 3164 2721 3214 te
2760 3175 2877 3214 non
2920 3158 3110 3226 ﬂebit;
3151 3174 3289 3212 nam
3330 3157 3377 3212 si
3412 3155 3550 3212 Saul
3586 3150 3817 3209 deﬂevis-

470 3268 578 3323 ego
634 3265 866 3322 possum
929 3249 1320 3319 cognoscere?
1379 3250 1547 3305 Paulo
1612 3257 1891 3321 quantum
1947 3255 2099 3320 vita,

463 3350 687 3401 tantum
732 3343 901 3398 etiam
946 3342 1113 3397 verbo
1155 3342 1393 3398 inferior
1434 3360 1595 3413 sum;
1638 3345 1751 3399 vita
1788 3346 1945 3400 enim
1983 3364 2103 3402 ver-

464 3439 606 3494 bum
634 3436 814 3507 exigit
847 3440 902 3490 et
940 3435 1207 3507 acquirit;
1244 3452 1429 3492 sermo
1460 3443 1652 3493 autem
1686 3439 1807 3493 sine
1842 3439 1952 3493 vita
1985 3457 2098 3494 non

471 3536 553 3585 est
595 3545 780 3585 sermo
824 3529 943 3584 Dei.
990 3531 1210 3593 Quanto
1251 3546 1343 3585 me
1387 3530 1698 3601 sapientior
1731 3533 1967 3588 Paulus!
2006 3534 2101 3588 Ille

472 3625 743 3696 gloriatur
780 3624 839 3676 in
881 3622 1145 3694 periculis
1191 3625 1250 3692 (ll
1294 3627 1436 3688 Cor.,
1480 3640 1571 3693 xu,
1614 3628 1688 3695 5),
1721 3642 1829 3696 ego
1868 3627 1926 3680 in
1972 3644 2099 3682 suc-

468 3718 752 3783 cessibus;
803 3716 894 3771 ille
946 3717 1239 3788 gloriatur,
1297 3718 1431 3789 quia
1483 3719 1932 3774 revelationibus
1982 3737 2100 3775 non

467 3811 789 3879 extollitur;
834 3827 942 3881 ego
991 3810 1037 3864 si
1082 3827 1211 3882 quae
1265 3811 1642 3867 revelationes
1688 3812 1833 3867 mihi
1874 3813 2099 3867 contin-

470 3912 689 3977 gerent,
732 3905 1024 3974 gloriarer.
1064 3904 1173 3959 Sed
1202 3909 1397 3960 tamen
1441 3908 1624 3975 potest
1659 3908 1804 3961 Deus
1847 3906 1915 3961 de
1958 3907 2099 3977 lapi-

469 4000 635 4054 dibus
684 3998 942 4052 homines
987 3998 1280 4065 suscitare,
1335 4003 1392 4053 et
1444 3999 1679 4054 verbum
1728 3999 1982 4070 proferre
2034 4000 2103 4055 de

468 4092 690 4159 clausis,
745 4107 943 4146 vocem
988 4091 1190 4146 elicere
1249 4092 1318 4145 de
1368 4093 1557 4146 mutis.
1616 4093 1775 4157 Quod
1824 4092 1870 4146 si
1927 4093 2101 4148 asinae

471 4187 664 4242 oculos
710 4185 960 4255 aperuit,
1008 4188 1071 4238 ut
1123 4184 1339 4240 videret
1386 4186 1655 4255 angelum
1702 4186 1907 4256 (Num,
1958 4203 2098 4254 xxn,

470 4281 592 4353 27);
630 4282 831 4351 potens
868 4281 953 4334 est
988 4281 1045 4333 et
1078 4278 1242 4333 nobis
1278 4295 1506 4351 quoque
1543 4279 1764 4350 aperire
1797 4281 2008 4347 oculos,
2042 4283 2104 4334 ut

472 4374 755 4447 possimus
782 4372 879 4428 Dei
906 4372 1096 4428 videre
1123 4373 1475 4443 mysterium.

2203 3258 2298 3329 set.
2349 3258 2581 3325 peccata
2644 3269 2781 3319 sua,
2851 3251 3083 3307 Samuel
3150 3267 3289 3306 eum
3356 3267 3472 3305 non
3534 3246 3819 3303 deﬂevisset

2207 3349 2245 3416 (ι
2294 3350 2447 3416 Reg.,
2503 3362 2594 3414 xv,
2648 3347 2760 3415 35).
2815 3344 2991 3399 Habet
3054 3345 3459 3415 unusquisque
3523 3358 3663 3414 quos
3708 3338 3823 3393 ﬂeat

2204 3443 2458 3495 mortuos
2503 3457 2650 3494 suos.
2701 3438 2900 3493 Mortui
2946 3454 3178 3506 sumus,
3224 3437 3466 3509 quando
3509 3448 3818 3506 peccamus,

2202 3535 2432 3607 quando
2465 3533 2776 3604 implemur
2804 3532 3021 3587 ossibus
3062 3537 3457 3586 mortuorum.
3486 3530 3728 3585 Mortuus
3756 3525 3827 3579 est

2204 3644 2392 3682 sermo
2424 3627 2626 3696 malus,
2657 3626 2753 3697 qui
2789 3627 2906 3680 exit
2932 3626 3002 3679 de
3031 3641 3130 3680 ore
3148 3642 3165 3694 ;
3195 3627 3315 3680 exit
3356 3624 3518 3679 enim
3556 3623 3624 3677 de
3655 3617 3822 3691 sepul-

2203 3737 2297 3776 cro
2340 3720 2534 3775 malo:
2574 3740 2602 3770 ‹‹
2650 3719 2984 3789 Sepulcrum
3011 3719 3248 3788 (autem)
3290 3722 3503 3790 patens
3544 3718 3629 3772 est
3655 3717 3827 3785 guttur

2203 3830 2407 3869 eorum
2440 3814 2601 3883 (Psal.
2636 3830 2688 3882 v,
2723 3812 2830 3883 Η).
2868 3834 2898 3861 ››
2938 3812 3068 3867 Ideo
3099 3812 3235 3866 dicit
3270 3811 3579 3883 Apostolus
3607 3828 3620 3863 :
3654 3828 3681 3858 «
3715 3804 3824 3859 lmi-

2200 3911 2414 3963 tatores
2448 3878 2592 3961 ‘mei
2643 3878 2820 3961 estote
2871 3907 2913 3974 (Ι
2963 3908 3106 3967 Cor.,
3161 3922 3231 3972 ιν,
3294 3878 3407 3975 ib).
3474 3926 3503 3956 ››
3566 3902 3693 3959 Vult
3741 3913 3829 3954 nos

2204 4001 2541 4057 delictorum
2614 3999 2946 4055 meminisse
3024 4003 3379 4054 nostrorum.
3467 3999 3671 4053 Paulus
3730 4007 3825 4048 non

2202 4095 2452 4149 habebat
2488 4094 2641 4166 quod
2688 4094 2928 4164 lugeret,
2977 4108 3047 4148 ex
3087 4110 3197 4165 quo
3242 4093 3305 4148 in
3347 4092 3644 4148 Christum
3677 4084 3830 4144 credi-

2202 4188 2302 4257 dit,
2348 4192 2406 4243 et
2445 4192 2637 4241 tamen
2682 4187 2869 4258 priora
2912 4185 3155 4241 deﬂebat
3197 4186 3403 4241 dicens
3438 4203 3452 4240 :
3487 4206 3517 4235 «
3557 4184 3694 4248 Quia
3732 4192 3827 4234 non

2202 4297 2327 4336 sum
2369 4280 2577 4352 dignus
2616 4281 2804 4335 vocari
2839 4281 3145 4351 apostolus,
3181 4280 3321 4350 quia
3363 4283 3700 4352 persecutus
3725 4287 3831 4328 sum

2202 4375 2504 4430 Ecclesiam
2553 4374 2651 4428 Dei
2696 4374 2737 4444 (Ι
2784 4376 2925 4437 Cor.,
2970 4390 3059 4443 xv,
3103 4374 3175 4444 9).
3222 4394 3250 4423 »
3300 4374 3406 4430 Ille
3450 4374 3629 4444 igitur
3665 4381 3830 4441 pecca-

545 4468 631 4523 53.
689 4467 860 4531 Beati,
918 4465 1122 4538 inquit,
1171 4482 1462 4537 pauperes.
1523 4467 1645 4521 Non
1698 4482 1896 4520 omnes
1945 4464 2291 4535 beatiDtor
2341 4475 2471 4523 ante
2525 4469 2727 4534 ﬁdem,
2779 4485 2882 4522 nos
2931 4483 3065 4522 vero
3118 4466 3310 4522 adhuc
3365 4482 3675 4539 peccamus
3724 4462 3831 4533 post

470 4578 779 4635 pauperes;
824 4563 1129 4631 paupertas
1168 4561 1322 4615 enim
1366 4560 1554 4614 media
1594 4566 1678 4614 est
1711 4576 1723 4615 :
1770 4566 2005 4631 possunt
2046 4563 2104 4614 et

468 4655 605 4711 boni
647 4657 703 4709 et
737 4654 872 4708 mali
918 4669 1038 4708 esse
1085 4670 1382 4725 pauperes.
1415 4654 1531 4708 Nisi
1565 4653 1709 4708 forte
1754 4654 1849 4708 ille
1888 4653 2100 4707 intelli-

471 4744 691 4818 gendus
740 4759 961 4814 pauper
1004 4743 1220 4810 beatus,
1268 4760 1436 4814 quem
1484 4744 1763 4814 propheta
1809 4743 2103 4813 descripsit

468 4835 706 4890 dicens:
739 4855 765 4883 «
798 4832 941 4896 Quia
986 4831 1196 4886 melior
1241 4847 1454 4902 pauper
1493 4833 1679 4902 justus
1730 4848 1905 4903 quam
1950 4832 2101 4886 dives

467 4924 711 4981 mendax
747 4925 950 4994 (Prom,
989 4938 1104 4989 xxx,
1152 4924 1222 4991 l).
1273 4942 1301 4972 ν)
1350 4922 1548 4976 Beatus
1588 4939 1811 4994 pauper
1847 4923 1946 4994 qui
1985 4923 2098 4978 cla-

469 5014 664 5082 mavit,
712 5017 769 5067 et
806 5011 1081 5066 Dominus
1127 5010 1411 5065 exaudivit
1452 5028 1625 5067 eum:
1664 5028 1883 5084 pauper
1916 5029 1949 5065 a
1988 5012 2097 5066 cri-

468 5150 616 5197 nem,
663 5134 720 5185 id
775 5136 877 5195 est,
925 5133 1222 5183 terminum
1276 5136 1331 5182 et
1386 5133 1737 5184 coronidem.
1783 5133 2099 5185 Secundam

466 5221 598 5259 vero
650 5218 878 5257 causam
929 5203 1129 5266 reddit,
1179 5201 1327 5266 quod
1370 5204 1531 5253 nobis
1580 5205 1903 5267 preacipitur
1943 5204 2097 5254 Eccl.

467 5292 549 5341 XI,
602 5278 662 5338 2,
721 5282 833 5327 octo
874 5280 1081 5340 partem
1132 5275 1296 5338 dare;
1347 5277 1501 5338 atqui
1555 5289 1652 5339 per
1702 5289 1896 5326 vocem
1953 5281 2100 5337 octo,

465 5348 941 5400 universalitatem
1009 5346 1288 5412 designari
1355 5347 1583 5396 Hieron.
1655 5347 1711 5395 in
1784 5347 1947 5398 Mich.
2011 5347 2099 5398 vel

468 5420 633 5481 alibi,
694 5418 924 5480 Vatab.,
983 5418 1172 5467 Estius
1233 5417 1441 5480 aliique
1497 5416 1875 5468 observarunt.
1940 5418 2099 5480 Qua-

467 5495 691 5553 propter
738 5489 831 5540 bic
886 5488 1036 5538 idem
1087 5492 1190 5550 est,
1243 5493 1354 5537 octo
1408 5487 1845 5538 benedictionibus
1894 5495 2100 5552 partem

470 5560 621 5616 dare,
675 5562 841 5623 atque
898 5560 1158 5609 uniuersis
1209 5558 1497 5608 virtutibus
1550 5571 1766 5622 operam
1822 5559 1969 5609 dare.
2028 5559 2099 5609 Et

469 5630 605 5679 hinc
652 5633 732 5678 est
783 5630 933 5692 quod
987 5631 1225 5692 additur,
1274 5632 1351 5680 ita
1389 5636 1437 5680 et
1487 5635 1673 5681 octava
1728 5645 1933 5682 summa
1982 5632 2098 5680 vir-

475 5701 645 5748 tutum
689 5703 790 5760 eat;
838 5712 1055 5748 summa
1095 5701 1246 5750 enim
1294 5700 1500 5751 dicitur
1540 5715 1636 5766 per
1673 5702 1988 5765 allegoriam
2027 5701 2097 5753 ad

470 5780 758 5829 numeros,
803 5770 1007 5831 quibus
1057 5771 1305 5821 collectis
1351 5786 1569 5825 summa
1621 5772 1927 5827 conﬁcitur.
1982 5776 2096 5828 Nec

2202 4563 2392 4617 ﬁdem.
2441 4562 2549 4626 Qui
2592 4564 2852 4633 peccator
2892 4566 2996 4629 est,
3040 4560 3248 4615 deﬂeat
3291 4578 3376 4629 se,
3426 4566 3489 4615 et
3525 4560 3725 4631 arguat
3758 4569 3826 4617 se,

2203 4661 2265 4711 ut
2305 4656 2406 4711 ﬁat
2442 4658 2629 4725 justus
2678 4673 2689 4708 :
2735 4674 2764 4706 «
2808 4656 2998 4709 Justus
3040 4655 3237 4725 (enim)
3288 4660 3600 4710 accusator
3641 4656 3720 4707 est
3751 4644 3830 4701 sui

2201 4746 2410 4816 (Prov.,
2438 4761 2592 4814 xvm,
2627 4744 2735 4815 l7).
2767 4765 2794 4794 »
3374 4809 3380 4813 _

2271 4837 2357 4889 56.
2390 4833 2662 4889 Ordinem
2698 4832 2875 4903 igitur
2911 4848 3348 4904 persequamur,
3393 4833 3540 4905 quia
3576 4829 3831 4901 scriptum

2202 4925 2329 4978 est:
2372 4944 2399 4973 ‹‹
2440 4922 2705 4978 Ordinate
2746 4923 2807 4976 in
2844 4938 2938 4976 me
2974 4922 3307 4977 charitatem
3339 4924 3563 4991 (Cant.,
3604 4938 3661 4988 ιι,
3702 4920 3770 4987 6).
3801 4933 3825 4963 ι»

2205 5012 2447 5084 Deposui
2490 5015 2806 5083 peccatum,
2864 5012 3177 5082 temperavi
3225 5027 3447 5082 mores,
3498 5011 3705 5067 delicta
3744 5006 3827 5060 de-

2200 5134 2272 5185 ob
2316 5134 2468 5184 aliud
2510 5135 2736 5197 ponitur
2774 5132 3118 5195 adverbium,
3158 5132 3412 5195 fortasse,
3444 5134 3559 5183 nisi
3595 5135 3657 5181 ut
3697 5125 3827 5178 indi-

2200 5209 2284 5256 cet
2323 5206 2492 5269 hujus
2528 5207 2637 5256 loci
2673 5206 2767 5270 qui
2798 5205 2866 5255 ad
2905 5206 3146 5256 litteram
3188 5205 3256 5255 de
3297 5205 3671 5269 eleemosyna
3693 5200 3827 5270 accif

2197 5265 2414 5340 pitur,v
2445 5265 2706 5326 nativam'
2762 5289 2873 5326 non
2939 5288 3061 5326 esse
3125 5265 3692 5338 interpretationem,
3752 5265 3827 5317 vel

2198 5349 2366 5398 etiam
2434 5348 2672 5410 mystice
2746 5347 2814 5396 de
2885 5347 3071 5396 Veteri
3142 5346 3424 5410 Novoque
3491 5343 3828 5397 Testamento

2198 5429 2361 5482 posse
2415 5418 2671 5482 intelligi,
2724 5422 2785 5467 ut
2832 5417 2964 5473 alibi
3015 5419 3219 5481 smptus
3273 5418 3404 5481 ipse
3454 5416 3830 5480 interpretatus

2198 5494 2298 5539 est.
2351 5488 2563 5539 Sensus
2606 5503 2736 5554 ergo
2779 5493 2882 5550 est,
2924 5502 3021 5552 per
3064 5492 3323 5538 octavam
3371 5493 3433 5539 et
3477 5483 3829 5538 resurrectio-

2197 5574 2325 5611 nem
2365 5561 2630 5624 futuram,
2671 5565 2727 5611 et
2771 5562 3041 5611 virtutum
3084 5561 3521 5612 universitatem
3563 5573 3633 5610 ex
3681 5564 3830 5619 aquo

2197 5632 2426 5696 signari.

2261 5703 2355 5767 (54)
2388 5703 2545 5754 Rom.
2578 5704 2708 5754 edit.
2740 5717 2870 5755 cum
2894 5706 3063 5756 unico
3095 5718 3198 5756 ms.
3229 5704 3394 5770 Reg.,
3426 5704 3593 5770 Egeto
3617 5696 3823 5752 divitiis.

2198 5774 2381 5828 Minus
2416 5776 2665 5840 apposite
2695 5777 2763 5827 ad
2794 5780 3134 5829 contextum.
