3972 6174
203 297 305 350 1737
1241 284 1706 341 EXPOSITIONIS
1744 284 1812 341 IN
1852 284 2078 341 LUCAM
2119 284 2245 339 LIB.
2292 286 2352 339 V.
3341 288 3476 344 1738

194 415 313 482 ﬂevi;
337 410 521 467 esurire
549 408 753 480 incipio
797 412 855 463 et
886 407 1042 464 sitire
1064 407 1369 478 justitiam.
1393 410 1563 480 Eger
1589 408 1743 464 enim
1770 421 1828 493 Α
1850 411 1911 462 ut
1945 424 2075 462 cum
2110 407 2368 478 legitime
2406 407 2729 475 certaverit,
2756 412 3078 464 coronetur.
3108 409 3220 464 Hos
3244 409 3480 481 quidam

190 527 285 565 cum
312 508 363 561 in
404 504 546 577 gravi
592 503 791 558 morbo
828 508 931 570 est,
965 520 1080 557 non
1118 503 1318 571 esurit,
1352 503 1487 574 quia
1519 503 1745 573 regritu-
1850 501 2059 572 gradus
2098 502 2299 556 volunt
2343 518 2464 557 esse
2501 501 2795 569 virtutum,
2826 518 2930 573 per
2972 519 3116 574 quos
3155 502 3225 557 ab
3269 503 3479 558 ultimis

192 601 300 657 diuis
323 600 458 653 dolor
484 599 686 653 famem
718 596 987 651 excludit.
1019 597 1128 651 Sed
1163 613 1292 668 qum
1319 602 1403 651 est
1431 597 1536 651 ista
1558 598 1744 651 fames
1847 595 1920 649 ad
1947 596 2243 667 superiora
2275 596 2557 667 possimus
2583 596 2910 651 ascendere.

184 694 399 767 justitia?
429 693 518 756 Qui
564 694 693 746 sunt
738 691 830 745 isti
879 707 1053 761 panes
1104 707 1244 761 quos
1293 691 1470 746 esurit
1511 691 1743 761 justus?
1919 692 2005 743 61.
2039 690 2297 761 Denique
2324 689 2468 745 sicut
2492 691 2851 745 incrementa
2875 690 3170 758 virtutum,
3203 688 3281 745 ita
3312 691 3482 745 etiam

188 791 243 843 .‘ie
269 789 387 843 forte
413 803 574 858 panes
603 786 686 840 illi
712 784 782 839 de
809 785 1015 856 quibus
1046 785 1262 840 dictum
1299 791 1421 839 est:
1455 805 1483 835 ιι
1519 785 1746 840 iuvenis
1847 789 1978 838 sunt
2022 784 2371 838 incrementa
2424 783 2821 854 premiorum;
2868 784 2996 854 plus
3046 788 3131 838 est
3177 783 3332 838 enim
3378 784 3480 838 Dei

187 883 268 947 fui,
312 888 359 935 et
417 880 595 946 senui,
651 884 709 934 et
757 896 871 934 non
937 879 1049 933 vidi
1100 880 1321 950 justum
1375 878 1742 945 derelictum,
1845 893 1967 931 esse
2006 877 2230 943 Filium,
2279 894 2451 948 quam
2498 878 2796 949 possidere
2843 883 3078 944 terram,
3126 880 3183 931 et
3229 877 3479 931 consola-

185 991 261 1029 nec
311 989 479 1029 semen
539 973 661 1044 ejus
722 989 983 1044 quaerens
1036 989 1245 1043 panem
1307 973 1486 1040 (Psal.
1550 988 1743 1039 xxxvr,
1845 970 2061 1025 tionem
2087 970 2315 1025 mereri.
2344 971 2453 1025 Sed
2484 972 2618 1042 quia
2643 976 2699 1026 et
2726 970 2982 1042 primum
3009 969 3317 1041 praemium
3345 986 3480 1041 reg-

185 1072 261 1138 25).
295 1092 318 1118 »
351 1068 443 1131 Qui
485 1067 673 1133 esurit,
721 1067 916 1138 utique
962 1066 1169 1122 virium
1216 1066 1422 1137 querit
1467 1082 1744 1137 augmen-
1842 1080 1983 1119 num
2027 1066 2303 1119 caelorum
2344 1070 2446 1135 est,
2485 1071 2541 1119 et
2578 1065 2847 1119 ultimum
2889 1064 3191 1135 praemium
3234 1079 3479 1135 regnum

183 1168 289 1215 tum.
330 1160 473 1224 Quod
520 1166 714 1215 autem
765 1161 953 1232 majus
1006 1160 1229 1216 virtutis
1282 1160 1743 1225 incrementum,
1846 1158 2121 1213 caelorum
2177 1161 2294 1226 est;
2360 1158 2641 1230 numquid
2697 1158 2919 1229 aequale
2980 1157 3285 1229 praemium
3340 1158 3481 1212 inci-

182 1271 308 1326 quam
332 1270 519 1309 norma
540 1254 817 1323 justitim?
1851 1251 2144 1321 pientibus
2188 1255 2358 1322 atque
2417 1253 2685 1322 perfectis
2740 1253 2861 1306 est?
2920 1254 2998 1308 Ne
3051 1252 3194 1306 forte
3252 1252 3487 1322 mystice

229 1353 300 1402 57.
358 1350 473 1402 Post
525 1348 627 1402 hos
682 1365 696 1403 :
753 1369 782 1398 «
838 1348 1018 1416 Beati,
1077 1348 1287 1420 inquit,
1350 1348 1749 1404 misericordes
1850 1345 2124 1400 docemur
2163 1346 2300 1416 quia
2338 1350 2422 1400 est
2461 1345 2711 1416 primum
2761 1362 3002 1415 regnum
3042 1346 3313 1400 cmlorum
3351 1344 3490 1399 illud

181 1444 373 1509 (Matth,
400 1458 449 1507 ν,
478 1442 559 1511 7);
591 1461 617 1493 ››
640 1441 920 1512 justitiam
954 1442 1109 1497 enim
1137 1443 1393 1513 sequitur
1424 1442 1748 1497 misericor-
1851 1439 2227 1509 apostolicum
2259 1457 2270 1493 :
2305 1460 2333 1488 ί(
2367 1440 2605 1494 Dissolvi
2647 1444 2705 1494 et
2744 1455 2867 1493 esse
2904 1455 3035 1493 cum
3076 1439 3298 1495 Christo
3336 1439 3489 1509 (Phi-

180 1536 262 1588 dia.
298 1534 439 1589 Unde
473 1534 690 1589 dictum
728 1540 855 1590 est:
891 1556 918 1583 ‹‹
951 1535 1246 1607 Dispersit,
1289 1535 1447 1590 dedit
1483 1535 1747 1606 pauperi-
1852 1534 2013 1602 lipp.,
2061 1550 2099 1602 ι,
2148 1533 2260 1601 23).
2308 1555 2336 1582 »
2385 1533 2566 1588 Habes
2620 1532 2875 1605 primum
2929 1549 3209 1604 regnum,
3263 1534 3490 1604 quando

176 1629 267 1695 bus,
299 1628 502 1698 justitia
546 1629 671 1698 ejus
726 1634 921 1684 manet
972 1630 1031 1683 in
1085 1632 1364 1684 aeternum
1418 1630 1586 1699 (Psul.
1642 1644 1748 1694 cxi,
1851 1627 2029 1681 sancti
2046 1627 2347 1698 rapiuntur
2367 1627 2425 1681 in
2454 1626 2702 1681 nubibus
2730 1626 2955 1690 obviam
2987 1626 3209 1681 Christo
3239 1626 3298 1680 in
3322 1642 3488 1694 aera;

177 1725 230 1779 9).
270 1744 291 1771 »
335 1722 433 1777 Sed
475 1722 649 1777 etiam
700 1724 800 1794 qui
846 1723 1297 1778 misericordiam
1342 1722 1546 1789 defert,
1595 1738 1747 1776 mer—
1854 1721 2019 1775 multi
2071 1721 2224 1775 enim
2275 1720 2689 1775 dormientium
2741 1723 3001 1791 surgent,
3061 1719 3155 1774 isti
3208 1719 3267 1773 in
3317 1719 3489 1774 vitam

177 1816 332 1871 cedem
393 1816 628 1886 amittit,
698 1816 806 1871 nisi
870 1816 1086 1871 mundo
1145 1818 1314 1871 corde
1381 1816 1747 1885 misereatur;
1772 1795 1827 1866 Β
1852 1818 2149 1883 aeternam,
2179 1815 2258 1869 illi
2284 1814 2343 1869 in
2376 1813 2774 1886 opprobrium.
2800 1814 3053 1868 Primum
3081 1830 3221 1884 ergo
3247 1829 3492 1884 regnum

177 1928 277 1964 nam
322 1911 360 1965 si
403 1911 737 1981 jactantiam
799 1917 1049 1982 quaerat,
1116 1911 1305 1965 nullus
1368 1916 1453 1965 est
1514 1911 1750 1965 fructus.
1857 1908 2130 1962 caelorum
2161 1909 2368 1963 sanctis
2394 1909 2756 1980 propositum
2784 1907 2953 1962 estin
2983 1906 3344 1962 absolutione
3371 1924 3495 1961 cor-

176 2005 383 2059 Emunda
425 2005 601 2075 igitur
653 2004 925 2060 interiora
970 2005 1176 2059 mentis
1213 1992 1362 2073 tua};
1417 2007 1476 2058 et
1525 2004 1572 2058 si
1624 2004 1753 2058 dili-
1856 2002 2007 2073 poris
2039 2020 2050 2055 :
2085 2003 2400 2057 secundum
2433 2019 2677 2073 regnum
2708 2002 2981 2056 caelorum
3024 2007 3110 2056 est
3148 2005 3276 2072 post
3304 2017 3496 2056 resur-

178 2104 331 2167 genter
373 2099 612 2169 pectoris
666 2098 752 2153 tui
804 2103 1023 2154 secreta
1076 2098 1475 2166 mundaveris,
1529 2115 1754 2168 compa—
1856 2097 2174 2152 rectionem
2216 2114 2338 2151 esse
2378 2113 2507 2151 cum
2546 2096 2786 2151 Christo.
2828 2098 2971 2151 Cum
3012 2095 3184 2151 fueris
3219 2097 3278 2149 in
3319 2111 3497 2167 regno

178 2194 263 2245 tere
286 2192 342 2246 iis
364 2192 456 2264 qui
485 2194 940 2265 impugnantur;
971 2199 1029 2248 et
1054 2193 1309 2264 intellige
1339 2193 1540 2263 quanti
1566 2192 1755 2246 homi-
1857 2190 2165 2258 caelorum,
2219 2196 2357 2246 tunc
2419 2207 2715 2262 processus
2780 2193 2866 2244 est
2926 2190 3324 2253 mansionum;
3390 2190 3499 2245 etsi

176 2301 301 2355 num,
359 2287 549 2358 quanti
626 2287 868 2343 fratrum
945 2293 1177 2342 tuorum
1250 2286 1521 2341 auxilium
1593 2289 1757 2340 tuum
1858 2301 2037 2339 unum
2070 2302 2340 2357 regnum,
2367 2286 2585 2341 diversa
2614 2290 2810 2341 tamen
2838 2285 3043 2339 merita
3070 2285 3286 2339 suntin
3316 2300 3499 2355 regno

176 2385 404 2448 quaerant.
1857 2380 2150 2434 caelorum.
2198 2382 2326 2434 Post
2364 2379 2846 2435 resurrectionem
2887 2381 3102 2433 terram
3150 2383 3308 2434 tuam
3353 2378 3498 2433 inci-

222 2473 291 2526 58.
323 2473 426 2528 Sed
461 2474 573 2528 nisi
621 2480 681 2528 tu
724 2473 881 2544 prius
920 2475 1190 2530 interiora
1233 2479 1328 2529 tua
1376 2474 1759 2529 vacuefeceris
1859 2473 1977 2543 pies
2022 2474 2335 2545 possidere,
2384 2474 2673 2529 absolutus
2721 2491 2755 2527 a
2800 2475 3004 2527 morte.
3057 2473 3157 2527 Ille
3206 2472 3358 2527 enim
3406 2473 3499 2526 cui

173 2565 223 2619 ab
256 2567 390 2622 omni
438 2568 565 2623 labe
617 2568 854 2638 peccati,
896 2584 968 2623 ne
1010 2569 1396 2624 dissensiones
1438 2568 1756 2624 contentio-
1860 2566 2084 2621 dicitur.
2117 2588 2144 2618 ‹‹
2173 2569 2344 2623 Terra
2374 2585 2452 2637 es,
2486 2568 2621 2622 etin
2651 2570 2861 2621 terram
2892 2566 2999 2620 ibis
3020 2566 3195 2636 (Gem,
3228 2582 3303 2635 III,
3338 2567 3444 2636 19),
3472 2587 3498 2615 ››

170 2675 333 2732 nesque
376 2678 439 2717 ex
481 2662 698 2717 affectu
740 2669 837 2718 tuo
889 2663 1194 2733 prodeant,
1249 2678 1365 2718 non
1420 2666 1592 2733 potes
1636 2662 1759 2717 aliis
1858 2677 1975 2716 non
2014 2662 2260 2732 possidet
2300 2668 2512 2717 terram
2554 2677 2746 2729 suam;
2795 2677 2907 2714 non
2954 2660 3109 2714 enim
3150 2663 3336 2730 potest
3377 2676 3501 2716 esse

172 2752 282 2807 ferre
328 2756 688 2812 medicinam.
738 2764 780 2811 Α
829 2760 883 2811 te
937 2756 1114 2833 igitur
1170 2773 1368 2828 pacem
1426 2756 1649 2827 incipe;
1699 2759 1760 2809 ut
1858 2771 2177 2826 possessor,
2230 2756 2325 2826 qui
2369 2772 2481 2809 non
2528 2755 2678 2826 capit
2714 2755 2984 2809 fructum.
3036 2754 3342 2808 Absolutus
3384 2754 3498 2824 igi-

170 2862 266 2901 cum
328 2849 494 2904 fueris
572 2850 698 2921 ipse
760 2850 1068 2921 pacificus,
1131 2866 1335 2921 pacem
1400 2850 1522 2904 aliis
1585 2849 1751 2904 feras.
1857 2854 1953 2903 tur
1990 2866 2093 2920 per
2136 2849 2493 2912 Dominicam
2530 2865 2760 2904 crucem
2793 2848 2859 2917 (si
2886 2855 3081 2903 tamen
3117 2848 3270 2903 intra
3292 2849 3501 2919 jugum

170 2939 407 3001 Quomodo
441 2944 599 2998 enim
642 2946 806 3015 potes
848 2944 1095 3000 aliorum
1122 2944 1295 3000 corda
1322 2943 1623 3011 mundare,
1652 2942 1758 2997 nisi
1862 2942 2088 2998 Domini
2151 2943 2327 2998 fueris
2391 2943 2703 3013 inventus),
2757 2942 3213 2998 consolationem
3264 2942 3322 2997 in
3381 2942 3502 3014 ipsa

170 3037 295 3088 tuum
320 3042 445 3091 ante
473 3037 889 3093 mandaveris?
1859 3038 2215 3107 possessione
2262 3037 2517 3108 reperies
2554 3053 2567 3091 :
2610 3036 3059 3092 consolationem
3100 3036 3356 3108 sequitur
3398 3037 3497 3092 de-

212 3129 284 3183 59.
318 3131 595 3186 Profuisti
635 3131 811 3202 igitur
852 3130 998 3199 aliis,
1044 3131 1223 3187 tulisti
1257 3132 1532 3186 auxilium
1580 3131 1754 3201 pluri-
1780 3131 2120 3244 Claetatio,
2187 3130 2624 3187 delectationem
2692 3130 2881 3186 divina
2947 3130 3257 3186 miseratio.
3315 3132 3499 3197 Quem

161 3218 263 3289 bus;
299 3224 510 3293 festina,
552 3225 833 3280 contende
873 3225 944 3280 ad
984 3224 1180 3280 tinem.
1212 3226 1365 3280 Multi
1400 3242 1529 3279 cum
1570 3228 1758 3279 essent
1781 3218 1834 3244 υ
1859 3230 2050 3280 autem
2093 3225 2372 3280 Dominus
2403 3226 2729 3293 miseratur,
2774 3228 2833 3279 et
2871 3227 3062 3293 vocat;
3108 3225 3208 3296 qui
3246 3231 3501 3290 vocatur,

168 3315 313 3371 exitus
343 3319 487 3387 vitae,
533 3335 688 3373 unus
726 3319 966 3374 Domino
1008 3318 1398 3390 competebat;
1439 3335 1569 3373 nam
1607 3319 1759 3390 quod
1859 3318 2018 3374 videt
2052 3322 2388 3388 vocantem;
2428 3319 2528 3390 qui
2566 3321 2738 3375 Deum
2785 3318 3014 3387 viderit,
3059 3318 3118 3373 in
3156 3320 3253 3390 jus
3295 3319 3501 3375 divina

164 3412 323 3465 natum
363 3422 481 3469 erat
526 3413 850 3468 secundum
895 3428 1152 3479 carnem,
1207 3412 1508 3483 oportebat
1552 3428 1754 3467 secun-
1860 3413 2248 3483 generationis
2310 3413 2651 3482 assumitur;
2716 3416 2966 3484 tuncque
3034 3412 3269 3467 demum
3333 3413 3499 3484 quasi

163 3500 269 3557 dum
297 3522 520 3563 carnem
550 3506 723 3562 mori.
754 3505 942 3577 Elegit
975 3506 1299 3577 passionem
1339 3511 1404 3560 ut
1438 3512 1759 3561 moreretur
1862 3506 1956 3561 Dei
2012 3507 2214 3571 Filius,
2265 3508 2502 3563 caelestis
2545 3508 2710 3578 regni
2755 3506 2965 3561 divitiis
3014 3506 3349 3563 delectatur.
3400 3507 3499 3563 Ille

162 3611 239 3664 pro
260 3600 440 3666 nobis;
483 3608 543 3655 et
577 3604 642 3656 tu
668 3600 755 3656 dic
784 3601 855 3655 de
885 3600 1150 3656 omnibus
1189 3617 1315 3672 quae
1356 3600 1617 3656 retribuit
1654 3601 1757 3656 tibi
1856 3600 2036 3671 igitur
2072 3601 2295 3672 incipit,
2330 3601 2425 3656 hic
2464 3601 2738 3672 repletur.
2784 3601 2926 3656 Nam
2967 3603 3025 3656 et
3062 3600 3217 3656 intra
3255 3602 3362 3656 hoc
3400 3618 3501 3657 sa:-

160 3688 390 3748 Dominus
424 3711 438 3750 :
474 3717 501 3744 «
541 3694 792 3750 Calicem
834 3694 1099 3749 salutaris
1130 3694 1426 3765 accipiam,
1455 3701 1512 3751 et
1547 3710 1757 3750 nomen
1858 3695 2051 3749 culum
2081 3694 2248 3750 multi
2273 3694 2332 3749 in
2356 3694 2603 3767 imperio
2631 3696 2886 3750 Romano
2911 3699 3073 3763 sunt;
3098 3695 3192 3750 sed
3223 3696 3497 3765 majorem

158 3783 337 3841 Domini
362 3789 643 3844 invocabo
682 3790 851 3857 (Psal.
884 3804 1005 3859 cxv,
1046 3788 1154 3859 13),
1190 3811 1215 3835 ››
1250 3788 1357 3843 hoc
1394 3795 1500 3856 est,
1540 3788 1753 3860 passio-
1856 3788 2082 3860 imperii
2112 3790 2355 3860 gratiam
2381 3789 2482 3860 qui
2506 3789 2807 3861 propiores
2832 3788 3167 3860 imperatori
3198 3795 3329 3845 sunt
3357 3806 3495 3845 con-

159 3891 282 3934 nem.
313 3882 466 3937 Unde
493 3884 673 3938 etiam
696 3883 803 3936 illis
829 3882 927 3953 qui
958 3883 1026 3936 ad
1055 3874 1343 3937 dexteram
1371 3882 1461 3936 vel
1487 3882 1559 3937 ad
1589 3883 1756 3937 sinis-
1856 3888 2199 3955 sequuntur.

160 3974 273 4026 tram
294 3975 488 4031 sedere
513 3976 845 4047 cupiebant,
870 3975 982 4030 ait:
1011 3976 1284 4031 «Potestis
1304 3976 1499 4031 bibere
1524 3976 1758 4032 calicem
1929 3980 2016 4031 62.
2070 3979 2228 4032 Nunc
2278 3976 2536 4032 dicamus
2591 3976 3077 4048 quemadmodum
3133 3978 3191 4032 in
3247 3981 3497 4050 quatuor

156 4058 293 4134 quem
321 4085 426 4141 ego
458 4071 750 4125 bibiturus
789 4087 915 4124 sum
956 4071 1199 4140 (Matth,
1229 4087 1319 4140 xx,
1360 4074 1475 4137 22).
1507 4092 1535 4121 ››
1570 4072 1757 4143 Usque
1854 4071 2349 4126 benedictionibus
2371 4076 2595 4126 sanctus
2619 4073 2794 4126 Lucas
2818 4072 3247 4128 benedictiones
3267 4073 3339 4127 sit
3366 4076 3492 4129 octo

153 4159 207 4211 ad
228 4161 389 4217 ﬁnem
416 4168 475 4219 te
501 4163 682 4232 ducit,
708 4180 886 4236 usque
913 4164 985 4218 ad
1010 4163 1349 4235 martyrium
1376 4164 1754 4236 prosequitur,
1856 4166 2203 4236 complexus.
2262 4168 2330 4221 Et
2372 4165 2605 4236 quidem
2645 4166 2856 4221 scimus
2904 4167 3141 4222 virtutes
3187 4184 3308 4221 esse
3362 4184 3498 4239 qua-

154 4256 197 4304 et
216 4257 495 4312 constituit
522 4257 947 4312 beatitudinum
977 4258 1256 4329 palmam.
1856 4263 1985 4314 tuor
2010 4259 2331 4315 cardinales
2361 4277 2374 4314 :
2404 4260 2869 4331 temperantiam,
2902 4261 3206 4332 justitiam,
3242 4262 3491 4333 pruden-

207 4345 449 4423 1370
481 4354 573 4406 60.
608 4351 745 4405 Vide
772 4351 949 4423 igitur
974 4352 1256 4406 ordinem.
1288 4352 1526 4423 Oportet
1551 4357 1607 4408 te
1632 4353 1754 4408 ﬁeri
1856 4353 2013 4422 tiam,
2043 4354 2459 4409 fortitudinem.
2495 4354 2604 4418 Qui
2649 4372 2867 4425 pauper
2901 4361 2985 4410 est
3025 4355 3248 4426 spiritu,
3291 4371 3494 4419 avarus

153 4453 433 4512 pauperem
473 4445 711 4516 spiritu;
750 4445 1039 4499 humilitas
1080 4445 1232 4500 enim
1274 4446 1503 4517 spiritus
1545 4447 1756 4502 divitias
1858 4464 1971 4502 non
2012 4452 2117 4502 est.
2164 4449 2271 4513 Qui
2320 4451 2437 4518 llet,
2481 4466 2593 4503 non
2635 4449 2914 4519 superbit,
2962 4450 3055 4502 sed
3106 4449 3261 4502 mitis
3307 4452 3393 4503 est
3436 4452 3496 4503 et

150 4532 388 4591 Virtutum
433 4544 593 4593 sunt.
638 4538 750 4593 Nisi
792 4555 1008 4610 pauper
1048 4539 1243 4609 fueris,
1279 4540 1433 4596 mitis
1481 4557 1598 4596 esse
1641 4547 2108 4621 nonDpacatus.
2168 4542 2276 4606 Qui
2328 4543 2507 4613 luget,
2558 4542 2915 4596 humiliatur.
2974 4542 3080 4606 Qui
3133 4542 3322 4611 justus
3383 4548 3490 4611 est,

149 4631 350 4694 poteris.
376 4632 488 4696 Qui
520 4632 677 4687 mitis
707 4639 812 4701 est,
844 4635 1029 4703 potest
1064 4634 1259 4705 lugere
1295 4635 1626 4705 praesentia;
1658 4635 1755 4706 qui
1857 4652 1972 4690 non
2022 4641 2194 4707 negat
2238 4636 2392 4707 quod
2437 4636 2545 4690 scit
2590 4635 2859 4689 omnibus
2896 4635 3002 4706 (56)
3034 4635 3099 4689 ad
3134 4652 3297 4691 usum
3334 4653 3491 4692 com-

148 4716 389 4779 inferiora
429 4728 612 4797 luget,
642 4729 833 4797 potest
869 4727 1190 4783 desiderare
1229 4728 1505 4798 meliora;
1535 4729 1632 4800 qui
1661 4746 1752 4783 su-
1857 4730 2113 4783 muniter
2161 4730 2381 4783 datum.
2438 4730 2543 4792 Qui
2592 4729 2912 4796 miseretur,
2958 4729 3196 4799 largitur
3244 4730 3315 4784 de
3364 4747 3488 4786 suo.

145 4815 340 4880 periora
382 4819 614 4890 quaerit,
656 4820 922 4874 inferiora
957 4821 1166 4876 devitat
1208 4820 1358 4891 (55):
1396 4827 1455 4877 ut
1489 4829 1543 4877 et
1582 4823 1697 4894 ipse
1724 4839 1757 4875 a
1855 4824 1962 4888 Qui
1993 4840 2157 4877 suum
2196 4824 2391 4891 donat,
2432 4839 2548 4877 non
2590 4823 2795 4894 quaerit
2834 4823 3106 4892 alienum,
3148 4841 3251 4878 nec
3294 4824 3490 4879 dolum

148 4911 512 4976 superioribus
552 4914 893 4984 adjuvetur;
940 4916 1037 4986 qui
1078 4917 1411 4986 miseretur,
1454 4932 1551 4970 cor
1586 4933 1753 4970 suum
1860 4918 2119 4988 proximo
2148 4917 2334 4971 struit.

148 5003 374 5060 mundat.
403 5007 559 5071 Quid
585 5014 668 5061 est
696 5007 851 5062 enim
879 5008 1162 5063 mundare
1189 5010 1473 5078 animum,
1507 5010 1617 5064 nisi
1643 5026 1757 5064 sor-
1928 5014 2015 5066 63.
2073 5012 2358 5066 Connexae
2415 5010 2593 5082 igitur
2648 5011 2752 5065 sibi
2804 5016 2939 5066 sunt
2992 5015 3489 5084 concatenatmque

148 5091 256 5149 dem
302 5100 504 5154 mortis
547 5101 811 5155 abolere?
844 5123 872 5153 ‹‹
904 5103 1270 5174 Eleemosyna
1308 5104 1465 5157 enim
1501 5122 1534 5157 a
1574 5106 1756 5158 morte
1858 5104 2127 5172 virtutes;
2175 5107 2234 5157 ut
2274 5104 2371 5175 qui
2407 5121 2581 5158 unam
2610 5105 2798 5172 habet,
2838 5105 3026 5175 plures
3057 5105 3263 5159 habere
3294 5106 3488 5160 videa-

148 5183 320 5245 liberat
344 5194 525 5261 (Tob.,
555 5210 628 5261 1v,
664 5198 781 5265 H);
816 5217 841 5244 ››
881 5195 1148 5266 patientia
1191 5212 1324 5251 vero
1359 5198 1632 5268 perfectio
1672 5203 1759 5252 est
1858 5204 1980 5268 tur;
2036 5196 2283 5270 1371
2336 5206 2393 5253 et
2436 5199 2646 5253 sanctis
2686 5215 2796 5253 una
2836 5199 3110 5270 competit
3149 5199 3343 5269 virtus,
3387 5200 3489 5255 sed

149 5274 437 5336 Charitatis.
494 5283 601 5347 Qui
658 5288 852 5339 autem
898 5286 1112 5356 patitur
1161 5287 1644 5356 persecutionem,
1696 5287 1757 5340 in
1859 5289 1983 5359 ejus
2034 5305 2159 5359 quae
2208 5288 2383 5343 fuerit
2439 5289 2690 5357 uberior,
2744 5288 2975 5342 uberius
3024 5290 3109 5341 est
3161 5287 3481 5357 praemium.

152 5361 319 5422 Ultimo
364 5374 683 5427 certamine
728 5374 1067 5429 constitutus
1116 5375 1396 5446 probatur
1445 5374 1694 5431 adversis
1740 5392 1753 5429 :
1857 5379 2073 5443 Quanta
2116 5377 2473 5449 hospitalitas
2510 5376 2571 5431 in
2611 5377 2895 5431 Abraham
2946 5376 3121 5446 (Gem,
3170 5392 3297 5444 xvn,
3344 5378 3485 5449 2-8)!

164 5488 282 5563 155)
322 5491 461 5557 Reg.
505 5494 625 5544 cod.
669 5497 843 5558 solus,
882 5495 1165 5558 inferiores
1205 5497 1454 5561 adjuvet;
1494 5499 1757 5549 nimirum
1859 5501 1944 5561 tis,
1970 5504 2099 5560 etc.,
2127 5499 2182 5548 id
2210 5503 2314 5560 est,
2343 5499 2771 5561 corruptionem.
2806 5496 2878 5546 Et
2898 5496 3006 5547 hoc
3032 5496 3234 5548 melius
3260 5498 3499 5563 quadrat

158 5557 205 5633 tl}
240 5573 360 5613 cum
405 5569 671 5629 sequenti
707 5557 959 5619 membro
1004 5568 1103 5619 fiat
1148 5557 1470 5630 antithesis;
1511 5570 1611 5621 sed
1646 5584 1759 5621 non
1859 5557 1989 5621 cum
2018 5557 2204 5622 verbis
2230 5557 2613 5633 sequentibus.

157 5626 256 5679 ideo
302 5626 618 5707 communis
680 5641 844 5691 lectio
897 5641 1220 5691 deserenda.
1276 5641 1347 5691 Et
1400 5626 1568 5705 paulo
1616 5645 1758 5704 post,
1922 5643 2019 5704 (56)
2058 5644 2136 5691 Ita
2176 5626 2575 5691 edithmerb.
2620 5643 2677 5691 et
2723 5640 2848 5690 Era.
2889 5653 3019 5691 cum
3061 5643 3305 5692 maxima
3342 5649 3495 5707 parte

159 5709 321 5751 omnes
341 5706 522 5778 edit,
558 5711 660 5760 nisi
704 5712 913 5761 sordem
960 5713 1145 5762 mentis
1189 5711 1423 5771 abluere,
1464 5713 1547 5762 sic
1590 5713 1759 5762 etiam
1859 5728 1991 5764 mss.
2025 5713 2154 5765 Gill.
2196 5717 2386 5763 autem
2424 5725 2491 5764 ac
2529 5712 2685 5763 Rom.
2731 5725 2860 5763 cum
2895 5713 3021 5763 aliis
3064 5727 3221 5777 mss.,
3257 5706 3400 5778 quod
3429 5716 3497 5767 sit

160 5779 266 5847 {me
305 5776 539 5847 aliquot,
576 5786 806 5845 excepto
843 5783 994 5847 quod
1031 5796 1159 5834 cum
1202 5784 1327 5833 aliis
1368 5784 1580 5847 legunt,
1620 5782 1761 5833 abo-
1861 5784 2127 5846 omnibus,
2154 5787 2262 5834 etc.
3159 5817 3165 5823 ι

165 5836 262 5890 im.
306 5836 534 5899 Cas—teri
564 5836 747 5915 plures
788 5836 1162 5918 potioresque,
1207 5855 1317 5904 nisi
1361 5836 1579 5906 sordem,
1618 5867 1760 5906 mor-

376 5928 624 5995 ΡΑτιιοι..
670 5935 774 5997 XV
820 5936 977 6015 (XIV
1022 5954 1157 5999 ΡΑΒΞ
1200 5935 1333 6018 ΙΙ.).

2994 5941 3069 5999 55
