3972 6174
549 288 566 338 t
582 285 680 340 739

2010 284 2064 335 S.
2106 281 2422 336 AMBROSII

3711 296 3816 348 1740

543 411 758 479 quanta
793 404 1106 471 humilitas,
1149 407 1363 477 quanta
1407 403 1670 458 sanctitas
1704 405 1834 474 (57),
1880 411 1941 460 ut
1979 405 2165 459 fratris
2187 423 2244 494 Α
2269 405 2357 458 nia
2386 402 2744 474 delictorum,
2777 405 3045 476 pleraque
3086 411 3273 459 tamen
3316 411 3443 461 sunt
3476 409 3626 464 etiam
3662 411 3820 468 incen-

542 501 722 556 ﬁlium
773 501 845 555 ab
909 500 1072 554 hoste
1135 503 1380 554 servaret
1443 498 1616 566 (Gen.,
1673 514 1784 565 XIV,
1845 499 2055 566 H-i6)!
2109 502 2166 552 et

540 597 752 665 quanta
794 591 1155 659 abstinentia,
1206 595 1271 646 ut
1321 591 1463 646 nihil
1519 591 1589 646 de
1643 592 1834 662 praeda
1888 595 2167 663 quaereret

538 687 722 758 (Ibid.,
753 685 871 757 23)l
904 687 1008 742 Sed
1040 685 1174 757 quia
1200 685 1309 740 fide
1338 685 1620 756 priestitit,
1666 686 1795 739 fidei
1845 703 1963 756 pra:
2002 692 2165 740 caete-

539 780 618 834 ris
650 779 880 846 meruit,
919 779 1299 850 principatum
1330 779 1507 848 (Gen.,
1538 795 1628 844 xv,
1667 780 1737 848 6).
1770 780 1914 850 Ergo
1945 779 2161 833 unicui-

538 889 648 944 que
675 873 840 943 plura
872 871 1129 942 praemia,
1161 872 1292 942 quia
1322 873 1486 942 plura
1526 872 1810 926 incentiva
1849 873 2160 939 virtutum;

540 967 637 1020 sed
679 965 832 1036 quod
864 965 923 1019 in
957 965 1147 1036 aliquo
1187 965 1392 1020 merito
1432 965 1728 1035 copiosius,
1768 966 1876 1020 hoc
1907 966 2162 1021 etiamin

538 1060 778 1130 praemio
807 1058 1242 1113 redundantius.

607 1155 694 1208 64.
739 1156 893 1209 Beati
934 1153 1107 1223 igitur
1152 1169 1416 1223 pauperes
1458 1156 1678 1222 spiritu.
1728 1155 1907 1209 Habes
1953 1157 2164 1225 tempe-

536 1247 806 1314 rantiam,
845 1263 970 1317 qua:
1003 1264 1035 1300 a
1067 1252 1292 1316 peccato
1334 1246 1602 1315 abstinet,
1647 1249 1915 1303 saeculum
1967 1249 2161 1317 calcat,

537 1341 866 1395 illecebrosa
894 1357 1009 1395 non
1035 1342 1260 1411 quaerit.

608 1439 694 1489 65.
725 1437 878 1490 Beati
902 1437 998 1504 qui
1022 1438 1270 1489 esu-riunt
1297 1442 1346 1489 et
1378 1437 1601 1501 sitiunt;
1633 1437 1730 1508 qui
1773 1437 1926 1491 enim
1964 1437 2160 1505 esurit,

535 1528 805 1583 esurienti
860 1529 1233 1598 compatitur,
1280 1530 1684 1600 compatiendo
1733 1529 2001 1602 largitur,
2051 1532 2160 1586 lar-

537 1621 744 1693 giendo
770 1621 834 1675 iit
852 1621 1070 1691 justus;
1096 1623 1226 1692 quia
1249 1642 1275 1669 ‹‹
1297 1622 1519 1677 Iustitia
1545 1624 1670 1693 ejus
1698 1628 1888 1679 manet
1915 1625 1974 1678 in
2005 1631 2164 1679 mter-

538 1733 673 1770 num
718 1717 886 1786 (Psat.
941 1732 1051 1784 cxi,
1105 1719 1179 1786 9).
1245 1736 1271 1768 »
1323 1717 1480 1771 Unde
1529 1717 1584 1771 in
1625 1718 1886 1773 Matthaeo
1923 1719 2073 1772 sitim
2110 1723 2166 1774 et

2265 499 2378 552 tiva
2403 499 2696 554 virtutum.
2728 499 3066 570 Quanquam
3097 500 3271 553 virtus
3295 500 3527 556 subsidia
3548 520 3648 559 non
3671 509 3824 577 requi-

2267 597 2370 660 rat,
2411 599 2468 647 et
2508 593 2962 648 commendatior
3006 594 3079 648 sit
3124 593 3345 648 collatio
3390 597 3648 666 pauperis,
3681 616 3824 670 quam

2267 685 2454 740 divitis
2487 687 2812 754 liberalitas,
2839 691 3032 742 tamen
3061 703 3172 741 non
3213 703 3311 742 eos
3339 689 3432 758 qui
3468 690 3686 745 habeant
3712 693 3826 748 divi-

2265 779 2390 847 tias,
2418 780 2512 834 sed
2542 797 2638 836 eos
2668 781 2764 852 qui
2793 781 2874 835 uti
2901 781 2988 834 his
3013 780 3287 848 nesciant,
3318 783 3598 837 sententiae
3634 785 3829 840 caelestis

2267 873 2597 928 auctoritate
2637 873 3003 929 condemnat.
3033 875 3174 928 Nam
3218 878 3278 928 ut
3311 874 3406 928 ille
3441 890 3637 946 pauper
3669 877 3826 932 lauda-

2266 967 2432 1022 bilior
2473 968 2570 1040 qui
2612 974 2876 1040 prompto
2919 969 3158 1039 largitur
3199 968 3431 1035 affectu,
3477 967 3711 1042 1372
3749 989 3831 1026 nec

2267 1061 2652 1132 impendentis
2691 1062 2958 1133 egestatis
2984 1061 3271 1133 repagulis
3297 1061 3595 1128 inhibetur,
3623 1063 3833 1134 inepem-

2267 1171 2377 1225 que
2402 1171 2459 1210 se
2489 1172 2600 1210 non
2634 1160 2815 1226 putat,
2847 1156 2946 1226 qui
2979 1155 3152 1210 habet
3177 1154 3331 1226 quod
3360 1159 3566 1209 natura:
3590 1157 3712 1210 satis
3741 1162 3834 1220 est;

2264 1249 2341 1302 ita
2365 1249 2456 1304 hic
2481 1249 2633 1304 dives
2673 1249 3050 1317 criminosior,
3081 1249 3178 1321 qui
3215 1249 3306 1304 vel
3351 1250 3460 1304 Deo
3503 1250 3696 1304 referre
3735 1267 3839 1321 gra-

2267 1343 2401 1397 tiam
2443 1344 2512 1398 de
2562 1360 2627 1398 eo
2669 1343 2866 1398 debuit
2909 1344 3061 1416 quod
3110 1344 3347 1415 accepit,
3394 1359 3495 1398 nec
3540 1359 3750 1398 censum
3787 1346 3838 1399 ad

2265 1453 2629 1493 communem
2662 1454 2826 1492 usum
2857 1438 3055 1492 datum
3084 1437 3205 1491 sine
3239 1453 3343 1492 usu
3372 1437 3592 1504 abdere,
3619 1438 3839 1492 defossis-

2264 1547 2374 1603 que
2402 1536 2567 1586 terrae.
2593 1531 2921 1587 incumbare
2958 1532 3257 1586 thesauris.
3293 1532 3416 1585 Non
3459 1547 3649 1586 census
3683 1531 3842 1601 igitur,

2264 1626 2362 1680 sed
2391 1626 2626 1681 affectus
2653 1625 2709 1679 in
2741 1626 2978 1680 crimine
3005 1632 3104 1681 est.
3138 1627 3206 1680 Et
3231 1641 3557 1697 quanquam
3581 1628 3688 1679 tota
3709 1630 3845 1680 aetate

2263 1720 2533 1775 custodite
2579 1719 2918 1774 miserabilis
2963 1719 3226 1774 sollicitas
3270 1735 3436 1773 avara
3488 1734 3642 1772 mens
3688 1718 3849 1772 tendat

535 1811 745 1865 famem
795 1809 1166 1880 intelligimus
1200 1811 1528 1881 spiritalem,
1571 1828 1681 1882 qua
1727 1812 1887 1866 cibus
1923 1813 2160 1884 justitiae
2182 1806 2237 1877 B
2262 1814 2546 1881 excubias,
2573 1830 2688 1886 quo
2728 1815 2882 1868 nulla
2915 1829 3084 1886 poena
3116 1813 3345 1884 gravior
3373 1817 3476 1882 est,
3506 1827 3848 1866 successorum

535 1904 895 1958 desideratur
913 1903 1018 1973 (58)
1037 1907 1135 1958 aut
1161 1909 1357 1975 potus;
1389 1905 1526 1976 quia
1549 1906 1725 1960 virtus
1747 1907 1903 1977 quasi
1925 1907 2161 1961 materia

533 1998 796 2069 quaedam
826 1998 1097 2052 virtutum
1121 2002 1224 2064 est,
1256 1999 1515 2069 utjustus
1543 2000 1826 2070 aequalem
1852 2017 1910 2054 se
1937 1999 2164 2055 inferio-

534 2091 690 2146 ribus
728 2096 977 2162 praastet,
1019 2092 1213 2146 dolum
1261 2093 1538 2156 excludat,
1572 2094 1842 2148 virtutem
1886 2095 2157 2166 requirat.

605 2190 690 2240 66.
736 2189 892 2242 Beati
933 2189 1032 2255 qui
1078 2202 1223 2240 nunc
1275 2189 1431 2255 ﬂetis,
1482 2190 1613 2257 quia
1658 2189 1924 2244 ridebitis.
1981 2188 2163 2243 Habes

532 2280 914 2352 prudentiam,
965 2280 1127 2350 cujus
1181 2284 1265 2334 est
1312 2281 1447 2335 flere
1509 2282 1761 2351 occidua,
1816 2289 1874 2338 et
1918 2299 1986 2338 ea
2031 2299 2161 2354 quae

531 2382 742 2429 aeterna
767 2378 900 2428 sunt
930 2390 1216 2444 quaerere;
1246 2375 1444 2446 lugere
1475 2377 1785 2446 saecularia,
1820 2393 1948 2448 qua:
1980 2376 2162 2447 seipsa

528 2475 917 2540 compugnent
947 2469 1058 2540 (59)
1089 2486 1101 2523 :
1133 2470 1308 2524 Deum
1335 2469 1489 2541 pacis
1518 2470 1834 2542 inquirere,
1862 2471 1958 2542 qui
1988 2471 2162 2525 stulta

528 2563 726 2618 mundi
764 2563 954 2634 elegit,
1006 2569 1066 2618 ut
1115 2563 1429 2618 confundat
1476 2565 1794 2636 sapientes;
1851 2568 1906 2620 et
1952 2565 2047 2636 qui
2097 2581 2161 2619 ea

525 2675 654 2729 quae
704 2675 819 2712 non
857 2662 990 2712 sunt
1033 2656 1315 2727 destruat,
1362 2661 1423 2711 ut
1467 2674 1596 2728 quae
1637 2664 1787 2728 sunt,
1827 2657 2000 2729 possit
2041 2658 2158 2712 adi-

526 2752 686 2824 pisci.

600 2849 686 2901 67.
734 2847 906 2916 (Vers.
949 2846 1060 2917 '22.)
1085 2848 1239 2902 Beati
1278 2849 1430 2902 eritis
1457 2864 1576 2902 cum
1610 2863 1704 2901 vos
1743 2848 1955 2902 oderint
1992 2848 2157 2901 homi-

528 2956 636 2996 nes.
672 2941 850 2996 Habes
888 2939 1302 3009 fortitudinem,
1331 2942 1427 2995 sed
1469 2957 1594 2995 eam
1635 2957 1763 3012 qua:
1811 2958 1920 2995 non
1966 2941 2160 2995 odium

2262 1908 2560 1979 profutura
2613 1907 2964 1980 compendiis
3014 1907 3181 1962 anxio
3235 1907 3441 1962 timore
3491 1922 3698 1960 servare
3739 1905 3849 1974 (6i),

2263 2005 2458 2056 tamen
2492 2003 2759 2074 quoniam
2791 2002 3040 2056 avaritias
3071 2001 3276 2068 studia,
3305 2005 3364 2055 et
3391 2000 3662 2055 desideria
3684 2015 3853 2071 conge-

2263 2097 2442 2166 rendi,
2475 2097 2625 2150 inani
2657 2097 2906 2167 quadam
2935 2097 3227 2168 voluptate
3255 2098 3566 2166 pascuntur
3595 2112 3608 2148 :
3641 2095 3729 2165 qui
3753 2110 3854 2147 con-

2263 2191 2602 2246 solationem
2631 2191 2758 2244 vitta
2787 2191 3084 2261 praesentis
3114 2189 3462 2256 habuerunt,
3487 2188 3855 2244 remuneratio-

2263 2301 2398 2339 nem
2423 2288 2756 2356 perpetuam
2788 2284 3178 2356 perdiderunt.

2336 2383 2423 2434 70.
2487 2381 2792 2434 Possumus
2858 2379 2948 2434 hic
3015 2384 3204 2434 tamen
3272 2378 3510 2433 divitem
3577 2375 3854 2446 intelligere

2262 2474 2535 2546 populum
2602 2473 2960 2542 Judaaorum,
3031 2472 3119 2526 vel
3191 2472 3523 2540 haereticos,
3591 2470 3676 2523 vel
3735 2473 3856 2521 certe

2263 2567 2460 2621 mundi
2519 2566 2917 2637 philosophos,
2977 2567 3074 2636 qui
3128 2566 3391 2621 ubertate
3454 2565 3769 2629 verborum,
3815 2565 3859 2614 et

2262 2661 2508 2732 quodam
2551 2661 2870 2715 ambitiosa-3
2905 2659 3188 2714 facundiae
3227 2659 3575 2730 patrimonio
3613 2652 3858 2717 delectati,

2263 2753 2685 2825 simplicitatem
2756 2770 2901 2808 verte
2965 2753 3093 2808 fidei
3157 2752 3548 2824 supergressi,
3602 2751 3861 2804 thesauros

2264 2849 2490 2902 inutiles
2531 2847 2934 2902 condiderunt.
2967 2849 3164 2902 Nonne
3202 2847 3306 2901 tibi
3340 2847 3566 2901 videtur
3602 2844 3863 2898 haereticus

2264 2942 2501 3013 aliquis,
2559 2959 2689 2996 cum
2739 2942 2900 2995 audis
2944 2958 3077 2995 eum
3127 2940 3199 2994 de
3247 2939 3623 3012 generatione
3669 2933 3864 2992 Domini

526 3039 815 3090 mereatur
852 3051 922 3089 ex
963 3033 1226 3101 crimine,
1275 3036 1368 3088 sed
1419 3036 1868 3106 persecutionem
1913 3036 2164 3106 patiatur
2255 3035 2416 3106 juxta
2463 3052 2628 3090 usum
2679 3035 2867 3090 seculi
2916 3034 3331 3105 disputantem,
3382 3033 3542 3088 dives
3587 3032 3643 3086 in
3684 3028 3864 3091 verbis,

526 3146 594 3184 ex
633 3129 779 3195 ﬁde;
807 3128 886 3182 sic
914 3127 1069 3183 enim
1098 3127 1168 3182 ad
1200 3128 1478 3198 passionis
1509 3129 1838 3199 pervenitur
1865 3145 2157 3194 coronam,

2264 3145 2483 3200 pauper
2523 3131 2578 3183 in
2627 3129 2878 3183 viribus?
2927 3129 3032 3193 Qui
3077 3132 3238 3198 putat
3286 3145 3346 3182 se
3402 3127 3457 3182 in
3507 3127 3611 3181 hoc
3647 3131 3865 3194 tempore

526 3225 570 3277 si
616 3180 864 3294 gratiam
911 3180 1216 3276 hominum
1260 3180 1538 3293 negligas:
1581 3222 1834 3276 divinam
1882 3180 2157 3294 sequaris:
2181 3180 2568 3294 Clrocu’rpletes
2609 3223 2818 3277 habere
2880 3180 3132 3290 divitias,
3175 3222 3268 3276 sed
3326 3223 3388 3276 in
3445 3220 3638 3274 futuro
3690 3180 3868 3286 egesta-

527 3316 787 3388 Denique
818 3321 877 3370 ut
901 3315 1045 3384 scias
1071 3315 1626 3371 consummationem
1666 3333 1786 3371 esse
1811 3315 2159 3371 fortitudinis

525 3411 850 3483 passionem
889 3427 902 3465 :
945 3410 1252 3465 Secundum
1291 3411 1420 3474 haec,
1471 3411 1678 3482 inquit,
1725 3411 2002 3478 faciebant
2039 3426 2163 3481 pro-

519 3505 698 3576 phetis
741 3512 925 3575 putres
967 3521 1166 3570 eorum,
1219 3505 1351 3576 quia
1400 3505 1706 3576 prophetas
1751 3504 1934 3559 Judaei
1987 3519 2161 3576 usque

526 3600 599 3654 ad
650 3606 891 3654 mortem
954 3599 1211 3670 corporis
1275 3599 1558 3670 persecuti
1623 3601 1774 3654 sunt.
1832 3599 1928 3652 Est
1989 3599 2160 3653 etiam

529 3693 880 3749 fortitudinis
919 3693 1065 3748 iram
1101 3693 1346 3760 vincere,
1390 3692 1962 3764 indignationemque
1998 3692 2158 3746 cohi-

525 3789 698 3857 bere;
731 3805 796 3844 ac
825 3803 928 3859 per
960 3788 1064 3843 hoc
1112 3786 1389 3843 fortitudo
1433 3787 1694 3842 animum
1729 3787 1890 3858 juxta
1930 3802 2156 3857 corpus-

529 3900 640 3954 que
684 3882 1000 3950 conﬁrmat,
1053 3898 1156 3937 nec
1202 3880 1494 3952 pertubari
1539 3880 1674 3935 sinit
1718 3883 1924 3936 timore
1970 3880 2162 3952 aliquo

528 3978 612 4032 vel
658 3977 879 4045 dolore,
921 3976 1128 4048 quibus
1167 3974 1318 4030 velut
1361 3974 1548 4044 pravis
1596 3974 2000 4046 interpretibus
2037 3973 2158 4044 ple-

529 4088 776 4143 rumque
808 4071 1188 4142 percellimur.

601 4168 688 4221 68.
747 4167 895 4236 Ergo
948 4164 1330 4235 temperantia
1382 4163 1567 4218 cordis
1623 4162 1828 4231 habet,
1871 4163 2161 4235 animique

531 4259 877 4315 munditiam
899 4258 1027 4328 (60),
1052 4257 1270 4327 justitia
1298 4256 1768 4323 misericordiam,
1797 4272 1993 4328 pacem
2026 4272 2160 4327 pru-

531 4355 744 4420 dentia,
774 4351 1274 4407 mansuetudinem
1297 4351 1590 4406 fortitudo.

608 4451 778 4518 (Vers.
806 4448 920 4517 24.)
957 4449 1050 4504 Vae
1075 4446 1222 4501 vobis
1247 4445 1524 4508 divitibus,
1552 4449 1648 4515 qui
1678 4446 1884 4500 habetis
1915 4444 2159 4499 consola-

535 4547 729 4598 tionem
758 4543 1024 4596 rastrum!

604 4640 692 4691 69.
735 4636 886 4690 Licet
922 4635 978 4689 in
1017 4633 1365 4706 pecuniariis
1399 4633 1573 4704 c0piis
1600 4632 1773 4687 multa
1802 4633 1916 4687 sint
1952 4632 2160 4688 lenoci-

596 4783 693 4845 (57)
724 4779 865 4830 Edit.
900 4779 1080 4839 Rom.,
1112 4783 1318 4842 quanta
1341 4778 1603 4840 Charitas;
1631 4776 1728 4828 sed
1755 4777 1928 4840 pietas
1951 4777 2008 4826 in
2035 4791 2165 4827 con-

533 4853 868 4918 sanguineos
910 4851 1217 4901 sanctitatis
1259 4850 1483 4900 nomine
1535 4862 1645 4899 non
1703 4853 1813 4898 tam
1867 4848 2164 4912 imprOprie

533 4927 871 4989 designatur,
900 4928 959 4972 ut
983 4925 1271 4986 propterea
1300 4921 1558 4972 videatur
1586 4920 1656 4971 ab
1683 4920 1806 4970 aliis
1831 4920 1962 4970 edit.
1994 4933 2165 4971 cunc-

534 4999 717 5061 tisque
749 5008 877 5044 mss.
915 4992 1361 5044 desciscendum.

599 5070 693 5133 (58)
755 5068 849 5118 Sic
895 5079 1027 5115 mss.
1077 5077 1272 5115 omnes
1329 5077 1395 5114 ac
1452 5062 1582 5113 edit.
1643 5066 1790 5124 ant.,
1854 5063 1959 5112 nisi
2016 5063 2165 5128 quod

534 5138 793 5192 nonnulli
824 5150 953 5186 mss.
999 5139 1054 5186 et
1082 5135 1211 5186 edit.
1254 5134 1378 5184 Era.
1416 5138 1471 5184 et
1499 5133 1629 5185 Gill.
1672 5133 1880 5183 habent
1913 5147 2028 5198 quae
2069 5148 2166 5197 pro

533 5212 686 5275 quia.
726 5209 883 5259 Rom.
925 5220 1076 5269 vero,
1115 5206 1250 5256 elisa
1299 5204 1544 5255 dictione
1593 5204 1779 5263 virtus,
1830 5206 2166 5268 transposuit

537 5287 591 5334 in
625 5283 780 5332 hunc
804 5278 1031 5330 modum
1061 5294 1071 5328 :
1104 5277 1260 5327 Cibus
1282 5281 1376 5326 aut
1404 5281 1556 5340 potus
1576 5275 1913 5325 desideratur
1925 5276 2164 5340 justitia,

535 5368 652 5418 quae
681 5353 859 5418 quasi,
888 5355 992 5401 etc.

600 5427 692 5488 (59)
726 5424 856 5474 Mss.
883 5423 1114 5486 aliquot,
1140 5434 1257 5484 quas
1283 5433 1338 5470 se
1367 5419 1484 5484 ipsa
1509 5425 1869 5482 compungent.
1904 5418 2068 5469 Haud
2094 5419 2166 5468 ita

540 5498 701 5546 male.

599 5568 696 5630 (60)
726 5566 852 5615 Mss.
877 5563 1306 5629 aliquammulti,
1336 5564 1518 5614 carnis
1537 5561 1693 5612 habet
1716 5563 1991 5626 animique
2011 5573 2164 5611 mun-

540 5639 746 5687 ditium.

605 5708 701 5768 (6i)
731 5704 889 5753 Rom.
920 5703 1073 5767 edit.,
1111 5712 1158 5755 et
1199 5718 1303 5770 quo
1344 5704 1491 5756 nullo
1523 5719 1740 5770 perna...
1784 5704 1946 5755 anxio
1982 5706 2168 5755 timore

543 5779 788 5827 reservet.
831 5777 1033 5836 Aperta
1069 5775 1295 5838 quidem
1337 5776 1524 5840 lectio,
1552 5777 1650 5828 sed
1685 5778 1837 5826 omni
1876 5790 2005 5828 cum
2031 5776 2166 5827 alia-

544 5861 662 5898 rum
714 5843 847 5895 edit.
901 5848 1016 5892 tum
1074 5858 1206 5895 mss.
1262 5849 1565 5910 patrocinio
1623 5847 1898 5900 destituta.
1960 5849 2168 5900 Remur

2261 3321 2378 3370 tem
2435 3333 2550 3370 sua:
2599 3315 2736 3370 iidei
2786 3318 3192 3386 recognoscet,
3249 3314 3568 3385 cibumque
3616 3309 3865 3383 perﬁdia,

2263 3426 2436 3481 quem
2477 3410 2746 3481 praesenti
2781 3413 2944 3464 aetate
2982 3408 3288 3463 ructaverit
3333 3407 3471 3477 (62),
3517 3411 3728 3461 aeterno
3761 3401 3868 3456 fidei

2263 3508 2712 3559 commaceratus
2765 3503 3019 3574 jejunio,
3077 3519 3305 3558 causam
3375 3500 3524 3556 tanti
3588 3498 3722 3554 sciet
3773 3509 3867 3550 esse

2263 3598 2544 3670 supplicii.
2592 3599 2820 3669 Eritque
2860 3601 3121 3668 tempus,
3165 3600 3229 3650 ut
3271 3595 3428 3650 risus
3476 3610 3606 3648 suos
3649 3592 3868 3662 lugeant.

2263 3691 2361 3763 qui
2414 3692 2562 3746 dicta
2621 3698 2808 3747 nostra
2860 3708 3008 3746 nunc
3060 3690 3247 3746 rident
3299 3691 3439 3762 (63).
3498 3686 3709 3753 Quibus
3753 3683 3870 3738 bene

2265 3785 2486 3840 dicetur
2515 3801 2527 3839 :

2337 3880 2512 3949 (Vere.
2536 3881 2648 3948 26.)
2692 3880 2785 3934 Vae
2818 3895 2940 3933 cum
2978 3879 3106 3934 bene
3141 3879 3294 3933 vobis
3321 3879 3574 3934 dicerint
3604 3885 3771 3930 omnes
3797 3870 3870 3922 ho-

2261 3975 2431 4028 mines
2447 3976 2466 4026 !

2334 4071 2420 4123 7t.
2463 4068 2661 4121 Nonne
2698 4065 2802 4120 tibi
2833 4065 3059 4121 videtur
3093 4066 3183 4121 his
3219 4066 3438 4136 dicere,
3469 4066 3569 4139 qui
3599 4062 3803 4119 dudum
3826 4056 3872 4111 in

2262 4160 2606 4216 Ariminensi
2660 4159 2898 4214 concilio
2959 4161 3068 4231 (64)
3124 4159 3362 4230 perfidia
3421 4150 3874 4232 praevaricationis

2263 4263 2539 4322 auctores,
2567 4254 2704 4308 dum
2742 4254 3107 4326 imperatoris
3147 4255 3399 4325 gratiam
3443 4255 3774 4325 sequuntur,
3798 4240 3874 4298 Dei

2263 4350 2504 4421 gratiam
2537 4347 2948 4419 perdiderunt?
2981 4347 3087 4411 Qui
3131 4364 3258 4401 cum
3305 4348 3538 4418 placere
3581 4339 3874 4417 potentibus

2261 4448 2638 4515 aucupentur,
2668 4440 2972 4496 maledicto
3005 4457 3064 4495 se
3096 4448 3386 4512 perpetuo
3416 4439 3746 4495 subdidere.

2184 4553 2241 4624 D
2335 4540 2422 4592 72.
2454 4537 2603 4607 Ergo
2631 4540 2855 4589 sanctus
2891 4535 3187 4589 Mattheeus
3227 4535 3496 4605 praemiis
3524 4534 3598 4587 ad
3644 4532 3876 4624 virtutem

2264 4637 2322 4687 et
2357 4629 2531 4685 ﬁdem
2573 4629 2818 4702 populos
2848 4629 3168 4700 provocavit
3199 4645 3212 4682 ε
3247 4628 3344 4682 hic
3385 4629 3567 4684 etiam
3599 4643 3633 4682 a
3657 4617 3877 4680 crimini-

2264 4778 2451 4842 itaque
2504 4776 2611 4826 hoc
2655 4775 2778 4825 loco
2832 4776 3014 4824 inesse
3063 4773 3502 4833 hellenismum,
3563 4786 3629 4823 ac
3682 4765 3880 4842 verbum

2263 4839 2478 4899 seruare
2505 4849 2652 4898 sumi
2676 4846 2880 4898 debere
2911 4860 3008 4910 pro
3037 4847 3108 4896 ad
3134 4846 3596 4908 conservandum,
3625 4842 3706 4892 τοῦ
3734 4839 3881 4902 φυλατ-

2263 4936 2376 4980 τειν,
2402 4919 2498 4969 ubi
2528 4920 2846 4983 praepositio
2871 4918 3254 4982 supprimitur.

2325 4991 2421 5054 (62)
2452 4990 2589 5042 Cod.
2631 4990 2786 5042 Gem.
2819 4994 2874 5040 et
2914 4990 3078 5052 Prat.,
3110 5001 3263 5054 quem
3297 5002 3418 5054 prae
3458 4989 3701 5040 satietate
3727 4983 3878 5031 ructa-

2264 5063 2416 5114 verit.
3100 5095 3109 5104 .

2330 5134 2424 5196 (63)
2474 5133 2605 5184 Mss.
2653 5147 2764 5184 non
2814 5133 2998 5196 pauci,
3049 5145 3153 5183 nec
3201 5131 3367 5181 infer.
3426 5135 3596 5192 notae,
3637 5127 3726 5192 qui
3767 5121 3880 5171 dicta

2267 5210 2451 5255 nostra
2475 5218 2584 5255 non
2614 5205 2850 5255 credunt.

2326 5277 2424 5338 (64)
2456 5275 2688 5327 Celebre
2721 5275 2855 5325 illud
2893 5279 2976 5326 est
3019 5274 3380 5326 Ariminense
3424 5273 3727 5346 concilium
3763 5273 3883 5346 eniti]

2267 5348 2474 5399 Christi
2527 5348 2622 5399 359
2669 5347 3034 5407 celebratum,
3073 5348 3164 5397 cui
3217 5346 3532 5397 interfuere
3581 5356 3649 5394 ex
3696 5341 3883 5410 Ariani!

2267 5419 2564 5482 octoginta,
2610 5433 2678 5469 ex
2719 5417 3022 5469 Catholicis
3061 5419 3294 5467 trecenti
3348 5413 3755 5480 quinquaginta
3788 5417 3884 5467 eP"

2267 5491 2438 5554 scopi.
2468 5489 2539 5539 Hi
2560 5503 2691 5540 cum
2715 5490 2872 5539 initio
2901 5489 3183 5539 Nicenam
3210 5486 3391 5538 ﬁdem
3422 5492 3650 5537 strenue
3677 5487 3883 5554 proplfs‘

2268 5545 2512 5620 nassent,
2543 5561 2612 5611 ab
2651 5575 2716 5611 ea
2745 5560 2967 5610 tandem
3006 5573 3109 5610 seu
3147 5559 3220 5619 vi,
3247 5571 3360 5609 seu
3400 5558 3593 5617 minis,
3618 5565 3714 5605 seu
3748 5545 3882 5620 dolis.

2267 5638 2366 5683 aut
2405 5614 2708 5696 majoribus
2746 5631 3055 5682 Constantii
3093 5614 3456 5692 imperatoris
3503 5614 3779 5696 promissis
3817 5614 3881 5664 al-

2267 5704 2417 5765 lecti,
2455 5690 2523 5753 ad
2565 5705 2798 5753 Arianae
2836 5705 3020 5766 partes
3061 5690 3262 5771 misere
3306 5690 3882 5771 defeceruntq'Yerun}

2267 5777 2338 5828 de
2379 5763 2466 5826 his
2509 5775 2690 5826 fusius
2727 5763 2885 5838 epist.
2925 5773 2996 5825 ad
3037 5767 3272 5824 Marcett.
3319 5774 3379 5820 et
3417 5771 3493 5820 De
3537 5763 3760 5818 basilicis
3793 5767 3883 5806 non

2267 5848 2560 5901 tradendis.
