3926 6168
1069 306 1531 369 EXPOSITIONIS
1565 312 1636 369 IN
1672 315 1900 374 LUCAM
1938 318 2064 375 LIB.
2105 318 2168 375 V.

102 424 170 474 bns
191 424 334 491 atque
360 423 588 490 peccatis
615 423 937 481 futurorum
967 430 1378 501 suppliciorum
1413 435 1636 492 denun-
1660 452 1718 525 Α
1737 440 1876 495 tiam
1905 441 2028 512 ejus
2058 443 2331 514 requirat.
2361 443 2418 501 Si
2445 445 2596 501 enim
2633 461 2930 505 commune
2962 456 3044 507 est
3073 456 3360 526 omnibus,

99 514 272 566 tiatione
292 513 569 580 deterruit,
593 517 690 586 qui
717 534 830 573 non
859 521 1038 576 otiose
1067 523 1441 594 plurimorum
1470 529 1640 584 facto-
1660 513 1718 525 “
1741 533 1912 588 etiam
1957 537 2361 606 peccatoribus,
2406 540 2698 596 redamare
2738 558 2750 596 :
2794 544 2884 597 cui
2925 560 3102 616 genus
3142 551 3360 618 profes-

97 623 184 660 rum
210 608 484 661 calestium
511 612 939 667 enumeratione
967 631 1318 688 progressus,
1350 620 1423 674 ad
1457 621 1635 676 bene-

95 699 335 753 dictionum
359 700 538 754 locum
566 704 744 757 serius
767 707 944 774 venit,
971 714 1032 762 ut
1050 712 1286 780 populos
1315 711 1634 769 divinorum

92 793 309 846 miraculis
340 794 645 862 roboratos,
681 798 826 852 ultra
861 800 1006 871 legis
1049 804 1332 860 tramitem
1363 806 1635 863 virtutum

91 885 289 955 progredi
331 887 570 957 vestigiis
613 890 896 946 edoceret.
945 895 1138 948 Fuerit
1179 899 1282 966 (65)
1323 900 1636 955 cavendum

89 979 186 1044 illic,
227 979 309 1032 ubi
349 981 526 1034 adhuc
567 982 810 1037 inﬁrma
858 986 1040 1055 plebis
1090 989 1263 1043 corda
1317 992 1630 1061 nutabant;

87 1072 146 1123 hic
175 1071 298 1124 tuba
325 1073 582 1144 clangore
615 1077 918 1132 excitanda
956 1080 1131 1135 virtus
1165 1081 1291 1138 fuit.
1325 1085 1497 1139 Docet
1524 1086 1633 1140 hoc

87 1164 168 1216 libri
193 1164 354 1234 hujus,
385 1182 508 1236 qua
538 1169 594 1221 in
639 1173 949 1239 prooemiis,
994 1181 1050 1226 et
1096 1191 1224 1245 qua
1263 1177 1321 1230 in
1367 1194 1632 1247 processu

86 1258 293 1311 sermonis
339 1261 593 1329 aperitur
642 1265 847 1318 oratio.
896 1266 1015 1320 Illic
1064 1269 1162 1338 qui
1213 1269 1424 1326 inﬁrmi
1467 1276 1627 1341 sunt,

84 1350 211 1404 adhuc
253 1352 486 1421 quodam
539 1354 682 1425 legis
730 1357 871 1411 lacte
919 1362 1208 1429 potantur,
1257 1369 1313 1417 et
1353 1363 1482 1418 ideo
1528 1381 1631 1435 per

12 1467 16 1470 -
83 1444 175 1513 legis
196 1447 456 1499 tramitem
493 1448 781 1503 ducuntur
806 1451 877 1504 ad
921 1453 1164 1521 gratiam
1190 1470 1204 1507 :
1234 1457 1476 1511 audiunt
1500 1473 1628 1529 qua

83 1536 174 1604 legis
197 1544 329 1604 sunt,
364 1543 427 1593 ut
451 1541 598 1594 ultra
639 1543 849 1612 legem,
887 1546 1076 1616 legem
1113 1551 1401 1619 sequendo
1438 1567 1628 1621 proce-

83 1630 204 1683 dant:
241 1631 319 1684 hic
363 1633 603 1688 Ecclesia
646 1637 940 1692 fundatior
978 1656 1094 1694 non
1140 1642 1283 1696 lacte
1325 1643 1621 1713 imbuitur,

1739 626 1912 680 sionis
1947 628 2238 696 excelsius,
2268 631 2516 686 studium
2559 649 2783 706 quoque
2821 636 2988 692 debet
3024 654 3145 694 esse
3184 642 3358 698 virtu-

1739 717 1808 771 tis
1853 719 2094 787 uberius,
2144 729 2208 776 ut
2257 721 2458 794 diligat
2505 725 2678 780 etiam
2731 743 2843 782 non
2893 735 3173 788 amantes.
3219 735 3360 790 Nam

1736 811 1840 865 etsi
1868 813 2026 866 nulla
2057 813 2262 868 merita
2289 816 2564 887 diligendi
2601 835 2768 874 usum
2800 824 3008 876 amoris
3036 826 3358 895 excludant,

1734 919 1847 957 non
1891 909 2081 960 tamen
2126 906 2345 962 virtutis
2390 911 2749 967 excluserint.
2795 913 2946 970 Sicut
2986 917 3140 971 enim
3185 919 3243 972 in
3289 936 3356 975 eo

1733 997 1832 1067 qui
1870 1001 1926 1051 te
1965 997 2173 1068 diligit,
2213 1000 2396 1070 pudet
2436 1004 2677 1073 gratiam
2713 1021 2828 1060 non
2865 1007 3110 1075 referre;
3141 1016 3199 1065 et
3228 1026 3355 1082 gra-

1733 1088 1826 1142 tia
1853 1104 2053 1144 amore
2082 1091 2397 1147 referenda
2424 1111 2588 1150 amor
2611 1096 2714 1150 tibi
2745 1098 2866 1167 ejus
2894 1099 3156 1155 inolescit
3185 1118 3356 1173 quem

1731 1185 1902 1236 antea
1941 1198 2056 1236 non
2099 1184 2348 1253 amabas,
2385 1187 2461 1240 ita
2501 1188 2674 1242 etiam
2715 1189 2774 1242 in
2812 1206 2881 1244 eo
2912 1193 3010 1262 qui
3038 1209 3153 1248 non
3182 1202 3355 1261 amat,

1729 1273 1900 1329 debes
1953 1291 2149 1331 amare
2201 1277 2498 1347 virtutem;
2555 1283 2617 1332 ut
2669 1281 2806 1336 dum
2860 1283 3127 1340 virtutem
3174 1303 3353 1353 amas,

1729 1366 1968 1437 incipias
2007 1384 2142 1422 eum
2183 1385 2376 1424 amare
2417 1387 2587 1441 quem
2632 1388 2749 1426 non
2791 1389 2948 1428 amas
2987 1393 3001 1430 :
3047 1393 3178 1431 cum
3223 1394 3355 1433 rara

1729 1466 1786 1513 et
1841 1459 2054 1515 caduca
2115 1463 2493 1518 remuneratio
2549 1465 2622 1518 sit
2673 1467 2949 1532 amantis,
3004 1471 3352 1539 sempiterna

1727 1551 1968 1607 virtutis.

1796 1649 1881 1700 76.
1925 1646 2074 1710 Quid
2116 1654 2306 1704 autem
2353 1653 2470 1704 tam
2517 1651 2750 1717 mirum,
2794 1669 2966 1723 quam
3012 1656 3348 1724 percutienti

81 1722 140 1775 sed
174 1723 277 1779 cibo
304 1723 557 1799 1373
601 1731 871 1799 vescitur;
903 1733 1061 1787 cibus
1096 1735 1250 1788 enim
1283 1736 1517 1791 validior
1542 1742 1624 1791 est
1646 1807 1696 1819 n
1725 1739 2017 1793 maxillam
2040 1740 2295 1810 prabere
2320 1743 2598 1796 alteram?
2618 1722 3030 1799 Nouneomnis
3050 1746 3348 1819 indignan-

82 1817 268 1872 charitas.
306 1819 552 1892 Denique
592 1823 743 1878 inter
778 1826 884 1878 tria
914 1827 1174 1895 maxima,
1218 1829 1409 1896 ﬁdem,
1442 1847 1620 1900 spem,
1646 1807 1701 1878 B
1727 1831 1795 1885 tis
1826 1807 2110 1903 frangitur
2136 1833 2400 1904 impetus,
2431 1833 2514 1888 ira
2540 1834 2808 1891 sedatur?
2829 1837 3021 1892 Nonne
3045 1839 3109 1893 ﬁt
3129 1807 3232 1910 per
3253 1855 3350 1911 pa-

81 1910 352 1981 charitatem,
382 1915 569 1985 major
599 1921 686 1972 est
711 1917 971 1974 charitas.

123 2006 180 2056 73.
225 2007 378 2073 (Vers.
427 2009 539 2078 27.)
594 2010 902 2066 Ordinatur
957 2013 1130 2084 igitur
1183 2015 1442 2085 charitas,
1493 2036 1623 2073 cum

83 2095 271 2151 dicitur:
319 2102 532 2170 Diligite
585 2105 834 2159 inimicos
881 2112 1110 2172 vestros;
1161 2113 1224 2163 ut
1273 2112 1625 2182 compleatur

81 2188 166 2241 illud
195 2192 448 2262 Ecclesia,
479 2198 632 2267 quod
664 2205 797 2253 ante
828 2200 946 2269 jam
979 2200 1191 2256 dictum
1231 2209 1314 2257 est
1351 2221 1363 2257 :
1398 2225 1423 2256 (ι
1460 2206 1618 2261 Ordi-

79 2289 162 2334 nate
191 2285 236 2337 in
275 2303 356 2341 me
399 2289 741 2346 charitatem
781 2293 984 2362 (Cant,
1029 2312 1086 2361 ιι,
1127 2296 1210 2365 4);
1258 2319 1284 2345 ››
1325 2298 1623 2353 ordinatur

77 2377 173 2429 enim
205 2379 446 2448 Charitas,
496 2400 634 2438 cum
683 2387 972 2442 charitatis
1021 2394 1308 2461 pracepta
1361 2392 1617 2446 formau-

74 2475 142 2521 tnr.
179 2472 282 2527 Vide
327 2492 496 2547 quam
555 2478 626 2532 ab
677 2480 972 2535 altioribus
1022 2484 1275 2553 caperit,
1329 2489 1384 2538 et
1430 2486 1617 2556 legem

74 2569 154 2629 post
180 2565 572 2624 benedictionis
611 2573 952 2643 evangelica
989 2579 1149 2645 terga
1188 2577 1468 2646 rejecerit.
1508 2579 1617 2632 Lex

73 2655 416 2716 ilClSSlllldlnem
467 2663 722 2735 imperat
775 2666 1002 2720 ultionis
1043 2668 1260 2738 (Emod.,
1311 2687 1417 2736 xxi,
1463 2673 1554 2740 24)
1604 2690 1615 2726 :

73 2749 350 2822 Evangelium
409 2757 732 2812 inimicitiis
785 2760 1156 2827 charitatem,
1211 2762 1618 2834 benignitatem

72 2842 188 2913 odiis,
228 2854 334 2902 vota
389 2851 745 2918 maledictis,
799 2853 1051 2908 subsidia
1118 2858 1615 2928 persequentibus,

71 2939 313 3002 patientiam
344 2944 734 3000 esurientibus
771 2949 828 3000 et
859 2948 1104 3017 gratiam
1143 2952 1619 3006 remunerationis

72 3028 260 3099 impertit.
293 3036 503 3099 Quanto
540 3038 761 3093 athleta
799 3040 1124 3110 perfectior,
1152 3044 1250 3114 qui
1289 3061 1403 3098 non
1447 3045 1620 3099 sentit

70 3121 258 3188 injuriam
274 3128 284 3181 l

111 3217 169 3270 7i».
204 3221 355 3286 (Vera.
402 3227 513 3293 3t.)
569 3226 634 3279 Et
683 3242 755 3280 ne
800 3227 1062 3282 videatur
1109 3229 1381 3284 Dominus
1430 3233 1617 3300 legem

69 3308 306 3382 dissolvere,
335 3317 388 3370 in
426 3317 727 3373 beneﬁciis
765 3321 946 3374 vicem
985 3327 1191 3391 servat,
1226 3341 1396 3394 quam
1429 3325 1613 3394 negli-

71 3403 119 3467 git
142 3404 183 3457 in
205 3407 423 3478 injuriis.
464 3411 578 3466 Sed
610 3416 807 3467 tamen
847 3414 1089 3470 dicendo
1119 3433 1132 3470 :
1163 3419 1331 3471 Prout
1358 3419 1521 3472 vultis
1555 3423 1616 3471 ut

69 3497 210 3554 faciant
242 3503 376 3558 vobis
425 3506 688 3568 homines,
729 3509 899 3572 facite
948 3515 998 3562 et
1048 3525 1138 3564 vos
1185 3511 1296 3564 illis
1341 3511 1611 3573 similiter,

70 3589 302 3650 ucissitudo
339 3597 460 3668 ipsa
495 3601 840 3655 cumulatior
881 3606 986 3669 est,
1021 3604 1245 3674 quando
1277 3603 1420 3658 votis
1456 3608 1613 3658 actus

70 3689 259 3751 iquatur.
309 3691 489 3746 Nescit
552 3694 706 3747 enim
769 3695 943 3750 virtus
1001 3713 1322 3751 mensuram
1379 3697 1609 3768 gratia;

69 3787 129 3826 nte
150 3786 373 3838 contenta
397 3786 619 3841 referre
654 3788 811 3858 quod
841 3791 1144 3860 acceperit,
1177 3791 1296 3844 vult
1320 3791 1611 3846 cumulare

68 3870 160 3934 quod
184 3879 395 3947 sumpsit
427 3895 440 3932 :
472 3895 552 3932 ne
580 3879 817 3934 inferior
846 3881 918 3935 sit
943 3882 1241 3952 beneficio,
1271 3884 1400 3939 licet
1427 3901 1613 3956 aque-

68 3959 308 4024 turol‘ﬁcio.
347 3971 463 4025 Non
509 3973 672 4026 enim
715 3975 942 4028 cumulo
987 3979 1232 4046 tantum,
1272 3978 1369 4032 sed
1409 3978 1612 4033 ordine

66 4059 96 4103 et
121 4060 321 4130 tempore
360 4063 646 4120 beneficia
689 4071 1029 4136 pensantur;
1068 4085 1198 4123 cum
1242 4070 1298 4124 in
1338 4071 1610 4127 beneﬁcio

67 4149 139 4209 Piri
182 4155 312 4221 prior
361 4159 451 4224 sit,
506 4159 610 4229 qui
661 4160 814 4230 prior
867 4161 1062 4232 coepit;
1116 4163 1401 4218 beneﬁcus
1455 4167 1611 4221 enim

67 4245 223 4314 estqui
273 4251 512 4320 gratiam
577 4253 838 4323 caperit,
893 4253 1120 4310 debitor
1172 4257 1270 4327 qui
1330 4259 1608 4315 retulerit.

67 4331 169 4388 Aliud
205 4339 377 4412 itaque
426 4345 773 4400 beneﬁcium
823 4353 906 4400 est
951 4347 1211 4403 beneﬁcii
1257 4351 1610 4422 principatus

82 4425 155 4490 55.;
191 4449 300 4490 nam
344 4437 386 4491 si
437 4440 567 4510 quis
618 4440 922 4510 pecuniam
968 4441 1236 4509 reddidit,
1287 4461 1398 4512 non
1446 4447 1610 4500 solvit

1723 1923 2008 1992 tientiam,
2039 1931 2100 1978 ut
2127 1941 2226 1980 sua
2253 1927 2498 1997 amplius
2524 1927 2855 1998 pauitantia
2879 1930 3204 1986 reverberes
3230 1947 3348 1989 ver-

1721 2015 2016 2072 berantem
2051 2018 2194 2085 (67)?
2232 2020 2310 2072 Ita
2346 2019 2452 2072 erit
2491 2025 2556 2074 ut
2593 2023 2650 2074 et
2689 2019 2958 2090 injuriam
2989 2023 3251 2094 repellas,
3290 2029 3363 2078 et'

1724 2109 1967 2180 gratiam
2013 2126 2250 2181 quaras.
2292 2113 2372 2165 Ac
2416 2127 2564 2182 sape
2607 2113 2868 2168 maxima
2911 2130 3089 2170 causa
3132 2117 3345 2171 amoris

1721 2203 1990 2270 existunt,
2027 2219 2157 2257 cum
2202 2203 2470 2274 patientia
2502 2205 2838 2272 insolentia,
2879 2207 3063 2277 gratia
3103 2209 3350 2263 refertur

1722 2296 1964 2366 injuria.
1997 2296 2300 2367 Equidem,
2341 2299 2407 2350 ut
2442 2297 2642 2352 audire
2685 2314 2780 2352 me
2819 2299 3077 2367 memini,
3109 2301 3198 2354 vel
3239 2302 3348 2356 hoc

1721 2390 1836 2443 solo
1874 2405 2130 2459 pressum
2163 2389 2532 2460 philosophia
2570 2391 2658 2457 (D.
2691 2390 2874 2446 Laert.
2915 2391 2975 2445 in
3009 2393 3139 2448 Vita
3173 2394 3345 2462 Plat.)

1721 2483 2085 2552 supercilium
2128 2487 2415 2552 putamus,
2455 2483 2607 2554 quod
2645 2485 2703 2536 in
2736 2487 2851 2538 tres
2889 2485 3080 2554 partes
3119 2485 3213 2539 illa
3241 2486 3347 2540 sibi

1720 2576 1942 2630 videtur
1966 2575 2218 2630 divisisse
2232 2576 2514 2646 justitiam
2541 2595 2552 2629 :
2578 2591 2752 2630 unam
2777 2577 2837 2629 in
2859 2577 3056 2644 Deum,
3083 2593 3211 2648 qua
3233 2577 3347 2648 pie-

1720 2673 1810 2722 tas
1856 2673 2117 2734 vocatur;
2169 2669 2412 2723 alteram
2462 2669 2520 2722 in
2577 2671 2864 2738 parentes,
2911 2669 2998 2722 vel
3054 2668 3342 2740 reliquum

1720 2763 2036 2816 humanum
2067 2777 2247 2831 genus
2260 2778 2276 2828 ;
2313 2761 2536 2816 tertiam
2567 2761 2626 2814 in
2658 2766 2934 2828 mortuos,
2962 2764 3028 2815 ut
3059 2761 3150 2815 his
3183 2777 3344 2817 exse-

1720 2858 1982 2927 quiarum
2011 2853 2272 2926 1374
2293 2854 2450 2924 justa
2475 2855 2782 2908 solvantur.
2815 2857 2887 2909 At
2911 2870 3042 2908 vero
3071 2854 3346 2909 Dominus

1717 2952 1874 3004 lesus
1928 2948 2072 3019 legis
2126 2949 2449 3016 oraculum,
2499 2963 2564 3002 ac
2620 2947 2998 3019 philosophia
3049 2947 3343 3019 fastigium

1718 3058 2136 3114 supergressus,
2172 3041 2229 3094 in
2275 3057 2374 3095 eos
2415 3055 2642 3112 quoque
2682 3041 2780 3112 qui
2824 3040 3096 3110 laserint,
3128 3039 3350 3112 pietatis

1719 3137 1972 3208 porrexit
1995 3134 2272 3189 ofﬁcium.
2307 3133 2532 3188 Etenim
2571 3133 2617 3187 si
2642 3133 2821 3189 hostis
2855 3134 2956 3204 qui
2987 3139 3173 3188 tecum
3197 3133 3348 3188 bello

1717 3229 2006 3299 armisque
2035 3227 2349 3291 certaverit,
2380 3226 2650 3299 depositis
2681 3227 2875 3294 armis,
2905 3226 3349 3282 misericordiam

1718 3340 1834 3378 sua
1870 3323 2062 3377 salutis
2107 3321 2460 3393 adipiscitur,
2499 3320 2670 3392 idque
2715 3321 3050 3391 plerumque
3081 3320 3169 3374 vel
3209 3335 3350 3376 con-

1716 3417 2087 3488 templatione
2127 3421 2366 3482 natura,
2405 3415 2488 3469 vel
2530 3414 2708 3485 ipsius
2738 3413 2876 3468 belli
2909 3415 3039 3484 jure
3070 3413 3348 3481 defertur,

1717 3518 1780 3566 ut
1806 3511 2074 3580 subjectis
2102 3509 2213 3563 vita
2251 3508 2552 3575 tribuatur,
2585 3511 2799 3578 quanto
2827 3507 3072 3577 amplius
3111 3506 3348 3561 meliore

1715 3603 2009 3676 religionis
2046 3603 2254 3658 intuitu
2292 3601 2666 3657 deferendum
2699 3599 2810 3654 est!
2845 3600 2988 3654 Nam
3023 3615 3155 3654 cum
3199 3614 3344 3670 pra-

1715 3699 1976 3752 liatorem
2015 3696 2283 3768 appetita
2326 3694 2521 3749 salutis
2563 3710 2728 3748 causa
2769 3709 2882 3746 non
2924 3694 3170 3760 moveat,
3209 3691 3348 3762 quid

1716 3791 1884 3846 debet
1915 3791 2158 3845 militem
2185 3788 2339 3860 pacis
2365 3788 2518 3859 (68)?

1786 3890 1872 3939 77.
1927 3885 2124 3955 Itaque
2176 3883 2312 3937 illud
2367 3881 2758 3952 apostolicum,
2813 3879 2948 3950 quia
3007 3899 3035 3924 ‹‹
3085 3877 3346 3933 Charitas

1714 3979 1932 4049 patiens
1985 3981 2094 4044 est,
2152 3976 2401 4047 benigna
2454 3978 2570 4041 est,
2629 3989 2740 4028 non
2796 3973 3168 4026 amulatur...
3228 3987 3346 4026 non

1714 4072 1944 4126 inﬂatur
1971 4073 2011 4142 (Ι
2043 4075 2186 4132 Corn,
2216 4086 2333 4138 xm,
2368 4071 2440 4138 4),
2474 4088 2500 4118 ι)
2539 4067 2594 4121 in
2628 4068 2716 4121 his
2755 4066 3052 4137 praceptis
3079 4081 3341 4120 consum-

1714 4171 1939 4220 matum
1983 4165 2260 4219 videmus.
2305 4163 2361 4217 Si
2407 4161 2624 4232 patiens
2663 4164 2768 4225 est,
2806 4159 2973 4214 debet
3011 4158 3347 4230 patientiam

1713 4258 2066 4326 verberanti;
2112 4258 2156 4311 si
2197 4257 2450 4326 benigna
2487 4261 2591 4324 est,
2630 4271 2748 4308 non
2791 4253 2964 4308 debet
3001 4252 3346 4324 respondere

1713 4351 2054 4419 maledictis;
2088 4350 2133 4405 si
2161 4367 2273 4404 non
2303 4349 2509 4421 quarit
2539 4365 2665 4420 qua
2699 4364 2798 4402 sua
2830 4352 2982 4414 sunt,
3021 4362 3135 4399 non
3173 4344 3346 4399 debet

1713 4446 1974 4500 resistere
2017 4443 2338 4515 diripienti;
2382 4443 2425 4496 si
2480 4458 2595 4496 non
2639 4441 2958 4506 amulatur,
2998 4437 3182 4492 odisse
3228 4453 3343 4491 non

69 4523 249 4594 Filiam,
277 4535 578 4603 manetque
609 4533 832 4587 debitor
862 4535 1078 4605 gratia,
1111 4537 1216 4590 etsi
1239 4537 1363 4608 jam
1390 4555 1505 4594 non
1538 4540 1687 4612 sitD
1715 4539 1887 4594 debet
1928 4538 2248 4593 inimicum.
2297 4537 2364 4589 Et
2407 4539 2594 4589 tamen
2638 4532 2957 4604 apostolicis
2999 4531 3201 4584 divina
3249 4546 3343 4583 su-

68 4618 266 4688 Peuzunia;
315 4640 412 4678 cur
464 4627 709 4696 gratiam
760 4629 1065 4684 referendo
1125 4635 1389 4700 putamus
1444 4651 1605 4704 posse

69 4712 235 4776 “tueri,
270 4717 422 4786 cujus
465 4719 672 4774 relatio
718 4726 966 4792 accepta
1011 4724 1195 4792 magis
1229 4728 1313 4778 est
1351 4727 1605 4780 testimo-

25 4849 28 4854 .
67 4795 182 4869 Dium,
205 4822 356 4876 quam
383 4811 696 4867 absoluta?

203 4900 355 4962 (Vera.
408 4907 520 4974 32.)
573 4906 722 4961 Bono
773 4908 971 4980 itaque
1020 4912 1280 4982 exemplo
1331 4913 1609 4968 imbuitur

19 5001 28 5080 μ
67 4991 345 5064 Lm'tstianus;
393 5003 456 5052 ut
508 5016 621 5055 non
664 5008 966 5058 contentus
1009 5005 1142 5074 jure
1189 5011 1424 5072 natura,
1475 5023 1603 5078 gra-

17 5151 24 5178 ι’

16 5323 24 5378 ε

194 5198 259 5249 lla
297 5217 420 5255 mss.
473 5211 528 5257 et
571 5209 702 5259 edit.
748 5211 995 5274 Amerb.,
1044 5214 1150 5264 nisi
1200 5212 1349 5278 quod
1398 5215 1454 5263 in
1498 5214 1606 5265 bac

71 5255 311 5346 39505qu
353 5255 497 5327 mss:
515 5255 728 5344 ile—gitur
1046 5255 1454 5345 “Et-iit...-
1472 5255 1604 5335 v2};

204 5321 316 5393 dui.
353 5321 1228 5414 “erasit/:5."caussas"
1251 5321 1420 5406 “7.2:”
1443 5321 1605 5406 F252;

73 5401 485 5491 ξξορροηθξθῐιιιιι·
522 5401 676 5472 inter,
702 5401 762 5472 se
806 5401 1013 5474 Cantus

75 5467 394 5560 ἑξέᾷῑθθζιάυτη
450 5503 516 5539 eo
561 5494 810 5556 ponitur,
865 5496 1014 5559 quod
1077 5499 1333 5560 superius
1388 5467 1608 5549 dicfum

74 5541 328 5660 :togopulos
352 5571 381 5607 a
412 5541 686 5614 Mutiliae,
703 5541 971 5628 {nimii}
985 5541 1058 5617 ad
1078 5541 1261 5619 Ηιῖεζιὶὶ
1272 5541 1612 5620 asse

210 5709 559 5790 TF'PE‘Wij
583 5709 804 5790 Ponitur
825 5782 833 5790 I
858 5709 958 5790 hic.
997 5725 1112 5790 pro
1144 5713 1435 5776 principio,
1466 5714 1606 5790 _siv_e

123 5751 838 5846 ξοιμςτιθᾳιλάωρξὶιῖιξιῄᾶὡὶ
858 5751 1605 5846 ”ῥιῖιη¹ὁέιῖιιι³ἱὲι’”ιῖἱὲ“ἕιηιῖιῖιῖ

75 5821 160 5870 Ριτι
187 5821 286 5884 live
324 5821 838 5911 imperio—{ostium

1713 4632 2005 4704 perlluunt
2044 4633 2325 4702 pracepta
2363 4628 2614 4699 pietatis;
2645 4626 2770 4696 plus
2811 4631 2896 4679 est
2923 4624 3078 4679 enim
3109 4623 3342 4692 donare,

1714 4743 1887 4798 quam
1927 4724 2165 4792 cedere;
2207 4724 2330 4794 plus
2361 4725 2446 4774 est
2482 4736 2672 4774 amare
2712 4719 2992 4785 inimicos,
3023 4734 3194 4789 quam
3228 4733 3344 4773 non

1714 4819 1988 4875 amulari.
2036 4820 2169 4881 Qua
2221 4816 2414 4871 omnia
2459 4813 2735 4869 Dominus
2786 4819 2842 4868 et
2885 4813 3044 4879 dixit,
3092 4819 3148 4868 et
3195 4812 3343 4866 fecit.

1712 4914 1819 4978 Qui
1873 4929 2002 4967 cum
2058 4909 2530 4974 malediceretur,
2586 4924 2701 4962 non
2767 4906 3158 4969 remaledixit;
3212 4919 3342 4958 cum

1713 5011 2129 5078 percuteretur,
2172 5020 2282 5058 non
2328 5002 2698 5073 repercussit;
2735 5017 2863 5056 cum
2904 4999 3341 5072 despoliaretur,

1715 5216 1769 5267 S.
1824 5214 2153 5267 Ambrosius
2197 5227 2326 5263 eum
2379 5213 2474 5277 qui
2532 5214 2681 5276 prior
2729 5209 3064 5262 beneﬁcium
3112 5206 3344 5267 confert,

1713 5287 2007 5351 dupliciter
2027 5285 2170 5336 bene
2200 5287 2417 5335 mereri.

1776 5357 1871 5418 (67)
1906 5356 2171 5406 Nonnulli
2199 5367 2351 5415 mss.,
2380 5360 2434 5404 ut
2458 5353 2689 5418 amplius
2712 5351 3020 5417 pauitantia
3044 5353 3137 5397 tua
3168 5361 3348 5398 rever—

1712 5426 1858 5477 beres
1880 5427 2262 5477 verberantom.

1773 5500 1871 5560 (68)
1922 5499 2022 5548 Per
2064 5497 2280 5547 militem
2337 5495 2485 5558 pacis
2531 5493 2780 5556 intelligo
2830 5490 3112 5541 hominem
3165 5487 3345 5560 chris-

1712 5559 1945 5619 tianum.
1979 5569 2116 5618 Nam
2149 5568 2240 5618 hic
2267 5567 2373 5616 loci
2416 5567 2586 5615 totius
2622 5575 2820 5613 sensus
2850 5566 2964 5621 est;
2993 5562 3040 5609 si
3070 5559 3348 5624 praliator

1710 5641 1780 5691 ad
1829 5643 2038 5692 victum
2089 5640 2305 5690 hostem
2351 5635 2796 5687 interﬁciendum
2836 5647 2949 5684 non
2989 5645 3055 5682 eo
3100 5630 3348 5695 impelli-

1711 5716 1817 5773 tur,
1847 5712 1997 5777 quod
2045 5725 2148 5760 sua
2188 5711 2362 5774 ipsius
2399 5709 2510 5757 vita
2549 5707 2620 5756 ab
2663 5705 2860 5757 eodem
2905 5708 3224 5769 oppugnata
3255 5704 3347 5777 sit,

1709 5773 2017 5835 nihil'esse
2054 5773 2258 5834 debere
2296 5779 2447 5844 quod
2483 5779 2854 5832 christianum
2895 5779 3243 5828 commoveat
3279 5773 3350 5824 ad

1709 5856 2007 5909 ultionem.
