3972 6174
2030 280 2085 334 S.
2126 276 2439 334 AMBROSII
3717 283 3825 333 ΠΗ

2359 400 2445 453 82.
2505 397 2676 466 (Vers.
2734 396 2847 464 46.)
2902 391 3172 447 Omnium
3229 395 3414 444 autem
3468 393 3834 454 fundamentum

2291 491 2456 546 docet
2481 505 2599 545 esse
2619 489 2891 542 virtutum
2919 484 3306 539 obedientiam
3332 486 3616 541 caelestium
3641 506 3837 562 pracep-

2288 587 2502 650 torum,
2537 599 2642 654 per
2669 596 2845 653 quam
2881 580 3083 634 domus
3112 579 3234 632 haec
3270 582 3455 633 nostra
3489 597 3591 634 non
3615 584 3840 651 profluvio

2289 678 2662 748 voluptatum,
2704 691 2815 730 non
2855 673 3127 744 nequitiae
3167 671 3462 742 spiritualis
3497 674 3716 743 incursu,
3753 695 3841 732 non

2289 771 2472 826 imbre
2498 769 2810 834 mundano,
2846 784 2963 820 non
2995 765 3392 819 haereticorum
3417 767 3580 835 possit
3609 769 3844 824 nebulosis

2293 862 2773 935 disputationibus
2800 859 3141 932 permoveri.

2363 959 2450 1012 83.
2502 957 2654 1026 (Cap.
2703 955 2816 1009 VlI.
2856 983 2924 993 —
2969 955 3121 1006 Vers.
3179 952 3251 1020 1.)
3298 952 3526 1006 Pulchre
3567 957 3736 1008 autem
3772 957 3847 1010 ubi

2295 1055 2579 1122 praecepta
2607 1047 2930 1119 complevit,
2966 1061 3199 1099 suorum
3231 1051 3627 1115 praeceptorum
3654 1048 3851 1103 formam

2297 1143 2531 1214 exsequi
2587 1143 2775 1207 docet;
2835 1156 2970 1193 nam
3027 1137 3218 1191 statim
3283 1138 3503 1207 gentilis
3562 1141 3852 1195 centurionis

2296 1253 2488 1292 servus
2530 1235 2768 1289 Domino
2811 1232 3090 1286 curandus
3131 1231 3384 1299 offertur,
3424 1231 3478 1285 in
3513 1248 3618 1303 quo
3657 1235 3854 1304 pepulus

2295 1330 2613 1395 nationum,
2654 1327 2750 1399 qui
2793 1326 3105 1381 mundanae
3150 1325 3430 1379 servitutis
3472 1326 3688 1379 vinculis
3729 1332 3856 1381 tene-

2297 1424 2467 1479 batur
2491 1439 2644 1493 aeger
2668 1421 2970 1476 lethalibus
2997 1419 3371 1491 passionibus,
3393 1419 3648 1472 beneficio
3675 1420 3859 1474 Domini

571 293 703 348 1743

567 430 682 469 non
717 411 950 478 restitit;
983 425 1113 464 cum
1151 407 1601 479 crucifigeretur,
1639 404 1776 477 ipsis
1815 402 2188 476 persecutori-
2210 413 2269 484 Α

567 508 674 562 bus
717 506 939 562 veniam
983 501 1304 575 postulavit,
1355 500 1546 556 dicens
1598 518 1609 552 :
1662 520 1691 549 ‹‹
1737 501 1918 565 Pater,
1969 495 2190 550 dimitte

567 599 680 654 illis
727 603 1042 669 peccatum,
1092 595 1224 667 quia
1267 594 1531 651 nesciunt
1571 591 1707 664 quid
1753 591 1968 646 faciunt
2017 589 2189 660 (Luc.,

569 708 721 761 mn,
754 693 862 759 34).
892 712 921 742 ››
955 690 1356 746 Criminatores
1381 704 1512 742 suos
1539 685 1841 741 excusabat
1869 701 1902 736 a
1927 681 2188 738 crimine.

570 786 654 840 Illi
683 801 906 840 crucem
931 783 1222 855 parabant,
1254 783 1346 836 hic
1375 781 1615 835 salutem
1645 781 1701 834 et
1727 777 1966 849 gratiam
1994 791 2194 847 repen-

574 876 765 932 debat.

643 973 732 1024 78.
780 970 956 1040 (Vers.
1005 968 1119 1040 35.)
1165 969 1230 1024 Et
1274 971 1467 1022 tamen
1521 963 1796 1036 quoniam
1844 961 2032 1017 studia
2075 959 2195 1030 ipsa

574 1062 847 1116 virtutum
877 1061 996 1116 sine
1035 1061 1494 1116 remuneratione
1531 1061 1885 1129 torpescunt,
1917 1057 1972 1109 et
2001 1069 2194 1108 exem‘

575 1157 736 1226 plum
772 1155 930 1210 nobis
959 1154 1167 1221 attulit,
1200 1156 1258 1207 et
1289 1153 1612 1207 mercedem
1644 1147 1947 1222 spopondit
1970 1164 2001 1202 e
2031 1146 2193 1214 caelo,

577 1247 721 1303 filios
759 1248 857 1302 Dei
902 1249 1120 1302 futuros
1157 1247 1448 1317 pollicens,
1490 1245 1588 1316 qui
1630 1243 1841 1298 fuerint
1881 1241 2197 1296 imitatores

579 1341 717 1412 ejus.
749 1341 856 1404 Qui
885 1341 1039 1395 enim
1063 1339 1298 1394 festinat
1331 1339 1402 1393 ad
1440 1337 1765 1409 praemium,
1794 1335 2050 1390 fastidire
2080 1349 2198 1388 non

581 1432 754 1487 debet
789 1434 1112 1503 exemplum
1144 1449 1157 1486 :
1188 1432 1322 1503 quia
1359 1436 1569 1502 quanto
1605 1427 2018 1500 praecellentius
2053 1442 2198 1496 prte-

580 1525 780 1592 mium,
832 1528 986 1580 tanto
1041 1525 1352 1596 impensius
1405 1523 1678 1578 officium.
1735 1524 1956 1586 Quanta
2008 1524 2200 1574 autem
2299 1517 2585 1572 sanandus
2606 1515 2966 1586 exprimitur.
2990 1514 3155 1578 Quod
3179 1519 3371 1568 autem
3394 1513 3708 1566 moriturum
3733 1514 3858 1578 dixit,

581 1617 986 1673 misericordiae
1024 1634 1263 1679 merces,
1303 1633 1429 1688 qum
1469 1617 1526 1670 in
1563 1617 1657 1686 jus
1697 1613 1898 1669 divinae
1939 1611 2197 1683 adoptio-
2299 1611 2359 1665 in
2391 1627 2458 1664 eo
2485 1609 2830 1679 evangelista
2855 1624 2972 1662 non
3000 1607 3230 1674 fefellit;
3261 1607 3564 1661 moriturus
3589 1607 3726 1660 enim
3751 1613 3861 1673 erat,

580 1711 671 1765 nis
721 1711 1039 1766 asciscitur!
1096 1711 1342 1782 Sequere
1398 1709 1574 1780 igitur
1625 1706 2090 1775 misericordiam,
2141 1707 2204 1759 ut
2302 1703 2412 1758 nisi
2441 1703 2638 1757 fuisset
2667 1707 2893 1756 sanatus
2921 1718 2953 1754 a
2985 1701 3224 1756 Christo.
3268 1700 3526 1770 Implevit
3561 1700 3720 1770 igitur
3754 1715 3862 1769 prae—

585 1805 860 1860 merearis
890 1805 1151 1874 gratiam.

2221 1803 2278 1874 B
2303 1803 2528 1868 ceptum
2568 1797 2846 1852 charitatc
2887 1796 3113 1863 caelesti,
3151 1795 3250 1866 qui
3291 1795 3370 1849 sic
3411 1795 3600 1848 dilexit
3635 1793 3864 1856 inimicos,

657 1900 744 1950 79.
773 1897 950 1967 (Vers.
987 1897 1096 1968 36.)
1132 1897 1262 1950 Late
1297 1898 1457 1967 patet
1493 1894 1810 1966 benignitas
1848 1894 1946 1949 Dei
1984 1910 1997 1947 :
2035 1907 2206 1963 super
2304 1893 2368 1945 ut
2395 1892 2566 1946 morti
2607 1891 2873 1962 eriperet,
2909 1893 3080 1960 atque
3111 1889 3184 1942 ad
3216 1894 3505 1960 perpetuas
3536 1904 3682 1957 spem
3718 1886 3868 1939 salutis

586 1991 842 2061 ingratos
870 1989 1032 2060 pluit,
1060 1989 1223 2043 malis
1248 1989 1495 2043 fecunda
1532 2004 1647 2042 non
1685 1991 1857 2058 negat
1886 1992 2038 2041 terra
2068 2002 2202 2056 pro-

586 2086 808 2138 ventus.
854 2083 1011 2137 Idem
1062 2082 1260 2136 mundi
1315 2082 1394 2136 sol
1447 2081 1752 2151 sacrilegos
1800 2079 2205 2150 religiososque

588 2177 802 2248 pariter
837 2175 1143 2230 illuminat.
1187 2177 1295 2229 Aut
1335 2179 1400 2229 ut
1445 2173 1680 2244 mystice
1720 2173 1820 2226 ista
1867 2172 2202 2244 pendamus,

586 2268 932 2341 propheticis
983 2268 1258 2340 populum
1311 2268 1632 2322 Judaaorum
1684 2266 1953 2320 Dominus
2003 2265 2206 2337 pluviis

587 2363 842 2433 irrigavit
872 2364 928 2416 et
964 2361 1098 2416 solis
1139 2360 1338 2415 aeterni
1378 2360 1598 2416 refulsit
1635 2359 1829 2426 radiis,
1873 2359 2047 2413 etiam
2088 2374 2203 2412 non

587 2455 956 2510 merentibus.
1000 2454 1108 2508 Sed
1149 2455 1422 2524 quoniam
1465 2454 1546 2508 illi
1583 2453 1873 2508 mundano
1914 2469 2040 2507 rore
2084 2469 2204 2507 ma-

587 2550 852 2618 duerunt,
887 2547 1129 2602 Ecclesia
1165 2547 1264 2601 Dei
1289 2547 1362 2601 ad
1392 2547 1616 2602 caeleste
1654 2547 1849 2601 lumen
1888 2547 2205 2613 asciscitur;

2303 1985 2620 2039 ascisceret.

2376 2081 2463 2132 84.
2497 2080 2669 2147 (Vers.
2707 2080 2781 2146 6.)
2810 2077 3096 2140 Quantum
3134 2079 3326 2130 autem
3365 2075 3564 2129 divinae
3592 2072 3871 2128 humilitatis

2305 2171 2548 2242 insigne,
2590 2175 2654 2225 ut
2681 2170 2806 2224 coeli
2837 2171 3105 2224 Dominus
3138 2186 3502 2240 nequaquam
3527 2167 3872 2237 dedignaretur

2306 2265 2653 2320 centurionis
2692 2264 2983 2318 servulum
3018 2263 3272 2318 visitare!
3309 2264 3502 2317 Elucct
3531 2261 3661 2315 lldes
3692 2261 3743 2312 in
3769 2276 3872 2328 ope-

2308 2359 2482 2427 ribus,
2521 2359 2621 2413 sed
2663 2359 2785 2429 plus
2835 2361 3104 2429 operatur
3145 2357 3471 2411 humanitas
3515 2357 3571 2409 in
3613 2353 3873 2408 affectibus.

2306 2453 2468 2517 Quod
2497 2453 2697 2522 utique
2738 2469 2852 2506 non
2891 2453 3016 2507 ideo
3050 2450 3308 2518 faciebat,
3344 2451 3481 2522 quia
3511 2449 3700 2503 absens
3723 2461 3876 2500 curare

2312 2563 2426 2600 non
2469 2549 2716 2617 poterat;
2759 2546 2860 2600 sed
2904 2549 2968 2600 ut
3011 2547 3254 2600 formam
3301 2545 3405 2599 tibi
3450 2545 3601 2598 daret
3638 2539 3878 2596 imitanda

587 2640 662 2696 ita
698 2646 895 2696 tamen
932 2643 998 2694 ut
1022 2639 1129 2694 illis
1158 2655 1386 2711 quoque
1424 2639 1828 2694 misericordiae
1867 2639 1912 2694 si
1951 2640 2206 2707 credant,

587 2733 964 2804 prmrogativa
991 2737 1267 2787 servetur.

657 2829 744 2881 80.
775 2825 1026 2895 Addidit,
1056 2841 1174 2880 non
1202 2827 1414 2881 temere
1432 2826 1828 2897 judicandum,
1862 2843 1933 2880 ne
1970 2843 2100 2880 cum
2136 2827 2210 2881 sis

587 2919 670 2974 tui
711 2919 968 2975 conscius
1010 2919 1128 2990 ipse
1169 2919 1378 2988 delicti,
1417 2919 1476 2973 in
1515 2921 1757 2975 alterum
1799 2921 2018 2991 cogaris
2062 2921 2211 2976 ferre

589 3013 930 3069 sententiam
962 3014 1092 3084 (69).
2310 3015 2496 3070 noluit
2514 3031 2773 3086 pergere,
2800 3031 2871 3069 ne
2899 3016 2955 3068 in
2985 3015 3166 3085 reguli
3196 3014 3312 3068 filio
3342 3013 3631 3067 videretur
3653 3009 3812 3078 magis
3833 3006 3889 3059 di-

659 3109 748 3162 81.
795 3107 972 3176 (Vers.
1025 3105 1140 3178 44.)
1185 3107 1386 3177 Magna
1436 3105 1612 3160 etiam
1666 3106 1980 3177 disciplina,
2032 3112 2095 3162 ut
2141 3109 2210 3162 de
2251 3174 2282 3178 Α
2312 3109 2460 3163 vitiis
2480 3108 3032 3178 detulissezhicipse
3055 3107 3413 3178 perrexit,ne
3432 3104 3777 3161 videreturin
3795 3115 3891 3154 cen-

588 3199 954 3255 infructuosis
991 3199 1277 3254 fructuosa
1307 3216 1420 3254 non
1461 3215 1704 3269 quaeras,
1744 3216 1848 3253 nec
1881 3200 1949 3254 de
1985 3201 2213 3256 incultis
2235 3174 2287 3246 Ο
2313 3202 2558 3256 turionis
2598 3202 2816 3256 famulo
2855 3203 3240 3256 conditionem
3286 3199 3610 3272 despexisse
3646 3195 3887 3252 servilem;

588 3297 929 3364 proventum
967 3292 1328 3347 fecunditatis
1365 3298 1677 3364 exspectes.
1709 3293 2020 3365 Unicuique
2061 3294 2212 3348 enim
2316 3312 2516 3349 omnes
2535 3297 2710 3363 enim,
2735 3312 2924 3350 servus
2943 3301 2998 3350 et
3019 3296 3181 3362 liber,
3204 3295 3260 3348 in
3283 3295 3507 3349 Christo
3527 3308 3698 3347 unum
3719 3302 3890 3343 sumus.

591 3402 692 3440 sua
743 3387 960 3441 cultura
1010 3387 1108 3442 dat
1154 3386 1390 3440 fructus.
1447 3389 1508 3442 In
1565 3387 1740 3457 spinis
1797 3387 1955 3441 istius
2013 3387 2213 3442 mundi
2387 3392 2474 3443 85.
2507 3369 2612 3444 Sed
2641 3389 2764 3444 vide
2791 3389 2962 3444 fidem
2994 3388 3439 3460 praerogativam
3476 3404 3597 3441 esse
3626 3381 3890 3440 medicina.

588 3479 727 3534 ﬁcus
767 3479 859 3533 illa
904 3495 1020 3534 non
1070 3484 1256 3550 potest
1297 3480 1554 3552 reperiri,
1600 3497 1728 3550 quae
1775 3482 1908 3551 quia
1958 3481 2215 3536 fecundis
2317 3482 2556 3536 Advorte
2587 3483 2851 3537 etiamin
2890 3483 3011 3553 ipso
3051 3484 3262 3554 populo
3305 3481 3506 3553 gentili
3546 3475 3894 3552 perspicaciam

590 3572 864 3627 fructibus
903 3573 1104 3628 melior
1150 3579 1255 3641 est,
1293 3573 1444 3644 bene
1488 3575 1701 3646 species
1747 3575 1794 3629 ei
1842 3576 2212 3630 resurrectio-
2318 3591 2439 3628 esse
2480 3577 2754 3646 mysterii.
2796 3577 3071 3631 Dominus
3110 3577 3302 3647 pergit
3347 3593 3360 3631 :
3406 3580 3631 3630 excusat
3666 3569 3892 3628 centurio,

590 3665 676 3720 nis
714 3671 970 3737 aptatur;
1002 3667 1092 3722 vel
1122 3667 1273 3739 quia,
1302 3671 1367 3722 ut
1404 3669 1590 3739 legisti
1625 3685 1637 3722 :
1671 3688 1698 3719 ‹‹
1734 3669 1896 3723 Ficus
1937 3669 2216 3724 dederunt
2319 3668 2666 3738 militarique
2695 3669 2948 3740 deposito
2977 3676 3226 3739 tumore,
3256 3669 3643 3726 reverentiam
3668 3663 3834 3729 sumit,
3858 3663 3897 3713 et

589 3776 810 3832 grossos
850 3778 981 3816 suos
1019 3764 1219 3829 (Cant.,
1259 3779 1316 3828 ii,
1360 3765 1473 3832 13);
1507 3783 1534 3812 »
1568 3763 1719 3833 quod
1757 3763 2118 3833 immaturus,
2159 3766 2215 3817 et
2318 3763 2390 3816 ad
2433 3762 2602 3816 [idem
2649 3763 2847 3830 facilis,
2890 3768 2947 3817 et
2982 3765 3052 3818 ad
3090 3764 3591 3819 honoriﬁcentiam
3630 3763 3896 3832 promptus-

585 3851 821 3918 inutilis,
853 3858 910 3910 et
943 3854 1184 3910 caducus
1223 3855 1278 3908 in
1317 3855 1620 3926 Synagoga
1659 3856 1875 3910 fructus
1903 3863 2033 3911 ante
2066 3873 2212 3928 prm-
2320 3857 2388 3910 Et
2412 3855 2560 3910 bene
2588 3855 2764 3909 Lucas
2790 3857 2960 3911 etiam
3001 3859 3060 3911 in
3096 3874 3398 3913 occursum
3429 3858 3642 3913 amicos
3675 3852 3795 3907 dicit
3815 3861 3900 3902 csse

585 3947 780 4016 cessit;
821 3949 905 4002 vel
941 3948 1076 4020 quia
1111 3949 1420 4013 immatura
1455 3949 1564 4003 vita
1607 3948 1862 4022 1375
1903 3954 2092 4004 nostra
2133 3955 2216 4005 est
2320 3967 2352 4004 a
2381 3949 2710 4004 centurione
2740 3952 3125 4020 transmissos,
3153 3968 3221 4006 ne
3248 3952 3564 4023 praesentia
3591 3965 3688 4004 sua
3712 3956 3901 4018 gravare

585 4041 642 4094 in
673 4057 926 4111 corpore,
957 4046 1159 4096 natura
1194 4043 1251 4096 in
1281 4044 1710 4098 resurrectione.
1745 4047 1808 4097 Et
1850 4044 1975 4099 ideo
2017 4045 2216 4114 procul
2321 4043 2545 4098 Domini
2588 4043 2986 4098 verecundiam
3033 4045 3348 4114 videretur,
3383 4052 3442 4100 et
3479 4044 3724 4100 ofﬁcium
3761 4033 3904 4094 ofﬁcio

587 4150 619 4188 a
659 4134 819 4188 nobis
849 4134 1126 4189 debemus
1155 4137 1450 4191 saeculares
1481 4137 1889 4191 sollicitudines
1924 4137 2212 4203 abdicare,
2321 4154 2669 4208 provocasse.
2709 4139 2832 4192 Haec
2859 4140 3170 4194 moraliter.

587 4243 714 4298 quas
759 4228 1057 4282 mordeant
1099 4229 1376 4298 animum,
1423 4236 1787 4303 mentemque
1831 4233 2105 4298 adurant;
2157 4235 2216 4285 ut
2391 4233 2476 4286 86.
2532 4231 2757 4302 Mystice
2811 4238 3040 4299 autem,
3095 4248 3264 4304 quem
3321 4234 3655 4289 Iudaeorum
3707 4223 3905 4300 populus

591 4327 843 4376 maturos
889 4323 1104 4377 fructus
1149 4324 1384 4378 cultura:
1431 4325 1718 4395 diligentis
1764 4326 2044 4396 possimus
2089 4325 2212 4379 adi-
2321 4325 2617 4392 crucifixit,
2643 4325 2977 4380 inviolatum
3007 4325 3077 4380 ab
3105 4327 3309 4397 injuria
3344 4343 3584 4382 manere
3611 4319 3904 4379 desideraret

591 4415 724 4485 pisci
761 4433 773 4470 :
807 4417 959 4488 quod
1004 4417 1062 4470 in
1104 4417 1332 4471 incultis
1370 4417 1527 4472 istius
1567 4420 1766 4474 mundi
1808 4421 2059 4491 reperire
2102 4436 2214 4474 non
2323 4417 2580 4491 13⁸76
2617 4420 2858 4490 p0pulus
2884 4421 3216 4486 nationum;
3254 4427 3311 4475 ct
3333 4421 3495 4492 quod
3523 4420 3589 4474 ad
3623 4419 3781 4472 ﬁdem
3806 4424 3903 4483 per-

590 4527 883 4580 possumus
915 4529 928 4565 ε
963 4514 1099 4580 Quia
1129 4529 1236 4567 non
1263 4513 1444 4582 legunt
1474 4514 1538 4568 de
1570 4517 1743 4584 Spinis
1769 4517 1920 4583 ﬁcus,
1953 4530 2121 4584 neque
2151 4515 2218 4568 de
2239 4544 2299 4617 D
2322 4514 2484 4578 tinet,
2524 4515 2777 4568 sermoni
2817 4513 3076 4579 credidit,
3112 4515 3219 4568 hoc
3259 4519 3364 4582 est,
3409 4532 3528 4569 non
3568 4510 3814 4573 hominis,
3840 4501 3911 4556 sed

588 4606 806 4658 tribulis
841 4606 1179 4661 vindemiant
1217 4623 1396 4662 uvam.
1431 4608 1686 4664 Alterum
1729 4609 1799 4661 ad
1839 4609 2122 4662 mundum
2161 4598 2296 4662 et"
2327 4607 2423 4661 Dei
2463 4610 2744 4678 potestate
2785 4607 3092 4677 conjiciens
3134 4608 3253 4661 dari
3295 4625 3328 4661 a
3367 4609 3596 4662 Christo
3637 4598 3911 4659 hominibus

587 4698 1093 4765 resurrectionem,
1147 4701 1390 4755 alterum
1445 4702 1517 4756 ad
1582 4702 1835 4756 animam
1897 4709 1953 4756 et
2013 4719 2219 4773 corpus
2325 4700 2663 4767 sanitatem;
2707 4701 2858 4771 quod
2899 4717 3031 4755 vero
3075 4703 3146 4755 ad
3183 4702 3526 4771 mysterium
3567 4701 3782 4770 spectat,
3809 4688 3913 4742 vidit

586 4792 859 4856 refertur;
900 4794 984 4846 vel
1026 4794 1159 4865 quia
1196 4811 1368 4848 nemo
1407 4796 1644 4866 peccatis
1686 4797 1931 4850 fructum
1975 4795 2218 4866 acquirit
2326 4793 2383 4848 in
2411 4800 2638 4865 pectora
2678 4795 2864 4847 adhuc
2904 4794 3207 4864 gentilium
3237 4811 3354 4848 non
3396 4811 3520 4848 esse
3551 4784 3911 4863 penetrabilem

588 4886 796 4940 animae
828 4903 964 4952 sua),
998 4904 1124 4958 quae
1162 4889 1308 4942 sicut
1345 4904 1448 4942 uva
1479 4889 1737 4959 proxima
1765 4890 1927 4943 terris
1954 4905 2214 4944 corrum-
2326 4888 2636 4944 Christum.
2681 4889 2745 4940 Et
2786 4886 2912 4940 ideo
2953 4887 3084 4957 quia
3124 4888 3368 4941 necdum
3416 4883 3764 4956 cogitationis
3799 4890 3910 4947 pral-

585 4981 759 5052 pitur,
803 4982 859 5034 in
906 4982 1292 5052 superioribus
1333 4985 1680 5048 maturatur;
1726 4985 1810 5037 vel
1865 4985 2002 5054 quia
2049 4999 2220 5038 nemo
2327 4982 2508 5038 terita:
2545 4982 2794 5036 maculas
2830 4981 3119 5046 abluisset,
3162 4980 3382 5051 gravari
3422 4997 3481 5036 se
3520 4977 3699 5048 magis
3734 4964 3910 5029 Domini

586 5081 769 5146 potest
830 5075 1265 5130 damnationem
1317 5078 1507 5130 carnis
1561 5077 1820 5143 evadere,
1879 5077 1984 5131 nisi
2042 5095 2217 5148 quem
2328 5076 2658 5146 dignatione
2715 5075 2962 5144 putavit,
3019 5090 3190 5145 quam
3239 5075 3452 5144 juvari.
3509 5073 3598 5128 Sic
3650 5070 3734 5124 illa
3783 5062 3911 5116 vidua

585 5170 836 5224 Christus
863 5169 1187 5238 redemerit,
1217 5171 1313 5242 qui
1347 5172 1490 5225 sicut
1519 5188 1622 5225 uva
1650 5171 1924 5242 pependit
1949 5171 2006 5224 in
2037 5172 2212 5242 ligno.
2329 5171 2646 5240 Sareptena
2681 5168 2983 5238 indignam
3014 5185 3072 5221 se
3109 5168 3444 5240 prophetico
3477 5161 3742 5237 judicavit
3769 5152 3911 5223 hospi-

584 5266 782 5319 Procul
825 5263 1003 5336 igitur
1041 5264 1110 5318 ab
1153 5265 1250 5319 illa
1289 5283 1476 5334 carne,
1519 5282 1644 5337 qua:
1691 5267 1959 5321 damnato
1990 5265 2214 5320 homini
2328 5264 2406 5318 tio
2440 5264 2528 5332 (lll
2554 5267 2705 5331 Reg.,
2738 5278 2868 5328 xvn,
2903 5264 3006 5331 18).
3043 5262 3290 5332 Ideoque
3319 5261 3599 5316 Dominus
3626 5259 3680 5312 in
3706 5269 3806 5308 uno
3831 5249 3911 5300 isto

587 5359 822 5414 tribulos
859 5375 1131 5428 generare
1169 5365 1452 5431 praecepta
1482 5363 1564 5414 est
1595 5360 1766 5429 (Gem,
1812 5377 1884 5427 in,
1929 5360 2032 5429 18),
2063 5361 2216 5414 leve-
2331 5357 2503 5411 ﬁdem
2535 5355 2796 5427 gentium
2831 5355 3190 5426 praeferebat.

591 5466 715 5507 Inus
753 5453 942 5507 oculos
982 5452 1285 5524 spiritales,
1321 5453 1620 5508 tendamus
1664 5471 1890 5520 manus,
1928 5459 1992 5508 ut
2026 5453 2216 5509 Chris-
2403 5453 2492 5506 87.
2534 5451 2708 5520 (Vers.
2755 5450 2834 5519 9.)
2876 5451 2944 5502 Et
2983 5450 3215 5521 quidem
3259 5450 3300 5502 si
3348 5450 3430 5503 sic
3471 5449 3625 5517 legas
3661 5461 3674 5496 :
3706 5444 3760 5496 In
3797 5431 3911 5487 nullo

587 5553 711 5599 tum
738 5546 1082 5601 vindemiare
1111 5547 1413 5617 possimus.
2333 5549 2545 5600 tantam
2589 5544 2750 5613 ﬁdem
2796 5545 2982 5598 inveni
3023 5545 3083 5596 in
3127 5544 3311 5608 Israel,
3361 5540 3599 5612 simplex
3641 5529 3909 5591 intellectus

2308 2639 2664 2707 humilitatis,
2705 2657 2815 2710 qua
2839 2641 3001 2709 juxta
3039 2639 3436 2693 humilioribus
3474 2638 3690 2692 doceret
3723 2652 3778 2688 ac
3810 2648 3879 2684 su-

2309 2733 2625 2804 perioribus
2655 2733 3048 2788 deferendum.
3078 2733 3335 2803 Denique
3368 2731 3500 2786 alibi
3533 2730 3717 2801 regqu
3742 2726 3880 2782 dicit:

2313 2848 2338 2875 α
2369 2828 2540 2896 Vade,
2571 2827 2718 2881 filius
2757 2831 2888 2881 tuus
2916 2827 3050 2880 vivit
3087 2830 3283 2894 (104112.,
3318 2843 3391 2894 iv,
3425 2828 3534 2894 50),
3574 2848 3600 2872 »
3634 2827 3690 2876 ut
3710 2822 3824 2875 scias
3847 2825 3884 2870 et

2311 2922 2620 2992 potentiam
2671 2921 3000 2987 divinitatis,
3048 2925 3104 2974 et
3155 2920 3499 2974 humilitatis
3552 2917 3786 2988 gratiam.
3828 2911 3887 2965 lbi

2329 5695 2442 5742 vet.
2505 5689 2636 5740 edit.
2698 5688 3000 5740 Nobiscum
3060 5691 3246 5740 autem
3305 5683 3675 5737 consentiunt,
3719 5668 3909 5742 excepi?

2331 5737 2484 5827 quod
2673 5737 3014 5825 odaria—ai
3063 5737 3296 5810 habetur
3348 5756 3406 5806 in
3461 5765 3608 5807 mss,
3657 5737 3908 5811 praeferunt

2331 5835 2664 5897 cogitaveris.

651 5687 747 5765 (89)
795 5687 954 5737 Rom.
1009 5690 1397 5765 edit.,_delicti,
1443 5691 1570 5742 dum
1618 5693 1846 5743 alterum
1883 5694 2118 5758 judicas,
2160 5695 2218 5742 in

592 5762 638 5804 Ie
688 5760 860 5818 ipsum
912 5761 1118 5821 cogaris
1162 5760 1304 5821 ferre
1343 5765 1673 5814 sententiam.
1719 5765 1958 5828 Optime,
2001 5767 2047 5814 si
2093 5777 2218 5815 sen—

589 5839 712 5875 sum
757 5829 990 5886 spectes.
1040 5829 1110 5877 At
1153 5843 1284 5880 vero
1333 5833 1672 5884 dissentiunt
1723 5849 1915 5887 omnes
1966 5849 2096 5886 mss.
2151 5849 2220 5888 ac
