3972 6174
14 5643 32 5994 ι

173 255 268 306 lT-ili

147 473 308 523 tantum
335 469 480 537 ﬁdem
520 473 714 534 inveni,
751 472 861 527 tida
906 475 1074 547 hujus
1116 479 1286 535 etiam
1325 483 1703 557 electioribus,

146 572 182 616 et
208 565 355 616 Deum
382 563 687 618 videntibus
714 568 1047 624 antefertur.

194 659 260 710 88.
289 656 446 722 (Vers.
496 659 595 727 10.)
641 660 833 715 Videte
875 669 1069 718 autem
1111 671 1530 727 oeconomiam:
1570 691 1702 743 pro-

141 749 263 802 batur
310 749 436 802 ﬁdes
494 751 729 819 domini,
796 761 851 808 et
913 759 1058 811 servi
1121 762 1327 816 sanitas
1380 765 1699 822 roboratur.

139 844 285 896 Potest
309 857 434 912 ergo
472 845 736 900 meritum
775 847 987 904 domini
1033 853 1202 908 etiam
1237 855 1462 911 famulis
1502 859 1701 914 suﬂ'ra-

139 936 244 1004 gari,
268 951 369 989 non
397 938 572 991 solum
604 939 736 994 ﬁdei
767 943 992 1012 merito,
1023 946 1124 999 sed
1161 948 1336 1004 etiam
1371 951 1557 1006 studio
1586 953 1699 1007 dis-

138 1029 328 1098 ciplinae.
359 1031 614 1101 Spectate
642 1034 812 1089 etiam
843 1037 1080 1092 alteram
1113 1044 1483 1098 oeconomiam
1509 1046 1698 1100 Domi-

135 1125 238 1178 nica
261 1125 576 1180 humilitatis
608 1145 619 1180 :
655 1144 783 1197 qua:
827 1146 938 1184 non
975 1133 1238 1202 spondet,
1268 1141 1537 1206 operatur
1565 1142 1698 1208 (70),

135 1235 322 1288 namque
396 1219 493 1272 etsi
574 1221 830 1276 nondum
912 1223 1289 1295 imperaverat
1361 1231 1696 1302 sanitatem,

132 1318 271 1365 tamen
317 1311 451 1366 servi
498 1314 597 1384 qui
651 1315 805 1370 missi
855 1317 1104 1386 fuerant,
1161 1337 1361 1378 sanum
1411 1325 1698 1381 servulum

133 1409 428 1476 repererunt.

175 1500 317 1567 (Vers.
364 1501 572 1570 12-14.)
618 1504 750 1559 Cum
793 1510 975 1559 autem
1023 1510 1487 1579 apprOpinquaret
1523 1516 1699 1581 porta:

127 1594 324 1653 irritatis,
362 1608 470 1648 ecce
506 1595 826 1663 efferebatur
852 1598 1139 1664 defunctus
1172 1602 1318 1669 ﬁlius
1349 1606 1544 1659 unicus
1574 1621 1695 1659 ma-

129 1689 196 1738 tris
226 1701 337 1748 was,
377 1693 426 1740 et
456 1689 567 1740 haec
602 1697 719 1742 erat
756 1691 960 1757 vidua;
1004 1697 1053 1747 et
1090 1695 1252 1749 turba
1289 1697 1463 1752 multa
1502 1700 1694 1753 civita-

1222 263 1678 326 EXPOSITIONlS
1715 273 1783 328 IN
1824 276 2042 335 LUCAM
2085 282 2210 337 LIB.
2254 288 2314 338 ν.

153 382 189 429 et
217 374 363 428 facilis
396 379 488 429 est.
522 377 611 430 Sin
657 394 789 432 vero
823 381 989 449 juxta
1025 386 1248 440 Graecos
1275 405 1287 442 :
1319 393 1427 448 Nec
1457 393 1513 446 in
1540 395 1712 450 Israel

3305 308 3437 365 1746

1733 409 1790 484 Α
1813 400 1902 455 nis
1931 401 2272 475 aboluerint,
2313 411 2372 463 et
2403 412 2624 468 tumulo
2652 418 2914 486 proxima
2950 438 3184 494 corpora
3209 427 3436 498 jaceant

1809 492 2248 564 defunctorum,
2321 503 2492 557 verbo
2551 510 2742 562 tamen
2807 511 2906 565 Dei
2965 492 3087 583 jam
3153 523 3433 581 moritura

1806 583 2059 658 1377
2097 599 2400 662 resurgunt
2430 595 2542 667 (72)
2577 599 2865 669 cadavera,
2897 621 3005 660 vox
3037 609 3202 677 redit,
3234 615 3430 670 reddi-

1801 681 1898 731 tur
1936 679 2080 734 ﬁlius
2121 685 2310 752 matri,
2349 694 2639 744 revocatur
2666 707 2699 745 a
2737 696 2979 764 tumulo,
3010 699 3247 771 eripitur
3275 721 3308 758 a
3336 723 3424 761 se-

1803 770 2019 841 pulcro.
2048 775 2179 838 Quis
2203 777 2308 834 iste
2335 784 2421 834 est
2444 784 2695 838 tumulus
2724 791 2873 854 tuus,
2901 789 3011 845 nisi
3039 770 3176 848 mali
3203 801 3430 855 mores?

1801 864 2075 936 Tumulus
2111 874 2240 923 tuus
2271 872 2508 941 perﬁdia
2542 882 2646 945 est,
2687 880 3008 948 sepulcrum
3037 889 3200 941 tuum
3231 894 3431 960 guttur

1803 962 1888 1012 est
1923 976 1938 1012 :
1982 981 2008 1008 ‹‹
2047 960 2382 1032 Sepulcrum
2423 966 2575 1021 enim
2621 973 2824 1039 patens
2861 977 2945 1029 est
2992 981 3190 1045 guttur
3230 997 3428 1040 eorum

1803 1050 1972 1120 (Psal.
2024 1069 2079 1119 v,
2131 1056 2234 1124 Η),
2285 1078 2314 1107 ››
2357 1059 2510 1113 unde
2550 1062 2722 1118 verba
2764 1069 2991 1123 mortua
3031 1072 3425 1140 proferuntur.

1798 1144 1880 1198 Ab
1927 1145 2033 1200 hoc
2084 1149 2342 1218 sepulcro
2392 1156 2445 1205 te
2491 1152 2694 1209 liberat
2737 1157 3010 1231 Christus,
3059 1164 3131 1219 ab
3181 1165 3290 1223 hoc
3334 1174 3421 1226 tu~

1800 1238 1956 1291 mulo
1983 1255 2268 1311 resurges,
2299 1242 2344 1296 si
2375 1244 2566 1299 audias
2593 1247 2828 1305 verbum
2860 1252 2976 1307 Dei.

1871 1333 1958 1385 92.
2006 1332 2071 1385 Et
2124 1333 2171 1386 si
2221 1350 2388 1404 grave
2451 1343 2741 1406 peccatum
2804 1347 2892 1397 est
2939 1349 3088 1418 quod
3139 1354 3418 1421 poeniten-

1798 1422 1892 1476 tiae
1931 1425 2040 1495 (73)
2078 1428 2191 1480 tua:
2225 1427 2493 1499 lacrymis
2531 1430 2649 1501 ipse
2686 1433 2874 1489 lavare
2911 1453 3023 1493 non
3054 1443 3253 1511 possis,
3285 1447 3422 1503 ﬂeat

1795 1530 1899 1586 pro
1942 1521 1997 1571 te
2041 1521 2226 1573 mater
2259 1521 2523 1591 Ecclesia,
2564 1539 2692 1595 quas
2731 1544 2834 1597 pro
2875 1529 3110 1600 singulis
3145 1537 3418 1608 tanquam

1795 1623 1901 1679 pro
1939 1610 2122 1664 unicis
2159 1611 2288 1666 ﬁliis
2327 1613 2498 1668 vidua
2536 1622 2718 1672 mater
2757 1619 3090 1694 intervenit;
3137 1633 3415 1701 compati-

1794 1703 1891 1756 tur
1915 1703 2068 1757 enim
2097 1705 2344 1775 quodam
2371 1708 2608 1778 spiritali
2639 1710 2834 1767 dolore
2863 1720 3098 1786 naturas,
3128 1737 3256 1776 cum
3284 1740 3414 1780 suos

128 1782 176 1829 tis
216 1795 313 1832 cum
362 1780 476 1833 illa.
529 1781 706 1846 Quum
752 1799 872 1837 cum
915 1786 1120 1840 videret
1167 1790 1441 1850 Dominus,
1479 1794 1690 1846 miseri-
1715 1769 2004 1850 Blibcros
2051 1769 2346 1854 lethalibus
2388 1769 2534 1856 vitiis
2577 1803 2649 1857 ad
2697 1809 2939 1862 mortem
2979 1769 3160 1867 cernit
3201 1819 3413 1888 urgeri.

123 1872 259 1925 cordia
299 1879 481 1935 motus,
535 1875 683 1929 diarit
727 1877 814 1967 illi
858 1895 874 1930 :
921 1879 1046 1935 Noli
1088 1881 1230 1948 ﬂere.
1278 1884 1350 1937 Et
1389 1887 1606 1939 accessit
1640 1892 1690 1941 et

123 1966 249 2030 tetigit
278 1965 519 2020 loculum.

166 2058 234 2109 89.
271 2059 329 2112 Et
355 2058 445 2112 hic
473 2059 633 2114 locus
668 2062 738 2114 ad
781 2068 1079 2136 utramque
1112 2066 1396 2122 redundat
1422 2069 1687 2140 gratiam,

121 2153 161 2199 ut
189 2155 230 2202 et
261 2150 357 2205 cito
393 2152 548 2206 ﬂecti
589 2154 836 2209 divinam
873 2158 1327 2215 misericordiam
1373 2163 1568 2217 matris
1606 2163 1686 2218 vi-

120 2239 208 2294 dua
250 2242 645 2300 lamentatione
692 2247 1012 2316 credamus,
1065 2251 1188 2322 ejus
1229 2253 1513 2325 praecipue
1560 2272 1689 2327 quae

119 2332 225 2386 unici
255 2335 340 2388 ﬁlii
376 2337 459 2390 vel
501 2339 717 2406 labore,
762 2341 848 2394 vel
891 2349 1075 2397 morte
1111 2344 1427 2416 frangatur,
1471 2348 1561 2402 cui
1600 2354 1684 2404 ta-

117 2442 210 2478 men
234 2428 395 2483 vidua:
429 2432 727 2498 gravitatis
769 2434 1038 2489 meritum
1084 2438 1482 2509 exsequiarum
1521 2441 1688 2496 turba

116 2520 342 2588 conciliat;
387 2528 439 2576 et
482 2525 636 2577 hanc
682 2526 910 2581 viduam
958 2530 1302 2600 populorum
1348 2533 1516 2588 turba
1559 2550 1682 2606 sep-

115 2615 213 2676 tam,
249 2615 357 2683 plus
396 2616 576 2678 videri
609 2634 733 2671 esse
774 2635 948 2689 quam
990 2621 1287 2691 feminam,
1330 2641 1458 2696 quas
1490 2642 1682 2681 resur-

114 2705 352 2761 rectionem
426 2710 582 2762 unici
654 2711 1028 2768 adolescentis
1091 2715 1194 2770 ﬁlii
1273 2717 1358 2772 sui
1419 2719 1684 2791 lacrymis

112 2801 321 2854 meruerit
362 2803 710 2873 impetrare;
759 2821 823 2858 eo
864 2807 1013 2876 quod
1060 2813 1250 2864 sancta
1291 2811 1538 2866 Ecclesia
1582 2830 1680 2883 po-

112 2893 253 2957 pulum
276 2895 558 2963 juniorem
599 2914 630 2948 a
673 2914 882 2969 pompa
920 2899 1153 2968 funeris,
1196 2907 1368 2974 atque
1407 2921 1440 2958 a
1481 2921 1679 2976 supre-

111 2984 184 3036 mis
213 2989 426 3056 sepulcri
467 3007 707 3044 suarum
751 2996 980 3047 revocet
1007 2995 1077 3048 ad
1114 2995 1288 3050 vitam
1330 2999 1678 3069 contempla-

1793 1888 2012 1943 Viscera
2052 1907 2247 1946 sumus
2292 1893 2360 1948 de
2403 1894 2711 1951 visceribus
2752 1899 2875 1968 ejus
2923 1902 3050 1974 (74);
3090 1911 3224 1961 sunt
3261 1911 3415 1968 enim

1791 1986 1848 2034 et
1905 1982 2174 2053 spiritalia
2228 1983 2464 2054 viscera,
2517 2004 2645 2058 quae
2690 1990 2861 2046 habet
2911 1995 3112 2050 Paulus
3163 1999 3356 2057 dicens
3395 2021 3409 2059 :

1791 2093 1821 2121 ‹‹
1855 2075 1951 2142 lta,
1980 2075 2174 2142 frater,
2205 2093 2310 2148 ego
2337 2083 2389 2132 te
2427 2079 2583 2134 fruar
2608 2081 2666 2135 in
2701 2084 2962 2155 Domino,
2992 2089 3164 2144 refice
3205 2093 3416 2150 viscera

1789 2182 1918 2221 mea
1947 2167 2004 2221 in
2035 2169 2256 2223 Christo
2284 2170 2550 2240 (Philem,
2578 2174 2689 2244 20).
2722 2196 2748 2224 »
2780 2178 2890 2232 Nos
2917 2195 3055 2250 ergo
3084 2183 3298 2241 viscera
3328 2205 3414 2243 su-

1789 2275 1916 2314 mus
1959 2261 2253 2332 Ecclesiae,
2294 2265 2563 2334 quoniam
2607 2269 2866 2324 membra
2917 2289 3114 2329 sumus
3159 2269 3431 2350 corporis.

1788 2353 1928 2423 ejus,
1961 2353 2032 2407 de
2064 2371 2233 2409 carne
2261 2356 2382 2426 ejus
2409 2361 2464 2411 et
2491 2359 2558 2412 de
2591 2359 2808 2415 ossibus
2841 2363 2986 2433 ejus.
3017 2368 3214 2424 Doleat
3240 2371 3415 2442 igitur

1787 2445 1880 2515 pia
1916 2450 2114 2513 mater,
2153 2448 2376 2503 assistat
2411 2452 2469 2504 et
2504 2452 2694 2522 turba;
2724 2470 2840 2508 non
2875 2458 3057 2512 solum
3096 2463 3279 2532 turba,
3311 2466 3411 2520 sed

1787 2537 1960 2592 etiam
1989 2541 2165 2594 multa
2195 2541 2565 2612 compatiatur
2592 2544 2759 2600 bonae
2795 2550 3035 2617 parenti.
3067 2553 3192 2606 lam
3219 2571 3410 2610 resur-

1787 2647 1887 2701 ges
1913 2649 1946 2686 a
1971 2632 2192 2700 funere,
2209 2634 2333 2703 jam
2360 2635 2689 2691 liberaberis
2709 2655 2740 2692 a
2766 2642 3053 2711 sepulcro;
3080 2645 3311 2701 stabunt
3330 2649 3410 2704 illi

1784 2723 2032 2779 ministri
2062 2726 2144 2779 tui
2172 2727 2414 2794 funeris,
2442 2729 2678 2800 incipies
2703 2732 2892 2786 vitalia
2920 2734 3097 2807 loqui,
3129 2738 3413 2798 timebunt

1784 2832 2013 2888 omnes;
2055 2818 2225 2873 unius
2257 2820 2411 2874 enim
2454 2823 2714 2893 exemplo
2755 2825 2988 2895 plurimi
3030 2829 3405 2901 corrigentur.

1783 2910 2124 2966 Laudabunt
2160 2912 2334 2967 etiam
2371 2914 2567 2982 Deum,
2609 2916 2709 2988 qui
2755 2922 2912 2974 tanta
2951 2920 3115 2976 nobis
3156 2925 3406 2981 remedia

1780 3001 2029 3059 vitandae
2060 3005 2259 3061 mortis
2287 3005 2612 3062 indulserit.

111 3076 217 3131 tione
254 3081 658 3152 lacrymarum;
702 3102 830 3156 quae
876 3086 1011 3141 ﬂere
1049 3088 1398 3160 prohibetur,
1448 3107 1579 3146 cum
1627 3092 1678 3146 ei
1701 3125 1755 3198 C
1855 3096 2033 3166 (Vers.
2084 3097 2194 3169 19.)
2236 3101 2308 3153 Et
2350 3103 2658 3156 convocavit
2705 3102 2840 3159 duos
2878 3106 2944 3160 de
2983 3107 3261 3179 discipulis
3297 3115 3408 3168 suis

113 3176 375 3229 resurrectio
402 3177 686 3232 debeatur
711 3179 842 3248 (71).

159 3267 222 3318 90.
247 3267 339 3330 Qui
377 3271 616 3341 quidem
658 3277 918 3327 mortuus
952 3275 1010 3328 in
1042 3276 1244 3346 loculo,
1287 3278 1681 3335 materialibus

109 3366 295 3425 quatuor
334 3365 400 3417 ad
451 3367 782 3435 sepulcrum
835 3367 1124 3422 ferebatur
1181 3369 1522 3440 elementis;
1583 3373 1681 3428 sed

108 3467 222 3520 spem
257 3458 590 3529 resurgendi
621 3459 886 3526 habebat,
917 3461 1054 3531 quia
1091 3462 1378 3519 ferebatur
1404 3464 1462 3519 in
1496 3465 1675 3536 ligno.

106 3543 218 3606 Quod
252 3551 341 3604 etsi
379 3552 552 3606 nobis
589 3558 720 3607 ante
763 3570 877 3607 non
912 3555 1202 3625 proderat,
1237 3561 1426 3612 tamen
1459 3562 1679 3629 postea-

108 3653 230 3705 qnam
256 3643 402 3697 lesus
435 3646 491 3700 id
531 3646 744 3717 tetigit,
780 3649 1053 3718 proﬁcere
1084 3649 1251 3720 coepit
1285 3650 1354 3704 ad
1391 3650 1584 3719 vitam,
1619 3658 1679 3707 ut

105 3737 206 3785 esset
239 3736 430 3792 indicio
471 3739 721 3794 salutem
756 3742 969 3812 populo
1010 3759 1112 3812 per
1150 3743 1331 3798 crucis
1360 3744 1677 3814 patibulum

105 3826 479 3887 retundendam.
533 3833 734 3888 Audito
790 3835 965 3905 igitur
1007 3836 1101 3890 Dei
1146 3836 1349 3906 verbo,
1397 3842 1678 3893 steterunt

105 3921 238 3975 acerbi
260 3924 398 3979 illius
429 3927 652 3981 funeris
677 3929 976 3999 portitores
1001 3930 1098 4000 qui
1127 3947 1330 4001 corpus
1355 3929 1676 3986 humanum

104 4011 245 4068 lethali
270 4021 412 4073 tluxu
443 4024 665 4074 naturae
695 4023 1004 4076 materialis
1036 4023 1332 4093 urgebant.
1353 4024 1500 4088 Quid
1521 4023 1675 4079 enim

102 4105 224 4174 aliud,
259 4111 356 4165 nisi
400 4114 566 4184 quasi
611 4113 669 4167 in
716 4115 961 4186 quodam
1012 4116 1238 4184 feretro,
1285 4116 1393 4171 hoc
1437 4120 1540 4187 est,
1581 4134 1672 4172 su-

104 4202 233 4265 premi
266 4205 468 4260 funeris
499 4207 886 4262 instrumento
905 4209 1167 4278 jacemus
1195 4210 1508 4278 exanimes,
1544 4227 1674 4266 cum

103 4293 157 4344 Vel
195 4296 319 4366 ignis
364 4300 690 4355 immodicae
732 4302 1057 4372 cupiditatis
1098 4306 1396 4372 exaestuat,
1441 4303 1527 4357 vel
1569 4303 1671 4359 fri-

107 4384 222 4452 gidus
257 4391 458 4448 humor
502 4395 781 4461 exundat,
825 4396 913 4449 vel
944 4396 1108 4466 pigra
1143 4395 1387 4468 quadam
1425 4397 1674 4468 corporis

1777 3192 2032 3255 Joannes,
2057 3197 2108 3246 et
2143 3194 2288 3247 misit
2311 3193 2387 3247 ad
2422 3209 2543 3248 eum
2579 3195 2760 3251 dicens
2787 3216 2803 3252 :
2837 3199 2918 3254 Tu
2947 3214 3000 3255 es
3029 3204 3126 3271 qui
3148 3211 3406 3262 venturus

1780 3298 1852 3346 es,
1884 3300 1958 3338 an
1993 3284 2165 3338 alium
2193 3291 2596 3356 exspectamus?

1850 3377 1938 3430 93.
1991 3377 2111 3430 Non
2162 3376 2402 3448 simplex
2451 3378 2770 3435 intellectus
2818 3382 2878 3438 in
2928 3385 3276 3458 simplicibus
3317 3396 3405 3447 est

1778 3468 1983 3535 verbis,
2008 3469 2259 3540 alioquin
2278 3471 2656 3541 praesentibus
2678 3474 2969 3544 superiora
2989 3489 3400 3553 compugnant.

1777 3561 2068 3625 Quomodo
2117 3563 2273 3618 enim
2325 3565 2602 3636 Joannes,
2653 3582 2824 3638 quem
2872 3569 2930 3623 in
2980 3573 3398 3645 superioribus,

1777 3655 1893 3709 Deo
1948 3657 2112 3710 Patre
2169 3655 2629 3725 demonstrante,
2693 3662 2986 3731 cognovit,
3037 3663 3128 3719 hic
3171 3668 3400 3725 nescit?

1778 3748 2072 3813 Quomodo
2103 3753 2157 3803 et
2185 3748 2264 3803 ibi
2294 3765 2464 3821 quem
2488 3755 2620 3806 ante
2644 3753 2899 3820 nescivit,
2928 3757 3196 3827 agnovit;
3225 3766 3281 3815 et
3307 3761 3398 3817 hic

1777 3858 1950 3913 quem
1977 3842 2098 3913 jam
2137 3844 2269 3897 ante
2299 3842 2532 3911 sciebat,
2570 3843 2837 3916 ignorat?
2869 3867 2898 3896 «
2928 3848 3275 3919 Nesciebam,
3303 3853 3396 3908 in-

1775 3934 1917 4005 quit,
1962 3951 2126 4002 eum;
2158 3935 2256 3990 sed
2287 3936 2384 4006 qui
2422 3936 2574 3991 misit
2608 3953 2701 3993 me
2744 3938 3052 4012 baptizare,
3097 3942 3215 4013 ipse
3253 3945 3396 4000 mihi

1776 4027 1956 4082 dixit:
1998 4027 2186 4099 Supra
2225 4044 2396 4100 quem
2438 4029 2643 4086 videris
2681 4031 2956 4102 Spiritum
3002 4039 3260 4091 sanctum
3296 4039 3396 4093 de-

1777 4120 2142 4176 scendentem
2187 4121 2384 4190 (Joan.,
2420 4139 2457 4190 1,
2493 4123 2606 4195 33).
2653 4146 2684 4174 »
2725 4125 2794 4179 Et
2831 4124 2981 4180 dicto
3030 4128 3294 4198 credidit,
3340 4133 3399 4186 et

1775 4213 2234 4269 demonstratum
2273 4216 2526 4286 agnovit,
2563 4220 2620 4271 et
2656 4217 2998 4288 baptizatum
3035 4221 3304 4289 adoravit,
3341 4227 3401 4278 et

1773 4307 2093 4362 venientem
2118 4307 2496 4380 prophetavit.
2526 4309 2800 4382 Denique,
2827 4333 2853 4361 «
2885 4314 3022 4383 Ego,
3054 4315 3259 4384 inquit,
3284 4315 3397 4370 vidi

1775 4406 1832 4454 et
1878 4401 2266 4456 testimonium
2306 4403 2592 4473 perhibui,
2625 4404 2895 4476 quoniam
2941 4405 3032 4459 hic
3069 4410 3155 4460 est
3191 4408 3395 4462 electus

104 4471 374 4536 habitudine
403 4483 569 4554 vigor
595 4483 899 4537 hebetatur
924 4483 1270 4552 animorum,
1298 4484 1388 4539 vel
1414 4489 1749 4562 concretaD
1774 4489 1873 4543 Dei
1907 4492 2008 4561 (75)
2056 4491 2234 4559 (Ibid.,
2277 4471 2386 4561 314).
2420 4511 2446 4541 »
2491 4471 2661 4554 Quid—
2676 4508 2814 4562 ergo
2850 4492 2971 4546 ﬁeri
3007 4498 3192 4562 posset
3227 4497 3288 4548 ut
3316 4494 3394 4548 sic

102 4570 244 4619 noster
285 4571 510 4641 Spiritus
560 4572 703 4640 labe,
757 4589 917 4642 purae
970 4573 1108 4628 lucis
1161 4591 1371 4629 vacuus
1421 4579 1672 4631 mentem

102 4653 193 4709 alit?
216 4659 266 4712 Hi
295 4666 421 4716 sunt
453 4663 635 4717 nostri
667 4663 885 4717 funeris
913 4663 1240 4733 portitores.

149 4748 212 4799 9t.
237 4749 333 4804 Sed
374 4754 636 4824 quamvis
674 4770 942 4824 suprema
975 4754 1174 4808 mortis
1207 4770 1366 4824 spem
1395 4754 1526 4809 vitm
1552 4771 1670 4809 om-

146 4867 213 4926 ΪΤΟ]
237 4871 380 4924 Rom.
409 4875 540 4925 edit.
572 4875 712 4936 sola,
737 4877 1096 4926 oeconomiam.
1137 4875 1390 4926 Dominus
1418 4889 1534 4940 quas
1561 4889 1670 4926 non

19 4940 22 4998 ξ
102 4940 278 5000 ‘Pmdet,
307 4953 576 5007 operatur,
609 4951 720 4997 etc.

131 5008 216 5072 Ἥ)
259 5015 454 5068 Omnes
502 5019 632 5068 edit.
680 5033 745 5068 ac
795 5033 928 5069 mss.
977 5033 1089 5070 non
1131 5019 1316 5082 pauci,
1360 5017 1669 5081 prohibetur

14 5087 18 5130 ξ
103 5089 181 5126 eum
212 5087 282 5133 cui
309 5091 619 5139 resurrectio
653 5089 955 5140 debebatur.
994 5091 1108 5139 Alii
1151 5095 1334 5139 tamen
1377 5091 1564 5150 plures
1601 5101 1667 5138 ac

104 5152 286 5224 potiores
313 5158 599 5210 nobiscum
631 5162 858 5211 faciunt.
893 5161 1014 5211 Illic
1039 5175 1169 5224 ergo
1195 5161 1537 5224 signiﬁcatur
1563 5159 1666 5222 ipsi

106 5214 310 5276 Ecclesia:
359 5229 599 5280 ﬁliorum
653 5244 878 5280 suorum
932 5214 1132 5281 deberi
1175 5214 1662 5291 resurrectionem;

107 5292 211 5366 qugd
231 5301 545 5366 concinnius
573 5303 868 5366 respondet
893 5303 1370 5354 antecedentibus.

146 5362 216 5437 t7?)
237 5365 378 5418 Rom.
410 5370 562 5432 edit.,
593 5362 715 5434 jain
756 5379 967 5424 mortua
1000 5378 1307 5437 resurgunt,
1347 5374 1481 5423 satis
1510 5385 1665 5423 com-

111 5431 237 5501 mode.
274 5437 407 5489 Cum
454 5431 634 5492 tamen
679 5443 803 5494 alite
851 5449 907 5494 et
951 5431 1322 5494 cuncti'mss.
1370 5443 1666 5506 preferant

107 5508 182 5552 iam
213 5509 469 5569 moritura,
510 5518 559 5562 et
596 5516 761 5578 priori
808 5515 1058 5565 membro
1105 5528 1335 5578 corpora
1373 5513 1664 5563 defuncto-

114 5577 195 5646 l’um
228 5581 486 5631 nominata
522 5585 649 5646 sint,
685 5585 903 5636 videtur
945 5587 1138 5635 tertius
1184 5577 1291 5636 loci
1335 5597 1533 5634 sensus
1573 5584 1664 5634 hic

113 5645 209 5719 ῗῗθῗς
248 5651 301 5719 Ψ
341 5664 563 5715 corpora
614 5657 736 5705 sive
787 5662 1022 5718 mortua,
1067 5657 1183 5706 sive
1227 5658 1344 5719 jam
1399 5654 1662 5704 moritura

115 5706 234 5790 :9be
254 5715 344 5766 Dei
368 5706 616 5774 dicantur
639 5739 950 5790 resurgere;
977 5706 1086 5776 n'isi
1106 5706 1369 5776 malueris
1393 5724 1662 5776 cadavera

25 5823 30 5856 _,
113 5784 191 5829 tam
225 5791 464 5842 moritura
501 5798 680 5847 vocari
720 5784 1059 5860 peccatores,
1103 5809 1169 5848 eo
1216 5796 1369 5861 quod
1409 5795 1660 5847 nondum

1769 4579 2049 4650 propheta
2078 4581 2268 4632 tantus
2293 4584 2543 4646 erraret;
2579 4584 2644 4633 ut
2672 4579 2742 4633 de
2773 4596 2886 4650 quo
2917 4579 3168 4636 dixerat:
3196 4602 3225 4630 «
3255 4583 3394 4638 Ecce

1770 4667 1866 4738 qui
1894 4667 2040 4722 tollit
2063 4671 2290 4739 peccata
2317 4666 2521 4720 mundi
2543 4667 2725 4737 (1bid.,
2746 4669 2860 4739 29),
2877 4687 2905 4719 »
2932 4668 3116 4724 adhuc
3137 4687 3270 4725 eum
3292 4672 3392 4726 Dei

1769 4756 1974 4811 Filium
2004 4770 2124 4809 esse
2160 4771 2277 4809 non
2308 4754 2614 4810 crederet?
2642 4758 2749 4809 Aut
2778 4757 2930 4811 enim
2964 4757 3277 4814 insolentiae
3309 4763 3392 4814 est

1768 4889 2092 5011 magalith
2132 4946 2342 5008 confer,
2381 4947 2427 4996 si
2465 4945 2644 5006 lubet,
2678 4960 2808 4998 cum
2835 4948 2906 4998 iis
2947 4962 3074 5013 quas
3116 4949 3393 5001 habentur

1767 5018 1862 5068 lib.
1893 5031 1932 5068 ιι
1961 5019 2034 5068 De
2051 5018 2253 5082 permit,
2281 5030 2404 5081 cap.
2428 5018 2476 5077 2,
2503 5017 2601 5067 ubi
2624 5018 2797 5068 multa
2823 5033 2949 5082 qum
2976 5020 3142 5069 variis
3165 5021 3236 5070 ab
3263 5034 3390 5071 auc-

1767 5089 1982 5140 toribus
2030 5090 2100 5139 de
2145 5089 2388 5152 peccatis
2442 5089 2756 5149 canonicis,
2809 5089 3146 5154 publicaque
3196 5103 3388 5141 eorum

1765 5161 2090 5226 pmnitentia
2133 5160 2314 5210 solent
2359 5159 2647 5224 explicari,
2695 5160 2814 5209 istis
2864 5161 3029 5224 plane
3073 5160 3276 5211 similia
3321 5175 3386 5211 ac

1763 5245 1905 5297 pene
1929 5231 2121 5282 eadem
2147 5232 2404 5312 reperies.
2543 5302 2553 5312 .
2798 5301 2812 5312 Δ
3013 5303 3023 5312 _
3267 5300 3301 5312 η

1829 5305 1924 5366 (74)
1977 5303 2056 5352 Ita
2101 5303 2230 5353 edit.
2281 5315 2347 5352 ac
2391 5302 2557 5365 pauci
2606 5313 2739 5350 mss.
2785 5300 2894 5350 Alii
2934 5303 3121 5350 autem
3162 5300 3386 5364 partim,

1773 5374 1980 5423 Viscera
2021 5373 2114 5422 Dei
2148 5385 2348 5433 sumus,
2384 5373 2588 5423 viscera
2620 5369 2888 5433 Ecclesiae;
2918 5371 3139 5435 partim,
3173 5371 3386 5421 Viscera

1761 5457 1942 5495 sumus
1964 5445 2075 5507 ejus
2102 5443 2360 5524 Ecclesia.
2665 5514 2676 5524 ο
2756 5513 2788 5524 η
3089 5523 3092 5524 ν
3150 5511 3185 5524 _,
3259 5511 3269 5522 .

1827 5515 1924 5578 (75)
1966 5515 2123 5565 Rom.
2173 5515 2304 5565 edit.
2339 5528 2470 5564 cum
2516 5514 2710 5576 paucis
2753 5513 2935 5576 iisque
2980 5511 3383 5562 recentioribus

1762 5597 1914 5646 mss,
1935 5585 2032 5634 Hic
2055 5589 2127 5634 est
2148 5585 2315 5635 Filius
2346 5585 2456 5634 Dei.
2481 5583 2587 5661 cui
2599 5583 2830 5661 lectioni
2859 5583 3005 5661 favet
3022 5581 3199 5661 etiam
3224 5594 3382 5661 sacer

1763 5658 1962 5705 textus.
1998 5653 2250 5718 Reliquas
2285 5659 2468 5705 tamen
2501 5651 2633 5704 edit.
2674 5665 2804 5704 cum
2848 5652 3067 5704 casteria
3103 5665 3257 5714 mss,
3297 5651 3381 5704 hic

1763 5731 1834 5776 est
1857 5724 2046 5775 electus
2073 5726 2186 5774 Dei.
