3972 6174
578 291 711 346 1747

2023 267 2077 321 8.
2118 257 2428 320 AMBROSII

3745 245 3856 298 1748

573 409 766 466 divina
793 407 847 462 ei
884 405 1134 461 tribuere
1172 415 1346 473 quem
1377 394 1622 462 nescias;
1662 395 1763 448 aut
1803 390 1874 446 de
1916 388 2016 444 Dei
2051 384 2189 440 Filio
2213 378 2537 469 Aostendit
2567 378 2762 448 (Josue,
2790 389 2843 439 v,
2881 371 2988 441 14),
3019 368 3213 422 dicunt
3241 365 3468 435 utique:
3497 366 3571 417 Tu
3593 379 3640 418 es
3660 367 3742 432 qui
3765 381 3862 419 ven-

572 500 856 558 dubitasse
901 458 1137 567 perﬁdia
1179 458 1283 548 est.
1329 492 1452 546 Non
1500 458 1652 544 cadit
1692 485 1869 556 igitur
1915 481 1976 536 in
2021 458 2272 534 talem"
2295 481 2448 528 turus
2477 486 2550 534 es,
2587 486 2662 524 an
2698 469 2872 522 alium
2907 460 3313 532 emspectamus?
3340 458 3476 511 Cum
3515 459 3689 509 autem
3721 472 3858 511 vene-

571 593 915 665 prophetam
941 587 1082 645 tanti
1106 585 1316 641 erroris
1343 582 1604 652 suspicio.

648 686 735 741 94.
765 686 958 754 Itaque
991 681 1040 735 si
1065 678 1382 734 intellectus
1408 672 1681 745 simplicis
1708 670 1894 726 forma
1929 679 2198 737 compug-

578 781 697 845 nat,
739 773 1053 847 spiritalem
1097 784 1418 843 quaeramus
1457 767 1721 836 ﬁguram.
1752 764 1822 816 Et
1857 759 1992 832 quia
2026 773 2197 828 supra

572 872 696 945 jam
732 868 980 924 diximus
1008 865 1088 936 (in
1125 867 1278 926 Luc.,
1310 878 1360 916 c.
1395 860 1471 929 III)
1512 858 1570 912 in
1610 859 1820 913 Joanne
1849 859 2050 924 typum
2078 865 2200 906 esse

581 963 745 1034 legis,
787 976 916 1033 qua:
954 955 1280 1030 praenuntia
1319 952 1427 1008 fuit
1465 949 1706 1016 Christi;
1742 951 1895 1002 recte
1938 946 2027 999 lex
2072 959 2202 1015 quas

580 1053 902 1128 pectoribus
933 1049 1301 1123 perﬁdorum,
1332 1050 1605 1115 tanquam
1636 1043 1850 1096 aeterna
1883 1035 2203 1092 carceribus

580 1149 705 1205 luce
730 1144 997 1212 vacuatis,
1026 1139 1392 1212 corporaliter
1430 1134 1736 1191 tenebatur
1762 1131 1996 1198 inclusa,
2030 1144 2205 1200 quam

584 1242 796 1296 viscera
822 1235 1065 1294 fecunda
1091 1247 1406 1304 poenarum,
1435 1231 1493 1283 et
1515 1229 1660 1282 fores
1685 1224 1953 1280 amentiae
1981 1236 2203 1277 coerce-

585 1336 733 1401 rent,
756 1331 988 1402 plenum
1016 1325 1231 1382 exitum
1255 1320 1569 1379 testimonii
1596 1317 1902 1373 Dominicse
1929 1315 2208 1386 dispensa-

587 1424 758 1482 tionis
793 1423 914 1478 sine
951 1417 1240 1490 Evangelii
1279 1415 1476 1487 nequit
1514 1411 1918 1483 astipulatione
1957 1407 2208 1481 perferre

587 1519 716 1590 (76).
748 1512 1113 1586 Prophetavit
1146 1510 1375 1582 quidem
1409 1507 1502 1562 lex
1535 1505 1595 1560 in
1625 1503 1822 1559 Exodo
1849 1500 2209 1574 baptismatis

589 1609 836 1682 gratiam
874 1623 974 1676 per
1013 1603 1227 1660 nubem
1265 1605 1322 1656 et
1358 1614 1514 1655 mare
1549 1597 1771 1669 (Εωοάη
1813 1611 1926 1663 xm,
1969 1597 2058 1660 2i;
2099 1609 2208 1660 xiv,

2294 565 2411 622 rint
2445 564 2520 620 ad
2560 559 2948 632 Evangelium,
2981 558 3037 610 et
3072 550 3441 623 cognoverint
3467 548 3752 604 illuminari
3777 566 3864 604 CIB-

2297 677 2411 727 cos,
2459 657 2748 716 ambulare
2799 649 3049 716 claudos,
3095 646 3316 700 audisse
3358 643 3565 710 surdos,
3608 643 3866 697 inundatos

2297 773 2417 814 esse
2461 756 2730 826 leprosos,
2775 748 3029 800 mortuos
3074 737 3468 801 resurrexisse,
3501 739 3629 789 tunc
3663 735 3866 790 dicunt:

2304 851 2552 908 Vidimus
2595 859 2734 905 eum,
2786 845 2836 894 et
2875 838 3040 892 oculis
3088 835 3288 888 nostris
3327 831 3698 901 perspeximus,
3741 832 3789 882 et
3823 829 3868 882 in

2300 941 2537 1012 vestigia
2565 939 2853 993 clavorum
2892 931 3013 1000 ejus
3051 926 3259 997 digitos
3296 925 3514 978 nostros
3556 921 3871 976 inseruimus.

2303 1036 2570 1091 Videmur
2603 1029 2758 1085 enim
2797 1023 2960 1080 nobis
2999 1020 3202 1074 vidisse
3239 1032 3413 1089 quem
3462 1014 3710 1084 legimus,
3743 1029 3872 1084 spec-

2302 1133 2448 1184 tasse
2475 1124 2843 1198 pendentem,
2882 1122 2938 1172 et
2975 1114 3213 1169 vulnera
3251 1111 3393 1182 ejus,
3427 1108 3622 1179 spiritu
3659 1106 3875 1160 Ecclesia

2305 1222 2610 1286 scrutante,
2653 1219 2929 1280 tentasse;
2977 1208 3023 1263 si
3071 1206 3224 1261 enim
3268 1203 3446 1274 digito
3487 1201 3578 1254 Dei
3621 1199 3878 1269 ejiciuntur

2306 1311 2605 1379 daemonia,
2649 1307 2792 1362 ﬁdes
2841 1319 3068 1375 quoque
3112 1299 3290 1370 digito
3331 1295 3588 1351 Ecclesiae
3624 1292 3878 1363 reperitur.

2307 1411 2420 1463 Aut
2451 1406 2687 1460 fortasse
2731 1400 2790 1454 in
2829 1402 2991 1469 parte
3037 1393 3291 1465 quadam
3335 1387 3638 1460 operatrice
3674 1385 3881 1455 corporis

2306 1498 2487 1556 nostri
2534 1511 2735 1551 omnes
2778 1491 3037 1546 videmur
3082 1485 3454 1556 investigasse
3500 1479 3781 1536 Dominicis
3821 1494 3883 1533 se-

2308 1592 2454 1648 riem
2497 1585 2804 1662 passionis;
2848 1583 2988 1638 ﬁdes
3035 1580 3190 1636 enim
3235 1594 3339 1649 per
3383 1589 3587 1648 paucos
3629 1572 3696 1626 ad
3734 1572 3883 1642 plures

585 1665 698 1772 22);
729 1665 987 1774 13:78
1014 1695 1325 1768 spiritalem
1351 1693 1410 1747 in
1433 1665 1583 1762 agno
1604 1687 2002 1761 praenuntiavit
2027 1701 2211 1741 escam
2231 1751 2284 1774 ἢ
2311 1683 2589 1758 pervenit.
2621 1682 2728 1735 Lex
2769 1693 2906 1748 ergo
2936 1675 3222 1732 Christum
3253 1674 3554 1725 venturum
3582 1665 3847 1720 annuntiat
3871 1683 3880 1717 :

590 1751 1061 1867 (EdodithfB);
1081 1791 1298 1844 fontem
1332 1751 1646 1856 perennem
1683 1779 1998 1852 designavit
2025 1780 2085 1834 in
2119 1751 2288 1849 pe-B
2312 1751 2603 1848 Evangelii
2633 1773 2909 1843 scriptura
2934 1767 3151 1824 venisse
3177 1763 3492 1819 conﬁrmat.

592 1891 682 1944 tra
706 1886 923 1958 (Exod,
954 1899 1084 1949 xvn,
1113 1881 1188 1951 6);
1219 1877 1614 1935 remissionem
1641 1878 2005 1946 peccatorum
2035 1871 2095 1926 in
2119 1871 2215 1926 Le-

595 1979 761 2035 vitico
801 1975 1074 2032 revelavit
1101 1974 1315 2044 (Leuit,
1357 1985 1480 2036 xxv,
1522 1969 1628 2037 10);
1659 1981 1906 2037 regnum
1943 1964 2216 2019 ccelorum

596 2069 956 2129 annuntiavit
996 2067 1055 2122 in
1098 2062 1367 2137 psalmis;
1411 2066 1628 2116 terram
1665 2055 2121 2131 repromissionis
2156 2055 2214 2110 in

596 2166 727 2220 Jesu
750 2163 903 2218 Nave
927 2155 1384 2215 manifestissime
1413 2149 1735 2207 declaravit.

667 2261 754 2312 95.
797 2256 925 2309 Haec
965 2251 1160 2307 omnia
1191 2264 1321 2304 cum
1357 2244 1590 2301 Joannis
1632 2258 1862 2314 quoque
1896 2243 2220 2313 congruunt

599 2348 954 2416 testimonio;
991 2344 1092 2398 sed
1118 2348 1314 2398 tamen
1351 2336 1654 2410 tyrannicis
1689 2334 1890 2391 mundi
1916 2333 2080 2388 istius
2111 2350 2215 2404 po-

599 2441 897 2498 testatibus
921 2437 1226 2510 quominus
1246 2433 1432 2488 lucem
1456 2429 1767 2486 Dominicee
1790 2425 2219 2483 resurrectionis

600 2534 935 2599 effunderet,
963 2529 1182 2586 inclusa
1220 2524 1536 2580 cohibetur.
1565 2521 1731 2578 Mittit
1752 2535 1888 2592 ergo
1914 2518 2220 2590 discipulos

599 2643 730 2684 suos
757 2626 830 2680 ad
860 2623 1150 2680 Christum
1175 2621 1441 2683 Joannes,
1465 2619 1528 2669 ut
1552 2613 2015 2687 supplementum
2039 2611 2218 2666 scien-

600 2720 696 2774 tias
723 2718 1164 2788 consequantur,
1187 2709 1320 2783 quia
1344 2707 1640 2781 plenitudo
1664 2704 1808 2778 legis
1825 2704 2078 2760 Christus
2105 2707 2218 2772 est;

598 2815 664 2867 nt
691 2810 968 2882 quoniam
996 2808 1199 2862 nutant
1233 2803 1567 2876 plerumque
1607 2799 1759 2855 dicta
1793 2797 1916 2853 sine
1950 2795 2133 2864 factis,
2166 2801 2223 2852 et

597 2905 740 2962 ﬁdes
775 2902 998 2975 plenior
1037 2902 1328 2969 gestorum
1357 2892 1864 2959 testiﬁcationibus,
1894 2907 2064 2962 quam
2093 2905 2220 2945 ver-

600 2999 806 3054 borum
841 2991 1237 3067 sponsionibus
1267 2987 1583 3056 exhibetur,
1616 3001 1745 3057 quaa
1774 2989 1909 3039 tunc
1945 2984 2003 3038 in
2033 2987 2222 3054 pecto-

2384 1873 2473 1926 98.
2505 1866 2775 1924 Nonnulli
2803 1863 2977 1918 etiam
3005 1861 3074 1916 de
3099 1860 3220 1930 ipso
3247 1860 3461 1912 Joanne
3487 1853 3562 1909 sic
3586 1849 3884 1921 intelligunt,

2314 1979 2591 2035 magnum
2622 1959 2855 2032 quidem
2885 1956 2966 2010 ita
2986 1952 3350 2026 prophetam,
3372 1955 3437 2004 ut
3455 1946 3726 2005 Christum
3753 1958 3888 2013 agno-

2315 2061 2514 2123 sceret,
2552 2050 2921 2109 annuntiaret
2959 2045 3357 2102 remissionem
3396 2043 3743 2113 peccatorum
3767 2036 3885 2090 futu-

2316 2166 2470 2217 ram;
2499 2147 2597 2202 sed
2618 2150 2812 2201 tamen
2833 2158 2946 2198 non
2968 2144 3244 2210 tanquam
3266 2134 3526 2202 dubium,
3547 2131 3638 2187 sed
3663 2133 3886 2199 tanquam

2318 2243 2477 2316 pium
2510 2243 2720 2305 vatem,
2748 2251 2921 2309 quem
2961 2235 3264 2288 venturum
3297 2227 3631 2291 crediderat,
3665 2238 3767 2278 non
3797 2236 3888 2274 cre-

2319 2312 2524 2392 didisse
2566 2331 2930 2386 moriturum.
2980 2327 3104 2381 Non
3147 2320 3407 2395 1379
3453 2318 3628 2390 igitur
3671 2315 3785 2380 ﬁde,
3821 2312 3889 2365 sed

2319 2429 2530 2501 pietate
2553 2423 2849 2481 dubitavit.
2880 2416 3160 2475 Dubitavit
3187 2420 3244 2471 et
3273 2416 3475 2468 Petrus
3505 2412 3720 2466 dicens:
3746 2427 3770 2454 α
3790 2408 3889 2461 Pro-

2321 2521 2490 2593 pitius
2518 2523 2654 2585 esto,
2688 2514 2927 2571 Domine
2965 2512 3099 2584 (78),
3131 2525 3247 2564 non
3287 2508 3387 2562 ﬁet
3420 2506 3527 2560 hoc
3559 2505 3782 2573 (Matth.,
3811 2516 3890 2560 ιη.

2321 2613 2433 2684 22).
2474 2632 2500 2664 ι)
2545 2611 2642 2666 Ille
2685 2609 2816 2664 ﬁdei
2861 2605 3127 2678 princeps
3156 2601 3266 2670 (cui
3307 2618 3367 2654 se
3404 2599 3652 2673 Christus
3685 2594 3893 2650 nondum

2320 2707 2419 2762 Dei
2460 2704 2662 2760 Filium
2703 2701 2940 2766 dixerat,
2983 2703 3038 2753 et
3069 2701 3263 2750 tamen
3293 2695 3389 2748 ille
3422 2691 3726 2747 crediderat
3754 2687 3893 2752 (Ibid,

2325 2802 2407 2868 16)
2447 2798 2518 2853 de
2548 2798 2733 2851 morte
2767 2791 2994 2860 Christi,
3035 2805 3138 2844 nec
3168 2787 3391 2844 Christo
3434 2784 3686 2840 credidit.
3714 2778 3896 2836 Pietatis

2323 2891 2578 2956 affectus,
2607 2904 2720 2942 non
2754 2882 3136 2940 indevotionis
3174 2887 3254 2935 est
3290 2880 3507 2951 lapsus.
3540 2878 3772 2947 Denique
3797 2870 3896 2926 alibi

2321 2983 2494 3040 lavari
2515 2981 2618 3036 sibi
2635 2980 2804 3052 pedes
2818 2983 3041 3033 recusat
3055 2976 3255 3045 (Joun.,
3275 2991 3395 3041 xui,
3413 2974 3485 3042 8),
3505 2971 3600 3027 ubi
3617 2967 3897 3040 mysterium

599 3091 758 3148 ribus
793 3087 1124 3177 Judaaorum
1149 3083 1302 3177 velut
1339 3081 1598 3177 obserata
1636 3080 1764 3177 lege
1805 3076 2061 3143 nutabat,
2096 3076 2220 3146 ipso
2243 3104 2297 3177 Ο
2322 3093 2440 3132 non
2483 3073 2758 3146 agnoscit,
2809 3072 2948 3126 dum
2999 3068 3287 3124 dominico
3339 3071 3608 3139 gravatur
3654 3060 3895 3131 obsequio.

603 3179 922 3254 spectaculo
949 3174 1258 3233 Dominicae
1284 3172 1482 3241 crucis,
1515 3176 1572 3225 et
1599 3171 1769 3242 pleno
1797 3168 2222 3225 resurrectionis
2245 3155 2297 3177 υ
2322 3172 2468 3242 Ergo
2497 3167 2835 3223 moriturum
2875 3163 3162 3219 Christum
3190 3177 3295 3215 nec
3334 3160 3510 3214 sancti
3541 3155 3894 3213 crediderunt:

548 3326 560 3336 .
605 3271 929 3332 testimonio
958 3268 1323 3340 panderetur.

676 3369 764 3421 96.
792 3365 862 3419 Et
884 3363 1123 3420 fortasse
1153 3358 1246 3414 isti
1272 3355 1529 3427 discipuli
1553 3359 1682 3410 sunt
1709 3354 1820 3410 duo
1849 3353 2059 3426 populi,
2089 3369 2224 3425 quo-

605 3474 736 3519 rum
782 3471 930 3512 unus
975 3471 1042 3508 ex
1089 3451 1298 3508 Iudaeis
1340 3448 1598 3517 credidit,
1651 3448 1794 3504 alter
1832 3462 1898 3502 ex
1937 3446 2220 3519 gentibus,

605 3552 702 3624 qui
730 3550 860 3605 ideo
895 3544 1134 3602 credidit
1163 3544 1293 3614 (77),
1321 3542 1455 3614 quia
1481 3539 1714 3596 audivit.
1746 3539 2058 3594 Voluerunt
2081 3556 2221 3611 ergo

602 3643 695 3700 isti
725 3642 916 3697 videre
945 3641 1178 3712 propter
1202 3635 1345 3691 illud
1374 3650 1387 3689 :
1421 3654 1448 3683 «
1477 3632 1661 3689 Vestri
1686 3637 1878 3688 autem
1903 3632 2052 3687 beati
2080 3631 2222 3688 oculi

604 3737 705 3810 qui
741 3734 955 3799 vident,
993 3736 1051 3786 et
1082 3744 1248 3785 aures
1284 3729 1487 3782 vestrm
1519 3743 1649 3799 qua:
1689 3725 1931 3781 audiunt
1974 3726 2220 3795 (Matth.,

604 3845 724 3899 xm,
769 3825 876 3894 10).
906 3845 936 3876 ››
962 3823 1072 3879 Sed
1097 3823 1268 3878 etiam
1296 3837 1397 3875 nos
1421 3819 1669 3875 vidimus
1695 3819 1756 3873 in
1779 3820 2018 3885 Joanne;
2052 3817 2224 3874 oculis

601 3921 811 3980 nostris
851 3915 1244 3992 perspeximus
1271 3913 1330 3968 in
1367 3911 1660 3984 apostolis;
1692 3917 1748 3966 et
1785 3911 2049 3967 manibus
2090 3927 2223 3967 nos-

603 4016 706 4072 tris
742 4009 1076 4085 perscrutati
1115 4023 1310 4063 sumus
1350 4006 1410 4060 in
1453 4004 1686 4061 Thomas
1723 4003 1915 4076 digitis
1947 4021 1960 4059 :
1994 4025 2023 4054 «
2064 4004 2224 4069 Quod

607 4108 765 4164 enim
793 4108 917 4160 erat
942 4102 1013 4158 ab
1049 4101 1233 4168 initio,
1265 4099 1418 4172 quod
1446 4097 1787 4165 audivimus,
1815 4102 1873 4152 et
1905 4097 2058 4169 quod
2083 4097 2221 4152 vidi-

607 4215 753 4265 mus,
791 4195 966 4252 oculis
1003 4193 1209 4250 nostris
1246 4190 1659 4264 perspeximus,
1693 4195 1751 4244 et
1786 4206 1989 4245 manus
2020 4193 2226 4245 nostra;

606 4292 865 4348 scrutatee
919 4291 1049 4342 sunt
1104 4286 1176 4340 de
1236 4283 1417 4339 Verbo
1469 4283 1602 4338 vita:
1624 4324 1638 4352 ,
1691 4287 1748 4338 et
1795 4283 1907 4337 vita
1964 4283 2226 4355 apparuit

605 4385 650 4457 (Ι
678 4386 860 4445 ,Ιοαηη
896 4397 934 4448 1,
970 4383 1019 4446 1,
1059 4378 1132 4451 2).
1168 4397 1196 4431 »
1231 4376 1465 4442 Quando
1495 4375 1796 4447 apparuit?
1827 4375 2060 4440 Quando
2088 4376 2225 4431 vidi-

2323 3285 2351 3314 «
2391 3261 2549 3326 Quod
2587 3260 2740 3316 enim
2783 3258 2977 3313 oculus
3021 3272 3134 3310 non
3167 3255 3327 3321 vidit,
3374 3270 3481 3308 nec
3523 3253 3673 3307 auris
3711 3246 3895 3304 audivit,

2321 3372 2427 3412 nec
2455 3356 2514 3410 in
2547 3369 2642 3408 cor
2672 3351 2926 3406 hominis
2955 3349 3230 3418 ascendit,
3263 3348 3390 3402 haec
3426 3343 3758 3418 praeparavit
3787 3342 3896 3395 Deus

2323 3445 2691 3520 diligentibus
2718 3461 2849 3500 eum
2887 3444 2930 3514 (Ι
2968 3444 3110 3506 Cor.,
3148 3459 3206 3510 ιι,
3245 3440 3325 3513 9).
3369 3463 3398 3492 ››
3443 3437 3726 3511 Religiosis
3755 3435 3897 3503 itaque

2325 3544 2431 3614 (79)
2457 3543 2645 3612 lapsus
2669 3538 2878 3593 amoris
2904 3537 3082 3592 fidem
3111 3552 3225 3590 non
3250 3535 3512 3607 impedit.

2395 3638 2483 3690 99.
2512 3632 2765 3704 Denique
2788 3631 3077 3697 Dominus,
3102 3629 3286 3684 sciens
3315 3629 3608 3683 neminem
3630 3626 3739 3679 sine
3767 3623 3897 3675 Evan-

2277 3797 2282 3800 Ι
2325 3728 2473 3801 gelio
2499 3728 2666 3799 plene
2697 3725 2931 3781 credere
2965 3740 3152 3796 posse,
3187 3723 3322 3795 quia
3361 3723 3507 3778 sicut
3536 3720 3668 3776 ﬁdes
3699 3735 3728 3771 a
3755 3710 3898 3768 Veteri

2323 3821 2520 3892 incipit
2550 3822 2936 3885 Testamento,
2971 3818 3060 3871 ita‘
3084 3817 3356 3887 impletur
3398 3816 3456 3871 in
3492 3816 3661 3878 Novo,
3706 3812 3895 3864 interro-

2326 3918 2489 3988 gatus
2527 3915 2596 3969 de
2638 3929 2717 3982 se,
2762 3928 2879 3967 non
2921 3911 3090 3966 verbo
3126 3911 3336 3982 aliquo,
3385 3909 3481 3964 sed
3525 3907 3681 3963 factis
3720 3919 3770 3958 se
3810 3915 3897 3955 esse

2324 4008 2588 4080 signavit.

2397 4103 2570 4171 (Vers.
2611 4099 2720 4170 22.)
2767 4103 2860 4162 Ite,
2910 4098 3118 4170 inquit,
3169 4100 3422 4152 nuntiate
3463 4098 3661 4151 Joanni
3697 4105 3800 4163 qua
3831 4101 3898 4138 au-

2325 4194 2481 4250 distis
2507 4199 2557 4249 et
2588 4193 2821 4247 vidistis.
2852 4191 2986 4247 Caci
3015 4191 3218 4253 vident,
3247 4190 3438 4244 claudi
3466 4189 3755 4246 ambulant,
3782 4177 3899 4236 surdi

2324 4287 2575 4349 audiunt,
2604 4287 2799 4356 leprosi
2833 4284 3193 4352 mundantur,
3225 4286 3430 4340 mortui
3466 4284 3756 4352 resurgunt,
3787 4287 3895 4345 pau-

2318 4396 2472 4451 peres
2500 4379 2968 4464 evangetizuntur.

606 4493 756 4533 mus.
777 4476 898 4530 Non
923 4471 1000 4530 sic
1022 4470 1333 4544 apparebat
1351 4472 1657 4540 antequam
1673 4469 1978 4525 videretur.
2002 4469 2222 4525 Gratias
2239 4461 2299 4534 D
2394 4475 2516 4528 100.
2561 4461 2798 4528 Plenum
2850 4487 2984 4526 sane
3036 4471 3430 4526 testimonium
3484 4487 3594 4543 quo
3646 4466 3893 4522 Dominum

607 4585 746 4640 ergo
778 4568 1036 4636 Domino,
1059 4565 1156 4638 qui
1183 4562 1479 4620 cruciﬁxus
1500 4567 1585 4617 est
1608 4578 1713 4632 pro
1740 4562 1850 4617 ﬁde
1874 4566 2082 4633 nostra,
2107 4579 2226 4618 cru-

605 4661 803 4717 ciﬁxus
838 4666 923 4715 est
957 4676 1059 4731 pro
1101 4655 1502 4730 cupiditatibus
1541 4654 1766 4710 nostris.
1798 4655 1951 4710 Mens
1993 4671 2123 4712 mea
2166 4655 2225 4711 in

603 4755 703 4810 illo
731 4751 994 4808 cruciﬁxa
1022 4754 1126 4806 est.

674 4850 759 4902 97.
805 4847 1000 4916 Itaque
1045 4846 1101 4898 et
1138 4858 1292 4897 nunc
1333 4840 1434 4914 qui
1471 4842 1639 4896 Vetus
1675 4842 2095 4896 Testamentum
2133 4857 2223 4897 re-

602 4943 870 5007 censent,
924 4941 1235 5008 antequam
1309 4940 1652 5005 cognoscant
1713 4934 2113 5004 Evangelium,
2169 4937 2227 4989 et

600 5033 761 5106 quasi
807 5031 1071 5104 quaedam
1117 5027 1396 5084 Dominici
1438 5026 1690 5098 corporis
1731 5027 1930 5098 legunt
1968 5026 2223 5099 vestigia,

597 5131 904 5183 venturum
928 5125 1146 5195 putant,
1170 5125 1228 5177 et
1249 5120 1547 5193 requirunt
1569 5125 1760 5175 utrum
1787 5120 1908 5192 ipse
1935 5120 2007 5175 sit
2031 5120 2222 5175 Chris-

596 5226 688 5276 tus
739 5217 837 5274 Dei
888 5216 1059 5272 Filius
1104 5215 1201 5286 qui
1248 5218 1518 5270 venturus
1571 5217 1675 5268 est.
1727 5214 1796 5268 Et
1843 5229 1975 5268 cum
2022 5215 2227 5284 legunt

598 5311 827 5384 quando
847 5327 978 5365 cum
1000 5308 1286 5363 Abraham
1306 5308 1529 5362 locutus
1555 5310 1639 5362 est
1657 5306 1834 5378 (Gem,
1864 5323 2018 5374 xviii,
2039 5310 2221 5377 20-32;

597 5421 730 5475 xxii,
762 5407 812 5472 1,
835 5406 889 5471 2,
915 5402 1113 5473 11-18),
1141 5400 1230 5456 vel
1256 5399 1485 5472 quando
1511 5415 1569 5455 se
1596 5399 1712 5455 dux
1736 5399 1960 5456 militiae
1985 5400 2224 5455 caelestis

657 5567 756 5629 (76)
795 5565 965 5628 Edit.,
1021 5564 1401 5631 astipulatione
1443 5563 1709 5629 proferre,
1760 5576 1892 5614 mss.
1945 5565 2223 5628 nonnulli,

594 5637 887 5699 praeferre;
910 5636 1133 5699 reliqui,
1160 5636 1416 5700 perferre.

660 5706 755 5765 (77)
781 5704 909 5753 Mss.
939 5705 1170 5767 aliquot,
1206 5707 1301 5769 qui
1327 5708 1435 5756 Deo
1465 5705 1709 5762 credidit,
1736 5708 1844 5758 etc.

661 5773 758 5833 (78)
781 5770 948 5834 Edit,
987 5775 1254 5837 Propitius
1282 5781 1386 5827 asto
1418 5775 1534 5840 tibi,
1571 5777 1806 5840 Domina,
1846 5776 1945 5830 sed
1981 5789 2090 5831 vox
2125 5775 2227 5830 tibi

2323 4565 2607 4637 propheta
2648 4570 3045 4636 cognosceret;
3088 4564 3156 4619 de
3201 4564 3324 4634 ipso
3369 4564 3546 4631 enim,
3587 4577 3692 4616 non
3728 4559 3787 4611 de
3819 4553 3898 4607 alio

2323 4659 2512 4714 fuerat
2537 4658 2968 4728 prophetatum,
2993 4658 3129 4728 quia
3150 4678 3178 4706 «
3207 4658 3487 4712 Dominus
3514 4657 3610 4711 dat
3628 4667 3792 4710 escam
3810 4662 3899 4702 esu-

2324 4751 2621 4819 rientibus,
2673 4752 2941 4806 Dominus
2987 4752 3155 4822 erigit
3201 4751 3416 4820 allisos,
3477 4749 3732 4804 Dominus
3773 4739 3896 4796 solvit

2326 4844 2706 4916 compeditos,
2759 4845 3034 4899 Dominus
3082 4845 3368 4899 illuminat
3421 4861 3621 4909 caecos,
3674 4836 3896 4895 Dominus

2327 4937 2510 5009 diligit
2529 4937 2732 5008 justos,
2758 4938 3038 4992 Dominus
3064 4939 3310 4994 custodit
3334 4938 3602 5003 advenas,
3627 4933 3891 5004 orphanum

2327 5033 2383 5084 et
2421 5029 2644 5084 viduam
2684 5031 2970 5100 suscipiet,
3016 5035 3070 5086 et
3101 5031 3249 5085 viam
3295 5034 3652 5102 peccatorum
3685 5017 3893 5080 extermi-

2323 5122 2482 5177 nabit
2520 5124 2685 5193 (Psal.
2725 5139 2883 5192 CXLV,
2923 5126 2975 5191 8,
3015 5125 3087 5194 9).
3131 5146 3157 5172 ››
3198 5124 3303 5189 Qui
3347 5125 3472 5191 ista,
3507 5122 3697 5194 inquit,
3726 5115 3888 5173 faciet:

2328 5236 2358 5267 ι(
2397 5215 2680 5287 Regnabit
2711 5217 2990 5272 Dominus
3016 5218 3075 5271 in
3101 5223 3381 5273 internum
3408 5219 3587 5284 (Ibid,
3622 5218 3699 5270 10.
3724 5235 3746 5262 ››
3777 5211 3888 5274 Ergo

2325 5324 2442 5363 non
2472 5309 2741 5364 humanae
2770 5311 2894 5378 ista,
2925 5311 3023 5366 sed
3051 5311 3254 5366 divinae
3280 5311 3503 5366 virtutis
3529 5307 3754 5379 insignia
3770 5299 3886 5359 sunt,

2325 5402 2490 5457 cmcis
2511 5409 2797 5474 perpetuae
2824 5405 3005 5459 noctis
3026 5405 3288 5461 tenebras
3311 5405 3556 5476 aperire,
3579 5401 3890 5457 defessorum-

2323 5580 2434 5618 non
2457 5568 2658 5633 legitur
2683 5570 2740 5620 in
2766 5583 2900 5620 mss.

2385 5640 2479 5701 (79)
2511 5632 2658 5690 Edit.
2683 5655 2877 5693 omnes
2897 5658 2962 5695 ac
2987 5658 3119 5695 mss.
3142 5644 3415 5706 nonnulli,
3442 5638 3704 5706 Religiosus
3723 5632 3882 5690 ίιαιΙυε·

2322 5709 2434 5760 Alii
2461 5711 2638 5762 multo
2669 5713 2876 5776 plures,
2913 5715 3159 5780 Religiosi
3203 5705 3407 5780 itaque.
3435 5715 3574 5774 Duo,
3599 5705 3687 5760 sed
3727 5708 3881 5752 recen-

2322 5780 2513 5844 tiores,
2544 5781 2761 5835 addunt
2779 5784 2932 5837 viris.
