3926 6168
113 87 118 89 .
131 62 352 90 Πιζθ
365 73 372 80 ·

165 91 198 119 ³1

139 244 232 297 mg
1165 233 1636 290 nxrosmoms
1678 235 1740 289 IN
1783 235 2002 292 LUCAM
2047 239 2170 292 un.
2218 240 2275 290 v.
3267 251 3399 304 nso

134 379 209 436 que
233 360 478 415 oculorum
514 359 737 412 vulnera
768 359 955 412 infusa
994 360 1115 413 luce
1153 375 1374 424 sanare,
1407 357 1665 411 auditum
1690 359 1960 442 Asolidae
1997 361 2230 429 justitiae
2284 363 2471 417 nullus
2517 371 2598 420 est
2645 367 2888 435 fructus;
2933 370 3026 440 qui
3073 371 3393 427 forensibus

130 460 168 511 in
197 471 328 508 aures
364 453 630 507 insinuare
666 452 987 521 surdorum,
1018 452 1215 507 laxatis
1256 453 1442 506 soluta
1483 467 1662 505 mem-
1767 453 1962 508 criniti
1993 455 2255 523 phaleris,
2291 457 2456 510 nodis
2487 458 2669 526 obsiti,
2701 477 2877 515 vacuo
2906 461 3018 515 oris
3047 464 3283 533 strepitu
3314 482 3394 520 so-

129 552 195 604 bra
221 548 487 602 reformare
511 546 894 617 compagibus,
921 546 976 600 in
1006 547 1190 600 lucem
1222 561 1450 617 quoque
1479 545 1664 599 refuso
1770 548 1914 616 nori,
1946 548 2100 601 nulla
2128 551 2211 604 sui
2241 550 2508 620 utilitate,
2535 552 2816 624 frequenti
2850 555 3022 609 etiam
3055 556 3389 623 offensione,

126 643 268 713 vigore
291 640 486 694 vivendi
517 655 774 694 revocare
805 639 1124 694 defunctos.
1766 642 1921 696 intus
1969 642 2182 710 inania,
2233 643 2369 697 foris
2418 644 2672 715 speciosa
2718 650 3023 702 sectantur.
3074 649 3392 704 Arundines

175 737 265 790 101.
304 735 413 789 Haec
450 736 577 788 ante
615 733 982 804 Evangelium
1034 733 1118 788 vel
1163 750 1310 802 rara,
1358 733 1444 787 vel
1488 733 1660 787 nulla.
1767 752 1979 805 sumus,
2010 736 2169 792 nulla
2197 737 2487 792 validioris
2518 744 2735 794 natura:
2769 740 2956 797 radice
2981 741 3225 797 fundati.
3255 745 3320 798 Et
3344 745 3388 798 si

125 827 346 898 Receperit
370 826 557 880 Tobias
597 826 789 880 oculos
822 827 1000 895 (Tob.,
1038 843 1112 894 xi,
1153 827 1260 894 15),
1305 843 1448 880 unus
1487 832 1571 880 est
1606 826 1662 879 in
1767 829 1898 884 levis
1935 830 2263 901 aspiraverit
2305 833 2674 903 prosperioris
2715 850 2853 889 aura
2897 851 3204 902 successus,
3247 852 3389 908 vago

121 920 345 990 exemplo;
376 926 429 973 et
464 923 651 973 tamen
687 919 874 990 angeli
917 919 1025 974 fuit
1064 921 1162 973 illa
1204 918 1509 988 medicina,
1544 935 1659 973 non
1765 929 1924 978 motu
1967 923 2254 994 proximos
2290 925 2652 979 verberamus
2685 943 2697 980 :
2731 927 2929 999 inopes
2961 928 3030 982 ad
3072 928 3385 1000 suffragan-

120 1014 319 1068 hominis.
364 1013 497 1067 Elias
541 1019 829 1068 mortuum
877 1013 1228 1067 suscitaverit
1269 1031 1283 1067 :
1329 1013 1421 1067 ille
1467 1018 1659 1067 tamen
1763 1017 2139 1083 dum,faciles
2157 1017 2227 1072 ad
2249 1018 2936 1076 nocendum.Arundines
2955 1021 3154 1077 ﬂuvios
3173 1029 3386 1090 amant,

14 1109 16 1114 ’
120 1108 282 1178 rogavit
316 1111 365 1160 et
399 1106 544 1160 ﬂevit
582 1108 670 1174 (Ill
709 1110 861 1176 Beg.,
906 1122 1037 1170 xvn,
1079 1110 1166 1172 20,
1206 1106 1325 1176 2t);
1356 1105 1447 1160 hic
1469 1106 1657 1176 jussit.
1765 1115 1824 1165 et
1847 1129 1951 1165 nos
1983 1111 2227 1166 labentia
2258 1112 2468 1167 munda
2493 1113 2815 1185 caducaque
2845 1115 3143 1172 delectant.

14 1231 18 1260 ς
117 1203 284 1255 Elisieus
316 1201 584 1270 leprosum
617 1199 884 1254 mundari
924 1200 1123 1254 fecerit
1152 1201 1240 1270 (ιν
1263 1203 1414 1267 Reg.,
1449 1216 1499 1266 v,
1548 1201 1656 1267 l4);
1839 1207 1956 1258 105.
2003 1206 2216 1258 Tamen
2264 1204 2407 1259 hanc
2454 1205 2796 1262 arundinem
2845 1208 2892 1262 si
2936 1209 3062 1279 quis
3107 1209 3176 1264 de
3221 1215 3386 1265 terre

116 1309 192 1347 non
213 1300 371 1348 tamen
397 1293 502 1348 illic
523 1293 694 1348 valuit
720 1292 987 1365 praecepti
1011 1291 1328 1358 auctoritas,
1352 1292 1453 1346 sed
1480 1292 1662 1364 ﬁgura
1764 1299 1967 1352 evellat
2014 1297 2326 1368 plantariis,
2373 1302 2428 1352 et
2478 1299 2778 1369 superﬂuis
2830 1305 3021 1368 exuat,
3069 1303 3387 1374 exspolians

113 1387 318 1457 mysterii.
346 1387 455 1441 Non
486 1386 760 1442 defecerit
794 1387 863 1441 ad
901 1403 1087 1442 escam
1122 1385 1305 1441 viduae
1341 1385 1658 1453 esurientis,
1764 1408 1821 1445 se
1866 1393 2112 1445 veterem
2155 1391 2446 1445 hominem
2489 1408 2618 1446 cum
2657 1393 2876 1447 actibus
2918 1394 3061 1464 ejus,
3091 1401 3147 1452 et
3186 1395 3385 1450 scribta

112 1481 383 1553 propheticis
433 1498 489 1536 se
543 1480 924 1552 multiplicans
981 1479 1164 1534 farina
1223 1479 1520 1551 praceptis
1571 1482 1657 1547 (ΙΙΙ
1762 1483 2029 1538 velociter
2083 1483 2378 1538 scribentis
2429 1501 2605 1540 manu
2663 1488 2961 1557 temperet,
3016 1487 3213 1558 incipit
3266 1504 3383 1543 non

111 1579 214 1642 Περ..
239 1591 348 1641 xvn,
379 1575 488 1645 l6);
520 1591 695 1628 unam
723 1577 916 1628 tamen
954 1574 1182 1628 viduam
1209 1573 1394 1628 farina
1427 1573 1542 1640 illa,
1574 1575 1660 1629 vel
1762 1577 1982 1633 arundo
2015 1593 2155 1644 esse,
2188 1577 2282 1632 sed
2315 1578 2584 1646 calamus,
2621 1579 2718 1650 qui
2751 1583 3031 1650 praecepta
3071 1580 3382 1637 caelestium

109 1669 243 1740 potius
274 1669 511 1724 eamdem
554 1685 783 1740 quoque
829 1668 1168 1722 sacramenti
1210 1667 1430 1739 species
1472 1667 1657 1738 praaﬁ-
1680 1734 1728 1744 _
1762 1671 2187 1741 Scripturarum
2223 1671 2600 1742 penetralibus
2638 1671 2926 1744 imprimat
2962 1673 3186 1742 mentis,
3214 1673 3380 1728 tabu-

108 1734 252 1832 guram
276 1763 515 1817 servavit.
545 1734 657 1818 S-ed
690 1734 876 1817 tamen
914 1778 1088 1834 parva
1119 1734 1309 1815 adhuc
1336 1761 1440 1814 ista
1467 1734 1655 1816 Domi-
1680 1734 1736 1806 B
1762 1765 1828 1819 lis
1859 1734 2043 1820 cordis
2069 1734 2360 1820 inscribat.
2399 1766 2476 1819 De
2511 1782 2624 1838 quo
2661 1734 2881 1822 calamo
2921 1766 3091 1820 habes
3119 1734 3332 1821 dictum
3367 1785 3379 1821 :

107 1856 204 1909 uicae
234 1857 610 1912 testiﬁcationis
651 1855 915 1928 exempla
954 1858 1085 1909 sunt
1123 1873 1136 1908 :
1169 1855 1462 1926 plenitudo
1498 1855 1652 1923 ﬁdei,
1761 1882 1785 1908 ‹‹
1835 1859 2049 1929 Lingua
2089 1876 2219 1913 mea
2263 1859 2508 1913 calamus
2542 1859 2738 1914 scribae
2782 1859 3044 1914 velociter
3087 1859 3383 1915 scribentis

107 1967 197 2004 crux
221 1950 440 2020 Domini,
467 1951 652 2005 obitus
679 1949 972 2023 sepultura
999 1949 1108 2020 (80)
1135 1951 1238 2005 est.
1270 1950 1336 2003 Et
1361 1948 1494 2004 ideo
1523 1965 1655 2005 cum
1761 1953 1922 2022 (Ρειιι.
1973 1969 2117 2019 xuv,
2159 1952 2243 2023 2);
2299 1974 2325 2000 ι)
2369 1953 2521 2024 quod
2577 1953 2648 2007 ad
2700 1953 2987 2009 Christum
3033 1953 3128 2007 alii
3172 1953 3381 2008 referre

107 2043 167 2096 illa
188 2044 442 2115 superiora
472 2044 727 2111 dixisset,
760 2043 1031 2098 addidit:
1758 2049 1974 2101 volunt.
2027 2047 2147 2100 Uno
2201 2046 2377 2116 igitur
2429 2047 2554 2102 loco
2609 2051 2665 2101 et
2717 2045 2974 2114 verbum,
3033 2051 3089 2101 et
3138 2047 3384 2102 calamus

152 2138 282 2198 (Vers.
322 2138 426 2209 23.)
468 2141 686 2207 Beatus,
728 2136 932 2209 inquit,
974 2140 1072 2208 qui
1112 2139 1169 2190 in
1218 2153 1298 2192 me
1342 2151 1446 2190 non
1483 2139 1656 2204 fuerit
1757 2141 1984 2211 legitur,
2019 2143 2076 2193 et
2111 2140 2312 2194 scriba.
2355 2139 2618 2208 Verbum,
2651 2139 2789 2210 quia
2827 2140 2895 2195 de
2939 2139 3173 2211 genitali
3206 2141 3382 2196 Patris

102 2231 445 2287 scandalizatus.
1757 2233 2027 2306 processit
2068 2249 2273 2287 arcano
2315 2250 2327 2287 :
2372 2254 2400 2281 ‹‹
2443 2233 2728 2287 Eructavit
2769 2248 2866 2287 cor
2909 2250 3099 2288 meum
3145 2233 3383 2290 verbum

153 2328 237 2380 l02.
271 2327 398 2381 Crux
439 2327 598 2382 enim
639 2326 814 2380 etiam
860 2325 1050 2381 electis
1088 2325 1421 2379 scandalum
1465 2328 1655 2396 posset
1755 2328 1973 2382 bonum
2005 2326 2203 2396 (Ibid)
2235 2352 2260 2375 υ
2283 2327 2566 2395 Calamus,
2593 2326 2726 2397 quia
2746 2343 2873 2380 caro
2899 2326 3105 2382 Christi
3131 2333 3382 2398 paternae

103 2417 262 2486 idem,
295 2420 379 2474 sed
418 2421 639 2474 nullum
675 2420 779 2473 hoc
807 2419 994 2490 majus
1035 2417 1239 2472 divinae
1281 2433 1538 2489 personae
1571 2423 1656 2472 est
1755 2421 1955 2476 seriem
1992 2419 2294 2474 voluntatis
2332 2419 2630 2491 expressit,
2662 2425 2719 2473 et
2756 2419 2965 2490 linguas
2995 2419 3267 2475 mandata
3297 2421 3377 2475 di-

101 2513 432 2580 testimonium;
496 2514 640 2568 nihil
708 2518 794 2567 est
851 2512 1004 2584 quod
1074 2511 1259 2582 magis
1320 2528 1440 2565 esse
1504 2511 1653 2565 ultra
1756 2515 1901 2568 vinas
1931 2514 2073 2568 sacri
2116 2513 2391 2568 etfusione
2431 2512 2645 2568 cruoris
2685 2513 2965 2584 implevit.
2998 2513 3211 2581 Scriba,
3246 2514 3381 2584 quia

100 2605 283 2660 humana
326 2607 591 2674 videatur,
644 2623 819 2678 quam
871 2608 984 2660 toto
1037 2621 1214 2659 unum
1269 2621 1328 2659 se
1383 2605 1651 2659 obtulisse
1754 2609 1974 2662 calamo
2004 2623 2105 2660 suo
2141 2606 2425 2660 individua
2463 2605 2710 2676 quadam
2749 2605 3132 2671 distinctione,
3160 2605 3295 2660 Novi
3326 2612 3382 2661 et

100 2715 164 2767 pro
185 2701 386 2770 mundo;
414 2702 518 2756 hoc
551 2701 637 2755 vel
669 2701 785 2754 solo
813 2701 977 2770 plene
1006 2699 1278 2752 Dominus
1311 2698 1648 2759 declaratur.
1754 2701 1967 2756 Veteris
1986 2699 2356 2765 Testamenti,
2380 2701 2464 2754 vel
2486 2699 2796 2754 divinitatis
2816 2703 2874 2753 et
2893 2699 3100 2766 carnis,
3121 2702 3378 2770 paterna

98 2792 284 2864 Denique
309 2795 379 2849 sic
407 2795 736 2866 designatus
769 2798 854 2848 est
878 2810 910 2846 a
935 2794 1150 2847 Joanne
1183 2809 1195 2845 :
1227 2813 1254 2841 ‹‹
1288 2793 1425 2846 Ecce
1455 2793 1652 2862 Agnus
1757 2795 1915 2850 nobis
1947 2792 2334 2864 dispositionis
2365 2792 2639 2864 mysteria
2665 2791 2948 2847 revelavit.

99 2886 180 2953 Dei;
205 2903 310 2941 ecce
343 2889 433 2960 qui
475 2888 626 2943 tollit
665 2892 895 2958 peccata
933 2885 1132 2940 mundi
1164 2887 1368 2955 (Joan.,
1402 2903 1437 2952 ι,
1472 2888 1583 2955 20).
1619 2907 1646 2934 ››
1828 2891 1946 2942 106.
1982 2888 2138 2941 Hunc
2166 2887 2450 2942 calamum
2473 2886 2697 2941 imitare
2723 2890 2834 2940 tua:
2863 2886 3052 2941 carnis
3091 2893 3375 2958 tempera-

101 2980 242 3034 Verum
267 2982 360 3036 hoc
385 2982 611 3036 duobus
640 2981 746 3035 illis
774 2981 908 3034 viris
933 2979 1167 3034 Joannis
1207 2978 1521 3049 discipulis,
1551 2979 1648 3032 sed
1754 2987 1968 3037 mento.
2001 2981 2071 3034 Et
2109 2979 2393 3034 calamum
2436 2985 2620 3046 tuum,
2652 2979 2761 3034 hoc
2804 2981 2886 3034 est
2926 2995 3155 3034 carnem
3195 2982 3375 3047 tuam,

98 3073 209 3126 nobis
247 3075 489 3130 omnibus
541 3074 951 3145 respondetur;
1003 3078 1067 3128 ut
1119 3073 1196 3126 ita
1249 3072 1542 3127 credamus
1590 3071 1648 3126 in
1673 3101 1725 3173 Ο
1752 3075 1908 3146 tinge
1941 3091 2054 3129 non
2085 3077 2430 3142 atramento,
2459 3073 2556 3127 sed
2596 3072 2798 3144 spiritu
2836 3073 2936 3127 Dei
2975 3072 3110 3139 vivi;
3137 3078 3200 3128 ut
3227 3073 3377 3144 quod

98 3165 332 3235 Christum,
379 3170 422 3224 si
470 3169 628 3224 facta
681 3168 1048 3223 conveniunt.
1106 3165 1300 3220 Veniet
1349 3165 1502 3220 enim
1555 3165 1647 3236 qui
1683 3165 1724 3173 ν
1753 3168 1969 3235 scribis,
2005 3173 2282 3223 internum
2315 3167 2405 3220 sit.
2434 3165 2548 3220 Tali
2585 3165 2800 3220 calamo
2844 3166 3048 3220 Paulus
3075 3165 3226 3221 illam
3253 3165 3376 3238 epi-

100 3257 286 3334 1380
311 3263 407 3318 hoc
434 3264 542 3318 sibi
575 3279 792 3318 nomen
818 3268 1076 3332 usurpet,
1105 3277 1276 3332 quem
1309 3260 1438 3315 licet
1462 3259 1647 3313 homi-
1751 3263 1950 3317 stolam
1979 3260 2220 3332 scripsit,
2251 3259 2321 3314 de
2353 3276 2464 3331 qua
2497 3258 2632 3314 dicit
2665 3276 2678 3313 :
2715 3278 2742 3310 ι(
2769 3257 3016 3330 Epistola
3054 3263 3245 3314 nostra
3281 3275 3380 3315 vos

97 3353 152 3403 nis
191 3371 284 3410 non
332 3374 502 3429 queas
557 3355 944 3428 appellatione
999 3371 1318 3419 secernere,
1371 3353 1649 3408 factorum
1753 3356 1953 3410 estis...
1985 3354 2193 3424 scripta
2231 3369 2350 3407 non
2388 3354 2729 3419 atramento,
2765 3352 2863 3406 sed
2903 3351 3105 3423 spiritu
3142 3352 3233 3407 Dei
3272 3353 3379 3407 vivi

97 3453 228 3502 tamen
253 3451 689 3506 consideratione
727 3450 1038 3504 discernas.
1751 3450 1816 3519 (ΙΙ
1847 3452 1990 3510 Con,
2024 3465 2103 3517 ιιι,
2131 3451 2185 3514 2,
2222 3448 2298 3516 3).
2342 3467 2369 3495 ››
2401 3445 2578 3517 Tinge
2614 3461 2847 3500 carnem
2879 3451 3036 3500 tuam
3075 3445 3133 3500 in
3171 3445 3379 3502 Christi

142 3541 271 3607 Wars.
299 3547 399 3614 24.)
436 3546 582 3614 Quid
623 3545 810 3600 existis
839 3546 898 3598 in
933 3543 1201 3599 desertum
1231 3543 1450 3598 videre?
1476 3557 1648 3596 aruu-
1751 3542 2052 3613 sanguine,
2075 3541 2217 3595 sicut
2243 3539 2519 3611 scriptum
2550 3543 2670 3594 est:
2701 3560 2728 3588 α
2750 3539 2817 3593 Ut
2841 3539 3096 3608 tingatur
3121 3555 3221 3610 pes
3247 3542 3378 3593 tuus

95 3632 217 3689 dinem
239 3646 378 3693 vento
404 3641 649 3694 moveri?
1754 3637 1812 3690 in
1845 3634 2124 3706 sanguine
2152 3634 2316 3703 (Psal.
2349 3647 2512 3698 vau,
2541 3632 2654 3700 24).
2685 3652 2713 3680 ››
2749 3628 2995 3703 1381
3036 3631 3105 3684 Et
3141 3634 3203 3686 tu
3240 3646 3378 3702 ergo

145 3732 232 3784 l03.
257 3732 347 3786 Ubi
377 3732 724 3805 prmmonuit
751 3731 1056 3803 discipulos
1079 3730 1310 3785 Joannis
1337 3729 1394 3782 in
1426 3743 1652 3782 crucem
1754 3728 2058 3800 vestigium
2088 3725 2265 3780 animi
2293 3724 2397 3792 tui,
2431 3729 2487 3779 et
2517 3724 2724 3778 mentis
2748 3724 3032 3779 incessum
3063 3722 3378 3780 indubitata

94 3820 369 3881 Dominicam
397 3845 518 3882 esse
549 3826 924 3895 credendum,
953 3823 1326 3880 redeuntibus
1353 3822 1480 3891 illis,
1513 3838 1648 3876 con-
1755 3821 2112 3878 confessione
2149 3819 2328 3874 crucis
2369 3817 2674 3872 Dominicaa
2713 3816 2892 3888 tinge.
2923 3815 3118 3888 Tingis
3147 3832 3376 3871 carnem

94 3930 229 3972 rei-sus
260 3923 321 3976 ad
356 3923 569 3989 turbas,
606 3920 775 3992 coepit
806 3920 878 3974 ad
910 3919 1175 3974 virtutem
1207 3933 1484 3989 pauperes
1515 3933 1649 3988 pro-
1754 3923 1913 3972 tuam
1957 3915 2012 3970 in
2055 3912 2261 3970 Christi
2301 3912 2602 3983 sanguine,
2643 3911 2690 3965 si
2735 3910 2869 3966 vitia
2907 3910 3106 3979 diluas,
3147 3916 3379 3981 peccata

94 4022 256 4081 imre;
282 4031 347 4069 ne
373 4015 606 4070 exaltati
631 4013 821 4080 corde,
855 4018 1048 4068 mente
1078 4011 1388 4078 instabiles,
1419 4009 1651 4065 consilio
1754 4013 2038 4081 detergas,
2069 4013 2310 4063 mortem
2338 4004 2544 4063 Christi
2579 4005 2638 4058 in
2669 4011 2768 4059 tua
2793 4019 2961 4059 carne
2991 4002 3377 4069 circumferas,

93 4101 261 4174 inﬁmi,
297 4111 545 4181 speciosa
592 4107 847 4176 utilibus,
894 4105 1124 4161 aeternis
1167 4105 1376 4160 caduca
1421 4103 1650 4174 praefero
1757 4105 1898 4160 sicut
1927 4102 2226 4174 Apostolus
2265 4100 2340 4154 ait
2381 4116 2394 4154 :
2429 4121 2455 4148 «
2492 4097 2975 4153 Mortiﬁcationem
3011 4098 3139 4152 Iesu
3177 4097 3382 4154 Christi

95 4203 198 4264 rent;
236 4202 320 4256 sed
365 4203 569 4258 humili
615 4202 816 4273 spiritu
861 4216 1086 4256 crucem
1130 4199 1317 4270 potius
1361 4197 1650 4266 tollerent,
1756 4199 1812 4253 in
1839 4213 2073 4269 corpore
2106 4198 2298 4249 nostro
2334 4192 2792 4248 circumferentes
2826 4191 2894 4262 (ll
2929 4193 3074 4254 Cor.,
3104 4207 3178 4260 iv,
3213 4193 3319 4258 lO).
3353 4214 3379 4236 η

93 4305 212 4358 quam
243 4297 490 4366 phaleras
534 4296 736 4352 mundi
779 4295 946 4366 hujus
984 4293 1350 4360 extollerent;
1391 4296 1445 4346 et
1491 4291 1651 4362 quasi
1756 4293 1878 4347 Noli
1911 4291 1979 4346 ad
2019 4295 2247 4344 terrena
2278 4287 2507 4354 inflecti,
2536 4303 2606 4341 ne
2648 4290 2807 4340 tuam
2843 4283 3183 4340 arundinem
3225 4285 3378 4338 fran-

93 4383 196 4443 beati
238 4411 528 4468 pauperes,
579 4396 676 4466 qui
732 4393 872 4448 nihil
923 4391 1205 4448 haberent
1262 4391 1449 4446 saeculi
1500 4389 1655 4461 quod
1759 4403 1878 4457 gas.
1915 4386 1981 4438 Et
2008 4385 2134 4438 ideo
2167 4383 2236 4437 de
2275 4381 2518 4445 Christo,
2552 4380 2684 4451 quia
2722 4396 2837 4434 non
2878 4381 3004 4432 erat
3039 4377 3109 4431 ad
3151 4380 3381 4432 terrena

92 4485 370 4558 amitterent,
396 4490 647 4546 libenter
684 4487 935 4559 corporis
974 4485 1149 4541 vitam
1180 4501 1311 4540 cum
1342 4483 1652 4538 immortali
1675 4486 1731 4557 Ι)
1756 4477 2094 4544 curvandus,
2125 4475 2528 4548 prophetatum
2557 4477 2641 4527 est
2668 4488 2680 4524 :
2717 4493 2742 4520 ‹‹
2772 4468 3126 4525 Arundinem
3153 4485 3381 4540 quassa-

96 4575 222 4641 Sloria
241 4587 672 4638 commutarent.
709 4583 827 4636 Non
855 4581 1035 4636 otiose
1073 4581 1250 4651 igitur
1277 4577 1454 4634 sancti
1479 4579 1650 4632 Joan-
1758 4577 1873 4628 tam
1903 4589 2015 4626 non
2047 4569 2364 4639 confringet
2392 4568 2538 4634 (lsa.,
2565 4581 2691 4633 χιιι,
2715 4565 2788 4633 3),
2807 4586 2832 4613 ››
2849 4563 3119 4634 quoniam
3150 4578 3384 4617 carnem

94 4682 150 4720 ms
179 4673 251 4728 hic
285 4694 521 4747 persona
563 4678 844 4743 laudatur,
884 4675 982 4748 qui
1021 4675 1149 4729 vita:
1191 4689 1386 4728 amore
1418 4671 1651 4743 postha-
1758 4683 1933 4738 quam
1977 4667 2206 4736 peccata
2245 4662 2669 4732 quassaverant,
2712 4654 3140 4711 resurrectionis
3179 4655 3386 4709 virtute

94 4759 189 4830 tito,
210 4769 424 4838 justitia:
459 4773 714 4827 formam
748 4786 851 4826 nec
890 4769 1090 4825 mortis
1128 4771 1347 4822 terrore
1391 4765 1651 4820 mutavit.
1759 4757 2037 4814 solidavit.
2075 4757 2226 4810 Bona
2255 4753 2472 4808 arundo
2513 4767 2644 4806 caro
2680 4749 2905 4815 Christi,
2943 4765 3072 4821 quae
3109 4748 3387 4819 serpentis

145 4862 232 4915 “li.
260 4866 411 4931 Quid,
444 4866 651 4938 inquit,
681 4867 867 4920 existis
901 4868 960 4919 in
998 4864 1268 4918 desertum
1299 4859 1520 4914 videre?
1551 4859 1651 4913 De-
1759 4852 1968 4910 diaboli
2017 4855 2206 4921 caput,
2259 4851 2314 4903 et
2365 4845 2668 4901 mundanae
2719 4842 3041 4915 cupiditatis
3089 4841 3386 4898 illecebras

97 4956 200 5005 serto
217 4961 440 5014 mundus
467 4961 558 5015 hic
578 4958 894 5030 comparari
915 4957 1158 5022 videtur,
1185 4955 1367 5010 adhuc
1390 4953 1655 5017 incultus,
1761 4946 2012 5019 patibulo
2042 4942 2221 4999 crucis
2247 4940 2448 4996 afﬁxit.

99 5044 230 5102 adhuc
269 5054 481 5118 sterilis,
525 5029 722 5108 adhuc,
757 5050 1117 5118 infecundus,
1163 5050 1223 5103 in
1270 5063 1442 5119 quem
1491 5051 1660 5116 negat
1833 5041 2007 5111 (Vers.
2041 5040 2128 5106 24,
2159 5035 2395 5103 '25.)Sed
2419 5033 2555 5104 quid
2580 5035 2765 5088 existis
2792 5033 2849 5085 in
2876 5031 3145 5085 desertum
3170 5029 3390 5082 videre?

100 5138 212 5193 nobis
249 5149 317 5200 ita
356 5149 629 5203 Dominus
670 5145 1092 5219 prodeundum,
1137 5149 1198 5198 ut
1239 5144 1434 5197 mente
1476 5139 1659 5194 carnis
1763 5135 2103 5192 Arundinem
2131 5136 2285 5186 vento
2314 5128 2555 5183 moveri?
2580 5126 2721 5192 Quid
2751 5127 2936 5180 existis
2963 5122 3180 5177 videre?
3203 5123 3386 5177 Homi-

101 5233 262 5290 mllatos
296 5257 608 5313 vacuosque
645 5240 868 5296 virtutis
905 5241 1147 5295 interna;
1186 5236 1354 5303 viros,
1390 5241 1446 5290 et
1473 5231 1660 5305 fragili
1763 5246 1884 5285 nem
1909 5227 2154 5282 mollibus
2184 5223 2511 5279 vestimentis
2538 5220 2834 5313 indutum?

103 5336 136 5373 ⁵⁸
159 5327 318 5393 gloria:
345 5308 624 5390 saecularis
655 5334 999 5388 sublimitate
1022 5332 1322 5402 jactantes,
1347 5344 1450 5399 pro
1479 5343 1662 5380 exem-
1839 5325 1957 5377 107.
2003 5322 2121 5374 Νοη
2165 5317 2255 5372 hic
2293 5314 2530 5411 Domini
2560 5327 2748 5367 sermo
2786 5311 2862 5411 de
2877 5308 3176 5411 vestibus;
3209 5323 3387 5411 quan:

106 5415 199 5481 libri
221 5427 450 5496 quodam
485 5434 541 5484 et
571 5429 820 5500 imagine
848 5426 1008 5482 nobis
1029 5401 1301 5496 putemus
1328 5421 1658 5486 imitandos;
1765 5432 1937 5490 quam
1967 5415 2265 5486 plerosque
2295 5407 2563 5465 mollioris
2590 5421 2726 5460 cura
2749 5405 2917 5507 vestis
2953 5401 3264 5504 etfeminet,
3293 5401 3390 5472 qui

107 5523 204 5574 illo:
235 5522 478 5587 procellis
519 5499 713 5578 mundi
756 5521 927 5593 hujus
970 5518 1248 5575 obnoxios
1287 5516 1399 5570 vita
1440 5513 1665 5570 mobilis
1766 5509 1924 5582 quasi
1966 5508 2112 5563 laute
2154 5521 2297 5561 onus
2336 5503 2484 5559 ferre
2529 5516 2644 5555 non
2687 5499 2925 5597 possint,
2967 5499 3172 5549 sericas
3188 5499 3394 5597 restes

112 5610 338 5677 ""luietat,
369 5617 498 5686 jure
537 5615 802 5672 arundini
834 5588 1259 5684 comparandos
1300 5626 1313 5664 :
1359 5610 1416 5664 in
1461 5607 1667 5679 quibus
1768 5603 1929 5660 tectis
1968 5618 2070 5674 per
2100 5604 2312 5655 terram
2351 5597 2588 5650 verrunt
2614 5590 2886 5661 vestigiis,
2923 5604 3143 5661 usuque
3183 5588 3398 5643 faciunt

161 5790 220 5852 ω)
246 5795 354 5848 Mss.
395 5816 503 5852 non
541 5805 721 5868 pauci,
756 5801 927 5854 obitus
960 5797 1262 5866 sepultura.
1294 5797 1359 5848 Et
1384 5795 1518 5854 ideo,
1551 5797 1664 5847 etc.
