3972 6174
540 246 665 300 1751

2009 231 2064 287 S.
2106 232 2195 287 ΑΜ
2202 230 2421 286 BROSII

3714 244 3823 297 1752

535 373 601 422 ut
640 366 882 422 amictus
922 366 1081 421 oneri
1131 365 1220 420 sit.
1265 365 1379 421 Sed
1415 368 1617 420 tamen
1658 362 1770 418 alia
1815 361 2037 416 videtur
2076 359 2168 413 hic
2191 359 2475 443 Aquibus
2521 360 2753 431 aequalis
2801 376 2924 414 esse
2973 362 3198 430 poterat
3248 363 3395 415 sorte
3438 365 3697 420 nascendi.
3737 370 3830 423 Alia

538 461 875 517 indumenta
903 460 1149 531 signare,
1180 464 1254 527 et,
1283 459 1392 513 nisi
1428 458 1615 525 fallor,
1645 458 1893 511 humana
1929 470 2168 524 corpora

541 554 744 627 quibus
791 554 983 608 anima
1025 558 1218 608 nostra
1262 551 1516 607 vestitur.
1559 551 1813 621 Denique
1859 553 1917 603 et
1962 548 2168 618 Joseph

540 648 734 704 tunica
774 648 842 701 ad
883 647 1131 718 speciem
1170 645 1449 702 Dominici
1478 645 1734 716 corporis
1763 646 2058 698 cruentata
2087 645 2173 696 est

546 744 722 813 (Gem,
756 758 959 809 xxxvn,
1004 740 1114 812 31).
1156 742 1224 795 Et
1265 740 1567 811 Apostolus
1606 739 1685 792 ait
1726 755 1738 791 :
1784 758 1811 787 «
1845 738 2070 791 Exuens
2113 751 2170 790 se

545 852 796 903 carnem,
839 834 1190 905 principatus
1225 833 1331 904 (81)
1368 836 1425 888 et
1461 834 1772 903 potestates
1813 847 2013 884 omnes
2051 835 2168 883 tra-

544 930 706 986 duxit
745 930 985 1000 (Coloss.,
1032 945 1091 996 ιι,
1137 928 1245 997 15).
1288 950 1316 977 ››
1358 927 1500 991 Quid
1542 925 1696 980 aliud
1749 925 2019 990 ostendit,
2067 923 2172 977 nisi

543 1024 666 1080 vice
694 1022 1012 1079 indumenti
1037 1038 1239 1093 corpus
1268 1021 1460 1088 fuisse,
1485 1036 1595 1090 quo
1628 1035 1686 1073 se
1712 1019 1818 1073 ista
1848 1016 2176 1088 exspoliavit

544 1116 817 1174 Dominus
852 1117 911 1170 in
946 1116 1228 1188 passione,
1259 1119 1321 1167 ut
1361 1113 1625 1167 divinitas
1664 1112 1842 1166 libera
1870 1110 2170 1165 immunis-

545 1227 657 1283 que
683 1212 939 1266 maneret
962 1208 1227 1279 injuriae?
1253 1209 1425 1262 Totus
1461 1206 1639 1277 igitur
1674 1206 1765 1260 hic
1799 1206 1951 1261 locus
1980 1221 2172 1258 exem-

542 1304 641 1377 plo
669 1321 773 1359 nos
800 1302 1129 1374 prophetico
1156 1302 1227 1356 ad
1256 1301 1526 1356 virtutem
1561 1300 1870 1354 subeundae
1900 1297 2176 1370 passionis

548 1400 832 1454 hortatur.
862 1396 1121 1467 Denique
1150 1394 1370 1449 addidit
1398 1412 1412 1448 :

620 1492 797 1566 (Vers.
824 1493 931 1557 25.)
963 1492 1095 1545 Ecce
1124 1491 1221 1560 qui
1244 1491 1303 1543 in
1328 1492 1471 1543 veste
1494 1489 1733 1560 pretiosa
1767 1490 1892 1542 sunt
1916 1489 1976 1541 in
2003 1487 2174 1541 domi-

551 1589 647 1642 bus
668 1600 856 1653 regum
886 1589 1037 1640 sunt.

621 1681 743 1735 108.
778 1679 922 1733 Sunt
946 1678 1121 1732 etiam
1151 1677 1346 1732 mollia
1380 1675 1718 1730 indumenta
1748 1673 1997 1729 deliciosi
2024 1676 2181 1728 actus

551 1780 609 1830 et
652 1789 867 1839 mores;
916 1776 1150 1843 prapter
1200 1770 1351 1841 quod
1398 1785 1503 1824 nos
1555 1769 1818 1823 hortatur
1861 1742 2257 1838 Apostolus,B

549 1870 617 1923 ut
642 1866 1025 1938 exspoliantes
1049 1869 1297 1919 veterem
1325 1862 1623 1917 hominem
1652 1878 1782 1916 cum
1810 1861 2027 1916 actibus
2059 1861 2180 1931 ejus

552 1961 860 2015 induamus
903 1974 1117 2014 novum
1158 1958 1401 2028 (001038.,
1436 1973 1514 2024 ιιι,
1558 1959 1611 2023 9,
1654 1956 1760 2025 10),
1806 1954 1864 2009 in
1910 1971 2024 2026 quo
2064 1971 2180 2009 non

554 2053 733 2108 dulcis
784 2051 1055 2108 illecebra
1107 2050 1199 2117 sit,
1249 2050 1529 2120 ludusque
1585 2049 1846 2116 lasciviae,
1903 2049 1998 2103 sed
2052 2064 2182 2102 usus

552 2144 763 2201 laboris
805 2148 862 2200 et
896 2145 1141 2212 fructus;
1184 2159 1253 2198 eo
1296 2142 1452 2213 quod
1494 2147 1693 2196 tenera
1728 2142 1979 2213 corporis
2024 2157 2175 2210 cura,

553 2242 825 2311 luxuque,
856 2242 915 2293 et
938 2237 1296 2293 lasciviarum
1331 2236 1644 2307 cupiditate
1680 2235 1927 2290 mollitos
1960 2251 2180 2307 nequa-

555 2349 730 2404 quam
758 2332 994 2387 coelestis
1036 2332 1165 2385 aula
1192 2329 1484 2400 suscipiat,
1516 2328 1587 2382 ad
1618 2345 1789 2400 quam
1827 2328 1984 2383 duris
2023 2328 2180 2383 labo-

556 2426 719 2481 riosae
758 2425 1026 2496 gradibus
1065 2423 1288 2480 virtutis
1324 2421 1669 2477 ascenditur.
1700 2422 1765 2476 Hi
1807 2438 1939 2477 vero
1983 2422 2185 2493 quibus

555 2520 736 2575 ﬂuida
787 2517 1005 2574 deliciis
1050 2517 1310 2571 membra
1359 2517 1674 2585 solvuntur,
1725 2516 1894 2587 regni
1943 2516 2186 2570 caelestis

557 2616 845 2680 extorres,
899 2612 1052 2666 intra
1112 2609 1317 2665 mundi
1375 2610 1547 2680 hujus
1610 2608 1931 2664 habitacula
1988 2625 2184 2663 conse-

556 2711 814 2775 nescunt,
845 2722 985 2777 quos
1014 2709 1260 2760 rectores
1288 2704 1460 2775 hujus
1489 2702 1691 2757 mundi
1723 2706 1893 2774 atque
1926 2703 2188 2757 tenebra-

556 2816 686 2854 rum
733 2799 946 2853 incolas
994 2814 1119 2853 esse
1167 2813 1284 2851 non
1331 2796 1570 2851 dubium
1616 2802 1717 2851 est.
1765 2795 1831 2851 Hi
1877 2795 2033 2867 (sunt
2080 2796 2186 2867 (82)

555 2894 708 2949 enim
731 2909 899 2964 reges
927 2892 1164 2963 (Ephes.,
1190 2907 1302 2958 xvr,
1335 2890 1448 2961 2t),
1477 2890 1615 2961 quia
1647 2889 1906 2944 saeculari
1931 2889 2188 2960 quadam

555 2989 833 3059 potestate
863 2983 1250 3056 dominantur)
1286 2999 1517 3039 suorum
1548 2982 1781 3038 aemulos
1819 2998 2057 3053 operum
2096 2999 2185 3037 re-

560 3082 856 3153 ceperunt.

636 3174 807 3243 (Vers.
853 3170 963 3242 26.)
1005 3171 1110 3228 Sed
1156 3170 1290 3241 quid
1334 3170 1517 3225 emistis
1562 3169 1788 3223 videre?
1822 3169 2192 3239 Prophetum?

566 3269 761 3338 Utique
784 3266 902 3321 dico
926 3264 1090 3328 vobis,
1118 3269 1169 3319 et
1193 3264 1320 3333 plus
1349 3278 1513 3333 quam
1531 3263 1800 3332 propheta
1826 3264 1912 3317 hic
1938 3269 2036 3318 est.

640 3363 757 3415 109.
789 3358 1084 3423 Quomodo
1120 3357 1298 3428 igitur
1334 3356 1395 3410 in
1434 3355 1654 3410 deserto
1689 3356 1963 3411 Joannem
1998 3356 2191 3412 videre

565 3453 889 3525 cupiebant,
922 3450 1019 3523 qui
1057 3453 1182 3506 erat
1221 3450 1440 3504 clausus
1477 3449 1537 3503 in
1574 3464 1799 3504 carcere
1833 3448 1983 3521 (83)?
2013 3450 2191 3514 Quem

565 3546 730 3603 nobis
766 3544 1040 3600 Dominus
1075 3542 1421 3599 imitandum
1452 3542 1738 3613 proponit,
1767 3543 1865 3614 qui
1896 3542 2046 3596 viam
2080 3545 2193 3598 Do-

570 3641 724 3697 mino
748 3656 867 3695 non
894 3639 1078 3693 solum
1108 3636 1375 3692 nascendi
1401 3635 1711 3691 secundum
1740 3652 1967 3691 carnem
1996 3637 2195 3691 ordine

566 3735 817 3807 ﬁdeique
848 3732 1069 3803 nuntio,
1099 3731 1199 3786 sed
1240 3730 1413 3786 etiam
1452 3746 1740 3801 praecursu
1782 3730 2029 3801 quodam
2073 3731 2193 3802 glo-

566 3828 731 3885 riosae
758 3827 1041 3899 paraverit
1065 3823 1362 3897 passionis.
1393 3824 1571 3895 Major
1598 3822 1646 3895 1
1663 3821 1854 3896 382
1887 3840 2020 3879 sane
2058 3840 2192 3896 pro-

566 3923 761 3995 pheta,
804 3920 863 3975 in
908 3935 1023 3990 quo
1068 3917 1197 3973 ﬁnis
1240 3921 1326 3973 est
1365 3917 1798 3989 prophetarum.
1838 3917 2017 3988 Major
2057 3934 2195 3989 pro-

567 4016 766 4089 pheta,
800 4012 936 4086 quia
966 4012 1132 4067 multi
1165 4010 1467 4083 cupierunt
1494 4010 1685 4066 videre
1719 4027 1891 4083 quem
1921 4010 2027 4066 iste
2057 4028 2193 4083 pro-

570 4108 847 4181 phetavit,
878 4122 1050 4178 quem
1073 4105 1180 4161 iste
1207 4104 1516 4175 conspexit,
1546 4120 1716 4176 quem
1742 4104 1847 4160 iste
1873 4105 2194 4176 baptizavit.

647 4205 768 4257 110.
806 4200 914 4257 Sed
954 4203 1144 4255 tamen
1183 4197 1462 4270 numquid
1500 4202 1557 4252 et
1590 4198 1684 4253 illo
1732 4199 1936 4269 major,
1972 4199 2043 4254 de
2081 4216 2196 4272 quo

2211 3108 2265 3181 C

2269 454 2373 508 ista
2420 458 2621 509 natura
2664 460 2767 521 est,
2809 471 2913 508 nec
2957 469 3088 507 cum
3133 454 3398 508 humanis
3437 458 3833 527 generationibus

2271 547 2673 618 comparanda.
2728 549 2850 602 Non
2904 552 3090 617 potest
3145 548 3365 601 homini
3419 565 3541 604 cum
3591 553 3692 606 Deo
3739 571 3835 611 esse

2270 641 2381 695 ulla
2409 641 2662 710 collatio;
2692 642 2807 696 suis
2836 641 2990 696 enim
3028 641 3266 712 quisque
3298 642 3598 711 praefertur.
3621 647 3836 719 Denique

2273 750 2524 806 eousque
2553 750 2682 788 cum
2709 735 2804 789 Dei
2834 734 2974 788 Filio
2999 751 3113 788 non
3143 739 3361 805 poterat
3384 736 3600 791 Joannis
3625 739 3724 793 ulla
3744 758 3838 796 esse

2272 828 2523 895 collatio,
2554 834 2615 883 ut
2642 832 2697 882 et
2722 828 2871 883 infra
2906 829 3142 900 angelos
3172 829 3501 884 aestimetur.

2344 924 2518 993 (Vers.
2557 922 2669 994 28.)
2711 926 2851 981 Nam
2891 926 2990 993 qui
3024 924 3203 978 minor
3244 928 3341 986 est,
3384 923 3578 994 inquit,
3616 928 3671 980 in
3710 943 3843 997 regno

2274 1018 2545 1079 cazlorum,
2573 1017 2753 1085 major
2777 1021 2854 1071 est
2880 1032 2957 1071 eo.

2352 1113 2467 1164 111.
2496 1109 2717 1164 Etenim
2750 1109 3025 1181 quoniam
3065 1110 3334 1181 angelum
3374 1110 3600 1177 dixerat,
3638 1112 3846 1168 homini-

2273 1204 2378 1258 bus
2397 1204 2528 1273 jure
2556 1204 2819 1274 prtelatus
2847 1209 2959 1271 est;
2986 1208 3042 1258 et
3074 1204 3209 1274 quia
3234 1203 3382 1259 inter
3407 1207 3566 1258 natos
3591 1206 3847 1261 mulierum

2277 1298 2662 1353 declaraverat
2715 1297 2997 1368 potiorem
3053 1299 3215 1366 (vers.
3269 1299 3384 1368 27),
3439 1298 3560 1351 ideo
3610 1299 3848 1353 addidit:

2275 1393 2416 1449 Nam
2455 1394 2554 1461 qui
2587 1394 2768 1446 minor
2804 1398 2882 1446 est
2917 1394 2977 1446 in
3014 1407 3174 1460 regno
3212 1392 3484 1453 calorum,
3513 1393 3671 1461 major
3694 1399 3758 1447 est
3782 1410 3851 1457 eo;

2277 1491 2340 1539 ut
2394 1485 2615 1556 angelis
2666 1485 2839 1539 scires
2892 1501 3013 1540 esse
3065 1485 3404 1540 cedendum.
3458 1486 3647 1539 Merito
3696 1490 3855 1541 autem

2276 1580 2520 1635 Joannes
2558 1578 2673 1633 suis
2713 1579 3018 1649 praefertur
3059 1579 3396 1650 aequalibus,
3435 1595 3469 1633 a
3503 1579 3655 1649 cujus
3691 1579 3856 1633 diebus

2285 1694 2312 1723 ‹‹
2340 1675 2605 1742 Regnum
2633 1674 2901 1727 caelorum
2928 1673 3151 1744 cogitur
3184 1672 3430 1745 (Matth.,
3459 1689 3533 1741 xx,
3566 1674 3666 1743 12).
3694 1694 3717 1721 ››
3748 1673 3857 1737 Quae

2282 1766 2625 1822 subobscura
2669 1767 2895 1822 videtur
2940 1782 3062 1821 esse
3107 1767 3340 1833 locutio,
3386 1772 3442 1821 et
3483 1766 3608 1821 ideo
3653 1782 3767 1820 eam
3808 1766 3860 1821 de

2282 1861 2393 1916 alio
2442 1861 2589 1916 libro
2639 1860 2924 1931 Evangelii
2971 1860 3296 1931 putavimus
3340 1859 3713 1916 derivandam.
3752 1862 3863 1915 Nam

2282 1955 2326 2008 si
2375 1954 2628 2009 litteram
2688 1970 3019 2025 sequamur,
3072 1954 3266 2025 utique
3318 1953 3556 2009 inferior
3605 1972 3637 2008 a
3682 1954 3863 2025 potiore

2282 2049 2506 2119 cogitur
2535 2066 2547 2104 :
2580 2065 2824 2119 regnum
2852 2051 3041 2102 autem
3077 2048 3201 2103 coeli
3232 2054 3469 2119 prastat
3496 2049 3758 2103 humanis.
3784 2048 3863 2103 Sed

2283 2158 2413 2196 cum
2443 2143 2555 2196 sint
2577 2143 2766 2213 aliqua
2794 2159 2922 2213 quae
2949 2142 3205 2213 cogendo
3234 2141 3460 2197 densari
3490 2143 3753 2209 feruntur,
3779 2158 3865 2195 non

2285 2240 2368 2290 est
2395 2236 2706 2290 absurdum
2746 2236 2879 2308 quia
2915 2237 3141 2308 cogitur
3171 2252 3442 2307 regnum,
3472 2236 3695 2308 quando
3718 2251 3747 2289 a
3769 2236 3867 2307 plu-

2285 2329 2439 2384 ribus
2466 2330 2889 2400 frequentatur.

2360 2426 2480 2477 ll2.
2528 2443 2555 2472 «
2594 2423 2989 2494 Cogentesque
3035 2422 3312 2493 diripiunt
3359 2423 3499 2479 illud
3546 2424 3736 2495 (Ibid).
3775 2445 3799 2470 δι
3829 2424 3869 2479 Si

2287 2523 2611 2588 repetamus
2639 2516 2997 2570 Dominicum
3024 2515 3165 2570 illud
3192 2517 3351 2587 quod
3390 2517 3656 2588 scriptum
3692 2522 3783 2584 est,
3807 2516 3870 2570 di-
3948 2506 3949 2545 θ

2287 2614 2447 2665 cente
2487 2610 2625 2665 Filio
2666 2610 2764 2664 Dei
2796 2627 2809 2663 :
2843 2629 2870 2660 «
2900 2611 3157 2680 Regnum
3190 2610 3288 2664 Dei
3332 2610 3482 2665 intra
3513 2628 3607 2665 vos
3636 2615 3711 2665 est
3738 2612 3872 2680 (Lua,
3948 2592 3949 2653 Ῡ

2287 2721 2416 2771 xvn,
2458 2703 2581 2775 2i);
2626 2725 2652 2753 »
2695 2703 3046 2757 advertimus
3088 2703 3147 2756 in
3194 2704 3359 2757 nobis
3402 2721 3648 2776 regnum
3690 2704 3874 2758 cceleste
3948 2728 3949 2733 η

2287 2797 2543 2865 solidari,
2588 2812 2717 2851 cum
2764 2796 3019 2851 Christus
3057 2797 3286 2867 exploso
3334 2798 3611 2852 mundani
3649 2797 3879 2869 principis
3948 2776 3949 2807 ἶ

2289 2907 2486 2961 regno,
2514 2890 2840 2960 fugatisque
2870 2889 3085 2944 deliciis
3117 2890 3508 2961 saecularibus,
3539 2891 3685 2945 intra
3710 2896 3879 2944 nostra
3948 2889 3949 2939 ξ

2289 3001 2421 3038 rum
2467 2987 2685 3038 secreta
2730 2986 2940 3055 regnat
2988 2983 3338 3039 animorum.
3390 2985 3485 3039 Vis
3529 2984 3697 3055 igitur
3738 2982 3880 3037 menti
3948 2976 3949 2999 ‘

2291 3078 2525 3132 affertur
2568 3078 2855 3146 humanae,
2904 3093 3032 3148 quae
3080 3077 3317 3132 diversis
3364 3078 3645 3133 illecebris
3688 3076 3881 3132 delinita
3948 3116 3949 3119 η

2291 3172 2549 3227 laborem
2590 3168 2760 3242 fugit,
2793 3172 3138 3242 voluptatem
3181 3173 3435 3243 expetit;
3479 3189 3608 3226 cum
3646 3171 3727 3227 vel
3761 3175 3884 3225 metu

2294 3265 2555 3338 supplicii
2605 3265 2864 3333 coercita,
2911 3266 2991 3320 vel
3046 3266 3280 3336 praemio
3332 3270 3657 3337 provocata,
3700 3264 3883 3318 vincere

2294 3360 2414 3429 ipsa
2451 3376 2510 3412 se
2552 3358 2755 3412 nititur
2799 3378 2812 3413 :
2851 3362 2907 3413 et
2944 3363 3221 3429 tanquam
3265 3361 3583 3415 exantlatis
3622 3356 3883 3417 laboribus,
3948 3414 3949 3425 χ

2294 3453 2544 3524 palmam
2591 3469 2720 3523 quae
2769 3451 2873 3506 sibi
2914 3450 3175 3523 plurimis
3222 3452 3661 3509 adversantibus
3702 3451 3883 3506 subtra-
3948 3442 3949 3449 “

2294 3546 2558 3613 hebatur,
2590 3546 2887 3602 contendit
2927 3546 3169 3618 eripere.
3209 3547 3490 3620 Rapimus
3529 3548 3676 3604 enim
3718 3563 3775 3601 ex
3807 3546 3886 3598 hoc
3948 3552 3949 3597 ζ

2296 3641 2516 3695 mundo
2583 3640 2834 3710 palmam
2897 3640 3121 3709 salutis,
3178 3645 3236 3696 et
3296 3642 3466 3713 quasi
3532 3638 3887 3697 excubantibus
3948 3648 3949 3651 ‘

2298 3734 2558 3789 obsessos
2588 3732 2947 3805 serpentibus
2981 3734 3197 3788 fructus
3226 3735 3501 3808 pervigili
3527 3736 3713 3791 labore
3742 3734 3890 3789 decer-

2297 3828 2513 3899 pimus;
2567 3826 2645 3880 ita
2701 3831 2901 3881 tamen
2955 3832 3021 3883 ut
3072 3844 3190 3882 non
3242 3828 3463 3884 furtiva
3517 3828 3767 3895 sublatio,
3814 3821 3887 3878 sed

2301 3920 2547 3992 direptio
2594 3920 2665 3975 sit
2717 3921 3097 3992 triumphalis.
3152 3922 3247 3976 Est
3293 3928 3355 3977 et
3407 3923 3563 3978 aliud
3609 3917 3891 3993 direptionis
3948 3984 3949 3987 η

2300 4031 2499 4086 genus,
2552 4014 2781 4086 quando
2837 4014 2960 4068 aliis
3016 4014 3237 4069 sublata
3288 4015 3618 4088 diripimus.
3666 4015 3761 4080 Qui
3805 4012 3890 4065 sint

2297 4107 2475 4180 igitur
2503 4112 2760 4179 raptores
2788 4108 2889 4175 illi,
2919 4124 3032 4162 non
3067 4108 3395 4163 laboramus
3431 4110 3764 4182 intelligere,
3790 4121 3887 4161 cum

2300 4201 2372 4256 de
2403 4202 2703 4273 Benjamin
2728 4202 2851 4273 lupi
2878 4202 3094 4273 rapacis
3128 4218 3342 4274 genere
3373 4220 3478 4259 nos
3510 4220 3731 4259 manare
3754 4215 3888 4256 nove-

570 4297 781 4368 Moyses
811 4293 970 4362 dixit,
999 4292 1168 4365 quia:
1200 4314 1227 4342 «
1263 4293 1667 4364 Prophetam...
1706 4292 1864 4346 vobis
1903 4294 2200 4348 suscitabit
2298 4296 2479 4350 rimus
2532 4296 2710 4367 (Gen.,
2767 4312 2910 4363 xLix,
2962 4296 3074 4367 27).
3130 4297 3507 4353 Praecesserat
3558 4301 3805 4364 Joannes,
3849 4298 3893 4345 ut

569 4390 845 4446 Dominus
892 4390 1088 4443 noster
1135 4390 1335 4455 (Deut.,
1387 4402 1542 4454 xvm,
1596 4384 1722 4458 15)?
1767 4406 1794 4436 »
1848 4388 1916 4441 Et
1964 4388 2033 4442 de
2083 4404 2196 4459 quo

2292 4388 2628 4460 justiﬁcaret
2659 4388 2938 4460 populum
2973 4389 3329 4459 Judaeorum;
3368 4391 3493 4463 ipse
3532 4391 3788 4447 Dominus
3817 4401 3889 4437 ve-

574 4485 717 4542 dixit
747 4500 761 4539 :
796 4504 823 4533 «
850 4483 967 4537 Erit
989 4483 1184 4536 autem
1212 4480 1398 4535 omnis
1422 4480 1609 4535 anima
1642 4496 1769 4552 quae
1802 4497 1916 4535 non
1946 4481 2197 4535 audierit
2217 4480 2276 4551 D
2300 4488 2464 4537 nerat
2509 4482 2583 4536 ad
2632 4499 2760 4537 oves
2805 4482 3057 4555 perditas
3105 4485 3310 4538 domus
3364 4486 3536 4541 Israel
3588 4503 3599 4541 :
3648 4481 3891 4556 apostolos

570 4578 911 4651 prophetam
936 4574 1099 4629 illum
1126 4574 1500 4629 exterminata
1525 4574 1592 4629 de
1617 4573 1780 4644 plebe
1807 4573 1993 4645 (Ibid.,
2020 4575 2143 4645 19)?
2167 4596 2194 4623 ››

572 4672 628 4728 Si
671 4670 848 4743 igitur
887 4668 1139 4727 Christus
1185 4668 1485 4739 propheta,
1532 4667 1825 4739 quomodo
1872 4668 2059 4739 major
2104 4668 2196 4723 hic

573 4763 884 4822 omnibus?
939 4764 1225 4836 Numquid
1284 4761 1571 4818 Christum
1621 4763 1964 4834 prophetam
2016 4778 2193 4832 ncga-

572 4859 741 4917 mus?
764 4860 885 4914 Imo
923 4862 979 4912 et
1014 4856 1321 4912 Dominum
1356 4855 1769 4926 prophetarum
1809 4856 2148 4911 conﬁtemur
2182 4879 2192 4910 :

568 4957 845 5011 Joannem
880 4953 1070 5006 autem
1108 4949 1450 5021 prophetam
1478 4965 1687 5019 assero,
1723 4955 1780 5004 et
1819 4951 1971 5005 hunc
2010 4950 2191 5004 omni-

570 5050 677 5104 bus
704 5046 809 5120 (84)
838 5045 963 5101 dico
996 5060 1114 5100 esse
1141 5044 1438 5116 majorem,
1467 5043 1562 5097 sed
1594 5043 1743 5097 inter
1772 5044 2047 5111 mulieris,
2079 5062 2195 5099 non

570 5141 805 5215 virginis
848 5144 1012 5196 natos
1056 5140 1226 5209 (Luc.,
1268 5154 1364 5205 vu,
1411 5137 1520 5208 28).
1561 5137 1739 5208 Major
1784 5137 1935 5192 enim
1979 5138 2088 5193 fuit
2131 5139 2196 5193 iis

629 5305 729 5368 (81)
757 5304 916 5355 Rom.
955 5302 1087 5354 edit.
1124 5302 1260 5363 sola,
1287 5304 1502 5352 Exuens
1528 5302 1883 5366 principatus.
1917 5304 1979 5354 In
2005 5318 2117 5369 quo
2147 5304 2198 5354 ei

569 5376 951 5440 patrocinatur
977 5377 1161 5425 textus
1191 5373 1461 5437 Apostoli,
1491 5377 1659 5437 atque
1680 5387 1874 5424 omnes
1897 5376 2199 5436 versiones,

571 5449 799 5514 Syriaca
828 5450 1077 5511 excepta,
1106 5459 1232 5511 quae
1257 5445 1549 5495 nobiscum
1578 5446 1727 5495 facit.

633 5519 731 5583 (82)
768 5518 849 5567 Ita
877 5530 1008 5567 mss.
1040 5520 1251 5582 septem
1289 5515 1537 5567 melioris
1578 5520 1745 5567 nota.
1779 5516 1887 5566 Alii
1920 5516 2197 5577 nonnulli,

571 5593 731 5651 atque
778 5586 1116 5638 tenebrarum
1173 5592 1456 5650 creperum.
1505 5588 1574 5637 Hi
1622 5592 1764 5646 sunt,
1814 5590 1917 5637 etc.
1975 5587 2198 5652 Reliqui

576 5658 802 5708 domum
828 5661 885 5707 et
908 5657 1056 5719 edit.,
1087 5664 1246 5721 atque
1268 5658 1605 5709 tenebrarum
1629 5662 1783 5709 vocat
1809 5658 2107 5722 Apostolus.
2133 5660 2200 5709 Ηί

573 5730 697 5783 sunt
719 5726 856 5773 enim
881 5738 1045 5787 reges.
1084 5728 1244 5779 Rom.
1276 5730 1551 5793 expunxit
1577 5734 1700 5780 sunt
1729 5729 1885 5778 enim.

639 5794 734 5856 (83)
783 5793 1148 5846 Resecaverat
1201 5797 1330 5848 edit.
1380 5800 1560 5864 Rom,
1612 5799 1876 5863 Quomodo
1929 5800 2196 5865 igitur.....

2302 4576 2701 4644 destinaverat,
2746 4581 2807 4631 ut
2844 4577 3015 4632 fidem
3064 4575 3322 4650 1383
3366 4580 3571 4651 populi
3610 4578 3890 4633 Judaaorum

2297 4669 2387 4725 vel
2418 4670 2815 4742 disputatione,
2843 4671 2929 4725 vel
2958 4671 3137 4743 signis
3164 4672 3572 4745 miraculisque
3598 4672 3888 4733 fundarent;

2301 4764 2395 4818 sed
2424 4780 2556 4819 cum
2591 4764 2671 4818 illi
2714 4780 2952 4819 munera
2982 4765 3085 4820 sibi
3126 4766 3312 4821 oblata
3352 4767 3710 4839 defugerent,
3733 4760 3888 4836 publi-

2302 4858 2427 4912 cani
2455 4861 2511 4913 et
2536 4864 2860 4929 peccatores
2890 4859 2947 4913 in
2986 4861 3167 4915 Deum
3204 4860 3465 4930 credere,
3501 4862 3560 4916 in
3585 4861 3746 4915 ﬁdem
3769 4856 3889 4911 coire

2302 4955 2615 5025 coeperunt.
2671 4954 2731 5009 In
2788 4953 2876 5007 his
2931 4954 3107 5025 igitur
3157 4954 3474 5026 apostolica
3534 4951 3888 5027 pradicatione

2301 5063 2545 5119 regnum
2576 5047 2850 5102 caelorum
2889 5048 3130 5120 cogitur,
3165 5053 3223 5103 et
3259 5048 3451 5103 ﬁdelis
3488 5049 3677 5122 populi
3710 5044 3887 5116 aspira-

2300 5139 2460 5194 tione
2487 5140 2782 5195 solidatur.

2300 5301 2512 5355 clausus
2535 5303 2593 5352 in
2619 5303 2874 5355 carcere?
2899 5304 3038 5367 Quae
3068 5305 3293 5370 quidem
3324 5308 3499 5359 verba
3526 5321 3635 5358 non
3666 5316 3774 5357 esse
3804 5301 3886 5349 hoc

2297 5374 2420 5423 loco
2446 5374 2609 5438 plane
2630 5388 3041 5439 supervacanea
3065 5391 3134 5427 ex
3154 5391 3219 5429 eo
3245 5379 3597 5445 intelligitur,
3620 5373 3757 5444 quod
3773 5371 3887 5423 intra

2299 5445 2367 5495 de
2389 5459 2671 5508 praecursu
2703 5447 2975 5510 passionis
3001 5448 3307 5513 subjicitur.

2365 5516 2463 5579 (84)
2522 5518 2745 5568 Amerb.
2800 5531 2866 5568 ac
2922 5519 3046 5569 Era.
3106 5534 3236 5571 cum
3295 5535 3431 5572 mss.
3492 5514 3885 5586 probatioribus,

2298 5590 2406 5639 Ima
2448 5595 2496 5641 et
2540 5591 2817 5641 Dominum
2848 5592 3229 5657 prophetarum
3269 5594 3445 5657 (mss,
3484 5594 3789 5659 prophetam)
3815 5599 3885 5636 as-

2297 5673 2435 5717 sero,
2461 5666 2507 5709 et
2546 5661 2683 5711 hunc
2712 5661 2973 5723 omnibus,
3015 5666 3144 5725 etc.,
3183 5664 3331 5728 quod
3374 5666 3605 5716 minime
3642 5658 3880 5723 displicet.

2300 5731 2428 5852 pint.
2457 5736 2661 5795 tamen,
2692 5745 2759 5783 ac
2788 5732 2948 5784 Rom.
2982 5733 3114 5785 edit.
3152 5748 3282 5786 cum
3310 5735 3439 5786 aliis
3465 5748 3596 5786 mss.
3625 5737 3693 5807 μὶ
3717 5742 3809 5782 nos
3837 5728 3880 5775 in

2324 5814 2393 5852 ex
2420 5816 2476 5852 u.

2324 5814 2458 5854 extu
2465 5840 2476 5850 .
