3972 6174
246 266 260 315 l
272 264 353 315 753

1298 257 1762 315 EXPOSITIONIS
1798 258 1868 315 IN
1904 258 2131 315 LUCAM
2172 260 2298 314 LIB.
2344 260 2431 312 Vl.

3411 258 3546 313 1754

300 386 401 440 113.
431 383 617 456 Diripit
648 399 897 455 regnum
932 384 1027 439 illa
1056 400 1183 456 qua:
1217 383 1374 440 ﬂuxu
1410 385 1705 455 sanguinis
1734 386 1816 439 la-
1844 395 1900 469 Α
1914 386 2078 456 juxta
2109 386 2321 454 legem,
2360 388 2425 438 ut
2465 399 2559 437 me
2602 384 2701 454 qui
2741 399 2891 438 eram
2930 383 3051 438 sine
3091 383 3237 454 lege,
3275 390 3544 439 servaret.

238 479 471 545 borabat;
517 494 648 532 nam
695 495 825 532 cum
878 478 1150 533 Dominus
1203 479 1275 533 ad
1322 479 1493 533 ﬁliam
1546 479 1820 550 principis

235 586 496 644 synagogas
522 571 802 641 tenderet,
835 572 1043 626 furtivo
1082 572 1330 643 quodam
1372 576 1526 627 tactu
1563 572 1821 626 sanitatis

235 666 506 721 remedium
532 665 848 735 praelihavit
866 668 1035 736 (Luc.,
1064 682 1183 733 vni,
1211 668 1322 737 44).
1348 666 1548 737 Diripit
1572 682 1818 737 regnum

232 762 321 829 (85)
369 760 458 813 illa
505 760 847 828 Chananaea,
908 777 1036 831 quae
1086 777 1120 814 a
1168 760 1284 815 suis
1332 760 1546 815 ﬁnibus
1594 776 1821 830 egressa

234 853 471 909 clamabat
518 854 710 908 dicens
757 870 770 908 :
816 876 843 902 ‹‹
898 855 1165 909 Miserere
1218 855 1352 921 mei,
1406 855 1660 921 Domine,
1719 855 1820 908 Fili

233 946 374 1001 David
404 967 417 1002 :
448 947 563 1001 ﬁlia
600 963 728 1002 mea
756 948 903 1002 male
933 966 963 1002 a
993 949 1278 1004 daemonio
1306 954 1541 1003 vexatur
1577 948 1818 1017 (Matth.,

230 1058 301 1107 xv,
343 1042 445 1111 22).
487 1062 515 1089 »
558 1044 698 1096 Vere
749 1043 868 1097 haec
912 1058 1157 1113 regnum
1202 1043 1409 1113 coegit,
1452 1042 1715 1114 pertinax
1762 1043 1821 1096 in

229 1135 476 1206 precibus,
534 1136 761 1206 sapiens
812 1136 869 1191 in
923 1137 1227 1208 responsis,
1282 1136 1461 1192 ﬁdelis
1507 1137 1565 1190 in
1616 1135 1818 1191 verbis.

228 1231 640 1283 Pmtereuntem
670 1235 912 1299 revocat,
936 1234 1223 1285 tacentem
1254 1235 1432 1300 rogat,
1464 1234 1820 1285 excusantem

226 1323 419 1389 adorat,
458 1326 763 1394 negantem
800 1325 1051 1379 inclinat.
1088 1325 1280 1379 Nonne
1312 1325 1417 1379 tibi
1457 1324 1682 1379 videtur
1711 1324 1820 1378 eri-

225 1433 355 1487 pere,
380 1434 505 1472 cum
534 1418 686 1473 elicit
708 1419 863 1490 quod
894 1422 1157 1491 negatur,
1182 1420 1493 1490 praeripere
1521 1419 1670 1489 quod
1700 1418 1823 1472 aliis

223 1511 555 1566 reservatur?
586 1513 900 1584 Negaverat
939 1514 1091 1567 enim
1128 1513 1400 1568 Dominus
1435 1529 1641 1585 panem
1679 1512 1822 1567 ﬁlio-

223 1621 332 1658 rum
375 1605 495 1659 dari
541 1606 780 1661 canibus
826 1610 1093 1678 oportere
1127 1624 1140 1661 :
1172 1624 1237 1662 ac
1284 1607 1380 1661 illa
1423 1608 1727 1673 consensit,
1770 1609 1826 1661 et

224 1698 602 1754 consentiendo
644 1699 882 1770 diripuit
922 1700 1113 1754 dicens
1156 1717 1169 1755 :
1215 1721 1243 1749 «
1284 1700 1509 1771 Utique,
1555 1699 1820 1767 Domine;

1922 479 2158 549 Rapitur
2192 478 2467 544 Christus,
2510 494 2640 531 cum
2680 478 2802 531 aliis
2838 477 3208 548 promittitur,
3242 478 3366 531 aliis
3396 494 3543 548 pras—

1922 572 2287 626 destinatur:
2328 572 2549 643 rapitur
2588 572 2865 635 Christus,
2916 587 3047 624 cum
3097 570 3222 623 aliis
3271 572 3543 638 nascitur,

1921 666 2043 719 aliis
2091 666 2469 737 suffragatur;
2520 667 2740 736 rapitur
2786 664 3064 731 Christus,
3120 680 3250 717 cum
3303 664 3375 718 ab
3424 665 3545 718 aliis

1923 760 2215 829 occiditur,
2253 760 2523 831 sepelitur
2551 776 2585 814 a
2622 759 2812 825 nobis;
2860 759 3081 830 rapitur
3124 757 3544 825 insidiantibus,

1922 855 2139 924 rapitur
2171 854 2607 908 dormientibus.
2643 854 2826 908 Habes
2859 852 2956 907 ubi
2994 853 3103 924 ipsi
3144 852 3383 907 confessi
3417 858 3550 906 sunt

1921 964 2027 1003 nos
2054 949 2329 1019 rapuisse,
2366 964 2423 1001 se
2460 948 2763 1015 dormisse,
2806 948 3060 1003 dicentes
3091 963 3104 1001 :
3138 966 3165 998 α
3200 946 3371 1003 Dicite
3417 946 3550 1016 quia

1923 1042 2187 1113 discipuli
2223 1042 2346 1111 ejus
2382 1048 2543 1097 nocte
2582 1045 2881 1109 venerunt,
2923 1047 2979 1097 et
3016 1041 3191 1095 furati
3227 1044 3358 1094 sunt
3392 1057 3546 1108 eum,

1921 1136 2082 1191 nobis
2111 1136 2528 1190 dormientibus
2557 1137 2798 1203 (Matth,
2826 1152 3008 1203 xxvm,
3042 1135 3148 1206 13).
3183 1157 3209 1183 υ
3237 1138 3418 1205 Surge
3448 1134 3551 1205 igi-

1922 1233 2018 1283 tur
2058 1230 2157 1300 qni
2201 1230 2445 1296 dormis;
2485 1246 2557 1285 ne
2601 1232 2658 1285 et
2694 1235 2757 1284 tu
2800 1230 2939 1284 dum
2982 1229 3217 1296 dormis,
3262 1228 3547 1283 Christum

1924 1323 2172 1378 amittas.
2207 1344 2236 1372 ‹‹
2264 1324 2446 1395 Surge
2484 1324 2581 1394 qui
2609 1324 2847 1393 dormis,
2880 1326 2938 1378 et
2971 1339 3214 1394 exsurge
3242 1339 3276 1376 a
3312 1321 3551 1376 mortuis

1925 1418 2164 1488 (Ephes.,
2186 1434 2239 1487 v,
2270 1419 2376 1489 14).
2411 1438 2434 1468 ››
2462 1418 2626 1472 Vides
2656 1422 2913 1472 mortuos
2941 1433 3062 1471 esse
3092 1418 3189 1488 qui
3219 1416 3550 1471 dormiunt?

1923 1513 1990 1566 Et
2015 1512 2147 1566 ideo
2173 1527 2289 1565 non
2316 1510 2637 1566 invidemus
2659 1511 2805 1578 aliis,
2833 1511 2931 1565 sed
2962 1510 3323 1582 providemus
3353 1508 3547 1577 nobis;

1922 1622 2035 1661 non
2064 1605 2217 1660 enim
2247 1606 2461 1660 mortui
2491 1609 2759 1676 poterant
2785 1621 3011 1659 servare
3036 1605 3344 1658 viventem.

224 1746 632 1847 magna
648 1746 1113 1848 agragas;
1140 1746 1267 1865 tu.
1288 1746 1509 1849 2.3.1.“;
1528 1746 1901 1848 suam
2534 1750 2619 1803 νει
2828 1748 2924 1820 qui
2961 1748 3333 1816 dormierunt,
3377 1746 3550 1801 etiam

1933 1844 2021 1865 ..__2
2055 1845 2126 1865 ΠΙ.
2141 1844 2332 1865 ..ε-ι--...
2371 1861 2399 1865 _.
2416 1844 2525 1865 -..ΔΞ
2542 1844 2563 1865 ,1
2578 1847 2737 1865 -..---.ι
2790 1844 2908 1865 ὶῗ-..
2948 1842 3020 1865 _I-
3055 1859 3076 1865 μ
3092 1841 3336 1865 ..-Σιιζι-...
3360 1841 3434 1865 Πι-
3449 1839 3518 1865 κερ.

222 1884 560 1941 dominorum
587 1903 820 1942 suorum
846 1888 1035 1958 (Ibid.,
1068 1888 1177 1957 27).
1208 1909 1236 1937 »

285 1981 392 2034 Hi.
447 1981 704 2035 Didicisti
755 1981 1247 2053 quemadmodum
1298 1998 1545 2052 regnum
1599 1981 1825 2036 caeleste

221 2073 466 2143 rapiatur.
507 2076 799 2146 Cogamus
840 2075 1021 2146 igitur
1046 2079 1105 2129 et
1128 2092 1252 2142 nos,
1287 2074 1620 2146 diripiamus
1656 2074 1821 2143 illud;

221 2184 369 2222 nemo
396 2169 553 2222 enim
584 2167 690 2222 nisi
721 2169 999 2224 festinans
1031 2169 1240 2240 pascha
1266 2169 1574 2224 manducet
1603 2169 1824 2239 (Eruci,

221 2277 298 2329 xu,
331 2264 433 2324 11).
465 2262 587 2318 Sed
623 2279 751 2334 quas
794 2268 876 2317 est
905 2264 1009 2317 ista
1040 2279 1169 2334 quae
1200 2263 1349 2334 rapit
1386 2264 1676 2334 regnum?
1707 2265 1826 2318 Non

220 2356 552 2427 improbitas,
584 2372 697 2411 non
726 2357 974 2424 lascivia,
1009 2374 1121 2411 non
1162 2359 1449 2429 voluptas;
1481 2358 1581 2412 sed
1618 2358 1713 2412 illa
1755 2358 1825 2412 de

219 2466 314 2519 qua
340 2450 549 2505 dicitur
580 2469 593 2505 :
627 2472 654 2499 «
680 2451 879 2533 Magna
918 2458 999 2505 est
1039 2451 1179 2505 ﬁdes
1221 2458 1320 2505 tua
1358 2469 1371 2507 :
1404 2452 1502 2506 ﬁat
1542 2452 1645 2506 tibi
1684 2452 1830 2506 sicut

220 2544 285 2597 vis
309 2546 554 2615 (Mutth.,
581 2561 671 2610 xv,
695 2548 804 2615 '28).
830 2567 856 2595 ››
882 2547 1021 2600 Ecce
1048 2546 1259 2616 rapuit,
1290 2562 1417 2617 quae
1446 2546 1601 2617 quod
1626 2547 1824 2614 voluit,

217 2638 553 2708 impetravit;
607 2640 759 2710 quod
802 2640 1042 2711 rogavit,
1093 2640 1341 2694 extorsit.
1388 2640 1597 2711 Rapuit
1640 2645 1697 2693 et
1733 2640 1829 2693 illa

220 2732 379 2802 vidua,
409 2750 545 2804 qum
564 2732 898 2804 frequenter
921 2733 1165 2802 orando,
1188 2734 1234 2787 si
1266 2751 1378 2788 non
1408 2737 1642 2804 propter
1670 2734 1829 2787 inno-

217 2827 456 2893 centiam,
491 2826 700 2880 saltem
739 2832 970 2898 propter
1007 2828 1499 2898 importunitatem
1546 2832 1605 2881 ut
1649 2844 1825 2882 exau-

218 2919 400 2989 diatur,
428 2923 736 2992 extorquet
762 2922 933 2991 (Lua,
962 2938 1113 2989 xvnl,
1146 2922 1221 2992 5).

274 3014 528 3088 1384
577 3018 695 3069 HS.
745 3014 952 3086 Rapuit
994 3014 1173 3086 igitur
1219 3017 1464 3072 Ecclesia
1507 3016 1828 3089 Synagogar

1926 1844 2025 1915 qui
2054 1844 2339 1903 Christum
2371 1844 2759 1914 perdiderunt.
2790 1844 2914 1896 Non
2946 1842 3023 1896 sic
3052 1841 3336 1895 amittitur
3359 1839 3548 1895 Chris-

1927 1941 2037 2005 tus,
2070 1942 2131 1992 ut
2167 1954 2281 1992 non
2325 1941 2640 1993 revertatur
2673 1937 2802 2008 (86),
2834 1936 2881 1990 si
2926 1942 3118 1990 tamen
3170 1934 3491 2005 requiratur
3539 1950 3552 1987 :

1926 2033 2021 2086 sed
2050 2030 2409 2102 vigilantibus
2438 2031 2779 2102 regreditur,
2802 2034 2860 2084 et
2880 2028 3315 2101 exsurgentibus
3347 2033 3554 2098 praesto

1927 2128 2037 2191 est;
2078 2125 2193 2179 imo
2233 2125 2499 2179 omnibus
2544 2126 2733 2191 adest,
2776 2124 2874 2196 qui
2919 2124 3130 2194 ubique
3167 2139 3397 2192 semper
3436 2127 3552 2188 est,

1928 2219 2061 2292 quia
2097 2220 2343 2290 complet
2370 2219 2585 2274 omnia.
2618 2218 2767 2272 Nulli
2808 2217 2964 2272 enim
2995 2217 3204 2285 deﬁcit,
3232 2233 3333 2271 nos
3363 2216 3552 2271 deﬁci-

1930 2330 2083 2380 mus;
2130 2314 2293 2379 nulli,
2340 2312 2603 2384 inquam,
2653 2312 2863 2379 deﬁcit,
2909 2311 3335 2381 superabundat
3376 2309 3558 2364 omni-

1926 2407 2059 2476 bus;
2083 2405 2567 2478 superabundavit
2593 2406 2750 2461 enim
2776 2410 3095 2476 peccatum,
3117 2408 3182 2458 ut
3212 2403 3559 2474 superabun-

1928 2502 2091 2556 daret
2127 2500 2330 2571 gratia.
2369 2500 2559 2554 Gratia
2586 2498 2840 2556 Christus
2880 2501 2982 2565 est,
3015 2498 3129 2552 vita
3153 2497 3405 2552 Christus
3450 2502 3553 2564 est,

1927 2595 2178 2651 Christus
2221 2597 2307 2648 est
2340 2593 2713 2662 resurrectio;
2745 2593 2842 2664 qui
2882 2591 3068 2663 surgit
3106 2590 3300 2661 igitur,
3342 2589 3559 2644 invenit

1929 2704 2045 2743 esse
2071 2694 2435 2763 praesentem.

2005 2831 2123 2882 H7.
2154 2827 2393 2898 Rapitur
2417 2842 2555 2898 ergo
2596 2842 2836 2897 regnum
2875 2825 3166 2892 caelorum,
3201 2840 3332 2878 cum
3366 2820 3555 2878 Chris-

1929 2927 2018 2977 tus
2044 2938 2078 2976 a
2103 2920 2428 2977 domesticis
2457 2921 2795 2990 denegatur,
2825 2936 2859 2973 a
2891 2919 3198 2990 gentilibus
3239 2918 3512 2974 adoretur
3542 2932 3555 2969 :

1931 3016 2151 3088 rapitur
2198 3032 2330 3071 cum
2373 3015 2443 3069 ah
2486 3015 2597 3069 illis
2641 3013 2994 3086 repudiatur,
3027 3030 3060 3067 a
3094 3013 3261 3068 nobis
3298 3011 3501 3068 colitur
3543 3032 3553 3063 :

219 3124 456 3178 regnum.
499 3111 768 3179 Regnum
801 3125 993 3163 meum
1032 3109 1284 3166 Christus
1314 3114 1426 3180 est;
1466 3112 1623 3182 rapio
1663 3112 1829 3166 illum
1851 3142 1904 3216 Ο
1931 3110 2148 3181 rapitur
2181 3125 2313 3164 cum
2352 3126 2453 3181 per
2480 3107 2877 3163 haereditatem
2914 3123 3028 3161 non
3068 3107 3412 3178 agnoscitur,
3458 3122 3562 3176 per

215 3202 399 3257 Iudaeis
430 3203 676 3258 missum
706 3202 809 3257 sub
844 3202 993 3275 lege,
1022 3208 1225 3258 natum
1259 3204 1318 3259 in
1356 3206 1504 3275 lege,
1545 3205 1828 3260 nutritum
1857 3202 1904 3216 ν
1931 3203 2306 3275 adOptionein
2335 3202 2662 3274 acquiritur.

268 3324 355 3382 (85)
390 3325 453 3374 In
497 3324 623 3375 cod.
671 3324 793 3375 Ful.
840 3329 895 3375 et
936 3324 1156 3375 duobus
1201 3324 1380 3386 Colb.,
1428 3329 1550 3389 post
1594 3325 1828 3375 verbum

215 3395 513 3458 pratibavit,
562 3397 964 3461 interpolantur
1005 3398 1300 3461 sequentia
1340 3411 1351 3445 :
1396 3399 1689 3456 Daemones,
1736 3399 1829 3447 in-

216 3467 336 3527 quit,
362 3470 560 3529 ejicite,
591 3473 638 3517 et
665 3468 847 3518 discite
874 3468 995 3531 quis
1022 3469 1080 3516 in
1120 3482 1183 3518 ea
1219 3468 1415 3532 dignus
1445 3467 1530 3524 sit,
1563 3473 1723 3532 atque
1756 3469 1831 3519 ibi

217 3544 413 3589 manete.
446 3542 638 3603 Itaque
666 3552 757 3589 nec
783 3538 866 3588 hic
894 3539 1204 3588 mandatum
1243 3539 1447 3589 videtur
1478 3546 1533 3589 ut
1566 3539 1829 3590 Christum

218 3608 304 3656 Dei
337 3608 538 3660 Filium
568 3610 942 3675 pradicarent.
974 3610 1114 3659 Ordo
1154 3610 1318 3674 igitur
1355 3609 1731 3674 disputationis
1758 3616 1832 3661 est

1929 3326 2058 3375 ordo
2111 3330 2382 3387 tractans;
2433 3329 2478 3375 et
2532 3325 2646 3374 ideo
2696 3326 2743 3374 si
2796 3324 2877 3374 hic
2919 3323 3396 3388 diripit‘regnum,
3450 3327 3556 3372 etc.

1930 3396 2041 3448 Sed
2084 3397 2208 3447 hinc
2264 3397 2454 3446 omnia
2503 3396 2728 3446 aliunde
2769 3396 2824 3445 in
2873 3400 3087 3445 textum
3136 3395 3397 3445 translata
3440 3408 3560 3444 esse

1930 3468 2286 3518 manifestum
2315 3473 2414 3517 est.

1994 3540 2091 3601 (86)
2133 3539 2227 3589 Sic
2260 3551 2453 3589 omnes
2487 3552 2618 3589 mss.
2666 3538 2711 3589 E
2754 3539 3033 3590 contrario
3068 3551 3265 3589 omnes
3305 3538 3457 3601 edit.,
3504 3544 3562 3588 ut

1931 3623 2040 3661 non
2063 3610 2386 3674 reperiatur.

1446 3971 1784 4065 LIBER
1854 3973 2313 4067 SEXTUS.

283 4344 453 4410 (Vers.
484 4346 576 4411 '29,
606 4343 719 4415 30.)
742 4347 813 4400 Et
837 4349 1009 4402 omnis
1031 4349 1263 4418 populus
1288 4349 1536 4412 audiens,
1575 4355 1625 4405 et
1653 4351 1832 4421 publi-

220 4437 781 4507 canijustiﬁcavemnt
800 4443 981 4503 Deum,
1006 4442 1273 4511 baptizati
1293 4443 1556 4511 baptismo
1574 4446 1832 4510 Joannis;

1938 4366 2200 4421 operum,
2228 4351 2335 4405 alia
2359 4367 2533 4423 Opus;
2572 4368 2717 4424 opus
2755 4351 2908 4406 enim
2946 4350 3157 4405 mentis
3194 4367 3394 4421 sapere
3422 4367 3560 4422 pru-

1938 4443 2158 4515 denter,
2200 4445 2408 4500 sentire
2454 4445 2735 4500 vivaciter.
2782 4446 2907 4498 Hzec
2939 4444 3091 4499 dona
3122 4448 3341 4497 naturae
3385 4449 3561 4498 sunt:

214 4532 469 4586 Phariszi
491 4538 676 4586 autem
701 4537 750 4586 et
780 4534 1078 4604 Iegisperiti
1102 4537 1383 4590 consilium
1411 4539 1505 4591 Dei
1522 4511 1913 4606 spreveruntD
1937 4542 2201 4610 operator
2230 4543 2425 4593 autem
2462 4555 2579 4592 non
2617 4541 2874 4592 creatura
2904 4540 3008 4603 est,
3049 4536 3146 4590 sed
3186 4542 3425 4606 creator,
3460 4537 3563 4591 hoc

218 4625 267 4676 in
289 4639 362 4688 se,
390 4642 501 4681 non
534 4626 821 4695 baptizati.

284 4723 329 4773 1.
382 4719 621 4790 Aperuit
677 4722 907 4774 sanctus
972 4721 1147 4775 Lucas
1212 4722 1546 4793 specialibus
1607 4723 1831 4786 additis,

216 4813 362 4882 quod
389 4812 553 4885 quasi
581 4813 936 4883 generalibus
956 4818 1181 4869 sanctus
1206 4816 1505 4871 Matthaeus
1534 4817 1836 4872 subobscu-

214 4921 335 4960 rum
373 4907 721 4978 reliquerat;
765 4906 858 4961 ille
900 4908 1056 4962 enim
1092 4909 1170 4963 ait
1200 4927 1212 4963 :
1246 4929 1273 4961 ς(
1313 4911 1379 4964 Et
1406 4910 1719 4981 justiﬁcata
1753 4915 1836 4965 est

216 5001 484 5071 sapientia
509 5017 542 5055 a
564 5000 694 5056 ﬁliis
719 5001 833 5057 suis
858 5003 1102 5072 (ΜατιΙιυ
1130 5020 1201 5070 x1,
1231 5006 1335 5075 19).
1367 5026 1393 5055 ››
1424 5004 1678 5059 Primum
1709 5021 1835 5077 quae

218 5093 281 5148 sit
302 5096 400 5150 illa
428 5096 725 5166 sapientia,
748 5095 840 5150 hic
860 5095 1120 5151 videmus
1140 5113 1509 5168 expressum;
1530 5097 1610 5153 ait
1636 5099 1792 5153 enim
1818 5116 1831 5154 :

216 5190 649 5259 Justiﬁcaverunt
711 5193 894 5245 Deum.
962 5191 1107 5245 Deus
1175 5207 1310 5261 ergo
1376 5193 1652 5263 sapientia
1718 5199 1833 5263 est;

220 5284 349 5352 quia
390 5284 667 5355 sapientia
702 5284 799 5339 Dei
840 5283 1007 5338 Filius
1042 5287 1153 5352 est;
1204 5284 1485 5356 sapientia
1529 5304 1630 5358 per
1670 5291 1832 5343 natu-

220 5391 362 5443 ram,
408 5394 522 5432 non
568 5396 671 5449 per
716 5378 1053 5447 profectum.
1106 5379 1229 5433 Alia
1279 5382 1365 5434 est
1415 5380 1695 5451 sapientia
1740 5381 1835 5436 Dei

1740 5475 1838 5530 illa
1937 5477 2158 5545 noxios,
2205 5478 2300 5532 sed
2348 5478 2418 5532 ad
2464 5478 2793 5531 innocentes
2837 5492 2940 5546 per
2982 5474 3335 5530 ablutionem
3382 5474 3562 5531 factos

218 5469 388 5524 Patris
438 5472 643 5541 virtus,
699 5471 809 5525 alia
856 5472 1131 5543 sapientia
1180 5473 1358 5527 virtus
1405 5473 1611 5528 animae
1667 5491 1681 5528 :

1938 4635 2040 4701 est,
2071 4648 2187 4687 non
2216 4634 2437 4685 natura:
2470 4648 2699 4698 munus,
2728 4631 2822 4685 sed
2849 4634 3187 4686 munerator
3212 4636 3452 4687 naturae.

2008 4730 2061 4780 2.
2097 4725 2442 4780 Justiﬁcatur
2470 4725 2663 4796 itaque
2700 4725 2851 4779 Dens
2877 4726 2998 4796 ipse
3045 4743 3149 4798 per
3184 4726 3560 4799 baptismum,

1936 4820 2075 4874 dum
2116 4836 2175 4873 se
2217 4818 2476 4873 homines
2522 4824 2751 4890 peccata
2797 4820 3029 4891 propria
3072 4821 3398 4876 conﬁtendo
3436 4821 3561 4891 jus-

1936 4912 2175 4981 tiﬁcant,
2224 4913 2367 4966 sicut
2409 4913 2684 4985 scriptum
2731 4916 2862 4969 est:
2911 4936 2937 4963 «
2988 4914 3084 4969 Dic
3132 4918 3192 4971 tu
3238 4915 3564 4986 iniquitates

1935 5011 2081 5075 tuas,
2133 5011 2196 5062 ut
2231 5006 2556 5078 justiﬁceris
2601 5011 2751 5079 (Isu.,
2798 5026 2945 5078 mn,
2992 5013 3097 5075 26).
3144 5031 3169 5057 ››
3213 5009 3564 5063 Justiﬁcatur

1936 5100 1997 5156 in
2042 5118 2132 5170 eo,
2177 5101 2309 5173 quia
2347 5119 2462 5155 non
2506 5118 2610 5173 per
2652 5103 3072 5157 contumaciam
3112 5103 3421 5170 refutatur,
3466 5103 3563 5157 sed

1935 5212 2039 5266 per
2056 5195 2337 5266 justitiam
2370 5195 2470 5250 Dei
2499 5213 2710 5250 munus
2734 5196 3062 5267 agnoscitur
3091 5211 3104 5248 :
3133 5216 3159 5244 ‹‹
3186 5197 3371 5249 Justus
3403 5195 3559 5250 enim

1936 5288 2231 5357 Dominus,
2265 5292 2322 5344 et
2350 5289 2630 5360 justitiam
2670 5289 2870 5345 dilexit
2906 5290 3069 5358 (Psat.
3109 5304 3162 5356 Χ,
3201 5290 3276 5357 8).
3318 5309 3345 5339 ››
3393 5290 3456 5343 In
3493 5306 3563 5345 eo

1939 5400 2079 5455 ergo
2100 5384 2429 5453 justiﬁcatio
2467 5384 2570 5438 Dei
2599 5387 2701 5452 est,
2731 5383 2919 5437 sinon
2952 5383 3024 5437 ad
3062 5382 3326 5452 indignos
3362 5385 3419 5437 et
3455 5382 3557 5437 ob-

219 5568 343 5620 nata
386 5570 476 5620 est
518 5566 648 5639 (87),
699 5567 822 5622 haec
872 5568 1076 5622 creata.
1131 5566 1253 5622 Alia
1305 5568 1582 5639 sapientia
1638 5571 1839 5624 auctor
1938 5570 2196 5627 videatur
2234 5575 2290 5627 et
2325 5571 2506 5643 justos
2541 5587 2641 5626 sua
2672 5586 2915 5625 munera
2955 5568 3324 5625 transtulisse.
3353 5568 3562 5624 Justiﬁ-

275 5688 369 5747 (87)
396 5687 554 5739 Rom.
597 5688 728 5739 edit.
769 5689 905 5749 sola,
936 5688 1036 5739 illa
1074 5690 1253 5752 genita
1287 5696 1375 5740 est.
1418 5689 1527 5741 Sed
1568 5701 1836 5755 quorsum
1939 5698 2126 5745 cantat
2151 5694 2421 5752 Ecclesia,
2455 5705 2568 5742 non
2608 5693 2774 5745 modo
2803 5691 3026 5758 genitus,
3054 5704 3251 5744 verum
3288 5692 3455 5743 etiam
3497 5703 3565 5742 ex

224 5755 317 5805 ista
350 5762 600 5821 mutatio,
651 5774 782 5811 cum
827 5759 1082 5812 Christus
1126 5763 1333 5825 passim
1374 5762 1430 5811 in
1474 5763 1697 5827 scriptis
1734 5764 1837 5813 Pa-

222 5832 377 5892 trum,
406 5835 681 5899 variisque
707 5832 989 5901 Symbolis
1019 5846 1147 5899 quae
1176 5838 1231 5885 et
1259 5834 1472 5899 recipit,
1503 5838 1559 5885 et
1586 5835 1839 5901 quotidie

1940 5767 2099 5815 Patro
2130 5769 2290 5815 natus
2318 5764 2575 5815 dicatur?
