3926 6168
474 236 492 286 1
513 238 612 289 755

1939 239 1993 291 S.
2037 237 2352 293 AMBROSII

3645 248 3745 299 1756

465 373 662 412 cemns
687 357 869 428 igitur
905 359 1228 427 Dominum,
1263 363 1325 414 ut
1347 360 1730 431 justiﬁcemur
1759 378 1791 414 a
1829 362 2090 416 Domino.
2118 374 2392 445 Aomnes
2424 361 2649 431 justitia
2687 365 2959 427 servatur,
2993 365 3052 415 ut
3088 360 3365 431 susceptio
3400 361 3491 416 fiat
3525 363 3752 433 ﬁdelium,

537 454 587 503 3.
624 451 770 518 Quid
806 452 1200 523 sitjustilicari
1243 455 1440 520 Deum,
1476 454 1789 525 impensius
1835 455 2088 525 requira-

466 562 612 599 mus.
664 546 962 616 Apostolus
1005 546 1140 601 dicit
1187 565 1197 601 :
1251 571 1277 597 «
1327 549 1411 602 Sit
1455 553 1647 602 autem
1699 550 1843 602 Deus
1889 565 2090 616 verax,

465 639 650 694 omnis
677 643 866 694 autem
896 640 1066 694 homo
1094 643 1358 707 mendax,
1390 643 1536 696 sicut
1565 643 1839 712 scriptum
1869 647 1954 696 est
1986 665 1995 695 :
2025 644 2095 697 Ut

459 733 784 803 justiﬁceris
825 733 883 788 in
918 735 1279 789 sermonibus
1315 736 1446 803 tuis,
1481 742 1536 790 et
1570 736 1761 790 vincas
1791 736 2093 806 cumjudi-

467 825 608 880 caris
641 827 831 894 (Rom.,
873 845 948 894 ιιι,
989 831 1055 892 4;
1091 831 1236 884 Psal.
1271 847 1320 898 1.,
1351 831 1426 898 6).
1460 850 1486 877 »
1531 829 1704 884 David
1743 845 1971 901 quoque
2006 829 2091 883 di-

465 919 540 973 cit
579 938 591 973 :
634 941 660 968 «
692 920 812 974 Tibi
855 921 958 975 soli
1003 923 1249 992 peccavi,
1289 927 1345 977 et
1385 923 1596 977 malum
1636 939 1828 977 coram
1871 928 1926 977 te
1966 923 2091 989 feci,

465 1018 530 1068 ut
569 1013 893 1083 justiﬂceris
937 1015 996 1069 in
1040 1017 1401 1070 sermonibus
1441 1017 1574 1084 tuis,
1629 1020 1686 1070 et
1732 1017 1924 1071 vincas
1965 1034 2095 1072 cum

457 1106 729 1176 judicaris
765 1109 925 1175 (Psal.
957 1127 1005 1176 L,
1036 1111 1106 1177 6).
1143 1131 1170 1159 »
1213 1112 1360 1181 Ergo
1399 1110 1444 1163 is
1481 1111 1578 1180 qui
1623 1114 1833 1180 peccat,
1867 1114 1922 1165 et
1962 1127 2091 1164 con-

463 1201 657 1254 ﬁtetur
711 1203 822 1256 Deo
879 1207 1196 1273 peccatum,
1243 1202 1518 1274 justiﬁcat
1566 1205 1742 1259 Deum
1790 1205 1993 1259 cedens
2043 1205 2093 1258 ei

468 1294 734 1364 vincenti,
778 1297 934 1350 etab
970 1313 1036 1350 eo
1074 1297 1316 1368 gratiam
1360 1313 1612 1368 sperans.
1656 1301 1716 1353 ln
1751 1297 2093 1369 baptismate

468 1388 644 1458 igitur
676 1389 1023 1460 justilicatur
1066 1393 1226 1457 Deus,
1258 1391 1315 1444 in
1359 1408 1472 1462 quo
1515 1396 1598 1446 est
1629 1392 1906 1446 confessio
1936 1392 2089 1463 (87"),

469 1487 525 1535 et
554 1483 718 1537 venia
749 1487 1138 1552 peccatorum.

535 1574 789 1648 1385
822 1579 873 1630 4.
908 1579 1029 1632 Non
1061 1583 1494 1633 contemnamus
1524 1579 1700 1651 igitur
1725 1579 1868 1634 sicut
1896 1579 2092 1634 Phari-

465 1668 561 1723 saei
589 1669 888 1724 consilium
920 1670 1036 1725 Dei.
1067 1673 1377 1727 Consilium
1414 1673 1509 1726 Dei
1543 1677 1627 1727 est
1655 1673 1712 1727 in
1749 1673 2093 1744 baptismate

2196 454 2423 524 rejectio
2469 455 2840 526 perlidorum.
2871 454 3031 508 Unde
3075 455 3332 525 plerique
3375 455 3534 510 Graeci
3572 459 3638 512 sic
3675 461 3754 514 ha-

2195 548 2332 602 bent
2364 565 2376 602 :
2405 551 2710 617 Justificata
2752 555 2828 604 est
2859 549 3145 617 Sapientia
3185 549 3252 601 ab
3294 551 3520 604 omnibus
3556 554 3760 620 operibus

2193 644 2332 707 suis;
2382 642 2532 712 quod
2579 657 2721 712 opus
2756 640 2995 711 justitiae
3037 640 3140 708 sit,
3185 640 3332 694 circa
3378 642 3760 716 uniuscujusque

2195 735 2465 789 meritum
2493 752 2551 788 se
2560 751 2716 788 rvare
2752 750 3015 789 mensura
3024 751 3078 788 Π]
3087 775 3099 788 .

2268 833 2318 882 7.
2354 829 2499 884 Bene
2525 845 2664 899 ergo
2696 828 2832 882 dicit
2861 845 2873 881 :
2910 830 3260 886 Cantavimus
3289 829 3452 890 vobis,
3481 835 3525 884 et
3556 847 3650 885 non
3683 835 3766 885 sal-

2196 926 2369 977 tastis.
2402 921 2653 976 Cantavit
2681 921 2837 976 enim
2862 923 3072 992 Moyses
3100 921 3326 993 quando
3358 922 3412 976 in
3442 924 3573 976 mari
3611 925 3768 979 Rubro

2195 1015 2263 1069 ad
2295 1017 2595 1070 transitum
2624 1016 2946 1070 Judaeorum
2987 1015 3190 1070 ﬂuctus
3223 1015 3486 1086 obriguit,
3524 1017 3654 1070 unda
3683 1019 3768 1072 cir-
3839 1072 3842 1074 ν

2196 1109 2498 1176 cumstetit,
2529 1109 2845 1180 eademque
2887 1125 3063 1179 equos
3103 1109 3510 1180 Egyptiorum,
3552 1126 3768 1165 ascenso-

2197 1218 2401 1273 resque
2458 1204 2644 1256 refusa
2694 1203 2960 1257 demersit
3015 1203 3235 1269 (Exod,
3295 1219 3382 1272 xv,
3447 1208 3509 1271 t).
3562 1206 3773 1258 (laniavit

2198 1296 2368 1352 Isaias
2405 1296 2620 1351 dilectae
2651 1296 2828 1351 vinea).
2856 1296 2962 1365 (89)
2993 1313 3108 1350 suae
3146 1295 3426 1350 canticum
3466 1299 3602 1366 (Isa.,
3633 1314 3680 1363 v,
3717 1301 3772 1365 1),

2197 1390 2519 1460 signiﬁcans
2557 1406 2812 1461 asperam
2853 1389 3086 1461 ﬂagitiis
3126 1390 3248 1445 fore
3284 1390 3521 1461 plebem,
3560 1408 3675 1462 quae
3711 1392 3773 1446 fe-

2198 1483 2397 1538 cundis
2427 1483 2583 1554 prius
2618 1490 2738 1537 erat
2776 1483 3073 1538 virtutibus
3105 1484 3411 1538 fructuosa.
3441 1487 3776 1540 Cantaverunt

2198 1577 2438 1645 Hebraei,
2471 1593 2603 1632 cum
2633 1576 2867 1647 vestigia
2909 1594 3108 1631 eorum
3153 1581 3305 1632 tactu
3349 1577 3584 1632 ﬂammaa
3615 1595 3778 1632 roran-

2197 1671 2266 1724 tis
2294 1671 2710 1737 humescerent,
2741 1675 2798 1725 et
2833 1671 2985 1725 intus
3025 1675 3295 1742 extraque
3335 1671 3648 1726 ardentibus
3679 1688 3779 1725 om-

463 1763 742 1818 Joannis:
777 1764 903 1835 quis
941 1765 1116 1834 igitur
1150 1765 1371 1820 dubitet
1407 1767 1502 1820 Dei
1542 1783 1660 1820 esse
1696 1767 1995 1822 consilium
2037 1767 2093 1821 in
2119 1745 2170 1814 B
2197 1764 2384 1834 nibus,
2427 1764 2575 1819 solos
2628 1771 2818 1819 tamen
2869 1765 3018 1836 ignis
3066 1765 3332 1819 innoxius
3376 1764 3655 1833 lamberet,
3699 1782 3781 1819 nec

463 1857 666 1914 Christi
722 1858 984 1912 lavacro?
1039 1860 1149 1913 Hoc
1202 1863 1284 1912 est
1342 1859 1639 1914 consilium
1693 1861 1847 1931 quod
1900 1861 2093 1932 magni

465 1951 679 2006 consilii
724 1953 973 2023 Angelus
1019 1953 1263 2023 reperit,
1313 1954 1463 2024 quod
1525 1970 1695 2008 nemo
1759 1955 2020 2025 cognovit
2077 1971 2089 2008 :

469 2068 493 2094 ‹‹
545 2046 677 2109 Quis
724 2047 875 2100 enim
920 2047 1184 2118 cognovit
1227 2063 1458 2101 sensum
1511 2048 1733 2101 Domini
1775 2049 1968 2117 (Rom,
2015 2065 2091 2114 xi,

464 2138 592 2205 34)?
640 2160 666 2186 »
723 2139 978 2194 Hominis
1025 2140 1327 2194 consilium
1377 2157 1544 2194 nemo
1599 2141 1945 2208 contemnit,
1999 2142 2092 2194 Dei

464 2232 764 2286 consilium
815 2234 940 2305 quis
995 2234 1236 2289 refutet?
1281 2236 1428 2305 Ergo
1489 2234 1649 2306 quasi
1699 2234 1800 2288 lilii
1848 2239 2094 2290 matrem

457 2328 857 2398 justificemus,
899 2334 1143 2382 matrem
1182 2345 1508 2398 sequamur.
1547 2328 1770 2383 Scimus
1806 2328 1938 2399 quia
1971 2345 2089 2383 ma-

464 2426 549 2477 ter
591 2439 695 2494 pro
750 2423 876 2477 ﬁliis
919 2439 978 2475 se
1025 2421 1190 2476 olfert
1237 2422 1511 2493 periculo.
1563 2422 1750 2477 Matris
1796 2423 2092 2493 sapientiae

463 2516 696 2571 consilio
729 2519 857 2588 (88),
893 2516 1090 2570 matris
1117 2516 1456 2570 obediamus
1482 2515 1740 2588 imperio.

535 2611 707 2676 (Vers.
760 2609 871 2680 32.)
926 2609 1277 2665 Cantavimus
1322 2612 1502 2673 vobis,
1561 2618 1611 2664 et
1666 2627 1774 2665 non
1820 2611 2088 2674 saltastis;

463 2705 893 2766 lamentavimus,
923 2709 971 2758 et
996 2719 1104 2758 non
1124 2705 1406 2774 plorastis.

632 2797 742 2851 Etsi
773 2815 886 2852 non
921 2798 1238 2869 incongrua
1281 2799 1402 2854 haec
1444 2815 1754 2870 puerorum
1798 2798 2094 2853 videantur

463 2907 580 2944 esse
622 2907 902 2962 personae,
933 2892 1028 2963 qui
1071 2891 1251 2946 levem
1298 2892 1551 2963 corporis
1599 2899 1819 2946 motum
1867 2892 2090 2962 impru-

465 2985 664 3038 dentia
693 2985 879 3040 adhuc
909 2985 1234 3039 maturioris
1263 2986 1553 3056 gravitatis
1582 2991 1866 3051 exercent,
1901 2992 2092 3040 tamen

462 3079 531 3132 ad
585 3078 842 3132 altiorem
897 3095 1127 3132 sensum
1177 3079 1378 3133 referri
1437 3095 1597 3150 posse
1652 3095 1972 3150 praesumo,
2025 3096 2091 3133 eo

463 3172 617 3243 quod
669 3171 962 3226 videantur
1004 3171 1205 3236 Judaei,
1257 3189 1360 3225 nec
1415 3172 1653 3244 psalmis
1708 3172 1924 3242 primo,
1988 3189 2091 3226 nec

464 3265 679 3319 threnis
723 3268 921 3334 postea
969 3263 1310 3335 propheticis
1351 3265 1656 3320 credidisse
1695 3283 1707 3320 :
1745 3266 1974 3336 psalmis
2017 3267 2090 3320 ad

462 3357 701 3429 praemia
732 3358 1038 3429 provocati,
1068 3358 1286 3412 threnis
1323 3359 1394 3413 ab
1427 3375 1617 3414 errore
1643 3361 1908 3415 revocati.
1942 3363 2087 3416 Can-

465 3452 600 3506 tavit
648 3451 838 3517 David,
879 3455 944 3505 ut
976 3452 1035 3505 in
1077 3452 1337 3506 salicibus
1379 3459 1572 3508 nostra
1615 3454 2091 3524 suspenderemns

465 3562 683 3617 organa
734 3546 899 3616 (Psal.
951 3562 1165 3615 cxxxvr,
1216 3550 1288 3615 2).
1347 3547 1604 3602 Cantavit
1653 3549 1795 3618 ipse,
1850 3552 1909 3603 et
1959 3552 2091 3602 ante

462 3655 652 3695 arcam
691 3640 915 3695 Domini
955 3656 1072 3694 non
1113 3657 1215 3711 pro
1246 3639 1490 3708 lascivia,
1537 3641 1636 3695 sed
1673 3658 1773 3712 pro
1813 3642 2089 3714 religione

465 3733 682 3788 saltavit
739 3734 803 3804 (Il
857 3738 1010 3804 Reg.,
1067 3751 1142 3798 γι,
1199 3734 1308 3805 24).
1370 3736 1520 3805 Ergo
1577 3751 1688 3788 non
1749 3735 2092 3790 histrionicis

464 3827 712 3882 motibus
749 3827 962 3882 sinuati
1001 3827 1250 3898 corporis
1285 3829 1478 3895 saltus,
1519 3829 1614 3883 sed
1653 3828 1896 3900 impigra
1926 3845 2087 3885 men-

463 3924 554 3988 tis,
602 3927 658 3977 et
702 3922 964 3993 religiosa
1010 3921 1263 3993 corporis
1303 3923 1532 3993 agilitas
1573 3923 1928 3994 designatur.
1977 3923 2087 3978 Sed

467 4033 582 4071 non
615 4016 672 4070 in
703 4015 1027 4086 triumphis,
1061 4033 1172 4070 non
1207 4016 1262 4069 in
1293 4017 1521 4071 excidiis
1546 4017 1868 4071 Judaaorum
1901 4021 2092 4072 secuta

462 4110 733 4164 correctio
782 4116 895 4177 est,
943 4109 1038 4180 qui
1085 4109 1287 4164 divinae
1333 4110 1708 4179 indulgentia
1759 4111 2091 4166 muneribus

460 4203 768 4275 provocati,
798 4204 984 4258 levare
1011 4208 1285 4269 mentem,
1312 4221 1518 4274 corpus
1548 4206 1827 4271 attollere,
1863 4209 2091 4259 terrena

461 4297 740 4366 deserere,
787 4297 1031 4351 caelestia
1077 4313 1333 4368 quaerere
1380 4297 1718 4366 debuerunt,
1768 4301 1825 4351 et
1869 4298 2092 4369 injuriis

459 4390 797 4463 captivitatis
844 4391 1043 4460 attriti,
1097 4390 1306 4446 deﬂere
1349 4394 1665 4462 peccatum,
1718 4391 1871 4463 quod
1925 4392 2091 4463 culpa

461 4489 612 4541 esset
635 4490 832 4542 auctor
860 4485 1106 4557 injuriae.

532 4584 582 4634 6.
625 4581 798 4650 (Vers.
841 4580 952 4649 35.)
997 4582 1301 4648 Justiﬁcata
1345 4587 1421 4636 est
1473 4581 1648 4651 (ergo)
1695 4580 1978 4652 Sapientia
2023 4582 2091 4633 ab

459 4674 708 4732 omnibus
756 4674 884 4742 filiis
932 4677 1063 4728 suis.
1115 4677 1262 4729 Bene
1307 4674 1376 4728 ab
1429 4673 1714 4740 omnibus,
1766 4673 1903 4744 quia
1949 4673 2092 4727 circa

520 4809 639 4869 (87')
694 4805 854 4856 Hanc
904 4805 1097 4868 primis
1145 4805 1413 4856 Ecclesiae
1470 4805 1817 4868 temporibus
1877 4809 2094 4856 constat

459 4879 767 4930 obtinuisse
838 4877 1340 4936 consuetudinem,
1404 4881 1466 4927 ut
1535 4890 1692 4926 sacro
1764 4877 2093 4941 baptismate

459 4949 723 5002 abluendi
763 4962 874 4998 non
916 4948 1081 4998 modo
1119 4949 1348 5011 jejuniis
1386 4950 1553 5011 atque
1587 4948 1930 4997 orationibus
1972 4961 2093 4998 sese

459 5023 528 5072 ad
557 5024 967 5072 sacramentum
1006 5020 1443 5084 regenerationis
1477 5023 1868 5083 praepararent,
1900 5033 2093 5070 verum

459 5095 624 5145 etiam
670 5093 1018 5144 confessione
1064 5095 1438 5156 peccatorum.
1486 5091 1669 5154 Hujus
1714 5093 1882 5141 moris
1935 5093 2093 5142 testis

460 5164 723 5229 Cyrillus,
761 5165 976 5214 Hieros.
1025 5162 1250 5214 Catech.
1297 5164 1349 5221 l;
1396 5161 1555 5225 Greg.
1598 5161 1778 5224 Nysa,
1817 5161 1964 5213 Orat.
2011 5162 2093 5223 40,

459 5238 519 5288 in
565 5251 784 5288 sacrum
833 5236 1144 5295 lavacrum;
1189 5234 1407 5299 Chrys,
1457 5234 1606 5284 hom.
1659 5233 1735 5293 10,
1788 5235 1843 5283 in
1891 5248 1938 5284 c.
1992 5247 2092 5284 xm

460 5307 675 5370 Matth,
713 5311 768 5359 et
797 5307 1074 5366 Socrates,
1100 5308 1234 5357 Hist.
1273 5306 1469 5367 eccles.,
1497 5307 1532 5354 1.
1562 5319 1617 5364 v,
1645 5319 1693 5354 c.
1723 5306 1779 5354 17
1815 5321 1825 5354 :
1860 5305 2091 5366 Tertul.,

463 5379 558 5428 lib.
590 5380 663 5428 De
686 5378 904 5443 baptis,
937 5393 985 5429 c.
1017 5380 1094 5440 19,
1126 5383 1183 5430 et
1214 5378 1323 5428 alii.
1359 5377 1564 5428 Verum
1595 5375 1742 5425 hanc
1784 5375 2094 5426 confessio-

462 5462 593 5499 nem
623 5453 1035 5500 sacramentum
1060 5464 1173 5500 non
1205 5450 1394 5511 fuisse,
1425 5447 1522 5498 sed
1555 5449 1771 5497 tantum
1796 5445 1867 5496 ad
1893 5447 2096 5510 baptis-

462 5532 617 5569 mum
655 5519 966 5582 religiosius
1007 5521 1426 5585 suscipiendum
1482 5519 1904 5583 dispositionem
1957 5532 2098 5582 pru—

463 5590 656 5640 denter
680 5591 970 5641 admonuit
1002 5593 1300 5643 Menardus
1334 5595 1522 5643 noster
1556 5592 1620 5640 In
1651 5590 1887 5640 Sacram.
1919 5589 2094 5654 Greg.,

463 5673 586 5726 pag.
622 5659 732 5718 138,
763 5673 930 5723 quem
959 5664 1207 5713 consule.

525 5730 624 5792 (88)
653 5728 783 5779 Mss.
811 5744 923 5780 non
948 5733 1342 5795 pauci,Matris
1373 5735 1631 5799 sapientis
1657 5733 1894 5785 consilio.
1919 5733 2094 5795 Unus,

460 5799 653 5852 Matris
683 5801 975 5864 sapientiae,
1016 5806 1204 5856 matris
1244 5807 1481 5856 consitio.
1528 5807 1724 5858 Melius
1765 5806 1878 5869 alii,
1929 5810 2096 5870 atque

2192 1858 2462 1913 adureret
2509 1859 2689 1926 (Dan.,
2733 1876 2814 1925 ιιι,
2863 1861 2971 1927 24).
3023 1859 3274 1912 Habacuc
3326 1875 3549 1930 quoque
3596 1859 3781 1912 cantico

2194 1952 2480 2022 publicam
2525 1953 2720 2006 doctus
2766 1953 3019 2006 mulcere
3066 1952 3420 2017 maestitiam,
3464 1952 3784 2023 prophetavit

2195 2046 2419 2100 dulcem
2470 2046 2690 2100 Domini
2731 2047 2854 2102 fore
2905 2045 3168 2100 fidelibus
3213 2046 3526 2117 passionem
3567 2046 3783 2115 (Habeo,

2196 2156 2277 2208 ιιι,
2304 2138 2380 2206 2).
2413 2139 2800 2194 Cantaverunt
2828 2156 2967 2210 ergo
3001 2139 3298 2211 prophetae
3334 2138 3666 2210 spiritalibus
3693 2155 3788 2193 mo-

2193 2233 2340 2288 dulis
2366 2233 2607 2304 publicae
2637 2233 2829 2288 salutis
2859 2233 3090 2287 oracula
3123 2234 3488 2287 resultantes.
3522 2234 3790 2287 Fleverunt

2194 2328 2486 2399 propheta:
2531 2327 2746 2382 threnis
2780 2327 3063 2383 ﬂebilibus
3100 2326 3245 2381 dura
3280 2327 3604 2382 Iudaeorum
3649 2326 3791 2381 corda

2195 2422 2529 2476 mulcentes.

2265 2518 2316 2569 8.
2377 2515 2575 2569 Docuit
2627 2532 2726 2570 nos
2775 2515 3065 2587 Scriptura
3115 2520 3350 2571 cantare
3400 2515 3640 2587 graviter
3687 2515 3791 2584 (90),

2193 2610 2432 2680 psallere
2482 2609 2818 2680 spiritaliter
2867 2611 3034 2679 (Psal.
3092 2626 3231 2677 vax,
3279 2611 3356 2679 8).
3404 2609 3600 2665 Docuit
3647 2609 3791 2662 etiam

2194 2705 2395 2758 saltare
2445 2704 2761 2774 sapienter,
2811 2703 3034 2757 dicente
3088 2703 3326 2758 Domino
3382 2704 3462 2758 ad.
3501 2702 3736 2758 Ezechiel
3780 2717 3789 2754 :

2199 2818 2225 2847 «
2261 2797 2473 2851 Plaude
2511 2813 2704 2864 manu,
2744 2801 2798 2851 et
2824 2800 3054 2868 percute
3083 2797 3228 2869 pede
3267 2798 3502 2867 (Ezech.,
3545 2814 3614 2863 vi,
3647 2800 3740 2864 lli,
3773 2819 3793 2842 ν

2192 2907 2382 2961 neque
2425 2890 2581 2944 enim
2619 2890 2982 2945 histrionicos
3022 2890 3160 2944 ﬂuxi
3202 2890 3458 2961 corporis
3501 2897 3677 2944 motus
3702 2892 3792 2956 (91)

2195 2987 2336 3039 Deus
2369 3001 2594 3038 morum
2625 3001 2828 3039 censor
2855 2985 3136 3055 exigeret,
3170 2990 3268 3039 aut
3308 2983 3567 3057 1386
3593 2983 3790 3037 indeco-

2195 3095 2286 3133 ros
2317 3079 2565 3150 crepitus
2600 3079 2734 3132 viris
2762 3079 2894 3149 (92),
2928 3079 3272 3149 plaususque
3314 3078 3592 3132 femineos
3633 3078 3791 3147 impe-

2145 3165 2166 3190 λ
2196 3176 2365 3240 raret,
2397 3176 2462 3226 ut
2491 3175 2712 3226 tantum
2749 3173 3094 3243 prophetam
3136 3172 3445 3226 deduceret
3487 3171 3555 3225 ad
3584 3168 3792 3224 ludibria

2193 3266 2574 3333 scenicorum,
2616 3271 2671 3319 et
2704 3265 2893 3319 mollia
2922 3265 3288 3320 feminarum.
3330 3267 3454 3320 Non
3499 3265 3793 3334 congruunt

2193 3359 2626 3414 resurrectionis
2666 3359 2908 3414 revelata
2952 3359 3240 3430 mysteria,
3283 3364 3341 3414 et
3381 3357 3674 3430 opprobria
3710 3357 3793 3409 sal-

2195 3454 2418 3508 tationis
2466 3459 2680 3508 exacta.
2725 3453 2878 3508 Sane
2932 3456 3016 3508 est
3059 3453 3291 3524 quidam
3342 3452 3599 3523 proprius
3640 3450 3790 3503 bono-

2192 3564 2320 3601 rum
2360 3553 2589 3601 actuum
2621 3547 3014 3617 factorumque
3055 3547 3304 3616 plausus,
3339 3546 3504 3616 cujus
3547 3559 3707 3600 sonus
3749 3541 3792 3594 in

2192 3641 2390 3695 orbem
2423 3647 2604 3710 exeat,
2637 3646 2695 3694 et
2723 3641 2868 3695 bene
2909 3646 3201 3711 gestorum
3245 3640 3487 3694 resultet
3524 3638 3710 3709 gloria.
3740 3635 3791 3687 El

2193 3735 2433 3790 honesta
2478 3735 2728 3801 saltatio,
2776 3749 2888 3805 qua
2939 3733 3213 3804 tripudiat
3254 3733 3510 3798 animus,
3561 3738 3615 3786 et
3657 3727 3792 3784 bonis

2192 3846 2393 3900 corpus
2431 3829 2696 3899 operibus
2738 3828 3013 3894 elevatur,
3057 3827 3289 3898 quando
3333 3827 3392 3881 in
3428 3825 3680 3880 salicibus
3716 3836 3788 3875 or-

2192 3939 2340 3994 gana
2367 3926 2559 3977 nostra
2587 3921 3007 3993 suspendimus.

2264 4020 2314 4070 9.
2367 4016 2604 4072 Jubetur
2655 4031 2790 4087 ergo
2845 4016 3125 4087 propheta
3177 4014 3450 4085 plaudere
3504 4028 3696 4075 manu,
3749 4011 3790 4059 et

2192 4115 2492 4183 percutere
2520 4111 2668 4182 pede
2697 4127 2708 4163 :
2733 4109 2970 4180 jubetur
2994 4109 3258 4180 psallere,
3295 4109 3430 4178 quia
3459 4105 3644 4178 sponsi
3669 4116 3791 4171 nup-

2195 4205 2297 4260 tias
2331 4205 2452 4275 jam
2493 4204 2739 4270 videbat,
2785 4203 2846 4256 in
2894 4202 3098 4274 quibus
3135 4202 3514 4272 desponsatur
3562 4194 3789 4255 Ecclesia,

2192 4300 2452 4356 Christus
2481 4298 2798 4353 adamatur.
2829 4297 2896 4351 Et
2923 4296 3088 4350 bonae
3116 4295 3351 4366 nuptize,
3384 4293 3606 4366 quando
3641 4288 3792 4345 Verbo

2195 4393 2410 4458 anima,
2447 4390 2668 4463 spiritui
2717 4407 2848 4445 caro
2892 4390 3074 4444 nubit.
3110 4392 3172 4444 In
3211 4389 3304 4442 his
3345 4388 3619 4460 propheta
3648 4379 3788 4438 David

2111 4486 2405 4560 Dnuptiis
2451 4486 2644 4540 ludere
2696 4501 2798 4539 nos
2845 4484 3038 4549 voluit,
3087 4484 3154 4538 ad
3210 4484 3314 4537 has
3366 4480 3634 4548 invitavit,
3682 4475 3790 4548 quia

2197 4598 2326 4635 suos
2362 4584 2614 4651 posteros
2653 4577 2983 4649 copulabat;
3032 4583 3087 4630 et
3126 4576 3251 4630 ideo
3300 4577 3481 4630 laetior
3515 4587 3672 4645 quam
3712 4583 3790 4621 caL

2198 4674 2325 4744 teri,
2355 4672 2519 4744 quasi
2547 4672 2602 4726 in
2644 4671 2764 4743 ipso
2806 4673 2933 4724 actu
2976 4668 3306 4740 nuptiarum
3343 4669 3577 4741 positus,
3614 4681 3703 4719 nos
3735 4659 3790 4714 ad

2195 4805 2350 4865 edit.,
2387 4803 2577 4853 Matris
2611 4802 2895 4865 Sapientiae
2933 4798 3184 4861 consilio;
3223 4805 3287 4850 ut
3322 4812 3523 4864 nempe
3559 4797 3790 4870 referatur

2195 4877 2264 4925 ad
2294 4861 2550 4940 superius
2587 4861 2726 4923 illud
2761 4889 2770 4922 :
2802 4873 2868 4922 Et
2894 4871 3194 4934 justi/iacta
3230 4876 3303 4921 est
3345 4861 3666 4934 Sapientiae
3691 4861 3790 4928 ﬁliis

2195 4960 2322 4996 suis.

2259 5015 2356 5076 (89)
2392 5015 2550 5065 Rom.
2597 5013 2729 5064 edit.
2770 5014 2905 5074 sola,
2936 5014 3182 5062 Cantavit
3216 5013 3391 5062 Isaias
3433 5009 3609 5061 dilecto
3643 5003 3789 5057 dilecti

2193 5089 2375 5146 vineae,
2403 5090 2509 5137 etc.

2259 5160 2355 5223 (90)
2382 5158 2609 5224 Aliquot
2647 5171 2800 5218 mss.,
2831 5156 3007 5206 docuit
3034 5156 3192 5206 etiam
3223 5155 3455 5220 psallere
3479 5152 3736 5216 sapienter.

2258 5235 2354 5294 (91)
2403 5232 2526 5282 Vet.
2585 5230 2737 5290 edit.,
2778 5228 3115 5280 histrionicas
3151 5229 3296 5293 ﬂuxu
3344 5226 3577 5290 corporis
3625 5225 3782 5269 motus.

2195 5306 2352 5358 Rom.
2409 5318 2540 5356 cum
2597 5303 2788 5367 paucis
2841 5315 2993 5362 mss.,
3039 5301 3176 5366 ﬂexu
3226 5301 3488 5364 corporis,
3531 5301 3646 5367 etc.,
3693 5301 3781 5367 non

2196 5378 2357 5428 male.
2386 5361 2805 5426 Plures—tamen
2843 5388 2909 5424 ac
2943 5361 3202 5438 potiores,
3239 5361 3396 5436 μυξη,
3425 5375 3547 5429 etc.,
3583 5366 3675 5415 hoc
3702 5361 3782 5412 est.

2196 5449 2380 5499 mollis
2401 5453 2458 5499 et
2486 5446 2810 5498 eﬂ‘eminati.
3709 5501 3716 5510 ι

2260 5521 2356 5581 (92)
2411 5518 2559 5569 Edit.
2615 5533 2679 5569 ac
2733 5531 2866 5568 mss.
2926 5515 3201 5577 nonnulli,
3257 5513 3526 5564 indecoros
3573 5505 3784 5581 strepitus

2197 5573 2360 5652 viris
2385 5591 2478 5640 alii
2505 5590 2694 5655 plures
2715 5593 2768 5640 et
2797 5589 3164 5654 potiores.....,
3185 5573 3412 5648 crepitus
3430 5582 3568 5632 viris.
3588 5573 3780 5655 bleliuf

2199 5640 2455 5716 solebant
2479 5640 2629 5714 sitim
2649 5640 2816 5712 inter
2835 5640 3163 5710 saltandum,
3181 5640 3369 5722 digitis
3396 5658 3447 5706 et
3473 5640 3781 5713 crepitaculiS

2199 5735 2287 5786 edi
2315 5736 2575 5801 crepitus.
