3972 6174
257 280 368 332 1757

1325 272 1783 329 EXPOSITIONIS
1823 274 1891 327 IN
1929 272 2154 328 LUCAM
2200 273 2320 325 LIB.
2367 272 2451 325 Vl.

3430 277 3562 330 1758

251 400 596 455 celebritatem
656 398 782 452 festi
844 397 1099 452 muneris
1163 397 1501 452 adhortatur
1559 398 1753 452 dicens
1811 413 1824 450 :
1852 411 1907 482 Α
1930 395 2142 452 servitii
2181 395 2500 449 obedientis
2535 395 2808 450 debemus
2840 395 3200 466 obsequium,
3232 397 3435 451 domus
3458 415 3555 452 au-

250 516 271 542 α
297 493 546 547 Exsultate
575 493 685 546 Deo
713 492 960 562 adjutori
987 498 1199 559 nostro,
1225 491 1464 561 jubilate
1493 493 1602 544 Deo
1636 491 1824 545 Jacob.
1863 549 1871 557 ,

246 587 432 642 Sumite
464 586 761 656 psalmum,
811 590 866 640 et
913 585 1038 640 date
1086 589 1447 656 tympanum,
1493 585 1827 656 psalterium

237 681 513 752 jucundum
554 695 686 732 cum
725 679 940 733 cithara
977 681 1143 746 (Psal.
1183 696 1339 745 Lxxx,
1368 682 1422 744 2,
1452 680 1525 748 3).
1564 701 1591 727 »
1632 679 1826 733 Nonne

242 778 402 827 actum
440 773 738 841 quemdam
777 773 1073 844 prOpheta:
1113 773 1372 827 saltantis
1400 773 1688 827 advertis?
1719 773 1824 826 De-

241 867 387 936 nique
438 864 567 918 alibi
621 883 633 919 :
686 887 714 914 «
770 866 1008 920 Psallam
1057 866 1160 920 tibi
1209 865 1267 919 in
1316 866 1548 933 cithara,
1601 871 1828 919 sanctus

239 959 397 1015 Israel.
427 958 763 1013 Gaudebunt
788 959 936 1013 labia
969 976 1101 1013 mea
1128 976 1256 1014 cum
1284 965 1577 1014 cantavero
1617 959 1739 1026 tibi,
1772 962 1828 1012 et

237 1051 401 1105 anima
437 1067 560 1105 mea
605 1068 777 1122 quam
820 1052 1114 1108 redemisti
1150 1053 1316 1121 (Psal.
1355 1069 1476 1120 Lxx,
1523 1057 1610 1119 2'2,
1653 1052 1761 1122 23).
1795 1075 1820 1099 ››

143 1131 156 1204 1
236 1145 387 1199 Audis
427 1145 876 1201 citharizantium
919 1163 1099 1213 voces,
1141 1146 1300 1201 audis
1342 1147 1667 1202 saltantium
1703 1162 1824 1200 cre-

119 1217 149 1276 ἕ
232 1239 394 1310 pitus?
419 1239 650 1310 Nuptias
676 1240 864 1294 crede.

291 1336 362 1387 10.
411 1333 577 1388 Sume
630 1340 684 1388 et
743 1339 806 1388 tu
857 1334 1159 1403 citharam,
1212 1339 1273 1389 ut
1322 1335 1540 1405 pulsata
1591 1333 1828 1404 spiritus

227 1426 409 1496 plectro
455 1427 791 1481 interiorum
837 1428 1051 1482 chorda
1098 1444 1402 1493 venarum,
1450 1427 1586 1481 boni
1635 1427 1826 1498 operis

225 1535 402 1573 sonum
431 1519 652 1574 reddat.
687 1521 861 1576 Sume
893 1521 1244 1592 psalterium,
1280 1526 1340 1575 ut
1368 1520 1668 1575 harmonia
1705 1521 1822 1575 dic-

222 1616 383 1666 torum
405 1614 796 1686 factorumque
825 1620 1054 1669 tuorum
1086 1615 1371 1670 concinat.
1405 1614 1578 1669 Sume
1607 1618 1825 1686 tympa-

222 1723 359 1770 num,
388 1711 450 1760 ut
481 1723 769 1778 organum
807 1709 890 1762 tui
923 1708 1176 1785 corporis
1216 1707 1449 1786 spiritus
1493 1707 1825 1786 moduletur

1377 1782 1534 1798 ψ

1929 496 2042 544 tem
2073 489 2321 544 Simonis
2359 488 2561 559 lcprosi
2601 494 2754 542 terra
2785 504 2926 555 esse,
2968 504 3097 558 quae.
3139 491 3337 544 mundi
3373 493 3557 561 portio

1931 585 2053 638 est?
2084 582 2351 654 Princeps
2377 590 2570 636 autem
2606 582 2797 635 saeculi
2828 581 2999 651 hujus
3036 581 3272 652 quidam
3303 584 3559 654 leprosus

1931 683 2013 732 est
2059 678 2275 733 Simon.
2325 679 2475 747 Ergo
2527 676 2801 730 Dominus
2841 677 3001 729 Jesus
3044 675 3299 732 Christus
3345 693 3409 730 ex
3452 679 3558 733 illis

1927 771 2314 842 superioribus
2350 771 2487 824 locis
2524 770 2678 824 venit
2719 770 2780 822 in
2820 769 2974 824 hunc
3011 769 3317 836 mundum,
3359 775 3414 824 et
3452 771 3552 825 de-

1928 865 2146 920 scendit
2187 865 2247 919 in
2291 869 2531 919 terram.
2577 866 2700 919 Non
2737 869 2861 918 erat
2901 863 2958 917 in
2999 863 3106 918 hoc
3164 863 3408 930 mundo,
3455 865 3556 919 sed

1927 959 2230 1014 obediente
2280 958 2513 1028 pietate,
2561 957 2765 1011 missus
2813 960 2899 1011 est
2949 957 3006 1010 in
3053 958 3207 1012 hunc
3254 959 3551 1013 mundum.

1927 1055 2050 1124 Ipse
2106 1052 2240 1106 dicit
2287 1069 2299 1106 :
2349 1052 2503 1106 Sicut
2556 1050 2756 1104 misisti
2817 1067 2905 1104 me
2958 1050 3016 1104 in
3072 1051 3222 1106 hunc
3277 1052 3554 1108 mundum

1926 1147 2126 1217 (Joan.,
2177 1163 2250 1215 v1,
2299 1148 2407 1216 58).
2463 1145 2690 1200 Audivit
2743 1161 2881 1215 ergo
2934 1144 3142 1200 mulier
3185 1145 3291 1199 ista
3337 1145 3555 1200 venisse

1925 1240 2236 1305 Christum,
2266 1238 2496 1293 intravit
2522 1238 2581 1291 in
2610 1237 2847 1291 domum
2874 1237 3154 1307 Simonis;
3183 1255 3373 1311 neque
3399 1239 3554 1293 enim

1926 1334 2114 1388 sanari
2150 1333 2429 1404 potuisset
2459 1332 2581 1386 haec
2610 1331 2838 1399 mulier,
2871 1330 2979 1385 nisi
3018 1331 3272 1386 Christus
3311 1333 3558 1388 venisset

1925 1428 1986 1482 in
2024 1433 2257 1482 terram.
2302 1429 2367 1481 Et
2403 1427 2641 1480 fortasse
2679 1425 2808 1480 ideo
2851 1425 3026 1480 etiam
3064 1426 3190 1496 ipsa
3229 1427 3556 1497 ingreditur

1925 1523 2160 1577 domum
2203 1520 2464 1586 Simonis,
2512 1519 2663 1590 quod
2715 1519 2962 1590 speciem
3006 1519 3304 1590 cujusdam
3347 1520 3558 1575 habeat

1925 1615 2230 1686 superioris
2270 1614 2482 1668 anima;
2526 1613 2773 1674 scilicet.
2820 1613 2906 1668 vel
2947 1614 3237 1679 Ecclesiae,
3284 1630 3412 1685 quae
3452 1615 3552 1670 de-

1925 1709 2145 1764 scendit
2198 1709 2254 1763 in
2304 1714 2547 1775 terram,
2599 1710 2661 1760 ut
2709 1707 2861 1762 bono
2917 1707 3090 1762 odore
3129 1707 3236 1761 sibi
3276 1709 3552 1779 populum

222 1800 448 1867 interior,
483 1801 760 1872 factisque
799 1803 1170 1873 operantibus
1201 1781 1659 1856 damas—Tigrum
1697 1808 1820 1856 tuo-
1847 1780 1900 1850 Β
1925 1807 2326 1874 congregaret.

219 1910 326 1947 rum
363 1895 605 1949 suavitas
643 1896 1021 1966 exprimatur.
1065 1897 1156 1951 Sic
1197 1895 1472 1968 psallebat
1519 1896 1820 1967 propheta,

219 2003 327 2042 cum
366 1988 623 2043 diceret:
665 2012 691 2038 «
731 1990 867 2044 Veni
913 1991 1024 2044 huc
1065 2008 1098 2044 a
1138 1990 1378 2056 Libano,
1420 2007 1650 2061 sponsa,
1694 1991 1820 2044 veni

217 2083 308 2135 huc
331 2100 357 2135 a
385 2082 595 2137 Libano
627 2083 825 2152 (Cant.,
853 2101 925 2151 ιν,
955 2087 1029 2152 8).
1065 2108 1092 2134 ››

277 2179 347 2228 ll.
394 2179 504 2231 Hoc
553 2177 837 2232 canticum
884 2179 1216 2232 cecinerunt.
1257 2179 1449 2248 pueri,
1494 2194 1600 2232 nec
1645 2177 1822 2232 auditi

214 2275 337 2324 sunt.
380 2270 483 2333 Qui
532 2271 732 2341 pueri?
775 2272 849 2325 De
889 2271 1094 2342 quibus
1133 2271 1268 2326 dicit
1301 2288 1314 2326 :
1349 2293 1376 2319 ‹‹
1419 2273 1557 2326 Ecce
1602 2288 1733 2342 ego,
1767 2273 1824 2326 et

213 2362 344 2430 pueri
381 2379 526 2433 quos
571 2363 776 2418 dedisti
816 2365 958 2419 mihi
997 2367 1145 2433 (lsa.,
1193 2382 1306 2432 vui,
1348 2368 1453 2432 18).
1495 2388 1520 2413 ››
1565 2365 1674 2420 Sed
1716 2365 1822 2420 hoc

212 2455 462 2510 canticum
508 2473 626 2512 non
671 2458 727 2511 in
773 2459 918 2522 foro,
967 2475 1082 2513 non
1130 2459 1187 2512 in
1235 2459 1438 2530 plateis
1481 2458 1816 2524 cauebatur,

212 2548 288 2602 sed
328 2550 385 2603 in
428 2552 772 2618 Jerusalem;
821 2553 946 2623 ipsa
993 2559 1079 2606 est
1123 2553 1279 2606 enim
1331 2553 1689 2606 Dominicum
1742 2552 1822 2606 fo-

212 2656 335 2708 rum,
381 2644 435 2698 in
494 2661 616 2717 quo
669 2650 1085 2717 praeceptorum
1135 2647 1450 2701 cmlestium
1494 2647 1626 2716 jura
1680 2663 1816 2701 con-

215 2734 421 2791 duntur.

269 2830 426 2885 .'Ve1‘s.
480 2836 594 2900 37.)
644 2837 710 2888 Et
759 2850 869 2888 ecce
913 2836 1104 2890 mulier
1152 2851 1272 2904 qua:
1324 2839 1439 2890 erat
1489 2836 1546 2888 in
1599 2837 1818 2888 civitate

208 2928 474 2987 peccatrim.

273 3018 342 3069 l2.
382 3019 493 3073 Hoc
532 3019 660 3074 loco
699 3021 958 3093 plerique
1001 3024 1117 3094 pati
1157 3023 1419 3078 videntur
1457 3022 1813 3092 scrupulum,

212 3113 257 3161 et
293 3125 465 3166 serere
509 3113 878 3183 quaestiones,
927 3120 1260 3170 utrumnam
1306 3116 1603 3170 videantur
1646 3132 1812 3169 evan-

211 3202 402 3270 gelista;
439 3205 561 3259 duo
603 3206 944 3262 discordasse
985 3210 1054 3264 de
1095 3209 1232 3276 fide;
1281 3225 1354 3263 an
1393 3225 1525 3264 vero
1564 3209 1816 3280 aliquam

210 3293 256 3346 in
298 3295 580 3352 dictorum
628 3298 952 3356 diversitate
1004 3302 1394 3357 diversitatem
1436 3303 1664 3373 signare
1716 3318 1812 3355 vo-

208 3387 351 3443 luisse
397 3391 696 3462 mysterii?
743 3393 924 3447 Habes
969 3396 1122 3450 enim
1167 3398 1224 3449 in
1269 3396 1576 3466 Evangelia
1620 3412 1816 3450 secun-

176 3481 326 3536 °dum
368 3485 706 3540 Matthaaum
744 3487 874 3557 quia
904 3507 931 3534 ‹‹
966 3489 1124 3542 Jesus
1163 3506 1294 3544 cum
1331 3492 1572 3544 venisset
1610 3490 1668 3543 in
1710 3491 1812 3544 Be—

206 3575 459 3645 thaniam,
506 3580 570 3633 in
621 3580 855 3634 domum
901 3581 1146 3636 Simonis
1192 3583 1417 3654 leprosi,
1462 3583 1699 3638 accessit
1741 3584 1813 3637 ad

206 3686 318 3724 eum
348 3674 558 3728 mulier
595 3673 813 3728 habens
849 3675 1188 3730 alabastrum
1236 3678 1515 3748 unguenti
1557 3677 1810 3748 pretiosi,

205 3767 252 3816 et
285 3767 650 3822 recumbente
684 3768 800 3834 illo,
831 3768 975 3823 fudit
1001 3785 1170 3840 super
1205 3774 1373 3841 caput
1407 3772 1529 3841 ejus
1567 3772 1809 3842 (Matth.,

207 3873 334 3925 xxvi,
368 3863 418 3926 6,
455 3862 536 3932 7).
575 3882 603 3910 »
641 3861 857 3916 Deinde
892 3861 1056 3917 isthic
1096 3881 1108 3918 ε
1139 3884 1165 3912 ‹‹
1207 3864 1519 3919 Pharisaeus
1563 3865 1712 3920 intra
1755 3883 1814 3921 se

203 3950 319 4008 dicit
367 3955 531 4026 quod
559 3955 604 4009 si
635 3961 778 4011 esset
804 3957 1103 4028 propheta,
1136 3958 1305 4013 sciret
1329 3963 1726 4029 peccatricem,
1757 3963 1813 4014 et

206 4059 553 4120 unguentum
582 4049 705 4120 ejus
729 4050 904 4104 vitare
933 4050 1165 4105 deberet
1188 4051 1364 4121 (Luc.,
1395 4069 1485 4119 vn,
1510 4054 1618 4124 39).
1645 4076 1672 4103 ››
1700 4054 1812 4108 lllic

203 4152 475 4215 unguento
507 4144 688 4199 effuso
719 4144 980 4216 discipuli
1017 4149 1464 4216 conqueruntur.
1495 4149 1811 4218 Utrumque

202 4236 356 4307 igitur
385 4238 792 4311 explicandum
834 4242 940 4307 est,
978 4239 1077 4294 sed
1114 4244 1243 4293 ante
1277 4240 1433 4311 quod
1470 4240 1810 4312 scriptorum

201 4332 383 4387 ordine
427 4333 589 4404 prius
629 4336 730 4398 est,
775 4331 1024 4403 priorem
1067 4349 1292 4404 quoque
1334 4333 1597 4389 ordinem
1634 4335 1808 4390 inter-

204 4427 524 4492 pretationis
554 4426 812 4496 accipiat.

2001 1899 2084 1951 14.
2113 1897 2290 1965 (Vers.
2319 1895 2429 1965 38.)
2461 1897 2617 1950 Hanc
2645 1911 2784 1966 ergo
2813 1895 3116 1950 mulierem
3149 1895 3364 1950 inducit
3395 1911 3550 1949 sanc-

1927 1995 2015 2045 tus
2071 1991 2362 2044 Mattheus
2417 2006 2590 2060 supra
2649 1996 2817 2061 caput
2880 1989 3090 2046 Christi
3158 1989 3550 2044 effundentem

1928 2089 2288 2155 unguentum
2327 2084 2566 2152 (Matth,
2604 2100 2749 2151 xxvn,
2798 2084 2882 2155 7);
2929 2087 2987 2138 et
3019 2084 3147 2138 ideo
3184 2084 3332 2138 forte
3370 2082 3557 2137 noluit

1925 2178 2110 2233 dicere
2152 2178 2552 2249 peccatricem,
2592 2194 2728 2232 nam
2765 2177 3051 2249 peccatrix
3092 2177 3404 2232 secundum
3448 2177 3550 2230 Lu-

1923 2289 2048 2326 cam
2081 2288 2251 2343 supra
2277 2272 2482 2328 Christi
2516 2271 2690 2342 pedes
2719 2271 2919 2326 eﬂ'udit
2947 2275 3330 2342 unguentum.
3365 2272 3557 2324 Potest

1923 2382 2060 2437 ergo
2093 2383 2208 2420 non
2239 2365 2441 2420 eadem
2479 2382 2621 2434 esse,
2656 2383 2726 2420 ne
2763 2365 2868 2419 sibi
2909 2365 3261 2420 contrarium
3303 2381 3551 2435 evange-

1921 2460 2066 2514 listae
2111 2459 2314 2514 dixisse
2359 2459 2660 2514 videantur
2705 2458 2831 2530 (93).
2870 2461 3060 2514 Potest
3101 2459 3273 2513 etiam
3313 2459 3553 2530 quaestio

1921 2554 2109 2609 meriti
2158 2558 2213 2607 et
2253 2554 2525 2624 temporis
2574 2553 2896 2607 diversitate
2947 2552 3204 2619 dissolvi,
3255 2557 3315 2606 ut
3366 2551 3552 2605 adhuc

1919 2648 2016 2702 illa
2060 2647 2350 2719 peccatrix
2396 2647 2485 2713 sit,
2523 2647 2648 2717 jam
2703 2647 2810 2700 ista
2855 2646 3181 2717 perfectior.
3230 2645 3347 2699 Etsi
3395 2645 3551 2700 enim

1920 2758 2224 2812 personam
2275 2758 2388 2796 non
2437 2745 2621 2795 mutet
2671 2740 2934 2806 Ecclesia,
2974 2741 3059 2794 vel
3097 2739 3312 2806 anima,
3359 2742 3550 2793 tamen

1918 2841 2105 2890 mutat
2131 2834 2467 2906 profectum.
2494 2836 2692 2904 Itaque
2720 2835 2764 2887 si
2798 2834 3103 2888 constituas
3130 2833 3387 2887 animam
3413 2832 3551 2886 fide-

1915 2929 2045 2985 liter
2094 2929 2654 3000 appropinquantem
2708 2929 2842 2994 Deo,
2899 2943 3016 2982 non
3070 2926 3313 2997 peccatis
3366 2926 3547 2997 turpi-

1915 3025 2020 3079 bus
2046 3029 2102 3078 et
2132 3022 2429 3087 obscoenis,
2452 3021 2548 3075 sed
2581 3021 2670 3092 pie
2697 3021 3041 3074 servientem
3070 3019 3166 3073 Dei
3197 3019 3381 3074 Verbo
3418 3020 3544 3089 (94),

1918 3117 2218 3172 habentem
2251 3116 2632 3170 immaculatae
2673 3114 2940 3168 fiduciam
2978 3113 3269 3179 castitatis,
3301 3112 3549 3167 advertis

1917 3212 2068 3282 quod
2097 3211 2167 3265 ad
2205 3210 2394 3281 ipsum
2427 3209 2634 3264 Christi
2671 3209 2932 3263 ascendit
2960 3213 3130 3278 caput
3159 3211 3339 3278 (caput
3366 3213 3548 3262 autem

1918 3307 2121 3363 Christi
2143 3305 2183 3375 [Ι
2210 3307 2356 3367 Cor.,
2379 3320 2450 3370 χι,
2480 3304 2528 3375 3)
2563 3307 2697 3358 Deus
2722 3304 2838 3372 est),
2869 3307 2925 3357 et
2948 3302 3182 3357 odorem
3208 3300 3547 3356 meritorum

1916 3399 2130 3470 spargit
2162 3415 2397 3452 suorum
2428 3415 2440 3451 :
2476 3417 2502 3449 α
2532 3396 2739 3454 Christi
2779 3396 2932 3450 enim
2962 3396 3146 3450 bonus
3176 3396 3317 3450 odor
3354 3411 3549 3449 sumus

1915 3493 2029 3546 Deo
2057 3494 2122 3563 (Il
2151 3492 2294 3555 Cor.,
2323 3509 2381 3558 ll,
2417 3495 2522 3560 15).
2553 3512 2580 3540 ››
2613 3493 2791 3546 Deum
2821 3491 3032 3560 quippe
3063 3490 3304 3544 honorat
3329 3489 3545 3544 bonum

1916 3587 2170 3657 fragrans
2202 3585 2439 3640 odorem
2474 3585 2588 3638 vita
2613 3585 2927 3655 justorum.

1990 3683 2074 3734 15.
2127 3679 2186 3734 Si
2237 3679 2358 3734 haec
2413 3678 2732 3748 intelligas,
2793 3677 3011 3732 videbis
3067 3677 3214 3731 hanc
3264 3677 3544 3731 feminam

1914 3773 2078 3828 valde
2122 3774 2378 3840 beatam,
2428 3771 2750 3843 ubicunque
2797 3771 3172 3842 praedicatum
3223 3770 3395 3826 fuerit
3441 3770 3547 3824 hoc

1915 3867 2306 3938 Evangelium,
2348 3865 2655 3932 nominari,
2704 3881 2806 3919 nec
2849 3865 2970 3935 ejus
3017 3880 3271 3935 unquam
3322 3879 3543 3918 memo-

1913 3963 2058 4016 riam
2091 3962 2406 4016 exolescere
2448 3960 2692 4028 (Matth.,
2734 3975 2878 4026 xxvr,
2918 3958 3035 4028 13);
3077 3973 3144 4014 eo
3185 3957 3338 4030 quod
3373 3973 3546 4029 super

1913 4059 2083 4126 caput
2107 4054 2314 4112 Christi
2345 4055 2634 4109 bonorum
2672 4052 3050 4124 fragrantiam
3080 4068 3326 4119 morum,
3351 4051 3542 4123 justo-

1911 4165 2154 4220 rumque
2203 4149 2485 4203 factorum
2529 4147 2770 4202 effundit
2817 4149 3134 4219 unguenta.
3185 4145 3288 4211 Qui
3330 4145 3547 4200 accedit

1914 4242 1987 4297 ad
2027 4245 2218 4313 caput,
2261 4241 2438 4297 nescit
2479 4241 2705 4310 extolli;
2749 4241 2895 4296 sicut
2933 4241 3028 4295 ille
3069 4241 3277 4295 frustra
3315 4231 3546 4295 inﬂatus

1913 4340 2104 4391 mente
2147 4337 2332 4390 carnis
2383 4353 2520 4405 sum,
2565 4343 2622 4390 et
2662 4352 2779 4390 non
2824 4339 3025 4390 tenens
3068 4339 3255 4406 caput.
3291 4335 3402 4389 Sed
3449 4335 3545 4406 qui

1912 4435 2079 4501 caput
2108 4446 2222 4484 non
2248 4435 2405 4484 tenet
2435 4429 2663 4498 Christi,
2697 4430 2780 4484 vel
2812 4429 2985 4499 pedes
3013 4432 3236 4496 teneat;
3261 4428 3396 4499 quia
3425 4444 3546 4482 cor-

266 4523 342 4574 13.
371 4520 539 4576 Venit
567 4535 704 4590 ergo
732 4519 1006 4574 Dominus
1029 4521 1184 4575 Jcsus
1212 4520 1269 4575 in
1295 4521 1529 4576 domum
1558 4522 1808 4577 Simonis
1828 4517 1886 4586 D
1910 4541 2014 4595 pus
2046 4540 2225 4578 unum
2259 4523 2588 4594 copulatum
2625 4529 2681 4577 et
2713 4521 3203 4576 subministratum
3243 4520 3444 4577 crescit
3482 4521 3540 4575 in

200 4610 416 4682 leprosi.
469 4619 717 4684 Apparet
764 4613 1106 4681 mconomia,
1163 4614 1311 4685 quod
1367 4616 1649 4686 leprosum
1696 4634 1808 4672 non

199 4707 413 4778 refugit,
447 4725 564 4762 non
599 4707 736 4762 vitat
768 4708 1152 4774 immundum,
1188 4713 1248 4762 ut
1288 4711 1538 4763 maculas
1573 4710 1808 4764 humani

198 4803 433 4872 corporis
463 4803 640 4873 possit
668 4801 916 4856 abolere.
953 4803 1162 4856 Domus
1206 4808 1398 4857 autem
1439 4801 1690 4875 1387
1725 4804 1804 4858 le-

196 4896 332 4962 prosi
374 4901 501 4951 erat
535 4897 596 4950 in
638 4894 930 4962 Bethania,
974 4913 1102 4968 quae
1141 4913 1244 4966 per
1281 4895 1806 4966 interpretationem

198 4985 386 5042 domus
421 4989 764 5044 obeditionis
803 4988 1029 5043 dicitur.
1061 4989 1259 5044 Omnis
1293 4988 1472 5060 igitur
1506 4989 1662 5045 locus
1704 4991 1802 5045 Be-

196 5080 405 5151 thania,
452 5082 636 5153 portio
683 5087 873 5137 autem
919 5083 1092 5137 totius
1131 5083 1235 5137 loci
1281 5083 1488 5137 domus
1533 5083 1800 5140 Simonis.

196 5170 304 5227 Non
333 5174 439 5229 tibi
464 5174 686 5230 videtur
720 5175 1000 5230 Bethania
1035 5176 1283 5230 mundus
1308 5177 1402 5231 hic
1431 5194 1573 5246 esse,
1605 5177 1664 5232 in
1690 5195 1803 5250 quo

246 5327 336 5389 (93)
377 5329 577 5380 Utrum
620 5329 822 5380 mulier
858 5330 1156 5394 peccatrix,
1188 5330 1358 5380 Maria
1401 5344 1554 5382 soror
1595 5332 1802 5394 Lazari,

193 5407 248 5447 ac
305 5399 474 5449 Maria
531 5400 852 5464 Magdalene
906 5400 1095 5464 plures
1149 5415 1400 5465 persona
1455 5403 1678 5463 fuerint,
1732 5417 1802 5452 an

193 5478 291 5518 una
309 5474 549 5531 tantum,
579 5476 634 5523 et
650 5474 764 5536 jam
793 5472 926 5522 olim
953 5476 1371 5524 controversum
1397 5477 1499 5536 est,
1524 5474 1803 5539 hodieque

195 5543 622 5609 controvertitur.
665 5544 908 5593 Primam
955 5543 1277 5607 opinionem
1325 5558 1672 5609 propugnare
1721 5547 1805 5595 vim

195 5605 376 5660 dentur
415 5612 667 5678 plerique
709 5614 888 5667 (ἔτωοὶ
919 5605 1126 5677 Patres,
1163 5615 1234 5665 ab
1281 5605 1451 5667 altera
1488 5605 1620 5666 vero
1658 5619 1802 5667 stare

196 5682 344 5731 multi
402 5683 590 5736 Patres
641 5687 837 5737 Latini.
897 5686 1016 5737 Hos
1081 5686 1332 5748 Sorbona
1389 5687 1628 5737 alumnis
1686 5689 1804 5737 suis

200 5754 505 5821 sequendos
546 5758 856 5821 proposuit;
900 5770 1006 5809 nec
1056 5761 1242 5809 tamen
1295 5757 1494 5808 desunt
1545 5756 1642 5821 qui
1679 5759 1802 5807 cal-

197 5820 370 5875 culum
415 5837 578 5879 suum
623 5820 868 5881 tribuant
912 5830 1181 5896 opposita
1217 5829 1507 5883 sententia
1539 5820 1707 5880 :imo
1747 5833 1804 5881 et

1910 4617 2328 4672 incrementum
2354 4616 2451 4672 Dei
2487 4617 2724 4683 (001053.,
2751 4632 2812 4680 11,
2849 4614 2957 4687 19).

1984 4714 2070 4766 16.
2102 4711 2292 4764 Altera
2328 4716 2412 4764 est
2443 4709 2534 4763 illa
2573 4709 2661 4763 vel
2703 4725 2944 4779 persona
2976 4711 3061 4764 vel
3093 4709 3373 4781 profectu,
3415 4727 3541 4782 quae

1909 4804 2225 4876 propinqua
2265 4803 2428 4857 nobis
2465 4808 2568 4858 est.
2616 4803 2876 4857 Nondum
2917 4804 3075 4858 enim
3119 4805 3363 4874 peccatis
3404 4821 3538 4859 nos-

1906 4898 2010 4952 tris
2043 4897 2518 4952 renuntiavimus.
2554 4896 2660 4952 Ubi
2704 4903 2837 4952 sunt
2875 4902 3082 4952 nostrae
3123 4899 3403 4968 lacrymae,
3447 4898 3542 4952 ubi

1909 4990 2178 5063 gemitus,
2212 4990 2309 5045 ubi
2339 4991 2546 5045 ﬂetus?
2579 5012 2605 5040 ‹‹
2641 4992 2861 5058 Venite,
2897 4991 3223 5057 adoremus,
3257 4993 3314 5044 et
3347 4991 3536 5061 proci-

1908 5085 2110 5138 damus
2141 5088 2273 5138 ante
2301 5085 2498 5152 Deum,
2527 5088 2583 5140 et
2612 5086 2903 5156 ploremus
2927 5088 3057 5139 ante
3089 5085 3391 5138 Dominum
3414 5102 3540 5140 nos-

1905 5182 2082 5247 trum,
2116 5179 2214 5249 qui
2257 5178 2389 5233 fecit
2431 5195 2535 5232 nos
2563 5179 2728 5248 (Psal.
2773 5194 2914 5246 xcrv,
2947 5178 3028 5248 6);
3067 5200 3092 5225 ››
3122 5182 3186 5231 ut
3223 5179 3424 5233 saltem
3469 5179 3537 5232 ad

1904 5334 2206 5384 novissime
2245 5333 2450 5397 prodiit
2485 5333 2708 5385 libellus
2750 5334 2805 5382 in
2850 5333 3160 5397 publicum,
3201 5347 3312 5398 quo
3349 5334 3538 5398 plures

1903 5405 2078 5455 fuisse
2108 5406 2300 5455 multis
2329 5408 2568 5456 certatur
2608 5405 2968 5467 argumentis.
3002 5403 3150 5466 Quid
3176 5417 3306 5467 ergo
3349 5418 3452 5454 nos
3480 5407 3536 5454 in

1903 5478 2056 5525 tanta
2099 5477 2509 5525 controversia?
2542 5475 2821 5525 Ambrosii
2870 5475 3039 5524 nostri
3088 5475 3144 5523 in
3194 5487 3252 5524 re
3304 5474 3536 5524 minime

1902 5548 2196 5610 perspicua
2216 5547 2358 5596 nihil
2383 5546 2702 5597 deﬁnientis
2727 5545 3044 5609 exemplum
3068 5544 3231 5595 nobis
3256 5544 3536 5596 credimus

1905 5619 2256 5669 imitandum.

1965 5690 2063 5753 (94)
2096 5689 2222 5740 Mss.
2262 5703 2376 5740 non
2404 5691 2591 5754 pauci,
2617 5703 2722 5741 nec
2759 5690 2969 5740 inﬁma;
2993 5691 3160 5751 notas,
3183 5688 3275 5739 sed
3301 5688 3389 5752 pie
3420 5701 3534 5739 ser-

1900 5766 2110 5810 vantem
2139 5761 2232 5809 Dei
2253 5761 2431 5812 verba.
2457 5762 2638 5812 Potior
2659 5764 2842 5812 tamen
2867 5760 3088 5814 videtur
3108 5761 3345 5812 aliorum
3365 5763 3532 5824 atque

1901 5830 2037 5882 edit.
2067 5831 2256 5882 lectio:
