3972 6174
455 230 597 283 1759

1937 235 1991 287 S.
2034 236 2347 292 AMBROSll

3649 257 3755 311 i760

446 349 618 420 pedes
649 349 781 403 Jesu
819 348 1011 405 venire
1047 349 1344 421 possimus.
1392 353 1655 408 Nondum
1686 355 1845 410 enim
1887 372 2083 427 possu-
2112 371 2167 447 Α
2259 364 2347 415 2i.
2383 362 2555 429 (Vers.
2603 362 2714 431 46.)
2751 365 2949 418 Beatus
2980 365 3075 436 qui
3118 368 3303 437 potest
3337 371 3391 423 et
3425 371 3542 426 oleo
3578 390 3761 446 ungere

446 458 574 496 mus
612 443 679 497 ad
722 446 890 512 caput
921 443 1137 512 venire,
1170 445 1303 517 quia
1338 453 1598 517 peccator
1629 448 1700 503 ad
1737 450 1930 519 pedes,
1960 451 2083 521 jus-

447 542 539 591 tus
566 536 639 591 ad
672 541 861 607 caput.

524 633 606 684 l7.
651 629 833 684 Habet
874 634 1068 685 tamen
1119 635 1178 685 et
1219 649 1349 703 quae
1396 636 1649 704 peccavit
1690 642 2084 707 unguentum.

450 722 708 796 1388
748 723 918 778 Defer
955 724 1066 795 (95)
1110 726 1250 780 mihi
1283 731 1341 780 et
1370 730 1430 781 tu
1470 736 1590 798 post
1634 736 1866 800 peccata
1905 733 2081 802 paeni-

445 817 702 871 tentiam.
754 816 1105 889 Quocunque
1154 820 1241 873 vel
1289 820 1345 874 in
1393 822 1635 877 domum
1680 824 1904 894 indigni
1951 827 2082 896 (96),

445 912 534 965 vel
580 910 640 965 in
681 911 913 966 domum
959 912 1228 968 Pharisaei
1274 915 1524 969 audieris
1562 917 1783 986 justum
1827 919 2082 987 venisse,

447 1008 733 1063 contende
769 1027 781 1064 :
819 1011 1064 1082 praeripe
1103 1012 1313 1082 hospiti
1356 1014 1622 1084 gratiam,
1666 1016 1911 1087 praeripe
1953 1035 2082 1089 reg-

444 1118 584 1157 num
611 1103 885 1158 eoelorum
912 1122 923 1158 :
954 1124 980 1153 ‹‹
1001 1108 1047 1157 Α
1079 1105 1278 1159 diebus
1306 1106 1457 1161 enim
1483 1109 1714 1163 Joannis
1747 1111 2081 1181 Baptista)...

2188 454 2361 523 pedes
2405 456 2609 510 Christi
2640 472 2652 510 :
2685 458 2927 529 denique
2957 458 3145 513 adhuc
3171 460 3364 515 Simon
3400 480 3505 519 non
3543 478 3761 526 auxerat.

2186 548 2290 602 Sed
2330 548 2551 604 beatior
2588 567 2716 621 quin
2756 552 2916 605 unxit
2956 556 3287 623 unguento;
3321 556 3607 614 multorum
3630 564 3762 619 enim

2186 642 2393 697 florum
2426 643 2483 697 in
2510 660 2692 698 unum
2719 645 2956 700 collecta
2983 646 3164 716 gratia
3201 648 3415 719 spargit
3450 651 3667 708 odorum
3689 673 3763 711 va-

2188 736 2298 789 rias
2344 737 2667 792 suavitates.
2717 740 2783 792 Et
2823 738 3060 793 fortasse
3102 740 3248 795 istud
3294 751 3631 813 unguentum
3670 765 3767 803 non

2188 829 2330 883 alius
2370 832 2545 901 possit
2578 832 2685 886 nisi
2729 833 2972 887 Ecclesia
3011 834 3128 887 sola
3164 835 3407 902 deferre,
3441 854 3559 908 quae
3592 839 3766 896 diversi

2188 924 2515 994 spiraminis
2551 926 2994 981 innumerabiles
3024 928 3193 983 ﬂores
3224 928 3419 996 habet;
3453 947 3571 1002 qua:
3595 935 3771 990 merito

2188 1018 2439 1087 speciem
2478 1019 2683 1090 accipit
2729 1021 3080 1091 peccatricis,
3123 1022 3256 1093 quia
3298 1022 3538 1078 Christus
3577 1043 3770 1099 quoque

2187 1111 2430 1165 formam
2462 1114 2776 1182 peccatoris
2800 1115 3038 1185 accepit.

447 1212 697 1267 regnum
739 1197 1010 1252 caelorum
1050 1200 1292 1270 cogitur,
1325 1205 1382 1254 et
1408 1207 1681 1270 cogentes
1710 1203 1988 1274 diripiunt
2014 1205 2082 1258 il-
2256 1208 2343 1259 22.
2375 1207 2551 1274 (Vers.
2585 1206 2698 1277 47.)
2726 1208 2792 1261 Et
2819 1208 2947 1261 ideo
2988 1224 3165 1263 nemo
3206 1214 3426 1265 tantum
3463 1216 3637 1281 potest
3667 1213 3770 1268 dili-

447 1289 548 1343 lud
594 1289 839 1361 (Matth.,
887 1308 939 1357 x,
986 1293 1090 1360 12).
1134 1312 1160 1341 ››
1206 1293 1541 1365 Ubicunque
1585 1296 1835 1351 audieris
1879 1298 2084 1352 Christi
2186 1315 2344 1370 gere,
2374 1305 2655 1370 quantum
2685 1300 2780 1354 illa
2805 1318 2934 1372 quae
2960 1302 3020 1356 in
3051 1303 3311 1373 pluribus
3342 1304 3541 1375 diligit.
3571 1307 3672 1359 Nec
3697 1309 3776 1361 Pc-

448 1400 684 1450 nomen,
737 1401 998 1454 accurre;
1051 1386 1104 1439 in
1158 1387 1549 1459 cujuscunque
1602 1390 1934 1445 interiorem
1982 1392 2082 1446 do-
2187 1396 2307 1446 trus
2337 1392 2455 1463 ipse
2495 1394 2591 1464 qui
2620 1394 2761 1449 dixit
2792 1412 2802 1443 :
2837 1416 2865 1444 (ι
2897 1395 3155 1461 Domine,
3200 1402 3262 1452 tu
3292 1398 3435 1453 nosti
3470 1399 3597 1469 quia
3624 1400 3775 1470 diligo

446 1493 609 1532 mum
654 1478 845 1532 Iesum
893 1479 1134 1534 intrasse
1181 1482 1530 1551 cognoveris,
1584 1490 1641 1538 et
1684 1484 1805 1555 ipse
1855 1485 2079 1541 festina.
2187 1490 2238 1539 te
2282 1485 2484 1556 (Joan.,
2531 1503 2639 1553 xxx,
2683 1488 2848 1559 17).»
2882 1489 2992 1542 Nec
3035 1491 3231 1545 Petrus
3273 1488 3523 1564 1389
3552 1492 3662 1563 ipse
3698 1494 3779 1563 qui

444 1574 584 1627 Cum
617 1573 901 1643 repereris
930 1573 1294 1644 sapientiam,
1330 1592 1459 1630 cum
1501 1578 1782 1647 repereris
1802 1579 2083 1648 justitiam
2185 1579 2367 1633 doluit
2396 1580 2531 1650 quia
2555 1583 2943 1652 interrogatus
2971 1587 3055 1637 est
3087 1600 3100 1637 :
3138 1604 3165 1631 ‹‹
3195 1588 3365 1638 Amas
3402 1601 3489 1638 me
3528 1585 3728 1654 (Ibid)?
3754 1607 3776 1631 ιι

449 1668 509 1722 in
541 1668 777 1740 alicujus
820 1672 1206 1741 penetralibus
1246 1675 1697 1743 recumbentem,
1742 1693 1972 1733 accurre
2012 1679 2149 1750 ad_
2184 1674 2338 1737 QIIOd
2372 1675 2522 1728 enim
2556 1675 2920 1730 manifestum
2963 1682 3106 1747 erat,
3149 1678 3378 1733 n018bat
3418 1679 3573 1750 quasi
3610 1679 3778 1749 incog-

444 1761 654 1831 pedes,
700 1764 807 1818 hoc
847 1771 949 1831 est,
993 1765 1079 1818 vel
1128 1772 1441 1820 extremam
1488 1774 1712 1838 partem
1756 1787 1947 1841 quaere
1990 1788 2078 1825 sa-
2104 1744 2159 1813 B
2186 1767 2371 1822 nitum
2411 1769 2610 1839 quaeri.
2650 1771 2799 1840 Ergo
2844 1787 2950 1825 nec
2988 1773 3186 1826 Petrus
3218 1772 3357 1842 ipse,
3398 1772 3530 1843 quia
3566 1772 3780 1827 Ecclesia

442 1855 691 1925 pientiee.
730 1858 854 1911 Noli
879 1857 1139 1913 fastidire
1173 1860 1349 1930 pedes
1380 1878 1390 1915 :
1426 1862 1712 1917 ﬁmbriam
1742 1864 1840 1917 illa
1873 1865 2077 1936 tetigit,
2184 1860 2383 1914 dilexit
2414 1862 2470 1916 in
2499 1864 2667 1917 Petro
2712 1864 2853 1934 (98);
2894 1880 2997 1918 uec
3031 1864 3234 1919 Paulus
3263 1866 3407 1936 ipse,
3450 1864 3577 1935 quia
3604 1864 3783 1919 Paulus

443 1950 502 2002 et
553 1955 750 2005 sanata
795 1955 882 2004 est
930 1952 1101 2021 (Luc.~,
1149 1970 1263 2021 Vlll,
1310 1954 1421 2023 44).
1480 1956 1767 2027 Lacrymis
1812 1959 2081 2014 conﬁtere
2182 1970 2410 2025 quoque
2453 1956 2574 2026 ejus
2609 1959 2695 2010 est
2730 1957 2941 2027 portio.
2974 1960 3039 2011 Et
3075 1962 3134 2012 tu
3174 1959 3491 2029 plurimum
3527 1958 3703 2029 dilige,
3733 1962 3784 2011 ut

444 2041 669 2110 delicta,
699 2043 852 2098 dicat
878 2045 947 2099 de
983 2048 1039 2099 te
1066 2062 1294 2118 quoque
1318 2047 1540 2118 justitia
1565 2050 1663 2105 illa
1695 2051 1936 2106 caelestis
1965 2070 1977 2107 :
2184 2051 2242 2101 et
2263 2048 2369 2101 tibi
2396 2049 2709 2119 plurimum
2738 2051 3079 2105 remittatur.
3111 2053 3349 2107 Multum
3389 2051 3631 2124 peccavit
3658 2053 3781 2106 Pau-

518 2137 692 2205 (Vers.
739 2138 854 2208 4i.)
897 2141 1171 2207 Lacrymis
1215 2143 1328 2196 suis
1373 2144 1579 2211 rigavit
1620 2146 1785 2214 pedes
1824 2162 1982 2209 meos,
2034 2152 2083 2202 et
2181 2140 2290 2209 lus,
2316 2143 2413 2213 qui
2446 2143 2618 2198 etiam
2642 2149 2966 2215 persecutor
2991 2146 3128 2216 fuit;
3170 2146 3269 2201 sed
3312 2147 3550 2201 multum
3595 2143 3779 2209 dilexit,

447 2231 667 2299 capillis
691 2234 800 2286 suis
833 2235 1006 2287 tersit.

521 2326 605 2379 i8.
649 2326 714 2378 Et
752 2325 991 2381 fortasse
1029 2326 1156 2382 ideo
1190 2345 1307 2383 non
1338 2329 1475 2383 lavit
1508 2331 1684 2402 pedes
1720 2350 1851 2388 suos
1889 2334 2078 2389 Chris-

445 2420 555 2486 tus,
595 2420 663 2471 ut
702 2435 799 2473 eos
837 2420 1102 2491 lacrymis
1139 2439 1244 2477 nos
1286 2424 1551 2480 lavemus.
1597 2427 1761 2481 Bonae
1790 2429 2077 2499 lacrymae,

332 2506 337 2515 ’
444 2527 574 2583 quas
606 2526 722 2566 non
749 2514 933 2567 solum
976 2519 1236 2570 nostrum
1276 2523 1515 2588 possunt
1558 2518 1748 2574 lavare
1790 2521 2076 2591 delictum,

441 2605 539 2659 sed
564 2607 741 2660 etiam
771 2608 936 2662 Verbi
965 2610 1208 2664 caelestis
1231 2611 1419 2681 rigare
1446 2613 1784 2684 vestigium;
1820 2621 1882 2670 ut
1914 2632 2075 2687 gres-

443 2716 536 2753 sus
586 2700 709 2770 ejus
756 2700 813 2755 in
861 2702 1023 2757 nobis
1067 2704 1403 2761 exuberent.
1458 2707 1625 2762 Bome
1671 2709 1968 2781 lacrymas,
2018 2710 2077 2765 in

444 2793 649 2865 quibus
677 2811 788 2848 non
817 2795 1003 2850 solum
1031 2797 1348 2870 redemptio
1376 2806 1759 2871 peccatorum,
1785 2803 1880 2857 sed
1903 2804 2077 2859 etiam

444 2887 673 2943 refectio
709 2894 794 2943 est
816 2889 1125 2961 justorum,
1162 2892 1303 2962 justi
1348 2894 1505 2949 enim
1545 2911 1647 2950 vox
1690 2903 1773 2951 est
1819 2914 1832 2951 :
1878 2918 1905 2945 «
1940 2899 2077 2952 Fue-

442 2985 579 3037 runt
608 2982 745 3036 mihi
774 2984 1038 3056 lacrymm
1078 3001 1221 3040 mem
1258 3003 1432 3058 panes
1471 2988 1563 3043 die
1604 3005 1668 3043 ac
1707 2995 1874 3045 nocte
1905 2992 2074 3061 (Psal.

445 3092 551 3145 XLI,
586 3077 663 3149 4).
698 3100 726 3128 ››

515 3173 600 3225 i9.
643 3172 711 3226 Et
747 3172 793 3226 si
832 3173 902 3226 ad
941 3176 1113 3243 caput
1152 3173 1362 3229 Christi
1404 3175 1672 3231 accedere
1716 3193 1832 3231 non
1877 3181 2070 3248 potes,

438 3267 642 3335 tangat
684 3265 921 3336 pedibus
961 3266 1078 3320 suis
1118 3270 1288 3338 caput
1326 3262 1488 3323 tuum
1525 3270 1800 3326 Christus.
1842 3272 1909 3327 Et
1950 3272 2074 3326 ﬁm-

438 3356 561 3411 bria
596 3358 716 3429 ejus
752 3362 932 3427 curat,
964 3365 1019 3414 et
1050 3361 1226 3431 pedes
1256 3365 1476 3416 curant.
1510 3364 1773 3435 Expande
1813 3365 2071 3437 capillos,

440 3455 632 3507 sterne
657 3457 788 3507 ante
816 3469 947 3507 eum
973 3470 1174 3509 omnes
1201 3455 1282 3509 tui
1313 3456 1568 3527 corporis
1589 3458 1916 3529 dignitates.
1946 3461 2071 3515 Non

438 3547 757 3601 mediocres
798 3547 981 3619 capilli
1025 3553 1177 3617 sunt,
1219 3550 1314 3621 qui
1358 3557 1598 3621 possunt
1635 3558 1861 3623 tergere
1899 3554 2073 3625 pedes

436 3639 662 3695 Christi.
701 3642 963 3696 Testatur
1001 3642 1109 3698 hoc
1139 3644 1256 3710 ille,
1291 3644 1389 3716 qui
1427 3645 1681 3716 quandiu
1712 3647 1941 3718 capillos
1972 3648 2068 3703 ha-

436 3734 580 3801 buit,
610 3734 760 3789 vinci
799 3736 1055 3808 nequivit
1081 3738 1301 3807 (ludia,
1334 3755 1442 3809 xvi,
1474 3743 1504 3793 5
1535 3740 1693 3809 seq.).
1730 3740 1985 3813 Denique
2018 3747 2074 3797 et

437 3828 737 3885 mulierem
777 3828 1129 3885 decalvatam
1164 3847 1327 3887 orare
1374 3849 1491 3887 non
1531 3834 1695 3889 decet
1728 3835 1770 3904 (Ι
1813 3837 1956 3898 Cora,
1995 3852 2069 3902 xx,

439 3922 509 3991 ὅ).
542 3922 756 3978 Habeat
786 3924 953 3995 plane
987 3924 1224 3996 capillos
1254 3926 1460 3997 quibus
1498 3927 1704 3982 Christi
1734 3928 2069 3982 circumvol-

436 4019 531 4070 vat
575 4017 834 4088 vestigia,
884 4018 1092 4088 quibus
1137 4035 1253 4073 suae
1304 4019 1587 4074 criniculis
1628 4021 2072 4093 pulchritudinis

438 4115 495 4164 et
533 4110 749 4185 decoris
783 4110 1082 4182 sapientiae
1113 4112 1289 4183 pedes
1332 4116 1517 4183 tergat
1552 4116 1682 4183 (97),
1723 4120 1785 4170 ut
1820 4120 2072 4171 extremo

434 4203 636 4258 saltem
664 4220 793 4259 rore
821 4203 1027 4259 divinae
1065 4205 1287 4260 virtutis
1326 4206 1681 4275 humescant,
1721 4209 1860 4280 ﬁgat
1894 4210 2068 4279 justi-

434 4296 529 4352 tise
559 4297 799 4370 pedibus
825 4299 1020 4353 oscula
1061 4315 1179 4353 sua.
1214 4300 1337 4354 Non
1375 4300 1676 4355 mediocris
1716 4302 1839 4357 haec
1880 4302 2070 4357 meriti

435 4394 541 4460 est,
570 4392 640 4448 de
669 4408 783 4465 qua
810 4397 998 4465 potest
1024 4392 1210 4448 dicere
1240 4392 1532 4465 Sapientia
1563 4410 1577 4448 :

2182 2234 2279 2306 qui
2337 2252 2515 2307 usque
2571 2236 2644 2291 ad
2698 2238 3031 2309 martyrium
3098 2241 3499 2310 perseveravit.
3558 2237 3784 2292 Remissa

2182 2334 2314 2384 sunt
2338 2329 2390 2384 ei
2423 2336 2652 2401 peccata
2680 2332 2879 2401 multa,
2910 2334 3046 2405 quia
3076 2338 3132 2388 et
3161 2335 3281 2405 ipse
3314 2333 3505 2389 dilexit
3543 2331 3782 2394 multum,

2181 2422 2276 2493 qui
2307 2424 2565 2494 sanguini
2598 2425 2826 2496 proprio
2855 2443 2958 2497 pro
2989 2426 3091 2481 Dei
3118 2427 3355 2482 nomine
3385 2444 3496 2482 non
3530 2425 3782 2497 pepercit.

2252 2520 2338 2570 23.
2378 2518 2553 2586 (Vers.
2595 2520 2707 2589 39.)
2738 2520 2871 2574 Vide
2911 2521 3289 2576 oeconomiam
3321 2538 3334 2575 :
3365 2521 3422 2575 in
3462 2520 3628 2575 domo
3659 2518 3781 2572 Pha-

2178 2609 2327 2665 risaei
2369 2612 2650 2682 peccatrix
2696 2613 3070 2684 gloriﬁcatur;
3102 2615 3161 2669 in
3203 2614 3377 2670 domo
3411 2613 3550 2685 legis
3588 2615 3644 2666 et
3679 2626 3786 2681 pro-

2178 2704 2368 2775 phetae
2418 2722 2532 2760 non
2586 2707 2935 2777 Pharisasus,
2993 2708 3093 2762 sed
3148 2708 3396 2763 Ecclesia
3436 2704 3782 2778 justiﬁcatur;

2177 2798 2494 2854 Pharisasus
2526 2800 2681 2854 enim
2727 2818 2843 2856 non
2883 2802 3143 2869 credidit,
3173 2802 3282 2856 ista
3324 2800 3608 2856 credebat.
3636 2794 3783 2851 Deni-

2178 2908 2289 2963 que
2321 2892 2415 2947 ilie
2452 2893 2670 2949 dicebat
2696 2913 2709 2949 :
2737 2897 2799 2952 Si
2824 2902 2951 2950 esset
2985 2897 3068 2950 hic
3099 2896 3386 2966 propheta,
3430 2897 3587 2949 sciret
3626 2892 3785 2958 utique

2175 3001 2296 3055 qua
2342 2992 2392 3041 et
2431 2989 2612 3057 qualis
2657 2994 2733 3043 est
2775 2990 2971 3044 mulier
3011 3006 3130 3059 quae
3178 2992 3360 3059 tangit
3406 3003 3546 3043 eum.
3581 2985 3784 3038 'Domus

2096 3085 2368 3184 cautem
2424 3081 2566 3152 legis
2613 3082 2811 3184 ,ιυάωῆ
2862 3084 3006 3155 (99),
3059 3099 3188 3184 qua;
3244 3099 3362 3184 nos,
3417 3081 3487 3184 in;
3524 3074 3784 3184 1gpjdigus

2175 3173 2457 3242 scribitur,
2502 3175 2599 3229 sed
2640 3176 2697 3229 in
2739 3175 2946 3230 tabulis
2975 3176 3180 3231 cordis.
3224 3178 3285 3231 In
3331 3176 3436 3229 hac
3467 3164 3785 3244 justiﬁcatur

2174 3266 2425 3321 Ecclesia
2447 3268 2568 3339 jam
2595 3268 2722 3340 lege
2758 3269 2971 3340 major;
3000 3269 3093 3322 lex
3130 3268 3283 3322 enim
3314 3271 3666 3339 peccatorum
3704 3276 3785 3314 ne-

2176 3360 2278 3414 scit
2322 3361 2743 3430 remissionem;
2785 3363 2878 3416 lex
2920 3361 3256 3432 mysterium
3307 3377 3426 3415 non
3475 3358 3642 3414 habet
3684 3369 3785 3426 (ιετο

2173 3455 2393 3508 occulta
2435 3456 2811 3521 inundantur;
2860 3459 2917 3510 et
2960 3455 3086 3509 ideo
3130 3455 3279 3525 quod
3329 3454 3390 3509 in
3436 3455 3563 3524 lege
3612 3450 3784 3504 minus

2174 3554 2276 3617 est,
2306 3554 2738 3604 consummatur
2769 3551 2825 3603 in
2856 3547 3185 3620 Evangelio.

2248 3644 2421 3713 (Vers.
2469 3644 2579 3713 41.)
2626 3647 2760 3706 Duo,
2810 3641 3018 3713 inquit,
3072 3642 3339 3697 debitores
3385 3646 3541 3698 erant
3585 3637 3783 3695 cuidam

2171 3738 2490 3803 fameratori
2534 3756 2550 3790 :
2595 3753 2737 3791 unus
2786 3736 3009 3792 debebat
3053 3735 3310 3791 denarios
3352 3738 3698 3807 quingentos,
3743 3736 3785 3784 et

2174 3831 2318 3885 alius
2344 3833 2772 3901 quinquaginta.

2244 3926 2330 3978 2i.
2362 3924 2469 3989 Qui
2498 3927 2631 3979 sunt
2661 3924 2754 3979 isti
2784 3923 3064 3979 debitores
3091 3924 3226 3991 duo,
3259 3924 3374 3979 nisi
3410 3921 3605 3995 populi
3642 3919 3744 3975 duo
3771 3932 3783 3968 ε

2173 4034 2320 4072 unus
2358 4034 2423 4073 ex
2458 4018 2689 4085 Iudaeis,
2735 4018 2879 4073 alter
2920 4035 2987 4072 ex
3028 4018 3297 4089 gentibus
3348 4013 3672 4073 faeneratori
3714 4009 3781 4065 illi

2171 4112 2420 4166 thesauri
2470 4111 2707 4167 caelestis
2760 4111 3033 4166 obnoxii?
3079 4113 3252 4175 Unus,
3309 4112 3531 4183 inquit,
3581 4106 3784 4163 debebat

2172 4206 2427 4261 denarios
2461 4208 2804 4276 quingentos,
2851 4207 2997 4261 alius
3038 4209 3468 4276 quinquaginta.
3513 4205 3632 4258 Non
3674 4214 3780 4254 me-

2174 4299 2379 4353 diocris
2420 4306 2506 4354 est
2543 4298 2647 4354 iste
2678 4298 2965 4368 denarius,
3001 4299 3064 4355 in
3098 4316 3213 4371 quo
3254 4300 3409 4371 regis
3451 4298 3639 4368 imago
3678 4294 3780 4349 for-

2173 4396 2381 4460 matur,
2408 4394 2505 4464 qui
2545 4397 2819 4463 tropmum
2852 4392 3022 4448 habet
3050 4393 3418 4465 imperatoris
3444 4401 3778 4462 expressum.

506 4488 682 4555 (Vers.
723 4488 836 4557 45.)
880 4491 964 4543 Ea:
1001 4504 1104 4559 quo
1142 4490 1368 4552 intravi,
1409 4504 1520 4543 non
1562 4491 1791 4544 cessavit
1834 4478 2145 4550 osculariD
2169 4487 2289 4540 Non
2329 4485 2688 4542 materialem
2736 4487 3065 4542 faeneratori
3116 4487 3251 4542 huic
3298 4487 3575 4543 debemus
3618 4496 3774 4554 pecu-

427 4581 595 4652 pedes
622 4596 779 4636 meos.

508 4678 596 4730 20.
642 4675 715 4728 Ut
763 4672 917 4728 aliud
960 4675 1067 4729 nisi
1112 4675 1449 4747 sapientiam
1501 4676 1659 4748 loqui
1711 4676 1953 4745 nesciat,
2005 4682 2069 4732 ut

405 4769 584 4825 aliud
624 4768 733 4823 nisi
766 4767 1046 4839 justitiam
1093 4769 1337 4841 diligere
1376 4770 1610 4838 nesciat,
1651 4776 1715 4825 ut
1760 4771 1917 4825 aliud
1957 4770 2065 4826 nisi

430 4864 749 4919 castitatem
790 4861 969 4917 libare
1013 4862 1248 4930 nesciat,
1294 4867 1360 4917 ut
1400 4863 1550 4919 aliud
1584 4863 1691 4918 nisi
1731 4864 2065 4935 pudicitiam

435 4959 679 5013 osculari
723 4956 955 5012 nesciat.
1002 4957 1266 5010 Osculum
1315 4957 1469 5011 enim
1513 4958 1697 5012 mutui
1736 4957 1942 5013 amoris
1973 4958 2064 5012 in-

435 5054 646 5109 dicium
679 5055 765 5107 est
795 5068 808 5106 :
840 5052 1095 5106 osculum
1127 5049 1333 5122 pignus
1364 5054 1450 5105 est
1480 5051 1796 5107 charitatis.

501 5240 595 5304 (95)
624 5240 754 5291 Mss.
782 5239 993 5303 aliquot
1026 5237 1273 5288 melioris
1297 5238 1421 5298 aevi,
1435 5238 1615 5299 justus
1639 5236 1711 5287 ad
1738 5242 1896 5301 caput
1916 5237 2069 5288 habet

434 5318 778 5376 unguentum.
806 5312 979 5377 Defer,
1007 5315 1113 5363 etc.
1146 5311 1331 5361 Minus
1359 5310 1538 5371 bene;
1563 5310 1783 5360 videtur
1806 5312 1953 5360 enim
1976 5310 2069 5361 hic

435 5382 637 5434 lacuna
667 5396 806 5446 esse,
835 5383 1173 5449 quam't‘orte
1202 5386 1489 5433 traxerunt
1532 5382 1603 5432 ab
1641 5382 1961 5447 exemplari,
1997 5395 2066 5432 ex

436 5465 548 5516 quo
573 5452 835 5519 descripti
873 5458 1019 5505 sunt.

496 5522 593 5582 (96)
636 5523 795 5574 Rom.
844 5525 975 5575 edit.
1017 5525 1153 5586 sola,
1197 5526 1255 5573 in
1296 5524 1508 5575 domum
1546 5523 1818 5574 immundi.
1854 5523 2065 5574 Eadem

434 5603 568 5640 vero
609 5605 738 5643 cum
786 5594 909 5643 aliis
952 5594 1231 5652 omnibus,
1274 5608 1341 5646 ac
1378 5596 1575 5659 paucis
1621 5608 1773 5655 mss.,
1818 5594 2068 5646 contendo

434 5661 725 5729 ρων-ἕρπε
763 5662 979 5727 hospitis
1013 5666 1265 5729 gratiam,
1292 5667 1599 5731 praeripere,
1638 5670 1744 5717 etc.
1778 5665 1891 5719 Sed
1928 5679 2065 5717 mss.

438 5731 628 5796 plures
658 5743 724 5780 ac
748 5732 1113 5793 probatiores,
1133 5740 1197 5785 ut
1221 5737 1276 5785 in
1303 5739 1476 5788 textu.

498 5800 597 5868 (97)
638 5800 770 5855 Mss.
815 5813 927 5852 non
968 5806 1152 5872 pauci,
1201 5818 1307 5860 nec
1349 5808 1626 5860 inferioris
1661 5812 1830 5873 note,
1869 5807 2067 5874 quibus

2167 4580 2354 4646 niam,
2402 4580 2503 4634 sed
2549 4580 2886 4635 meritorum
2933 4579 3234 4647 examina,
3283 4597 3402 4659 aera
3449 4580 3712 4633 virtutum
3758 4589 3771 4624 :

2170 4690 2413 4745 quarum
2454 4674 2724 4729 meritum
2766 4674 3055 4746 gravitatis
3094 4675 3371 4746 pondere,
3399 4672 3634 4746 justitiee
3663 4683 3775 4739 spc-

2168 4768 2253 4822 cie
2293 4785 2434 4823 sono
2473 4769 2842 4823 confessionis
2882 4769 3236 4840 expenditur.
3280 4771 3376 4824 V8?
3416 4767 3559 4822 mihi
3596 4765 3639 4818 si
3678 4776 3772 4816 non

2168 4822 2418 4916 habuero
2463 4862 2613 4933 quod
2655 4864 2871 4934 accepi,
2894 4822 3014 4919 Vaht
3048 4822 3449 4935 quiadiﬂicile
3494 4860 3772 4932 quisquam
3922 4822 3923 4903 l

2168 4961 2251 5010 est
2294 4956 2392 5027 qui
2436 4956 2765 5012 faeneratori
2809 4956 2942 5011 huic
2985 4956 3274 5028 integrum
3314 4956 3574 5011 debitum
3619 4946 3775 5039 possit
3920 5034 3921 5039 γ

2170 5051 2481 5118 exsolvere,
2522 5068 2606 5106 va:
2648 5050 2791 5106 mihi
2830 5050 2876 5105 si
2920 5067 3033 5106 non
3069 5050 3332 5122 petiero:
3362 5047 3614 5105 Concede
3651 5037 3776 5098 mihi

2164 5236 2412 5311 pulcghrqs
2438 5250 2504 5287 ac
2541 5236 2756 5311 decoros
2781 5236 3054 5311 sapientiae
3079 5235 3234 5311 pedes
3263 5238 3483 5311 tergeat.
3531 5301 3541 5311 '

2230 5308 2325 5365 (98)
2355 5306 2562 5358 Omnes
2602 5308 2757 5368 edit.,
2800 5306 2934 5371 quia
2971 5305 3258 5356 Ecclesium
3297 5304 3486 5355 dilexit
3521 5300 3767 5373 inchtrc.

2168 5379 2373 5429 Contra
2413 5380 2599 5441 scripti
2648 5379 2771 5430 cod.
2808 5367 2984 5442 prope
3027 5377 3098 5427 ad
3143 5389 3340 5438 unum,
3387 5374 3520 5440 quia
3564 5367 3773 5421 Ecclesia

2166 5450 2350 5500 dilexit
2390 5450 2450 5499 in
2491 5451 2643 5501 Petro
2674 5464 2690 5499 :
2719 5462 2889 5514 quam
2929 5449 3224 5501 lectionem
3264 5446 3556 5497 manifeste
3596 5446 3772 5491 sensus

2166 5536 2233 5573 ac
2259 5522 2611 5572 ratiocinatio
2635 5522 2826 5586 exigit.

2230 5593 2324 5655 (99)
2371 5592 2499 5643 Post
2542 5575 2761 5644 vocem"
2787 5591 2933 5655 legis.
2978 5591 3137 5643 Rom.
3181 5590 3313 5641 edit.
3358 5597 3554 5638 vocem
3603 5575 3773 5655 Judga

2167 5645 2447 5727 omiserat,
2487 5676 2658 5728 quam
2700 5645 2887 5715 tame'n
2922 5663 3111 5715 sensui
3146 5659 3517 5714 necessariam
3540 5661 3657 5705 esse
3685 5645 3771 5698 ob-

2164 5748 2398 5789 scurum
2436 5748 2548 5787 non
2581 5736 2681 5786 est.
