3926 6168
221 316 324 368 1761

1279 307 1739 364 EXPOSITIONIS
1781 308 1849 363 IN
1890 308 2113 364 LUCAM
2149 306 2273 360 LIB.
2315 307 2404 360 VI.

3387 309 3520 361 l76'2

213 436 425 492 debitum
446 434 673 504 (Mutila,
702 449 778 501 vr,
814 432 929 503 12)!
960 433 1079 487 Non
1102 433 1251 487 enim
1280 450 1383 488 nos
1405 435 1482 488 ita
1508 435 1780 489 Dominus
1803 447 1855 518 Α
1880 438 2070 489 autem
2100 451 2217 488 non
2245 450 2472 505 semper
2501 435 2743 503 (Mutila,
2779 449 2924 501 XXVI,
2957 436 3043 500 10,
3081 437 3189 500 Η).
3217 456 3245 485 ››
3276 434 3517 504 Semper

210 545 342 584 orare
368 527 649 596 docuisset,
678 531 743 581 ut
783 532 1107 597 peteremus
1144 527 1353 581 dimitti
1384 527 1551 581 nobis
1587 533 1784 582 nostra

208 624 376 690 debita,
405 621 504 675 nisi
537 619 702 675 sciret
737 619 966 674 difﬁcile
1002 620 1222 692 aliquos
1250 620 1374 675 fore
1403 619 1641 675 idoneos
1680 620 1779 674 de-

207 717 399 771 bitores.

258 814 330 864 25.
359 809 455 864 Sed
492 808 613 880 quis
647 813 732 862 est
766 808 1007 879 populus
1045 806 1149 861 iste
1185 807 1281 879 qui
1312 808 1554 879 amplius
1585 808 1780 874 debet,

205 902 287 956 nisi
312 918 420 969 nos,
449 901 647 972 quibus
681 902 926 972 amplius
954 900 1238 956 creditum
1270 901 1396 956 est?
1426 901 1538 955 lllis
1567 901 1784 957 credita

204 1003 308 1050 sunt
351 995 559 1066 eloquia
605 995 725 1062 Dei,
771 994 939 1049 nobis
981 993 1234 1049 creditur
1276 997 1470 1065 partus
1515 994 1780 1066 Virginis.

204 1090 349 1144 Habes
374 1089 637 1144 talentum
664 1089 910 1161 Virginis
936 1091 1199 1160 partum;
1227 1088 1400 1143 habes
1427 1088 1559 1143 ﬁdei
1589 1092 1783 1143 cente-

201 1185 375 1237 simum
407 1183 671 1237 fructum.
711 1182 969 1237 Creditus
1001 1185 1085 1237 est
1121 1183 1453 1237 Emmanuel
1490 1182 1784 1237 nobiscum

199 1278 332 1341 Deus,
372 1275 580 1330 credita
616 1276 847 1330 Domini
887 1292 1045 1342 crux,
1091 1293 1263 1343 mors,
1314 1277 1671 1331 resurrectio.
1718 1278 1786 1331 Et

199 1370 234 1423 si
265 1368 495 1425 Christus
535 1386 638 1440 pro
671 1369 937 1424 omnibus
976 1385 1172 1441 passus
1211 1375 1312 1437 est,
1352 1386 1455 1441 pro
1495 1370 1657 1424 nobis
1695 1376 1784 1424 ta-

196 1480 299 1518 men
337 1463 645 1535 specialiter
685 1480 880 1536 passus
921 1470 1024 1532 est,
1066 1464 1202 1534 quia
1246 1480 1349 1534 pro
1393 1464 1633 1520 Ecclesia
1666 1481 1788 1534 pas-

194 1575 268 1611 sus
298 1561 388 1611 est.
428 1557 617 1628 Itaque
658 1574 775 1612 non
817 1563 902 1613 est
938 1557 1178 1612 dubium
1216 1558 1367 1628 quod
1411 1558 1536 1628 plus
1579 1557 1788 1612 debeat

195 1651 272 1721 qui
308 1651 423 1721 plus
457 1651 694 1722 accepit.
742 1653 807 1705 Et
846 1650 1160 1706 secundum
1207 1651 1471 1705 homines
1511 1652 1638 1721 plus
1677 1651 1786 1704 for-

193 1748 306 1798 tasse
342 1744 593 1811 olfendit,
635 1744 731 1816 qui
776 1744 900 1816 plus
946 1745 1232 1811 debuerit;
1273 1744 1369 1798 sed
1415 1761 1515 1815 per
1553 1744 1782 1798 miseri-

193 1838 402 1893 cordiam
431 1814 670 1893 Domini
693 1814 860 1893 causa
897 1844 1169 1907 mutatur,
1207 1843 1267 1893 ut
1305 1814 1551 1909 amplius
1589 1814 1862 1909 diligatB

192 1931 269 2003 qui
292 1932 520 2004 amplius
546 1932 769 2002 debuit,
798 1932 844 1986 si
880 1937 1075 1987 tamen
1113 1931 1353 2003 gratiam
1385 1937 1783 2003 consequatur.

192 2026 403 2080 Gratiam
447 2027 602 2081 enim
644 2032 702 2081 et
744 2026 845 2098 qui
883 2026 1093 2094 reddit,
1125 2025 1336 2094 habet;
1382 2032 1440 2081 et
1478 2026 1573 2097 qui
1613 2025 1788 2080 habet

191 2117 235 2173 in
276 2136 336 2173 eo
380 2119 496 2191 ipso
539 2121 691 2192 quod
733 2121 928 2188 habet,
967 2120 1160 2186 solvit;
1214 2137 1346 2175 nam
1395 2126 1452 2174 et
1491 2120 1784 2175 reddendo

189 2213 411 2279 habetur,
443 2218 498 2267 el
530 2215 795 2269 habendo
835 2214 1097 2269 redditur
1124 2214 1197 2285 (Ι)
1235 2215 1325 2283 (cf.
1361 2217 1507 2286 Aug.
1537 2214 1635 2269 lib.
1666 2230 1684 2270 1
1715 2217 1787 2270 De

188 2311 337 2373 gratia
367 2311 587 2371 Christi,
619 2325 745 2380 cap.
776 2310 887 2379 44).

241 2405 316 2455 26.
353 2404 413 2456 Et
455 2403 585 2457 ideo
628 2403 902 2474 quoniam
941 2402 1084 2456 nihil
1130 2405 1211 2457 est
1254 2402 1403 2473 quod
1450 2401 1623 2472 digne
1670 2403 1785 2457 Deo

189 2494 368 2549 referre
410 2497 699 2567 possimus
745 2495 903 2567 (quid
949 2496 1103 2549 enim
1156 2495 1473 2550 referamus
1514 2512 1615 2566 pro
1660 2512 1786 2549 sus-

190 2594 332 2658 cepta:
359 2588 617 2663 1390
650 2589 834 2644 carnis
860 2589 1097 2660 injuria?
1126 2589 1263 2660 quid
1292 2605 1394 2660 pro
1424 2589 1788 2643 verberibus?

189 2682 298 2753 quid
333 2700 431 2754 pro
466 2700 658 2753 cruce,
694 2685 874 2753 obitu,
914 2683 1271 2755 sepultura?)
1301 2700 1383 2737 vae
1416 2683 1559 2737 mihi
1596 2682 1641 2736 si
1674 2701 1785 2737 non

188 2775 436 2832 dilexerat
483 2778 687 2833 Audeo
728 2777 942 2846 dicere,
992 2794 1109 2832 non
1155 2777 1402 2833 reddidit
1447 2776 1682 2843 Petrus,
1735 2783 1790 2831 et

188 2868 289 2922 ideo
322 2872 442 2941 plus
485 2871 709 2926 dilexit.
766 2872 887 2925 Non
940 2870 1188 2925 reddidit
1234 2870 1482 2924 Paulus?
1526 2870 1788 2925 Reddidit

186 2964 377 3033 quidem
407 2971 661 3020 mortem
700 2981 802 3036 pro
844 2970 1046 3031 morte,
1087 2963 1188 3018 sed
1222 2964 1329 3019 alia
1367 2980 1483 3019 non
1522 2964 1785 3031 reddidit,

186 3057 292 3126 quia
320 3060 494 3112 multa
516 3058 789 3113 debebat.
814 3057 962 3112 Audi
992 3058 1179 3128 ipsum
1211 3057 1498 3111 dicentem
1523 3058 1652 3128 quia
1674 3075 1786 3112 non

185 3151 433 3206 reddidit:
465 3174 494 3200 «
538 3153 680 3217 Quis
722 3152 879 3223 prior
918 3151 1075 3207 dedit
1114 3152 1213 3218 illi,
1255 3157 1312 3206 et
1352 3152 1698 3206 retribuetur
1736 3153 1786 3206 ei

186 3243 347 3307 (Rom,
374 3263 449 3315 xi,
483 3245 618 3316 35)?
641 3267 669 3295 »
698 3245 1028 3301 lieddamus
1053 3246 1183 3299 licet
1212 3262 1436 3300 crucem
1467 3262 1569 3315 pro
1598 3262 1786 3314 cruce,

181 3335 320 3393 fuluus
350 3357 447 3410 pro
470 3341 704 3403 funere,
734 3339 1015 3410 numquid
1045 3338 1341 3393 reddimus
1369 3340 1520 3411 quod
1548 3355 1618 3393 ex
1644 3341 1784 3410 ipso,

184 3436 228 3482 et
252 3448 340 3501 per
372 3436 583 3504 ipsum,
621 3440 677 3488 et
713 3433 769 3487 in
816 3434 936 3505 ipso
965 3433 1242 3487 habemus
1282 3433 1527 3487 omnia?
1565 3433 1786 3488 Redda-

184 3539 287 3579 mus
310 3544 443 3599 ergo
470 3543 731 3583 amorem
772 3544 873 3599 pro
912 3527 1128 3595 debito,
1159 3526 1495 3582 charitatem
1526 3543 1629 3599 pro
1660 3543 1785 3581 mu-

182 3634 312 3688 nere,
352 3623 601 3692 gratiam
645 3638 746 3693 pro
787 3621 1085 3692 sanguinis
1119 3621 1299 3692 pretio
1341 3620 1433 3691 (2);
1473 3621 1599 3693 plus
1636 3620 1787 3676 enim

182 3712 343 3785 diligit
368 3717 458 3770 cui
492 3717 745 3771 donatur
776 3716 1041 3786 amplius.

238 3811 313 3862 27.
355 3810 467 3865 Sed
510 3813 875 3865 revertamur
903 3809 975 3863 ad
1015 3808 1169 3863 illam
1212 3809 1587 3880 superiorem,
1630 3810 1790 3880 cujus

180 3902 450 3958 consilium
479 3904 677 3958 adhuc
706 3919 812 3957 nec
842 3902 1083 3973 apostoli
1118 3902 1465 3973 intelligunt,
1494 3902 1645 3973 quod
1672 3906 1791 3956 erat

180 3993 545 4051 absconditum
594 4014 630 4050 a
666 3996 886 4051 saeculis
927 3998 987 4049 in
1034 3997 1146 4051 Deo
1185 4013 1199 4050 :
1237 3996 1430 4060 «Quis
1470 3996 1623 4050 enim
1660 4012 1790 4066 cog-

181 4089 312 4145 novit
335 4107 563 4146 sensum
596 4090 822 4144 Domini
857 4090 1045 4159 (Ibid.,
1070 4089 1200 4159 34)?
1227 4111 1255 4139 »
1284 4088 1790 4160 Couquerebantur

179 4196 292 4254 ergo
329 4184 589 4256 discipuli
634 4183 767 4255 quia
809 4184 1022 4238 mulier
1051 4199 1223 4255 super
1262 4189 1431 4254 caput
1458 4182 1656 4237 cil‘udit
1691 4200 1790 4239 un-

182 4282 451 4345 guentum,
483 4285 544 4333 et
575 4276 981 4349 quaerebantur
1001 4278 1254 4332 dicentes
1279 4295 1291 4331 :
1316 4297 1342 4328 ‹‹
1373 4277 1558 4342 Quare
1587 4278 1690 4332 hoc
1711 4277 1790 4331 sic

184 4372 367 4437 periit?
396 4373 589 4427 Potuit
614 4372 767 4426 enim
790 4370 1108 4425 venundari
1137 4371 1338 4442 pretio,
1363 4373 1422 4424 et
1440 4371 1563 4425 dari
1585 4387 1790 4443 paupe-

182 4462 313 4519 ribus
336 4466 579 4527 (Matth,
615 4481 762 4532 xxvi,
792 4467 847 4533 8,
878 4466 953 4534 9).
978 4486 1004 4514 ››
1034 4465 1183 4529 Quid
1212 4465 1414 4536 utique
1437 4464 1792 4536 displicuerit

1882 544 2019 598 ergo
2048 530 2231 582 tecum
2266 544 2584 599 pauperem
2615 527 2809 593 habes,
2838 532 2895 581 et
2926 526 3052 580 ideo
3078 527 3333 581 benefac.
3368 528 3515 581 Num

1884 622 2059 691 igitur
2084 621 2313 676 dill‘erre
2339 637 2651 693 pauperem
2682 620 2879 686 debes;
2904 620 3041 691 quia
3069 636 3300 690 semper
3322 624 3515 675 tecum

1884 719 1989 782 est,
2019 732 2150 770 cum
2178 715 2279 769 tibi
2306 715 2593 786 propheta
2622 713 2773 769 dicat
2797 731 2809 767 :
2844 734 2869 762 ‹‹
2898 715 2977 768 Ne
3001 713 3208 768 dixeris
3234 714 3474 784 pauperi
3500 730 3514 769 :

1884 810 2020 864 Cras
2064 809 2210 863 dabo
2252 808 2455 879 (Prov.,
2485 825 2562 875 ιιι,
2602 808 2713 863 28?
2749 828 2777 857 ››
2819 807 2928 863 Sed
2959 809 3053 861 ille
3084 807 3152 861 de
3191 807 3309 861 sola
3344 807 3517 861 mise-

1883 902 2125 957 ricordia
2163 904 2380 957 locutus
2416 908 2531 967 est;
2560 902 2653 956 hic
2690 905 2883 956 autem
2918 900 3318 956 misericordia;
3347 900 3519 955 ﬁdem

1886 997 2150 1067 praetulit,
2181 1012 2310 1066 quae
2352 999 2489 1050 tunc
2523 995 2697 1049 habet
2731 994 3021 1063 meritum,
3056 994 3121 1062 si,
3154 994 3263 1049 fide
3302 1010 3519 1065 praece-

1884 1090 2078 1156 dente,
2123 1090 2464 1144 conferatur.
2498 1111 2525 1139 «
2566 1089 2789 1144 Mittens
2827 1089 2983 1144 enim
3026 1094 3384 1158 unguentum
3416 1088 3524 1143 hoc

1887 1184 1944 1237 in
1981 1200 2184 1255 corpus
2217 1199 2431 1249 meum,
2471 1182 2544 1237 ad
2576 1182 2966 1253 sepeliendum
2996 1198 3090 1236 me
3120 1182 3250 1236 fecit
3284 1181 3524 1250 (Matth.,

1885 1292 2033 1344 xxvr,
2090 1278 2197 1347 12).
2247 1300 2273 1327 ››
2319 1278 2441 1331 Νοιι
2488 1292 2623 1347 ergo
2675 1279 3034 1347 unguentum
3083 1275 3378 1342 Dominus,
3428 1277 3526 1330 sed

1886 1372 2222 1427 charitatem
2286 1370 2502 1437 dilexit,
2569 1370 2743 1425 iidem
2809 1369 3084 1439 suscepit,
3136 1370 3520 1425 humilitatem

1888 1466 2167 1537 probavit.

1955 1564 2043 1615 29.
2085 1562 2149 1614 Et
2174 1566 2234 1614 tu
2274 1560 2319 1614 si
2351 1559 2639 1614 desideras
2671 1559 2929 1629 gratiam,
2962 1557 3304 1612 charitatem
3334 1574 3516 1629 auge;

1889 1654 2048 1708 mitte
2076 1652 2132 1707 in
2171 1670 2373 1724 corpus
2407 1656 2541 1708 Jesu
2581 1653 2751 1707 ﬁdem
2794 1650 3248 1719 resurrectionis,
3283 1652 3519 1706 odorem

1890 1748 2166 1814 Ecclesiae,
2206 1747 2524 1801 communis
2568 1747 2860 1801 charitatis
2907 1747 3302 1816 unguentum;
3344 1748 3403 1798 et
3443 1744 3521 1800 ita

1888 1841 2257 1913 progrediens
2299 1840 2533 1912 pauperi
2587 1839 2768 1894 dabis.
2814 1839 2945 1893 Plus
2988 1838 3093 1893 tibi
3139 1838 3378 1910 pecunia
3424 1836 3523 1891 illa

1886 1936 2156 2007 proderit,
2203 1936 2249 1988 si
2293 1952 2407 1990 non
2454 1940 2726 2005 tanquam
2771 1933 3099 1988 afﬂuentem
3149 1933 3381 1999 tribuas,
3424 1931 3521 1986 sed

1891 2036 2164 2101 tanquam
2209 2030 2562 2100 profuturam
2603 2027 2805 2083 Christi
2860 2027 3095 2083 nomine
3139 2026 3432 2097 largiaris;
3474 2025 3522 2078 si

1886 2124 1962 2179 ita
2003 2140 2129 2179 eam
2170 2123 2431 2178 conferas
2470 2122 2726 2194 pauperi,
2773 2126 2833 2177 ut
2867 2122 3089 2176 deferas
3127 2120 3368 2178 Christo.
3398 2120 3524 2174 Non

1888 2234 2027 2288 ergo
2070 2218 2232 2289 juxta
2276 2218 2527 2272 litteram
2581 2217 2977 2271 tantummodo
3027 2215 3271 2286 accipias
3320 2230 3521 2285 super-

1886 2314 2075 2367 fusum
2126 2313 2296 2383 capiti
2344 2314 2722 2383 unguentum,
2772 2332 2800 2360 «
2856 2310 3065 2366 Littera
3113 2292 3269 2364 enim
3317 2307 3524 2364 occidit

1888 2406 1952 2477 (ll
1983 2410 2126 2470 Con,
2157 2423 2233 2473 ιιι,
2262 2408 2335 2477 6),
2366 2428 2392 2456 ››
2419 2405 2520 2460 sed
2547 2405 2859 2460 secundum
2887 2404 3171 2475 spiritum,
3195 2403 3334 2475 quia
3359 2402 3522 2475 spiri-

1886 2506 1977 2555 tus
2008 2501 2123 2554 vita
2153 2505 2257 2554 est.

1957 2598 2045 2650 30.
2096 2594 2253 2659 Quod
2302 2610 2439 2665 ergo
2479 2593 2643 2648 istius
2690 2592 2946 2647 mulieris
2987 2591 3348 2663 unguentum
3393 2588 3525 2645 est?

1886 2688 2018 2752 Quis
2066 2688 2171 2742 hoc
2222 2687 2423 2742 audire
2472 2688 2692 2758 potest?
2739 2686 2877 2750 Quis
2923 2686 3064 2740 tales
3114 2700 3282 2739 aures
3327 2683 3520 2751 habet,

1887 2785 1952 2836 ut
1992 2781 2216 2836 dicente
2245 2782 2373 2836 Jesu
2417 2781 2655 2835 verbum
2687 2780 2839 2851 quod
2880 2780 3097 2850 accepit
3124 2795 3157 2833 a
3192 2780 3374 2843 Patre,
3410 2777 3524 2831 imo

1887 2875 1985 2947 qui
2023 2874 2141 2946 ipse
2190 2874 2429 2953 Verbum
2474 2880 2579 2943 est,
2627 2874 2803 2944 possit
2846 2877 3063 2928 tantam
3104 2871 3355 2943 mysterii
3402 2870 3527 2926 alti-

1889 2969 2149 3024 tudinem
2188 2968 2437 3040 capere?
2467 2971 2536 3024 Et
2581 2969 2846 3040 discipuli
2890 2984 2957 3023 ex
2990 2972 3151 3037 parte
3180 2965 3528 3036 intelligunt,

1889 3064 1995 3119 etsi
2025 3081 2135 3118 non
2173 3066 2352 3118 totum
2385 3063 2731 3134 intelligant.
2764 3061 2923 3117 Unde
2955 3065 3014 3115 et
3053 3058 3286 3130 quidam
3322 3060 3528 3130 putant

1808 3185 1863 3259 Ο
1889 3158 2095 3212 dixisse
2113 3158 2415 3229 discipulos
2441 3156 2719 3228 unguenti
2745 3155 2928 3227 pretio
2951 3153 3000 3226 1
3016 3152 3197 3227 391
3223 3153 3333 3207 emi
3355 3152 3527 3207 iidem

1890 3252 2149 3323 gentium
2181 3251 2463 3318 debuisse,
2500 3267 2629 3323 quae
2661 3249 2959 3322 sanguinis
2989 3247 3265 3307 Dominici
3301 3250 3526 3300 tantum

1887 3346 2071 3416 pretio
2107 3345 2456 3413 debebatur;
2489 3345 2643 3416 quod
2672 3345 2892 3399 videtur
2918 3342 3240 3398 verisimile.
3274 3340 3527 3411 Denique

1887 3440 2125 3494 Joannes
2167 3439 2507 3510 evangelista
2543 3438 2762 3493 inducit
2805 3452 3065 3493 sermone
3094 3436 3252 3490 Judaa
3289 3433 3525 3489 lscario-

1891 3534 1960 3587 tis
2014 3532 2353 3587 mstimatum
2409 3533 2674 3587 trecentis
2741 3531 2987 3586 denariis
3052 3528 3192 3583 illud
3256 3544 3523 3599 unguen-

1888 3633 2033 3692 tum,
2061 3627 2205 3680 sicut
2231 3626 2403 3681 habes
2426 3644 2439 3680 :
2468 3645 2496 3676 «
2519 3625 2706 3679 Potuit
2727 3624 2883 3679 enim
2908 3622 3230 3677 venundari
3253 3621 3526 3676 trecentis

1889 3719 2156 3788 denariis,
2182 3726 2236 3774 et
2263 3719 2381 3773 dari
2412 3719 2755 3789 pauperibus
2774 3719 2978 3785 (Joan.,
3004 3733 3095 3781 xu,
3118 3716 3226 3787 5).»
3249 3716 3529 3769 Trecenta

1890 3818 2086 3869 autem
2127 3830 2241 3867 aera
2272 3812 2451 3867 crucis
2493 3811 2716 3881 insigne
2755 3811 3081 3877 declarant;
3126 3809 3225 3863 sed
3258 3808 3530 3863 Dominus

1889 3926 2001 3963 non
2042 3906 2493 3979 perfunctoriam
2536 3904 2794 3976 mysterii
2840 3903 3254 3975 praescientiam
3298 3901 3524 3972 quaerit,

1887 4002 1985 4056 sed
2014 4000 2351 4071 consepeliri
2380 4000 2439 4054 in
2468 4015 2529 4054 se
2556 3998 2734 4053 fidem
2764 3996 3125 4054 credentium
3157 3997 3391 4049 mavult.

1959 4100 2046 4152 31.
2078 4096 2140 4150 Id
2166 4100 2363 4149 tamen
2399 4094 2470 4148 de
2511 4098 2852 4149 caaterorum
2883 4091 3271 4164 apostolorum
3302 4088 3534 4143 vocibus

1890 4188 2256 4260 intelligimus
2286 4206 2298 4241 :
2328 4188 2502 4242 ludas
2542 4190 2733 4241 autem
2775 4187 3198 4242 condemnatur
3238 4183 3490 4239 avaritias
3514 4225 3529 4253 ,

1890 4284 1987 4356 qui
2036 4282 2333 4355 pecuniam
2392 4281 2698 4336 Dominicae
2748 4280 3001 4353 praetulit
3053 4279 3381 4350 sepulturas,
3433 4277 3532 4347 qui

1890 4375 2111 4432 etiamsi
2150 4376 2220 4431 de
2263 4375 2530 4447 passione
2564 4375 2762 4443 sensit,
2805 4375 3010 4429 erravit
3050 4379 3164 4427 tam
3193 4372 3364 4426 chara
3394 4387 3529 4425 auc-

1890 4472 2079 4539 tione;
2124 4471 2218 4524 vili
2264 4470 2385 4523 vult
2434 4469 2706 4523 aestimari
2758 4485 2819 4522 se
2868 4466 3144 4531 Christus,
3192 4470 3258 4519 ut
3300 4464 3371 4518 ab
3414 4480 3533 4518 om<

182 4556 380 4615 Christo
420 4560 482 4615 in
527 4576 726 4615 eorum
767 4558 1144 4625 sermonibus,
1186 4574 1303 4613 non
1342 4558 1551 4629 poteris
1582 4558 1867 4629 depre-D
1892 4566 2058 4619 nibus
2099 4569 2340 4629 ematur,
2384 4579 2454 4616 ne
2504 4562 2632 4632 quis
2673 4576 2890 4631 pauper
2921 4560 3294 4614 deterreatur,
3334 4578 3360 4605 ‹‹
3395 4559 3533 4613 Gra-

184 4648 434 4721 hendere,
461 4654 572 4709 nisi
610 4653 941 4726 mysterium
981 4653 1303 4723 intelligas;
1332 4652 1603 4707 luxuriosi
1635 4653 1789 4707 enim

184 4744 431 4815 hominis,
460 4748 550 4803 vel
582 4747 769 4819 potius
800 4763 915 4801 non
949 4746 1197 4800 hominis
1228 4752 1310 4801 est
1340 4747 1492 4801 olere
1529 4763 1788 4818 unguen-

184 4843 306 4895 tum.
345 4842 508 4897 Certe
552 4845 610 4896 et
650 4840 759 4913 ipsi
798 4841 897 4912 qui
940 4841 1117 4907 olent,
1148 4856 1362 4910 ungere
1402 4857 1479 4908 se,
1524 4857 1636 4895 non
1670 4858 1793 4912 per-

185 4930 401 4991 fundere
442 4936 652 4990 solent.
697 4935 839 4999 Quid
885 4950 1024 5006 ergo
1067 4933 1353 5005 displicuit
1395 4934 1528 5007 quia
1578 4935 1790 4989 dictum

184 5028 295 5082 est:
326 5050 351 5075 ‹‹
398 5029 587 5084 Potuit
628 5029 733 5083 hoc
773 5027 1095 5083 venundari
1135 5028 1341 5099 pretio,
1384 5031 1443 5082 et
1480 5028 1600 5082 dari
1647 5045 1790 5099 pau-

185 5120 436 5186 peribus?
479 5143 509 5171 ››
546 5125 710 5179 Certe
749 5126 807 5177 et
844 5122 965 5193 ipse
1006 5139 1177 5193 supra
1216 5122 1436 5177 dixerat
1467 5138 1479 5175 :
1512 5121 1795 5191 Quidquid

186 5214 273 5266 uni
284 5217 629 5272 ntinirnorum
650 5217 840 5272 horum
857 5219 1079 5284 fecistis,
1104 5222 1153 5271 et
1174 5216 1310 5271 mihi
1327 5217 1526 5284 fecistis
1545 5216 1790 5286 (Mutila,

187 5318 293 5375 m,
334 5309 444 5381 40).
493 5310 605 5365 Sed
647 5310 767 5382 ipse
810 5312 1060 5366 mortem
1096 5326 1257 5365 suam
1305 5325 1406 5380 pro
1448 5308 1793 5381 pauperibus

188 5396 463 5458 oﬂ'erebat.

243 5494 324 5548 28.
352 5496 475 5551 Non
503 5500 589 5551 est
610 5498 786 5569 igitur
810 5497 1051 5570 simplex
1076 5499 1295 5570 ﬁgura;
1325 5501 1383 5553 et
1409 5497 1539 5552 ideo
1566 5513 1796 5569 respon-

191 5580 262 5635 dit
280 5584 387 5640 illis
416 5588 517 5643 Dei
541 5589 787 5646 Verbum
815 5608 829 5647 :
865 5612 894 5643 ‹‹
921 5591 1064 5656 Quid
1090 5592 1318 5647 molesti
1346 5593 1479 5647 estis
1505 5592 1638 5646 huic
1664 5607 1793 5646 mu-

190 5672 405 5734 lieri‘P...
454 5680 693 5755 Semper
732 5701 1013 5756 pauperes
1064 5685 1282 5741 habetis
1336 5685 1652 5753 vobiscum,
1704 5702 1796 5741 me

246 5797 303 5868 li)
354 5800 618 5855 Nonnulli
670 5818 825 5868 mss.,
864 5819 994 5857 nam
1039 5812 1088 5857 et
1140 5806 1399 5858 credendo
1445 5806 1670 5858 habetur
1687 5844 1704 5866 ,
1751 5814 1798 5858 et

196 5861 414 5921 habendo
438 5872 777 5938 redhibetur;
807 5861 1055 5940 quidam,
1084 5876 1382 5929 redimitur.

1892 4660 1983 4727 tis,
2026 4658 2231 4728 inquit,
2269 4655 2587 4725 accepistis,
2632 4654 2805 4724 gratis
2848 4654 2978 4709 date
3024 4654 3262 4721 (Matth.,
3305 4669 3357 4718 Χ,
3399 4653 3471 4722 8).
3501 4674 3528 4701 υ

1890 4750 2193 4806 Pecuniam
2234 4766 2349 4804 non
2393 4749 2597 4820 quairit
2633 4747 2959 4802 divitiarum
2990 4747 3251 4814 altitudo,
3280 4746 3379 4799 sed
3412 4761 3536 4815 gra-

1892 4845 2049 4900 tiam.
2112 4846 2233 4915 lpse
2288 4859 2387 4896 nos
2445 4842 2695 4914 pretioso
2749 4842 3030 4913 sanguine
3086 4840 3360 4906 redemit,
3418 4854 3533 4893 non

1893 4937 2162 4992 vendidit.
2209 4938 2284 4991 De
2331 4952 2444 5007 quo
2489 4934 2711 5006 plenius
2753 4936 3093 5001 diceremus,
3140 4933 3245 4986 nisi
3290 4948 3322 4985 a
3370 4931 3531 4986 nobis

1892 5032 2028 5102 ipsis
2066 5032 2375 5084 tractatum
2404 5028 2539 5083 alibi
2576 5029 3008 5083 recordaremur
3044 5026 3162 5097 (lib.
3203 5041 3261 5081 ιιι
3291 5029 3362 5081 De
3401 5025 3531 5095 Spi-

1893 5127 2005 5180 ritu
2036 5128 2240 5187 sancto,
2271 5139 2395 5193 cap.
2430 5125 2535 5192 l8).

1963 5221 2048 5273 32.
2088 5220 2236 5287 Ergo
2279 5216 2598 5271 secundum
2632 5216 2781 5271 dicta
2819 5213 3066 5279 Domini,
3100 5235 3126 5263 ‹‹
3156 5216 3218 5267 In
3257 5229 3370 5285 quo
3400 5218 3534 5269 sunt

1893 5311 2147 5366 thesauri
2192 5310 2484 5381 sapientia;
2528 5312 2584 5364 et
2626 5308 2873 5364 scientiae
2918 5306 3234 5360 absconditi
3288 5308 3530 5374 (001033.,

1894 5421 1950 5473 ιι,
1998 5404 2073 5475 3),
2112 5423 2139 5456 ››
2172 5420 2313 5476 quos
2353 5419 2526 5457 nemo
2567 5403 2749 5474 potuit
2790 5399 3124 5472 praevidere,
3172 5400 3394 5471 operari
3436 5416 3530 5456 me

1894 5500 2122 5570 oportet
2164 5497 2222 5551 in
2268 5497 2617 5567 sepulturam
2663 5494 2813 5563 ejus;
2863 5500 2923 5546 ut
2962 5509 3095 5547 caro
3142 5493 3264 5564 ejus
3305 5493 3530 5564 requie-

1895 5593 2057 5659 visse,
2092 5607 2208 5645 non
2250 5588 2671 5660 corruptionem
2713 5586 2918 5640 vidisse
2960 5586 3253 5655 credatur;
3293 5591 3349 5640 et
3380 5601 3536 5641 mors

1894 5685 2147 5757 corporis
2182 5684 2302 5754 ejus
2340 5681 2420 5736 ita
2449 5682 2686 5736 domum
2723 5684 2980 5734 nostram
3020 5678 3195 5735 odore
3240 5679 3329 5735 sui
3370 5695 3532 5734 com-

1958 5807 2024 5868 (2)
2061 5804 2234 5855 Iidem
2282 5816 2438 5863 mss.,
2484 5801 2722 5865 gratiam
2762 5814 2861 5866 pro
2901 5800 3185 5865 sanguine,
3222 5813 3322 5865 pro
3365 5798 3538 5865 pretio

1892 5882 2190 5941 pecuniam.
2220 5875 2327 5926 Alii
2356 5874 2635 5936 nonnulli,
2666 5872 2901 5937 gratiam
2941 5886 3039 5938 pro
3063 5871 3314 5936 pecunia.
