3926 6168
447 269 578 319 1763

1907 268 1962 318 S.
2005 265 2323 320 AMBROSII

3629 273 3736 325 1764

439 392 611 461 pleat,
649 393 712 443 ut
747 391 1044 446 credamus
1073 391 1206 462 quia
1235 391 1290 446 in
1325 408 1529 445 manus
1559 391 1734 445 Patris
1771 408 2066 446 commen-
2094 403 2149 474 Α
2171 391 2663 461 superabundaret
2694 391 2875 461 gratia
2912 394 3104 458 (Rom,
3136 406 3186 459 v,
3216 391 3324 460 20).
3352 390 3483 446 Nam
3507 393 3547 446 si
3578 393 3628 448 in
3658 395 3743 450 ista

441 484 595 538 davit
631 484 894 554 spiritum
937 501 1125 551 suum,
1165 489 1222 539 et
1251 503 1282 539 a
1324 491 1502 539 morte
1545 491 1899 556 sequestrata
1935 485 2071 539 divi-

442 578 588 631 nitas
640 578 1016 649 corporalium
1070 596 1187 634 non
1240 579 1407 633 subiit
1449 580 1802 634 consortium
1856 579 2066 648 passio-

445 689 603 726 num.

513 769 599 820 33.
631 765 888 836 lntellige
921 766 1415 836 quemadmodum
1446 784 1650 838 corpus
1679 768 1778 820 filii
1809 783 2067 837 unguen-

443 863 564 913 tum
609 861 776 914 oleat.
807 859 1020 930 Corpus
1063 859 1200 914 illud
1233 865 1320 914 est
1349 861 1502 932 quod
1547 866 1780 915 exutum
1816 864 1919 927 est,
1957 876 2070 914 non

441 954 590 1024 quod
643 954 915 1007 amissum
962 957 1065 1007 est.
1120 956 1335 1026 Corpus
1385 955 1508 1025 ejus
1565 955 1895 1008 traditiones
1941 957 2073 1007 sunt

442 1048 878 1118 Scripturarum.
923 1049 1136 1119 Corpus
1183 1049 1303 1117 ejus
1355 1049 1602 1102 Ecclesia
1650 1053 1753 1102 est.
1804 1049 2071 1120 Corporis

441 1143 561 1212 ejus
599 1141 739 1195 odor
776 1157 1004 1206 sumus;
1044 1146 1101 1194 et
1138 1141 1262 1195 ideo
1299 1141 1463 1195 decet
1495 1147 1553 1194 ut
1596 1148 1834 1196 mortem
1874 1157 2073 1212 corpo-

442 1236 520 1290 ris
565 1236 686 1305 ejus
734 1250 1038 1298 ornemus;
1087 1234 1186 1288 etsi
1234 1238 1456 1288 nostros
1507 1235 1600 1288 illa
1652 1253 1764 1290 non
1819 1235 2071 1306 requirat

441 1334 690 1395 ornatus,
741 1327 841 1381 sed
891 1327 1191 1397 requirunt
1235 1344 1530 1398 pauperes.
1591 1328 1820 1384 Ornabo
1868 1345 2072 1400 corpus

443 1424 584 1492 ejus,
617 1422 660 1474 si
694 1421 822 1474 ﬁam
856 1437 1183 1474 sermonum
1223 1422 1342 1491 ejus
1373 1423 1728 1492 praedicator,
1772 1429 1829 1476 et
1860 1423 2071 1493 possim

443 1515 706 1586 gentibus
737 1514 916 1568 crucis
947 1515 1169 1585 aperire
1202 1516 1559 1586 mysterium.
1593 1517 1822 1571 Ornavit
1853 1517 1944 1570 ille
1976 1517 2072 1587 qui

440 1609 578 1664 dixit
626 1626 638 1662 :
688 1630 713 1657 ι(
761 1608 903 1671 Quia
956 1608 1328 1678 praedicamus
1379 1610 1666 1665 Christum
1709 1611 2070 1676 crucifixum,

437 1703 642 1758 Judasis
683 1702 914 1772 quidem
955 1702 1305 1772 scandalum,
1353 1705 1619 1774 gentibus
1659 1711 1851 1759 autem
1897 1704 2073 1759 stulti-

2172 485 2411 539 muliere
2438 501 2550 539 non
2576 484 3089 555 superabundasset
3118 487 3426 556 peccatum,
3453 502 3557 540 non
3580 503 3744 557 super-

2170 578 2508 632 abundasset
2537 579 2752 648 gratia;
2775 578 3008 649 agnovit
3035 579 3191 632 enim
3220 585 3519 648 peccatum,
3545 586 3594 633 et
3614 580 3748 635 detu-

2171 673 2238 725 lit
2263 673 2526 742 gratiam.
2557 673 2621 726 Et
2650 672 2775 726 ideo
2815 673 2900 726 lex
2931 673 3268 737 necessaria,
3299 688 3398 742 per
3423 673 3595 742 legem
3617 674 3747 729 enim

2173 769 2466 834 peccatum
2485 766 2772 836 agnovi.Si
2793 767 2879 820 lex
2895 783 3010 820 non
3031 766 3249 831 fuisset,
3264 769 3546 836 peccatum
3560 766 3748 821 lateret.

2171 860 2545 929 Agnoscendo
2564 866 2878 931 peccatum,
2898 859 3122 912 veniam
3145 862 3302 929 peto.
3323 861 3423 913 Per
3439 860 3615 929 legem
3637 877 3752 930 ergo

2174 969 2389 1022 genera
2417 957 2796 1024 peccatorum,
2828 953 3307 1024 praevaricationis
3334 969 3544 1024 quoque
3571 953 3754 1008 crimen

2173 1062 2440 1116 agnosco,
2462 1064 2626 1100 curro
2648 1047 2717 1101 ad
2749 1046 3165 1117 paenitentiam,
3191 1046 3430 1116 gratiam
3455 1062 3754 1115 consequor.

2174 1139 2279 1193 Lex
2314 1157 2452 1211 ergo
2479 1147 2678 1195 auctor
2705 1146 2788 1194 est
2813 1140 2967 1208 boni,
3000 1156 3127 1211 qua:
3154 1139 3332 1193 mittit
3360 1139 3428 1193 ad
3457 1139 3696 1208 gratiam.

2245 1234 2400 1304 (Cap.
2444 1235 2554 1288 Vll.
2597 1265 2662 1274 —
2705 1235 2855 1288 Vers.
2899 1237 3006 1300 21.)
3047 1236 3224 1289 Mater
3266 1240 3315 1287 et
3356 1234 3548 1300 fratres
3589 1234 3678 1286 mei
3714 1235 3761 1286 hi

2171 1333 2296 1381 sunt
2321 1329 2418 1396 qui
2440 1328 2663 1381 verbum
2691 1329 2785 1381 Dei
2812 1328 3048 1381 audiunt
3077 1331 3128 1381 ct
3155 1329 3392 1393 faciunt.

2245 1423 2331 1475 36.
2383 1421 2604 1476 Moralis
2647 1421 2919 1490 magister
2963 1421 3059 1491 qui
3106 1420 3175 1475 de
3220 1437 3277 1474 se
3325 1419 3537 1474 cateris
3579 1418 3762 1490 praebet

2176 1516 2522 1586 exemplum,
2545 1520 2714 1585 atque
2737 1515 2855 1585 ipse
2877 1519 3212 1585 praeceptor,
3231 1514 3348 1584 ipse
3369 1513 3534 1568 etiam
3557 1529 3762 1567 suorum

2173 1612 2472 1663 exsecutor
2525 1612 2609 1663 est
2671 1611 3104 1679 praeceptorum.
3171 1607 3596 1678 Praescripturus
3635 1606 3764 1660 enim

2175 1703 2390 1757 caeteris
2420 1699 2692 1774 quoniam
2730 1702 2827 1773 qui
2867 1719 2982 1756 non
3020 1701 3314 1772 reliquerit
3349 1704 3564 1772 patrem
3595 1703 3648 1753 et
3672 1717 3764 1754 ma-

443 1798 610 1860 tiam;
672 1796 806 1866 ipsis
864 1811 995 1850 vero
1057 1797 1263 1851 vocatis
1322 1798 1526 1852 Judteis
1598 1803 1765 1869 atque
1823 1799 2030 1853 Graecis
2053 1840 2066 1862 ,
2094 1770 2147 1841 Β
2173 1804 2318 1851 trem
2347 1813 2532 1864 suam,
2556 1813 2664 1851 non
2697 1801 2782 1850 est
2807 1796 2944 1850 Filio
2976 1797 3073 1850 Dei
3100 1796 3327 1866 dignus,
3356 1795 3639 1849 sententia:
3659 1795 3766 1847 huic

440 1890 723 1946 Christum
768 1889 864 1942 Dei
906 1889 1192 1957 virtutem,
1228 1895 1284 1944 et
1330 1892 1423 1944 Dei
1466 1891 1803 1961 sapientiam
1841 1894 1878 1961 (Ι
1921 1895 2068 1954 Cor.,

441 2001 477 2051 ι,
510 1986 598 2050 23,
634 1983 743 2045 2i).
781 2004 806 2030 »
843 1983 1089 2036 Ornatur
1114 1999 1272 2050 crux,
1311 2001 1441 2038 cum
1479 1985 1534 2038 id
1569 1985 1721 2055 quod
1754 2001 1854 2056 per
1887 1986 2066 2056 impe-

440 2077 633 2131 ritiam
661 2077 892 2129 stultum
927 2081 1182 2146 putatur,
1224 2094 1325 2148 per
1358 2079 1726 2150 Evangelium
1761 2079 2070 2150 sapientius

442 2171 791 2236 aastimatur,
849 2176 908 2222 ut
979 2170 1259 2240 possimus
1313 2172 1514 2227 docere
1580 2173 2067 2243 quemadmodum

440 2266 614 2319 virtus
653 2263 966 2318 adversaria
1020 2281 1123 2334 per
1166 2282 1392 2320 crucem
1450 2266 1670 2320 Domini
1720 2268 2064 2321 destruatur.

440 2359 560 2413 Misi
600 2358 655 2412 in
704 2357 924 2412 Domini
956 2375 1162 2429 corpus
1202 2365 1584 2430 unguentum,
1625 2360 1839 2431 spirare
1872 2360 2070 2430 incipit

439 2452 586 2522 quod
619 2457 908 2506 mortuum
938 2452 1264 2522 putabatur.

509 2547 594 2600 34.
647 2546 778 2600 ldeo
837 2546 1222 2618 unusquisque
1274 2548 1564 2603 adoriatur
1615 2564 1806 2602 emere
1875 2548 2068 2603 labore

439 2657 560 2706 suo,
610 2640 849 2710 nisuque
901 2641 1173 2694 virtutum
1219 2641 1565 2696 alabastrum
1608 2642 1904 2712 unguenti,
1955 2659 2066 2696 non

437 2735 544 2789 vile
590 2734 812 2804 aliquod
859 2739 1029 2804 atque
1075 2751 1401 2803 commune,
1449 2737 1545 2790 sed
1596 2736 1910 2806 pretiosum
1958 2753 2065 2790 un-

439 2832 716 2899 guentum
741 2828 1026 2894 alabastri,
1057 2832 1114 2881 et
1135 2833 1493 2899 unguentum
1517 2829 1804 2900 pisticum.
1830 2829 1886 2883 Si
1915 2829 2066 2883 enim

437 2923 564 2994 quis
585 2922 715 2976 ﬁdei
741 2926 1061 2991 congreget
1085 2923 1275 2989 ﬂores,
1296 2928 1350 2978 et
1372 2923 1639 2994 praedicet
1663 2925 1854 2978 Jesum
1878 2924 2062 2977 Chris-

435 3021 557 3071 tum
634 3015 1003 3082 cruciiixuni;
1085 3016 1142 3068 in
1227 3033 1461 3070 omnem
1528 3017 1869 3084 Ecclesiam,
1938 3033 2067 3088 quae

434 3109 638 3167 Christi
691 3125 892 3179 corpus
947 3113 1062 3176 est,
1119 3111 1331 3163 mundo
1389 3113 1651 3178 mortua,
1710 3110 2142 3214 requiescensCl

437 3205 572 3271 Deo,
616 3202 748 3256 ﬁdei
792 3218 908 3255 sua:
953 3202 1304 3256 trausfundit
1345 3207 1726 3273 unguentum.
1772 3203 1935 3258 Olere
1976 3205 2064 3259 in-

437 3297 570 3367 cipit
602 3298 718 3350 tota
762 3295 968 3349 domus
1008 3295 1238 3350 Domini
1282 3297 1600 3366 passionem
1636 3314 1647 3351 :
1683 3298 1837 3351 olere
1873 3298 2069 3368 incipit

438 3395 720 3455 mortem;
778 3389 976 3460 incipit
1020 3390 1168 3444 olere
1221 3391 1730 3453 resurrectionem;
1787 3397 1848 3445 ut
1894 3393 2070 3463 possit

442 3484 828 3554 unusquisque
871 3499 939 3537 ex
988 3484 1092 3537 hoc
1131 3500 1306 3537 sacrm
1341 3484 1520 3554 plebis
1559 3502 1794 3540 numero
1832 3486 2016 3540 dicere
2049 3504 2062 3540 :

441 3597 469 3629 ί(
506 3577 636 3631 Mihi
686 3579 876 3631 autem
921 3577 1065 3631 absit
1110 3577 1363 3647 gloriari,
1395 3577 1500 3631 nisi
1542 3579 1599 3632 in
1639 3594 1802 3634 cruce
1842 3579 2065 3634 Domini

439 3671 615 3726 nostri
654 3670 782 3724 Jesu
822 3670 1027 3726 Christi
1074 3671 1300 3742 (Galat.,
1348 3687 1420 3740 v1,
1471 3673 1575 3743 14).
1615 3695 1640 3720 ››
1685 3673 1872 3744 Spirat
1906 3673 2064 3740 odor,

437 3765 657 3819 redolet
688 3768 1045 3835 unguentum
1077 3764 1132 3817 in
1160 3781 1418 3835 corpore,
1449 3765 1492 3818 si
1524 3766 1650 3836 quis
1678 3766 1850 3835 possit
1875 3766 2066 3837 (atque

438 3857 486 3930 1
504 3856 695 3930 392
710 3858 930 3912 utinam
956 3874 1064 3928 ego
1085 3858 1312 3928 possim)
1327 3857 1683 3913 confidenter
1697 3860 1850 3930 loqui
1869 3877 1918 3913 εί(
1937 3860 2065 3913 Mihi

441 3953 672 4023 (autem)
697 3952 944 4006 mundus
975 3951 1276 4006 crucifixus
1304 3956 1387 4006 est
1413 3951 1622 4023 (Ibid)
1647 3975 1674 4002 ››
1705 3954 1827 4007 Non
1855 3953 2066 4007 amanti

438 4045 678 4113 divitias,
725 4062 840 4099 non
886 4045 1103 4099 amanti
1151 4045 1396 4100 honores
1439 4045 1649 4113 saeculi,
1695 4063 1808 4100 non
1855 4047 2067 4100 amanti

437 4156 564 4210 quae
606 4155 705 4193 sua
749 4142 897 4204 sunt,
943 4138 1041 4192 sed
1089 4155 1214 4209 qua:
1251 4141 1381 4194 Jesu
1421 4139 1660 4204 Christi;
1699 4157 1813 4193 non
1853 4140 2068 4194 amanti

437 4248 564 4304 quas
597 4231 880 4300 videntur,
915 4231 1013 4285 sed
1052 4248 1179 4302 quae
1215 4249 1331 4287 non
1370 4232 1667 4298 videntur;
1707 4251 1820 4287 non
1863 4234 2069 4304 cupido

435 4327 596 4390 vitaz,
642 4325 737 4379 sed
783 4325 833 4378 ei
878 4324 973 4396 qui
1010 4326 1239 4380 festinat
1280 4326 1541 4392 dissolvi,
1588 4329 1645 4380 et
1681 4344 1809 4380 cum
1850 4327 2068 4382 Christo

439 4437 576 4489 esse,
613 4418 913 4473 cruciﬁxus
951 4425 1034 4474 est
1067 4419 1334 4473 mundus.
1379 4422 1493 4474 Hoc
1524 4424 1608 4474 est
1647 4421 1801 4474 enim
1843 4437 2068 4476 crucem

2171 1891 2390 1962 primus
2428 1891 2545 1961 ipse
2587 1907 2642 1944 se
2680 1890 2904 1960 subjicit
2942 1907 2954 1944 :
2992 1906 3102 1944 non
3144 1906 3256 1960 quo
3293 1893 3562 1943 maternae
3589 1888 3766 1941 refutet

2171 1983 2394 2053 pietatis
2415 1983 2710 2054 obsequia;
2737 1983 2911 2054 ipsius
2933 1983 3086 2038 enim
3109 1986 3463 2054 praeceptum
3479 1986 3561 2036 est
3578 1981 3768 2051 (Exod,

2171 2081 2277 2146 xx),
2329 2100 2354 2125 ιι
2399 2078 2503 2141 Qui
2548 2095 2660 2131 non
2711 2077 3073 2131 honoraverit
3123 2081 3342 2147 patrem
3386 2082 3483 2130 aut
3528 2079 3767 2138 matrem,

2171 2176 2353 2224 morte
2382 2171 2663 2226 moriatur
2687 2173 2884 2242 (Deut.,
2921 2187 3088 2238 xxvn,
3124 2174 3229 2239 16),
3260 2193 3289 2219 ››
3323 2170 3423 2224 sed
3461 2169 3590 2239 quia
3617 2171 3772 2239 pater-

2169 2267 2256 2319 nis
2302 2283 2361 2319 se
2399 2265 2679 2336 mysteriis
2719 2269 2787 2334 (3)
2830 2265 3072 2336 amplius
3113 2280 3284 2335 quam
3329 2263 3596 2318 maternis
3631 2261 3772 2315 ati'ec-

2171 2359 2317 2413 tibus
2342 2359 2550 2413 debere
2581 2363 2906 2429 cognoscat.
2939 2359 3131 2429 Neque
3162 2361 3358 2412 tamen
3393 2356 3662 2427 injuriose
3697 2371 3772 2408 re-

2169 2454 2422 2506 futantur
2443 2460 2722 2522 parentes,
2753 2453 2849 2506 sed
2879 2451 3254 2522 religiosiores
3275 2450 3493 2522 copulae
3520 2449 3771 2504 mentium

2170 2547 2447 2602 docentur
2473 2563 2613 2612 esse,
2644 2563 2816 2618 quam
2848 2561 3180 2616 corporum.

2238 2645 2324 2694 37.
2368 2643 2514 2711 Ergo
2566 2657 2677 2693 non
2723 2639 3035 2694 debuerant
3069 2640 3209 2693 foris
3253 2643 3433 2706 stare,
3473 2637 3569 2708 qui
3607 2635 3770 2692 Chris-

2169 2738 2288 2787 tum
2328 2734 2515 2788 videre
2551 2733 2883 2803 quaerebant
2913 2749 2926 2787 :
2962 2755 2989 2781 «
3032 2735 3212 2804 Prope
3249 2739 3336 2788 est
3371 2732 3527 2787 enim
3559 2729 3773 2784 verbum

2168 2829 2225 2882 in
2251 2844 2348 2881 ore
2381 2834 2499 2894 tuo,
2531 2828 2668 2881 etin
2697 2827 2866 2881 corde
2896 2831 2990 2880 tuo
3019 2826 3218 2895 (Deut.,
3249 2843 3378 2894 xxx,
3414 2827 3512 2890 14;
3541 2827 3702 2882 Βοῖη..
3729 2838 3772 2884 x,

2168 2926 2240 2991 8).
2273 2945 2298 2971 ››
2337 2923 2486 2975 Intus
2518 2921 2695 2991 igitur
2722 2921 2975 2987 verbum,
3007 2920 3159 2974 intus
3189 2926 3275 2974 est
3301 2921 3526 2974 lumen.
3559 2916 3704 2974 Unde
3731 2919 3776 2967 et

2169 3016 2260 3070 ille
2293 3016 2373 3070 ait
2407 3034 2418 3068 :
2452 3038 2476 3064 ‹‹
2510 3015 2767 3070 Accedite
2809 3015 2880 3069 ad
2920 3014 3239 3082 Dominum,
3287 3019 3349 3068 et
3393 3008 3775 3068 illuminamini

2169 3111 2333 3178 (Psat.
2375 3125 2556 3178 χχχιιι,
2601 3112 2674 3179 6).
2716 3128 2743 3160 »
2795 3108 2851 3163 Si
2888 3107 3042 3163 enim
3082 3108 3215 3162 foris
3261 3112 3512 3162 astantes
3550 3121 3651 3160 nec
3689 3101 3776 3173 ipsi

2168 3209 2558 3274 agnoscuntur
2586 3207 2865 3274 parentes,
2897 3209 2953 3256 et
2993 3204 3230 3273 propter
3264 3204 3531 3256 nostrum
3569 3200 3777 3253 fortasse

2167 3314 2281 3352 non
2325 3300 2715 3368 agnoscuntur
2767 3297 3111 3367 exemplum,
3164 3293 3647 3366 quemadmodum
3693 3305 3777 3343 nos

2167 3407 2562 3462 agnoscemur,
2592 3391 2637 3444 si
2663 3390 2798 3445 foris
2826 3391 3082 3445 stemus?

2237 3489 2323 3540 38.
2356 3486 2466 3538 Nec
2509 3489 2668 3555 putet
2704 3484 2908 3554 aliquis
2951 3483 3357 3539 oifendiculum
3391 3499 3514 3540 esse
3555 3479 3776 3554 pietatis,

2171 3579 2262 3633 ubi
2308 3579 2637 3633 mandatum
2685 3578 2822 3648 legis
2867 3577 3166 3648 impletur;
3214 3577 3257 3630 si
3305 3578 3466 3632 enim
3517 3573 3778 3644 relinquet

2169 3674 2337 3728 homo
2364 3675 2586 3744 patrem
2625 3675 2682 3726 et
2716 3675 2980 3740 matrem,
3015 3675 3073 3726 et
3108 3671 3430 3726 adhaerebit
3467 3669 3628 3724 uxori
3657 3681 3775 3730 suae,

2170 3775 2227 3822 et
2252 3773 2419 3822 erunt
2444 3767 2555 3820 duo
2591 3766 2647 3819 in
2679 3781 2850 3820 carne
2891 3781 3024 3831 una,
3056 3769 3208 3819 recte
3243 3767 3664 3820 sacramentum
3690 3761 3777 3813 hoc

2169 3861 2228 3916 in
2258 3859 2480 3916 Christo
2521 3863 2779 3914 servatur
2813 3865 2870 3913 et
2902 3859 3147 3914 Ecclesia
3186 3860 3430 3929 (Ephes.,
3477 3875 3530 3924 v,
3565 3859 3649 3923 31,
3684 3855 3776 3920 32).

2171 3956 2236 4009 Et
2276 3955 2401 4008 ideo
2442 3959 2700 4025 parentes
2738 3953 2961 4024 corpori
2999 3952 3231 4023 proprio
3273 3969 3390 4006 non
3427 3950 3610 4023 potuit
3644 3953 3776 4001 ante-

2170 4050 2335 4103 ferre.
2368 4049 2516 4119 Ergo
2556 4048 2646 4102 hic
2682 4065 2794 4102 non
2825 4049 2912 4117 (ut
2949 4045 3181 4118 quidam
3223 4045 3480 4101 haeretici
3517 4045 3589 4115 (4)
3616 4039 3776 4097 tendi-

2169 4143 2320 4197 culas
2362 4143 2734 4213 aucupentur)
2788 4144 2976 4196 mater
3023 4146 3291 4211 negatur,
3341 4157 3474 4212 quas
3524 4139 3591 4192 de
3634 4147 3776 4189 cruce

2171 4237 2342 4291 etiam
2372 4235 2700 4307 agnoscitur
2733 4235 2932 4306 (Joan.,
2970 4250 3080 4300 nx,
3117 4234 3229 4302 26),
3264 4233 3365 4288 sed
3402 4224 3775 4287 necessitudini

2171 4330 2446 4401 corporali
2490 4328 2949 4400 prmscriptorum
2988 4327 3308 4382 caelestium
3348 4327 3533 4381 forma
3575 4321 3775 4395 praefer-

2171 4429 2282 4478 tur.
2335 4423 2473 4477 illud
2519 4439 2745 4494 quoque
2791 4421 3113 4492 intelligere
3161 4438 3276 4476 non
3327 4420 3617 4485 abhorret,
3661 4413 3774 4487 quia

437 4515 667 4581 tollere,
724 4517 780 4567 et
834 4513 993 4583 sequi
1043 4513 1329 4567 Christum
1351 4557 1364 4581 ,
1428 4519 1488 4567 ut
1542 4517 1600 4568 et
1653 4530 1758 4568 nos
1813 4531 2064 4570 commo-
2087 4505 2146 4577 D
2169 4535 2270 4590 per
2288 4518 2535 4588 figuram
2564 4521 2867 4587 parentum
2888 4515 3469 4570 demonstratiudaeis
3497 4531 3565 4568 ex
3593 4511 3776 4584 quibus

442 4609 658 4661 riamur
697 4613 754 4660 et
791 4607 1249 4678 consepeliamur
1290 4624 1420 4661 cum
1467 4625 1559 4676 eo;
1601 4613 1664 4662 ut
1706 4614 2068 4678 unguentum

439 4702 587 4774 quod
630 4701 738 4754 ista
784 4700 989 4754 mulier
1031 4701 1089 4754 in
1133 4702 1485 4771 sepulturam
1523 4702 1644 4772 ejus
1689 4703 1872 4769 misit,
1914 4703 2066 4757 olere

439 4796 736 4868 possimus.
767 4794 889 4848 Non
929 4794 1218 4848 mediocre
1255 4795 1403 4849 istud
1440 4802 1792 4866 unguentum
1827 4800 1928 4864 est,
1956 4813 2068 4867 quo

439 4889 646 4946 Christi
702 4887 870 4957 longe
934 4888 1160 4959 lateque
1216 4888 1557 4943 diffunditur
1619 4907 1850 4945 nomen.
1912 4891 2068 4946 Unde

439 4984 609 5039 etiam
658 4980 990 5053 prophetice
1040 4981 1255 5035 dictum
1303 4987 1426 5037 est:
1465 5004 1492 5031 «
1538 4984 1906 5055 Unguentum
1949 4986 2066 5039 exi-

440 5077 698 5132 nanitum
729 5079 812 5130 est
849 5090 1064 5130 nomen
1105 5078 1268 5129 tuum
1310 5075 1506 5146 (Ca-nt.,
1546 5093 1583 5142 ι,
1612 5080 1684 5149 2).
1724 5100 1752 5128 »
1787 5078 1915 5132 Ideo
1945 5078 2064 5132 exi-

440 5171 720 5237 nanitum,
756 5175 816 5224 ut
845 5169 1066 5240 majore
1097 5169 1239 5223 fides
1271 5169 1446 5224 odore
1476 5169 1779 5241 fragraret.

509 5267 596 5318 35.
629 5264 708 5316 Ex
737 5263 846 5317 hac
885 5277 1021 5332 ergo
1059 5262 1296 5317 muliere
1335 5263 1709 5333 intelligimus
1745 5264 1883 5318 illud
1926 5282 2064 5335 apo-

439 5357 703 5411 stolicum
749 5356 885 5427 quid
937 5357 1008 5410 sit
1046 5371 1058 5409 :
1094 5355 1594 5426 Superabundavit
1645 5361 1958 5427 peccatum,
2009 5364 2069 5413 ut

496 5530 567 5592 (3)
593 5531 749 5581 Rom.
790 5531 918 5580 edit.
949 5530 1085 5592 sola,
1113 5531 1354 5594 paternis
1379 5544 1432 5580 se
1459 5531 1784 5582 ministeriis.

502 5601 566 5660 (4)
617 5599 727 5660 Qui
784 5601 990 5650 fuerint
1043 5601 1293 5653 haeretici
1353 5603 1452 5664 illi,
1499 5608 1553 5653 et
1605 5617 1706 5654 cur
1761 5607 1994 5656 matrem
2035 5621 2064 5656 a

440 5669 659 5721 Christo
697 5676 951 5730 negatam
998 5676 1110 5720 tam
1138 5673 1493 5736 impudenter
1525 5677 1878 5738 asseruerint,
1905 5677 2065 5727 lucu-

438 5739 616 5790 lenter
642 5738 887 5788 declarat
920 5741 1314 5805 Hieronymus,
1352 5746 1409 5793 in
1444 5759 1564 5808 cap.
1605 5758 1686 5796 xu
1722 5746 1913 5797 Matth.
1951 5750 2066 5799 Non

438 5823 583 5875 ergo,
609 5809 808 5871 inquit,
831 5809 1001 5868 juxta
1037 5812 1359 5862 Marciorum
1385 5819 1433 5864 at
1467 5817 1812 5869 Manicheum
1843 5823 2065 5870 matrem

2171 4617 2255 4667 est
2291 4610 2338 4683 1
2358 4609 2554 4683 393
2580 4609 2832 4666 Christus
2857 4609 3172 4664 secundum
3199 4625 3458 4678 carnem,
3494 4605 3773 4662 Ecclesium

2169 4723 2296 4778 qua:
2325 4705 2586 4772 credidit,
2615 4704 3044 4775 praeferendam.

2241 4802 2328 4854 39.
2369 4800 2562 4870 Itaque
2601 4797 2698 4869 qui
2733 4815 2793 4852 se
2826 4797 3171 4868 intelligeret
3198 4803 3436 4868 propter
3461 4795 3701 4852 divinum
3725 4789 3772 4843 in

2170 4900 2351 4947 terras
2378 4893 2597 4947 venisse
2641 4891 2995 4963 mysterium,
3031 4891 3409 4962 Ecclesimque
3441 4894 3769 4947 conventum,

2170 4987 2378 5042 relictis
2429 5002 2628 5040 navem
2679 4985 2934 5040 ascendit
2994 4985 3347 5055 parentibus.
3405 4986 3593 5055 Neque
3639 4977 3769 5033 enim

2167 5082 2470 5152 quisquam
2521 5083 2743 5150 poterat
2787 5080 2937 5132 hunc
2984 5078 3266 5133 mundum
3319 5078 3620 5148 enavigare
3663 5073 3766 5126 sine

2169 5174 2409 5243 Christo,
2437 5173 2666 5245 quando
2693 5189 2785 5226 eos
2816 5188 3042 5244 quoque
3078 5171 3282 5244 quibus
3312 5170 3586 5226 Dominus
3607 5164 3763 5226 adest,

2169 5267 2543 5323 tentationum
2595 5267 2950 5321 saecularium
2998 5282 3147 5337 saepe
3193 5266 3438 5338 procella
3477 5257 3760 5335 perturbat-

2170 5365 2234 5418 Et
2286 5361 2603 5417 ceconomia
2657 5365 2914 5416 servatur
2964 5360 3025 5416 in
3075 5360 3378 5432 apostolis,
3429 5361 3494 5412 ut
3538 5351 3760 5409 advertas

2167 5538 2408 5601 negavit;
2437 5543 2494 5588 ut
2529 5543 2688 5589 natus
2722 5537 2786 5588 de
2813 5537 3182 5601 phantasmate
3207 5527 3620 5601 putaretur,_sod
3639 5533 3758 5601 apo-‘-

2165 5587 2325 5659 sto'tos
2353 5587 2931 5674 cognationi'prsethlit,
2953 5612 3058 5657 etc.
3091 5606 3193 5656 His
3207 5587 3419 5654 lsimilia
3442 5587 3604 5651 habes
3629 5587 3756 5674 ερας

2165 5671 2559 5742 Epiphaniam,
2589 5671 2783 5731 heres.
2810 5679 2889 5742 42,
2916 5681 2968 5730 et
2998 5677 3451 5740 Chrysostonmm
3477 5675 3530 5723 in
3557 5681 3664 5730 cap.
3684 5671 3754 5714 In

2166 5749 2432 5814 Matthmi,
2463 5755 2568 5802 etc.
