3972 6174
227 302 333 353 1765

1271 261 1740 353 ἘχροδιτιοΝιδ
1779 297 1846 352 lN
1888 297 2111 353 LUCAM
2152 298 2277 352 LIB.
2320 299 2402 352 v1.

3388 307 3520 358 1766

219 428 316 480 sine
348 423 631 479 tentatione
677 424 968 479 neminem
998 442 1160 496 posse
1199 442 1267 480 ex
1312 427 1417 481 hoc
1449 428 1574 481 vitae
1605 427 1785 481 curri-
1814 442 2191 510 Anumerus,
2240 431 2433 482 tamen
2477 428 2784 483 concordat
2823 430 3184 498 mysterium;
3233 432 3318 485 vir
3364 433 3519 486 enim

214 517 316 573 culo
342 517 662 587 demigrare,
701 518 834 588 quia
873 519 1209 572 exercitium
1247 519 1377 574 ﬁdei
1413 521 1648 575 tentatio
1682 523 1784 574 est.

268 613 340 665 40.
391 610 622 679 Subjecti
683 611 858 679 igitur
921 628 1118 666 sumus
1179 613 1452 684 nequitias
1519 613 1789 684 spiritalis

212 704 446 775 procellis,
497 704 592 758 sed
641 707 803 776 quasi
845 707 1150 777 pervigiles
1202 711 1393 762 nautas
1446 709 1784 778 gubernato-

212 815 310 852 rem
352 799 662 853 excitemus.
719 801 926 853 Verum
975 803 1032 853 et
1088 801 1191 871 ipsi
1233 801 1537 871 periclitari
1586 803 1785 856 solent.

212 892 359 956 Quem
385 891 552 962 igitur
578 892 1016 963 gubernatorem
1045 894 1451 966 requiramus?
1478 895 1643 948 Illum
1674 897 1786 948 nti-

208 1002 295 1056 que
333 986 418 1056 qui
466 1002 577 1040 non
627 987 854 1056 serviat,
898 988 992 1042 sed
1042 987 1290 1059 imperet
1328 989 1527 1057 ventis,
1569 989 1638 1043 de
1677 1005 1791 1058 quo

208 1079 437 1148 scriptum
465 1083 546 1133 est
571 1098 581 1132 :

265 1173 414 1238 (Vers.
439 1174 544 1240 24.)
573 1174 649 1226 At
674 1175 765 1228 ille
790 1189 1017 1244 surgens
1043 1176 1343 1244 increpavit
1369 1181 1608 1230 ventum.

261 1266 336 1319 tt.
391 1265 528 1329 Quid
581 1270 665 1320 est
722 1271 1003 1336 surgens?
1058 1268 1380 1338 quiescebat
1445 1268 1634 1337 enim;
1692 1270 1790 1324 sed

203 1359 489 1429 quiescebat
524 1360 779 1430 corporis
814 1378 1034 1426 somno,
1063 1379 1190 1416 cum
1236 1362 1555 1418 intenderet
1583 1363 1789 1416 divini-

205 1453 308 1505 tatis
346 1453 636 1523 mysterio;
685 1454 779 1508 ubi
827 1455 981 1508 enim
1033 1455 1333 1527 sapientia,
1380 1456 1480 1510 ubi
1526 1456 1789 1523 verbum,

203 1545 319 1598 nihil
344 1547 457 1600 sine
487 1547 661 1601 verbo
687 1546 769 1613 ﬁt,
800 1547 942 1602 nihil
974 1548 1097 1602 sine
1126 1549 1452 1619 prudentia.

255 1641 328 1692 t2.
372 1639 553 1710 Supra
600 1641 795 1708 habes,
849 1642 985 1712 quia
1037 1643 1402 1712 pernoctabat
1439 1643 1494 1696 in
1537 1645 1791 1698 oratione

199 1734 336 1797 (Lua,
367 1749 433 1799 γι,
478 1734 596 1801 t2);
641 1735 925 1805 quomodo
965 1735 1057 1790 hic
1092 1737 1150 1789 in
1196 1741 1532 1806 tempestate
1574 1738 1788 1791 dormi-

1893 519 2148 594 1394
2181 521 2282 576 iste
2311 523 2408 593 qui
2440 522 2683 576 habebat
2715 523 3089 589 daemonium,
3113 525 3307 593 populi
3339 526 3520 596 figura

1891 615 2124 685 gentilis
2157 621 2262 682 est,
2293 621 2523 686 opertus
2555 616 2703 670 vitiis
2732 617 2829 685 (7),
2863 615 3052 669 nudus
3085 617 3288 684 errori,
3321 621 3520 687 patens

1890 708 2139 762 crimini.
2174 711 2292 764 Duo
2337 709 2418 763 illi
2465 725 2688 780 quoque
2733 709 2996 764 similiter
3040 709 3282 779 ﬁguram
3325 711 3523 782 pepuli

1893 801 2115 871 gentilis
2166 801 2472 872 accipiunt,
2529 802 2804 872 quoniam
2858 819 2987 856 cum
3044 807 3157 858 tres
3211 803 3356 857 ﬁlios
3413 804 3523 858 Noe

1893 895 2266 964 generaverit,
2311 895 2465 962 Sem,
2509 897 2691 952 Cham
2734 901 2790 949 et
2830 897 3031 968 Japhet
3077 897 3250 965 (Gen.,
3295 914 3369 963 χι,
3414 899 3522 964 18),

1891 987 2020 1041 Sem
2057 993 2275 1042 tantum
2306 988 2524 1042 familia
2552 990 2607 1042 in
2639 990 3054 1059 possessionem
3095 989 3270 1044 ascita
3298 994 3382 1046 est
3411 991 3522 1046 Dei.

1891 1081 1970 1134 Ex
1999 1081 2218 1134 duobus
2249 1081 2360 1135 illis
2393 1081 2744 1136 diversarum
2777 1083 3072 1137 nationum
3112 1085 3306 1154 populi
3333 1085 3524 1154 pullu-

1891 1174 2100 1241 larunt,
2144 1191 2388 1245 quorum
2432 1177 2577 1230 alter
2631 1176 2987 1244 maledictus,
3040 1177 3190 1248 quod
3243 1177 3523 1232 nudatum

1892 1271 2114 1338 patrem
2148 1285 2257 1322 non
2294 1273 2526 1338 texerat,
2563 1269 2894 1324 benedictus
2916 1271 3083 1337 alter,
3116 1271 3265 1342 quod
3291 1288 3525 1326 aversus

1894 1361 2042 1430 licet,
2067 1378 2138 1416 ne
2165 1362 2557 1416 confusionem
2586 1363 2784 1417 nudati
2809 1365 3060 1434 parentis
3084 1365 3355 1431 hauriret,
3380 1365 3524 1420 duce

1893 1459 2079 1508 ulmei)
2112 1460 2332 1526 patrem
2363 1457 2571 1526 pietate
2607 1455 2856 1525 texisset,
2894 1461 2948 1511 et
2979 1457 3214 1512 fraterni
3249 1458 3524 1512 maledic-

1893 1554 2014 1602 tum
2047 1549 2284 1602 seminis
2312 1549 2540 1604 eluisset
2573 1551 2670 1619 (8).

1964 1643 2140 1712 (Vers.
2168 1646 2280 1710 27.)
2319 1645 2426 1710 Qui
2466 1645 2666 1709 multis,
2711 1644 2918 1714 inquit,
2967 1646 3288 1715 temporibus
3324 1647 3522 1713 ageba-

1897 1743 2006 1789 tur.

199 1824 298 1879 ret?
326 1825 431 1880 Sed
457 1828 796 1898 exprimitur
838 1829 1110 1883 securitas
1150 1830 1462 1899 potestatis,
1492 1831 1640 1901 quod
1667 1848 1789 1884 om-
1815 1811 1868 1880 B
1964 1831 2051 1882 45.
2084 1830 2288 1900 Utpote
2320 1830 2416 1899 qui
2455 1846 2486 1882 a
2519 1829 2730 1885 diluvio
2760 1847 2941 1901 usque
2971 1831 3040 1884 ad
3072 1831 3378 1886 adventum
3414 1832 3521 1887 Do-

198 1919 335 1972 nibus
361 1921 713 1988 timentibus,
746 1923 898 1976 solus
934 1921 1254 1994 intrepidus
1290 1924 1634 1994 quiescebat.
1670 1926 1789 1979 Non

197 2016 265 2066 est
287 2030 412 2084 ergo
439 2030 671 2069 consors
701 2018 942 2084 naturae,
983 2016 1078 2087 qui
1113 2033 1224 2070 non
1256 2022 1340 2070 est
1365 2034 1595 2071 consors
1638 2019 1789 2088 peri-

195 2106 299 2159 culi.
327 2109 448 2161 Etsi
479 2125 690 2179 corpus
716 2111 949 2177 dormit,
980 2114 1254 2180 operatur
1283 2111 1565 2176 divinitas,
1596 2128 1792 2182 opera-

196 2202 270 2252 tur
309 2200 455 2255 tides.
503 2203 764 2273 Denique
814 2204 949 2257 dicit
996 2221 1007 2257 :
1060 2223 1086 2254 α
1136 2204 1362 2258 Modica:
1415 2204 1565 2270 ﬁdei,
1615 2221 1791 2275 quare

195 2291 450 2348 dubitastis
492 2298 742 2364 (Matth,
792 2313 900 2363 vm,
945 2299 1128 2367 26)?»
1179 2299 1247 2351 Et
1281 2296 1426 2351 bene
1471 2305 1794 2368 arguuntur

195 2387 270 2455 qui
307 2394 585 2458 prazsente
619 2390 844 2445 Christo
880 2391 1179 2457 timebant,
1210 2408 1338 2446 cum
1379 2393 1571 2464 utique
1614 2394 1710 2464 qui
1742 2394 1792 2446 ei

193 2480 426 2548 adliceret,
459 2483 652 2554 perire
682 2501 798 2539 non
839 2485 1030 2555 possit.

249 2575 320 2629 43.
365 2578 508 2646 Ergo
570 2578 923 2632 conﬁrmavit
963 2579 1153 2647 tidem,
1205 2579 1415 2633 refudit
1470 2581 1789 2650 tranquilli-

194 2673 352 2723 tatem.
397 2671 649 2724 Ventum
688 2687 907 2725 cessare
951 2673 1244 2743 praecepit,
1289 2689 1400 2726 non
1443 2674 1788 2744 aquilonem,

192 2777 282 2814 non
321 2763 584 2831 africum,
627 2765 721 2818 sed
770 2766 931 2819 illum
984 2767 1175 2838 utique
1222 2773 1478 2832 ventum,
1532 2766 1620 2820 cui
1673 2767 1789 2820 dic-

192 2860 286 2909 tum
314 2861 391 2910 est
428 2858 497 2911 ab
549 2859 750 2929 angelo
797 2860 1063 2914 Michaele
1108 2861 1164 2914 in
1203 2861 1443 2931 epistola
1476 2859 1638 2914 Judze
1668 2860 1745 2930 (ὅ)
1777 2879 1787 2913 :

1896 1922 2034 1976 mini
2077 1922 2405 1989 vexabatur,
2447 1924 2638 1977 furore
2681 1924 2936 1978 dementi
2983 1940 3257 1996 rumpens
3306 1926 3527 1980 vincula

1897 2021 2134 2070 naturae.
2172 2017 2282 2069 Nec
2333 2017 2621 2071 immerito
2661 2017 2831 2072 etiam
2875 2023 3099 2072 sanctus
3137 2019 3430 2074 Matthteus
3467 2020 3524 2073 in

1895 2111 2282 2164 monumentis
2305 2109 2429 2163 illos
2457 2110 2744 2164 habitasse
2773 2110 3112 2181 signiﬁcavit
3140 2112 3385 2183 (Matth.,
3410 2130 3524 2179 Vlll,

1893 2203 2004 2272 28),
2035 2204 2315 2274 siquidem
2347 2203 2539 2257 talium
2571 2204 2778 2259 anima:
2808 2205 2864 2258 in
2889 2205 3234 2276 quibusdam
3265 2206 3526 2262 habitare

1894 2297 2160 2351 videntur
2186 2298 2419 2350 tumulis
2448 2298 2840 2367 sepulcrorum
2864 2297 2981 2368 (9)?
3011 2299 3155 2362 Quid
3185 2300 3342 2354 enim
3372 2301 3525 2355 aliud

1895 2397 2026 2445 sunt
2064 2407 2302 2460 corpora
2351 2390 2718 2459 perﬁdorum,
2764 2391 2872 2445 nisi
2913 2393 3180 2462 quasdam
3226 2394 3525 2449 defuncto-

1897 2501 2022 2539 rum
2060 2484 2334 2554 sepulcra,
2367 2484 2425 2538 in
2464 2484 2668 2554 quibus
2715 2485 2812 2539 Dei
2853 2485 3022 2539 verba
3071 2492 3186 2541 nbn
3232 2487 3528 2543 habitant?

1895 2578 2184 2649 Agebatur
2209 2594 2344 2648 ergo
2376 2579 2432 2632 in
2462 2579 2585 2632 loca
2613 2578 2858 2647 deserta,
2887 2579 3274 2650 spiritualium
3307 2581 3527 2636 scilicet

1894 2671 2194 2726 infecunda
2241 2672 2536 2740 virtutum,
2584 2672 2858 2743 profugus
2907 2690 2938 2726 a
2987 2674 3134 2744 lege,
3179 2674 3450 2729 discretus
3495 2692 3528 2729 a

1897 2764 2210 2834 prophetis,
2244 2770 2496 2818 remotus
2527 2781 2560 2818 a
2587 2765 2792 2836 gratia.

1967 2860 2055 2911 46.
2103 2860 2279 2922 (Vers.
2312 2857 2533 2933 30-33.)
2567 2858 2684 2912 Non
2728 2859 2882 2912 enim
2927 2875 3043 2914 uno
3089 2858 3398 2926 daemonio,
3429 2861 3526 2914 sed

194 2968 215 2993 ιι
246 2949 471 3021 Imperet
514 2951 628 3005 tibi
673 2954 946 3007 Dominus
988 2954 1184 3024 (Iudae,
1233 2957 1303 3023 9).
1339 2975 1364 3004 ι)
1415 2955 1571 3008 Unde
1621 2954 1792 3008 etiam
1897 2950 2071 3004 totius
2111 2951 2351 3020 legionis
2384 2950 2681 3004 laborabat
2721 2952 2978 3021 incursu;
3010 2968 3140 3023 quas
3167 2969 3297 3006 cum
3329 2953 3522 3007 Domi—

189 3048 382 3098 sanctus
422 3046 723 3100 Matthaaus
767 3064 780 3100 :
831 3069 858 3097 ‹‹
898 3048 1219 3118 Imperavit,
1272 3047 1479 3118 inquit,
1531 3054 1697 3102 vento
1740 3055 1795 3102 et
1896 3061 2032 3098 num
2089 3044 2349 3108 vidisset,
2412 3045 2881 3116 cognovissetque
2944 3045 3184 3117 praescia
3252 3046 3527 3100 Dominici

191 3138 307 3191 mari
345 3141 598 3206 (Matth,
637 3157 750 3206 vm,
801 3144 909 3211 26).
957 3161 982 3191 ι)
1029 3146 1210 3212 Atque
1253 3141 1473 3195 utinam
1529 3142 1584 3194 in
1633 3141 1795 3196 nobis
1817 3181 1866 3212 ρ
1895 3138 2168 3192 adventus
2209 3141 2463 3208 tempore
2508 3138 2564 3192 in
2615 3138 2847 3209 abyssos
2897 3155 2954 3193 se
2998 3156 3119 3194 esse
3159 3140 3523 3208 tradendam,

191 3181 307 3191 mu
346 3181 598 3206 φυηρ-..
649 3181 750 3206 ....,
801 3181 909 3211 -..,.
958 3181 982 3191 -
1029 3181 1210 3212 ηηιμν
1256 3181 1473 3195 ...........
1634 3181 1795 3196 ..υυω
1895 3181 2168 3192 ...νυν-...η
2211 3181 2463 3208 “aut...”
2508 3181 2564 3192 η.
2615 3181 2847 3209 “Jews
2897 3181 2954 3193 μυ
2998 3181 3119 3194 ww
3163 3181 3523 3208 .................,

188 3229 326 3285 ﬂatus
351 3234 469 3304 ejus
499 3250 740 3305 asperos
780 3235 1048 3288 cohibere
1080 3235 1368 3305 dignetur,
1405 3239 1467 3288 ut
1501 3235 1796 3290 ﬂuctuanti
1815 3181 1870 3254 Ο
1897 3233 2066 3302 ccepit
2095 3248 2255 3287 orare
2281 3238 2344 3286 ut
2375 3231 2701 3306 introeundi
2730 3232 2787 3286 in
2818 3250 3020 3304 porcos
3045 3235 3326 3304 acciperet
3353 3235 3525 3289 facul-

190 3325 292 3379 vitte
322 3328 503 3382 refusa
557 3329 932 3400 tranquillitas
973 3329 1254 3399 naufragii
1299 3335 1514 3384 metum
1562 3329 1790 3384 demat!
1899 3333 2093 3380 tatem.
2145 3328 2206 3380 Et
2251 3326 2506 3397 primum
2559 3327 2920 3382 clementiam
2974 3328 3198 3383 Domini
3254 3327 3527 3382 debemus

189 3416 240 3470 Et
262 3420 300 3473 si
315 3421 428 3490 jam
457 3439 579 3476 non
608 3423 854 3477 dormiat
875 3423 961 3477 sui
982 3423 1230 3494 corporis
1253 3439 1474 3489 somno,
1500 3439 1797 3478 caveamus
1898 3419 2214 3486 advertere,
2246 3422 2398 3491 quod
2439 3421 2658 3476 nullum
2689 3421 2843 3490 prius
2871 3421 2988 3492 ipse
3032 3421 3402 3489 condemnat,
3430 3423 3525 3477 sed

189 3517 346 3568 tamen
378 3533 447 3570 ne
496 3517 679 3571 nostri
717 3517 968 3588 corporis
999 3533 1197 3571 somno
1241 3516 1406 3571 nobis
1451 3516 1699 3572 dormiat
1740 3521 1797 3572 et
1898 3514 2286 3585 unusquisque
2315 3514 2419 3568 sibi
2462 3520 2658 3569 auctor
2693 3518 2780 3569 est
2815 3531 3018 3586 poenae.
3062 3516 3184 3569 Non
3225 3516 3532 3571 mittuntur

187 3605 433 3675 quiescat.

242 3701 318 3756 44.
363 3705 428 3758 Et
467 3702 749 3776 quoniam
793 3721 920 3775 qua:
967 3704 1090 3758 loco
1133 3704 1413 3775 superiori
1460 3704 1793 3776 perstrinxi—

187 3810 310 3862 mus,
363 3797 646 3851 delibasse
686 3796 816 3851 satis
859 3801 964 3863 est,
1015 3813 1168 3851 nunc
1222 3798 1358 3868 quia
1412 3799 1483 3867 (6)
1535 3797 1593 3851 in
1648 3798 1794 3852 libro

190 3890 478 3944 secundum
542 3891 871 3945 Mattheeum
931 3890 1074 3945 duos
1133 3891 1390 3945 homines
1448 3892 1506 3944 in
1564 3891 1796 3962 regione

187 3980 580 4039 Gerasenorum
627 3982 926 4038 daemoniis
961 3984 1183 4039 afﬂatus
1222 3984 1445 4040 Christo
1487 3985 1797 4039 occurrisse

187 4078 532 4146 cognovimus
584 4077 770 4147 (1bid.,
820 4079 928 4146 28),
977 4078 1066 4131 hic
1110 4083 1302 4132 autem
1354 4083 1576 4132 sanctus
1625 4079 1798 4131 Lucas

185 4183 342 4225 unum
385 4169 630 4238 inducit,
686 4173 1070 4242 eumdemque
1120 4171 1337 4226 nudum
1391 4172 1601 4240 (nudus
1645 4171 1798 4226 enim

187 4267 259 4316 est
284 4265 612 4336 quicunque
644 4267 1043 4336 tegumentum
1080 4271 1300 4320 naturas
1329 4282 1442 4319 suae
1485 4269 1543 4318 et
1576 4265 1799 4319 virtutis

187 4358 396 4429 amisit),
431 4376 549 4430 qua
581 4359 802 4414 ratione
849 4359 1212 4430 evangelista:
1247 4360 1316 4413 de
1348 4376 1592 4414 numero
1620 4359 1795 4414 disso-

188 4465 306 4504 nare
359 4454 698 4518 videantur,
756 4469 867 4506 non
928 4452 1108 4507 otiose
1165 4453 1647 4524 praetereundum,
1701 4453 1796 4507 sed

1897 3607 1954 3661 in
1985 3624 2180 3678 porcos
2216 3609 2530 3677 daemones,
2574 3609 2670 3663 sed
2712 3608 2820 3679 ipsi
2860 3611 3081 3678 petunt,
3117 3609 3252 3680 quia
3291 3610 3531 3664 caelestis

1899 3701 2130 3754 luminis
2170 3701 2485 3756 claritatem
2532 3701 2810 3755 sustinere
2849 3717 2963 3754 non
3005 3705 3287 3771 poterant,
3332 3708 3394 3756 ut
3433 3703 3531 3774 qui

1897 3794 2088 3849 oculos
2115 3795 2326 3860 dolent,
2362 3795 2586 3848 radium
2628 3795 2763 3848 solis
2801 3794 2947 3848 ferre
2993 3811 3105 3848 non
3147 3801 3400 3865 possunt,
3431 3798 3528 3851 sed

1900 3888 2196 3942 tenebrosa
2223 3889 2465 3960 eligunt,
2495 3894 2551 3942 et
2582 3887 2942 3960 splendentia
2970 3887 3393 3960 derelinquunt.
3429 3891 3531 3944 Fu-

1899 3982 2057 4051 giant
2092 3998 2231 4052 ergo
2275 3982 2568 4036 daemones
2614 3982 2981 4053 splendorem
3021 3982 3162 4037 lucis
3197 3986 3449 4052 asternze,
3477 3987 3532 4038 et

1896 4078 2028 4128 ante
2066 4081 2292 4146 tempus
2337 4075 2527 4130 debita
2567 4075 2674 4130 sibi
2712 4079 3001 4131 tormenta
3047 4077 3374 4144 formident,
3417 4094 3532 4132 non

1900 4169 2336 4240 prmdivinantes
2383 4186 2510 4239 quae
2551 4169 2746 4224 futura
2775 4177 2924 4238 sunt,
2967 4170 3064 4224 sed
3106 4187 3234 4241 quae
3281 4171 3528 4242 prophe-

1899 4266 2014 4316 tata
2049 4267 2183 4316 sunt
2225 4263 2619 4327 recordantes;
2669 4263 2810 4318 dixit
2845 4265 2999 4318 enim
3031 4265 3323 4318 Zacharias
3355 4284 3367 4319 :
3413 4267 3533 4320 «Et

1900 4356 2008 4409 erit
2038 4355 2095 4409 in
2143 4356 2239 4410 illa
2278 4356 2392 4425 die,
2428 4357 2720 4428 disperdet
2764 4359 3039 4412 Dominus
3083 4358 3317 4412 nomina
3352 4359 3533 4412 idolo-

1903 4465 2030 4502 rum
2056 4449 2125 4502 de
2154 4452 2328 4515 terra,
2354 4452 2411 4502 et
2432 4465 2548 4503 non
2573 4450 2682 4503 erit
2712 4450 2943 4504 ulterius
2967 4449 3244 4503 memoria
3264 4467 3529 4506 eorum...

189 4546 582 4615 requirendum
639 4547 898 4601 arbitror.
949 4548 1014 4599 Et
1063 4547 1292 4617 quidem
1346 4546 1477 4600 licet
1521 4547 1879 4625 discordetD
1903 4547 1957 4596 et
2020 4542 2282 4613 spiritum
2347 4543 2708 4596 immundum
2775 4558 3007 4596 exuram
3076 4543 3145 4597 de
3210 4547 3363 4597 terra
3420 4545 3531 4616 (tO)

240 4714 298 4772 (ὅ)
323 4715 520 4764 Narrat
569 4721 692 4779 post
721 4714 925 4764 Euseb.
959 4715 1089 4764 Hist.
1135 4713 1232 4763 lib.
1282 4727 1336 4773 ιι,
1374 4727 1493 4777 cap.
1526 4714 1588 4763 23
1625 4718 1679 4763 et
1719 4713 1800 4774 24,

190 4789 235 4830 et
271 4785 361 4834 lib.
416 4800 497 4848 nr,
550 4801 670 4850 cap.
716 4788 804 4846 25;
859 4788 1084 4836 Hieron.
1138 4787 1192 4834 in
1247 4785 1443 4842 Catat.,
1491 4784 1636 4834 hanc
1685 4786 1802 4847 epi-

189 4853 365 4905 stolam
424 4871 558 4907 cum
615 4858 997 4907 auctoritatem
1072 4860 1347 4906 vetustate
1412 4860 1465 4906 et
1527 4869 1630 4904 usu
1688 4855 1802 4916 jam

190 4930 484 4990 meruisset,
528 4934 713 4979 tamen
749 4943 780 4978 a
815 4929 1095 4992 plerisque
1130 4931 1408 4992 rejectam,
1453 4927 1602 4991 quod
1649 4927 1703 4974 in
1740 4939 1803 4975 ea

191 4995 250 5046 ab
300 5001 637 5064 apocryphis
692 5001 1074 5050 testimonium
1142 5004 1336 5050 auctor
1394 4998 1802 5060 assumpsisset.

192 5066 379 5120 Verum
422 5073 495 5121 iis
540 5074 872 5136 contemptis
923 5071 994 5122 ab
1040 5072 1310 5122 Ecclesiae
1373 5071 1473 5120 PP.
1525 5074 1578 5119 et
1632 5068 1801 5118 Couc.

191 5140 316 5190 inter
373 5143 678 5193 canonicas
734 5143 1048 5207 Scripturas
1103 5146 1322 5206 recepta
1381 5145 1479 5199 est,
1543 5145 1676 5204 puta
1735 5139 1804 5189 ab

194 5208 441 5275 Tertull.,
495 5213 590 5262 lib.
648 5215 721 5263 De
768 5213 890 5264 hab.
944 5213 1108 5271 mut,
1161 5228 1282 5277 cap.
1337 5213 1394 5273 3;
1453 5211 1622 5274 Cypr.
1680 5211 1802 5260 adv.

193 5280 404 5345 Νθυατ.;
431 5285 583 5348 Orig.
617 5285 808 5334 homil.
838 5286 898 5335 t3
930 5285 987 5334 in
1020 5286 1169 5345 Gen,
1207 5286 1264 5334 in
1299 5284 1477 5341 Josue,
1509 5284 1565 5331 in
1599 5281 1766 5332 Matth
1791 5316 1806 5337 ,

194 5354 240 5421 εί
283 5355 446 5415 alibi;
514 5355 780 5406 Athenas.
842 5358 898 5406 in
955 5356 1194 5421 Synop.;
1253 5355 1428 5406 Clem.
1489 5357 1648 5404 Alex.
1711 5352 1805 5402 lib.

200 5420 444 5487 Ὗποτυπ.;
502 5425 700 5490 Epiph.
764 5425 962 5476 haeres.
1024 5420 1114 5486 50,
1163 5430 1292 5488 etc.,
1351 5438 1509 5476 conc.
1566 5423 1807 5485 Laodic.,

197 5506 299 5558 cap.
350 5498 433 5554 59,
493 5496 749 5562 Carthag.
798 5511 874 5559 ut,
930 5512 1049 5562 cap.
1103 5499 1183 5560 47,
1231 5502 1334 5548 etc.
1395 5497 1571 5546 Tanta
1623 5499 1808 5544 tamen

201 5569 459 5618 tantorum
523 5571 764 5621 virorum
821 5571 1161 5630 auctoritas,
1226 5573 1416 5632 totque
1473 5566 1807 5617 saeculorum

200 5642 529 5703 praescriptio
551 5647 841 5693 novatores
874 5647 1094 5692 nostros
1127 5640 1422 5704 prohibere
1459 5651 1569 5687 non
1608 5638 1807 5700 potuit,

202 5711 320 5767 quin
347 5710 503 5761 hanc
533 5712 782 5762 eamdem
819 5713 1124 5776 epistolam,
1169 5725 1282 5761 non
1319 5710 1445 5759 aliis
1485 5709 1611 5757 freti
1645 5721 1810 5769 argu-

204 5781 402 5842 mentis,
430 5795 507 5831 ex
534 5785 924 5834 canonicorum
947 5783 1216 5833 librorum
1244 5781 1370 5831 albo
1399 5781 1598 5830 iterum
1624 5776 1812 5828 erade-

206 5854 328 5899 rent.
368 5851 481 5902 Sed
527 5854 654 5918 quid
695 5859 840 5905 vetet
887 5855 943 5904 in
986 5853 1219 5919 epistola
1269 5851 1541 5903 canonica
1584 5859 1812 5914 apocry-

1901 4709 2066 4774 pbam
2106 4710 2260 4759 citari
2302 4709 2847 4770 commentationem,
2890 4723 3020 4759 cum
3067 4711 3374 4773 Apostolus
3418 4713 3532 4774 ipse

1902 4793 2243 4844 paganorum
2288 4780 2534 4828 carmina
2583 4779 2906 4840 laudaverit,
2963 4785 3015 4830 et
3068 4782 3134 4830 iis
3184 4795 3285 4831 nos
3340 4782 3532 4845 spoliis

1904 4852 2064 4900 ditari
2096 4850 2297 4900 debere
2340 4850 2603 4914 frequens
2642 4850 2836 4901 doceat
2877 4851 3221 4913 Ambrosius,
3257 4853 3530 4916 Hierony-

1904 4935 2029 4971 mus
2055 4925 2220 4984 atque
2249 4921 2380 4970 alii?

1969 4994 2030 5056 (6)
2081 4993 2224 5042 Edit.
2276 4993 2455 5053 Rom.,
2498 4993 2754 5056 quoniam
2799 4994 2900 5043 haec
2944 4995 3051 5044 loco
3097 4994 3364 5058 superiori
3409 5007 3534 5057 per-

1902 5066 2243 5123 strinximus,
2267 5077 2408 5114 nunc
2436 5064 2692 5114 delibasse
2715 5071 2795 5115 sat
2827 5073 2915 5115 est.
2960 5067 3146 5115 Verum
3172 5066 3324 5127 quia,
3355 5070 3462 5115 etc.

1969 5136 2031 5196 (7)
2081 5133 2290 5182 Eadem
2348 5134 2478 5184 edit.
2541 5135 2721 5196 Rom.,
2773 5140 2987 5201 apertus
3043 5136 3202 5184 vitiis.
3263 5135 3400 5184 Aliae
3461 5147 3528 5186 ac

1907 5219 2036 5255 mss.
2091 5218 2302 5265 omnes,
2366 5210 2583 5269 opertus
2636 5207 2798 5257 vitiis.
2860 5207 3060 5256 Neutra
3121 5205 3286 5254 lectio
3343 5217 3528 5268 asper-

1907 5277 2106 5327 nanda.

1973 5350 2037 5412 (8)
2067 5349 2149 5398 Ita
2178 5361 2309 5397 mss.
2341 5361 2406 5398 ac
2432 5351 2539 5398 vet.
2572 5347 2702 5398 edit.
2746 5347 2902 5398 Rom.
2936 5359 3082 5405 vero,
3109 5346 3306 5408 pietate
3339 5346 3529 5395 texit...

1906 5421 2118 5472 seminis
2150 5420 2355 5469 vitavit.

1973 5494 2034 5554 (9)
2061 5491 2205 5541 Edit.
2237 5491 2393 5542 Rom.
2421 5491 2557 5551 sola,
2587 5488 2801 5539 tumulis
2838 5492 3184 5549 peccatorum.
3225 5485 3335 5538 Sed
3359 5488 3531 5550 pont—

1909 5568 1998 5613 tur
2055 5576 2161 5612 vox
2216 5559 2579 5625 sepulcrorum
2635 5558 3006 5608 distinctionis
3061 5568 3220 5620 ergo;
3279 5558 3532 5608 tumulus

1911 5636 2058 5684 enim
2095 5646 2194 5696 per
2228 5644 2288 5681 se
2325 5644 2390 5680 ac
2427 5630 2645 5693 pr0prie
2683 5628 2987 5692 quemlibet
3025 5626 3315 5678 editiorem
3343 5629 3530 5678 locum

1911 5705 2203 5756 signiﬁcat.

1961 5720 2310 5837 ῗῗόἷιὲῗᾶθω
2337 5769 2468 5821 edit.
2495 5769 2677 5829 Rom.,
2701 5767 2946 5830 auferam
2969 5767 3034 5818 de
3053 5772 3218 5818 terra.
