3926 6168
477 266 610 321 1767

476 482 806 551 manebunt,
849 498 920 537 ne
964 483 1181 537 malitia
1231 499 1431 537 eorum
1474 483 1532 537 in
1571 482 1898 536 hominibus
1932 483 2106 553 possit

476 595 599 632 esse
644 580 939 649 perpetua.
982 578 1141 630 Nunc
1190 576 1366 647 igitur
1406 576 1562 630 illam
1612 579 1934 630 metuentes
1982 592 2103 647 pce-

476 688 629 739 nam,
672 671 835 725 aiunt
866 688 879 724 :
915 670 1246 725 «Venisti...
1286 669 1528 740 perdere
1573 687 1673 724 nos
1707 670 1949 739 (Matth.,
1984 684 2102 737 vm,

480 767 585 835 “29).
637 787 663 814 ››
708 765 816 820 Sed
866 764 1000 835 quia
1055 764 1239 818 adhuc
1290 780 1412 818 esse
1468 764 1815 830 desiderant,
1864 764 1985 833 jam
2037 763 2105 818 ab

476 858 806 913 hominibus
836 858 1184 922 recedentes,
1216 863 1449 929 propter
1476 874 1619 928 quos
1660 874 1888 927 poenam
1920 857 2109 911 sciunt

479 954 585 1022 (Η)
654 952 760 1006 sibi
836 969 956 1006 esse
1028 952 1421 1020 subeundam,
1492 956 1690 1022 petunt
1770 951 1830 1004 in
1904 967 2106 1021 porcos

480 1048 650 1101 mitti.

550 1152 638 1205 47.
669 1150 775 1214 Qui
803 1152 934 1203 sunt
974 1148 1064 1203 isti
1107 1148 1285 1218 porci,
1326 1147 1434 1202 nisi
1474 1148 1622 1202 forte
1654 1147 1737 1201 illi
1786 1147 1855 1202 de
1899 1146 2109 1219 quibus

482 1244 698 1301 dictum
745 1246 878 1298 est:
928 1264 955 1291 ‹‹
992 1242 1168 1296 Nolite
1216 1242 1350 1295 dare
1397 1244 1656 1295 sanctum
1702 1240 1955 1309 canibus,
2003 1257 2109 1295 nec

479 1338 747 1394 miseritis
798 1335 1136 1406 margaritas
1189 1334 1395 1404 porcis,
1450 1351 1522 1389 ne
1574 1335 1719 1389 forte
1775 1335 2111 1389 conculcent

483 1450 580 1488 eas
620 1431 855 1502 pedibus
881 1429 995 1483 suis
1026 1429 1267 1500 (Matth.,
1302 1444 1394 1495 vn,
1440 1428 1533 1498 6)?
1564 1450 1590 1477 ››
1634 1428 1715 1482 Illi
1749 1428 1983 1495 scilicet,
2008 1428 2108 1499 qui

479 1525 912 1580 immundorum
962 1539 1064 1576 usu
1120 1522 1460 1577 animalium
1529 1522 1680 1577 vocis
1749 1525 1808 1576 et
1872 1521 2110 1576 rationis

482 1623 761 1690 expertes,
791 1616 1088 1671 lutulentis
1117 1614 1374 1688 1395
1402 1616 1531 1670 vita:
1561 1632 1677 1670 suae
1703 1616 1920 1670 actibus
1951 1619 2109 1670 natu-

485 1713 686 1767 ralium
739 1710 1225 1783 coinquinaverint
1273 1715 1613 1764 ornamenta
1662 1710 1958 1764 virtutum.
2006 1709 2107 1773 Qui

1934 268 1991 322 S.
2031 266 2349 321 AMBROSII

470 391 675 458 (laetu,
706 406 821 455 xm,
860 391 934 457 2).
970 411 996 439 ››
1041 392 1322 444 Docemur
1360 403 1495 459 ergo
1523 389 1676 461 quod
1717 405 1834 443 non
1872 402 2185 474 semperA

3657 276 3763 330 1768

2277 391 2449 457 (Vers.
2485 391 2594 459 37.)
2626 390 2767 457 Quia
2792 392 2979 444 timore
3006 405 3203 457 magno
3237 389 3563 447 tenebantur.

2277 488 2364 540 5t.
2396 484 2625 539 lnﬁrma
2672 484 2825 538 enim
2864 500 3024 539 mens
3061 500 3177 539 non
3224 484 3377 555 capit
3416 484 3509 539 Dei
3548 488 3770 559 Verbum,

2208 595 2311 633 nec
2338 582 2526 650 potest
2570 578 2793 649 pondus
2834 578 3112 634 sustinere
3155 577 3477 649 sapientiae;
3502 579 3699 651 fatiscit,
3732 588 3777 638 et

2206 673 2457 726 solvitur.

2276 778 2363 829 52.
2421 777 2487 830 Et
2547 775 2674 831 ideo
2739 775 2954 830 diutius
3021 776 3290 831 molestus
3352 791 3467 830 non
3527 778 3652 842 fuit,
3702 783 3781 837 sed

2205 870 2467 929 ascendit,
2497 874 2547 923 et
2588 885 2856 939 regressus
2897 874 3003 933 est;
3045 870 3299 924 ascendit
3328 870 3521 940 utique
3557 872 3619 925 ab
3662 874 3779 929 infe-

2208 963 2450 1017 rioribus
2503 963 2574 1017 ad
2635 963 2957 1033 superiora,
3021 980 3055 1017 a
3116 964 3422 1034 Synagoga
3482 964 3677 1019 scilicet
3728 970 3786 1023 ad

2209 1056 2531 1111 Ecclesiam.
2587 1060 2871 1126 Regressus
2906 1073 3005 1127 per
3040 1063 3298 1126 stagnum
3338 1064 3440 1119 est,
3487 1061 3543 1111 ut
3587 1059 3666 1113 hic
3705 1061 3785 1129 ait,

2209 1154 2306 1204 aut
2336 1151 2479 1205 sicut
2522 1151 2819 1205 Matthaeus
2847 1170 2876 1198 ‹‹
2908 1167 3011 1220 per
3051 1151 3259 1205 fretum
3304 1152 3546 1218 (Matth.,
3576 1169 3641 1219 ix,
3673 1154 3783 1223 1);»

2209 1245 2358 1299 inter
2385 1262 2485 1298 nos
2515 1245 2665 1298 enim
2697 1250 2749 1298 et
2784 1244 2911 1299 illos
2945 1245 3157 1299 fretum
3197 1258 3473 1316 magnum
3504 1250 3600 1300 est.
3630 1247 3789 1318 Itaque

2208 1355 2382 1392 nemo
2436 1338 2504 1392 de
2555 1338 2798 1393 Ecclesia
2848 1338 2922 1392 ad
2975 1338 3338 1409 Synagogam
3400 1338 3518 1393 sine
3576 1340 3792 1410 periculo

2208 1433 2409 1487 transit
2455 1432 2668 1486 salutis.
2718 1432 2830 1486 Sed
2878 1436 2936 1486 et
2987 1431 3081 1486 ille
3138 1433 3237 1503 qui
3290 1433 3360 1485 de
3415 1433 3696 1503 Synagoga
3736 1434 3795 1487 ad

2210 1527 2515 1581 Ecclesium
2560 1526 2802 1580 transire
2843 1526 3148 1593 desiderat,
3184 1542 3408 1581 crucem
3450 1542 3602 1580 suam
3645 1527 3797 1593 tollat,

2211 1627 2272 1675 ut
2297 1620 2603 1674 discrimen
2632 1619 2856 1674 evadat.

2283 1726 2369 1777 53.
2416 1726 2528 1780 Cur
2570 1729 2760 1778 autem
2794 1739 2907 1777 non
2956 1722 3227 1794 recipitur
3267 1722 3558 1789 liberatus,
3601 1724 3692 1778 sed
3725 1724 3803 1777 do-

887 1773 906 1783 ,
2289 1773 2369 1777 ___
2424 1773 2518 1780 ν-
2573 1773 2760 1778 -_______
2796 1773 2906 1777 --η
2957 1773 3216 1794 _--_r_-__
3603 1773 3692 1778 -..ᾖ
3732 1773 3779 1777 _-

484 1807 698 1877 impun
736 1805 998 1858 rerum“?
1042 1804 1099 1856 in
1142 1819 1409 1874 Princeps:
1442 1802 1710 1873 quoniam
1747 1802 1958 1856 "unius
1986 1818 2103 1856 “‘0‘
2137 1773 2366 1872 Bmum
2416 1818 2599 1871 redire
2644 1819 2922 1881 censetur,
2971 1816 3075 1870 nisi
3118 1820 3183 1871 ut
3236 1823 3293 1872 et
3333 1817 3616 1888 jactantise
3662 1835 3803 1872 causa

482 1899 577 1954 riti
622 1897 1107 1968 contemplatione
1160 1903 1524 1965 revocantur;
1573 1898 1666 1951 sed
1722 1899 1989 1966 tanquam
2039 1896 2110 1949 de

485 1991 873 2063 superioribus
900 1990 972 2045 ad
1014 1990 1281 2045 inferiora
1320 2007 1421 2061 per
1457 1989 1838 2061 improbitatis
1863 1989 2110 2060 proclive

486 2085 721 2153 detrusi,
786 2084 1138 2139 sutfocantur
1194 2084 1251 2137 in
1313 2084 1494 2154 aquis,
1558 2084 1710 2136 inter
1774 2083 2112 2137 fluctuantia

485 2178 689 2233 mundi
715 2178 871 2232 istius
913 2178 1400 2247 strangulatorum
1427 2176 1484 2230 in
1513 2177 1769 2243 modum,
1800 2175 2109 2231 intercluso

486 2277 729 2343 pereunt
756 2272 986 2342 spiritus
1022 2276 1375 2339 commeatu;
1416 2287 1603 2341 neque
1645 2270 1797 2325 enim
1832 2269 1888 2323 in
1918 2270 1983 2323 iis
2014 2270 2112 2340 qui

486 2367 663 2421 ﬂuido
710 2369 851 2421 astu
893 2365 1246 2435 voluptatum
1298 2365 1408 2417 huc
1458 2370 1628 2435 atque
1678 2364 1808 2418 illuc
1851 2364 2114 2418 feruntur

483 2460 703 2527 incerti,
748 2460 911 2514 ullius
956 2459 1186 2530 spiritus
1230 2464 1415 2530 potest
1453 2474 1573 2512 esse
1622 2459 1788 2512 vitale
1828 2473 2107 2513 commer-

485 2570 655 2609 clum.

554 2659 641 2711 48.
701 2657 968 2711 Videmus
1018 2655 1195 2725 igitur
1244 2655 1378 2726 quia
1443 2657 1620 2710 homo
1684 2655 1805 2726 ipse
1875 2655 1980 2709 sibi
2032 2662 2114 2710 est

485 2756 680 2807 auctor
706 2766 998 2805 rerumnee.
1041 2750 1183 2803 Nam
1221 2750 1328 2803 nisi
1373 2749 1498 2820 quis
1547 2750 1705 2819 porci
1744 2765 1906 2804 more
1948 2749 2109 2803 vixis-

485 2849 590 2914 set,
619 2860 910 2916 nunquam
940 2844 1247 2913 aceepisset
1290 2844 1347 2896 iu
1387 2860 1517 2897 eum
1567 2842 1821 2897 diabolus
1856 2846 2111 2914 potesta-

485 2945 620 3008 tem,
672 2943 769 2992 aut
824 2938 869 2991 si
913 2938 1238 3008 accepisset,
1287 2954 1399 2990 non
1454 2941 1519 2991 ut
1572 2938 1859 3007 perderet,
1910 2938 2003 2991 sed
2052 2942 2114 2991 ut

2209 1912 2435 1977 vitetur,
2468 1917 2525 1963 et
2549 1910 2873 1965 inﬁdelibus
2905 1911 2975 1964 sit
3014 1911 3296 1981 exemplo,
3327 1911 3595 1982 quoniam
3626 1911 3805 1966 domus

2210 2006 2307 2059 illa
2346 2005 2600 2059 naturale
2648 2004 2717 2059 sit
2757 2004 3176 2059 diversorium?
3223 2006 3286 2059 Et
3333 2005 3465 2060 ideo
3508 2006 3602 2077 qui
3640 2022 3806 2059 reme-

2212 2098 2371 2152 dium
2415 2098 2665 2151 sanitatis
2703 2098 2884 2152 fuerat
2925 2103 3281 2167 consecutus,
3321 2115 3355 2153 a
3398 2098 3629 2153 tumulis
3663 2103 3715 2152 et
3736 2115 3804 2151 se-

2213 2192 2421 2263 pulcris
2463 2192 2521 2246 in
2568 2192 2723 2245 illam
2770 2191 3085 2262 spiritalem
3132 2192 3367 2246 domum
3411 2193 3598 2247 redire
3638 2194 3808 2263 praeci-

2212 2286 2384 2356 pitur,
2433 2291 2493 2340 ut
2543 2286 2639 2340 ﬁat
2683 2285 2784 2339 Dei
2830 2286 3131 2357 templum,
3179 2286 3236 2339 in
3288 2302 3405 2357 quo
3458 2290 3582 2341 erat
3631 2286 3810 2340 mentis

2213 2380 2556 2450 sepulcrum.

2286 2482 2542 2557 1396
2579 2486 2747 2552 (Vers.
2786 2487 2876 2553 41,
2908 2485 3020 2556 42.)
3055 2488 3121 2541 Et
3157 2501 3271 2539 ecce
3310 2487 3463 2540 venit
3508 2488 3594 2540 vir
3624 2486 3707 2539 cui
3732 2500 3808 2538 no-

2211 2596 2333 2633 men
2358 2582 2564 2639 Jairus.
2592 2585 2641 2633 et
2672 2581 2785 2650 ipse
2808 2582 3062 2649 princeps
3089 2579 3395 2649 Synagoga:
3414 2586 3552 2642 erat,
3581 2580 3628 2634 ct
3656 2579 3815 2633 cecidit

2214 2679 2338 2727 ante
2359 2674 2520 2744 pedes
2538 2676 2679 2734 Jesu,
2707 2688 2906 2742 rogans
2934 2688 3053 2728 eum
3080 2678 3141 2728 ut
3166 2675 3405 2729 intraret
3431 2674 3643 2729 domum
3667 2688 3813 2727 suam.

2213 2769 2343 2838 quia
2366 2768 2483 2835 ﬁlia
2524 2769 2687 2821 unica
2726 2773 2843 2821 erat
2882 2768 2969 2821 illi
2994 2769 3110 2835 fere
3152 2783 3430 2821 annorum
3473 2768 3755 2835 duodecim,
3779 2771 3818 2818 et

2214 2862 2321 2916 haec
2356 2862 2708 2915 moriebatur.

2285 2965 2372 3018 54.
2424 2964 2749 3035 Reliquerat
2790 2964 2847 3019 in
2894 2964 3189 3019 Gerasenis
3235 2965 3609 3037 Synagogam
3654 2963 3816 3019 Chris-

483 3033 768 3106 probaret.
799 3034 907 3086 Aut
942 3031 1174 3085 fortasse
1210 3030 1343 3101 quia
1381 3034 1508 3101 post
1549 3030 1771 3085 Domini
1802 3030 2110 3085 adventum
2212 3063 2323 3125 tus,
2357 3062 2417 3112 ut
2447 3030 2715 3128 dixihms,
2750 3062 2808 3112 et
2832 3074 3003 3130 quem
3033 3059 3118 3112 sui
3151 3030 3659 3130 non'recgpgrant,
3689 3072 3819 3111 θχοθ,

484 3128 662 3228 Ροηίξδ
699 3127 822 3195 jam
875 3125 1179 3228 ἀθῐξνδγθνξθ
1232 3140 1348 3227 ⁰⁰¹ξ
1400 3127 1638 3194 Ρθίθτδίν
1677 3140 1801 3227 Om“?
1843 3125 2110 3228 Pulf‘ium
2133 3144 2187 3216 C
2214 3153 2403 3222 pimus
2431 3152 2626 3218 alieni,
2656 3125 2977 3222 excepimus
3005 3167 3175 3222 quem
3205 3125 3694 3222 exspectabamus.
3723 3151 3814 3204 Nec

484 3218 821 3283 hominum,
888 3217 986 3271 sed
1052 3217 1260 3270 levium
1324 3217 1444 3286 jam
1510 3217 1716 3288 quaerit
1778 3217 2109 3284 interitum,

2224 3217 2375 3299 nobis
2404 3245 2579 3316 igitur
2603 3217 2635 3299 a
2664 3217 2870 3315 quibus
2900 3217 3357 3316 exspectabatur,
3393 3245 3493 3300 diu
3520 3245 3714 3309 defuit,
3734 3258 3817 3296 nec

488 3316 549 3366 ut
596 3313 739 3409 latro
766 3327 915 3409 __"°"_
955 3316 1208 3409 δτωῗῃδ,
1239 3310 1557 3409 “famam”
1597 3310 1697 3409 se“!
1734 3312 2108 3409 meruimus”:
2212 3338 2282 3393 ad
2310 3339 2453 3403 illos,
2496 3338 2540 3392 si
2587 3342 2847 3409 rogetur,
2888 3338 3073 3394 redire
3118 3339 3363 3394 fastidit.
3409 3340 3509 3393 Vir
3553 3339 3699 3394 enim
3738 3338 3820 3390 iste

487 3410 543 3461 et
606 3404 831 3474 injuriis
905 3404 1125 3458 lacessit
1196 3404 1527 3471 inﬁrmum,
1599 3405 1694 3475 qui
1775 3422 1832 3459 se
1905 3405 2109 3459 intelli-
2214 3433 2477 3503 princeps
2537 3404 2888 3503 Synggogé,
2957 3433 3047 3487 cui
3113 3432 3225 3486 ﬁlia
3287 3437 3413 3487 erat
3477 3434 3675 3499 unica,
3738 3446 3818 3501 pro

2214 3527 2531 3598 Synagogae
2598 3525 2888 3597 pereuntis
2952 3526 3207 3581 remedio
3276 3527 3658 3598 precabatur,
3717 3540 3820 3595 qua:

1599 3405 1694 3475 qui
1775 3422 1832 3459 se
1905 3405 2109 3459 intelli-

486 3499 569 3570 git
616 3499 700 3554 vel
755 3514 789 3552 a
839 3498 968 3553 forti
1021 3498 1241 3552 conteri
1290 3496 1419 3569 (t2),
1466 3500 1550 3553 vel
1599 3515 1633 3552 a
1687 3500 1904 3569 potenti
1949 3500 2109 3553 dam-

486 3609 629 3648 ³⁸η·
2217 3621 2527 3691 urgebatur
2559 3620 2617 3674 in
2657 3626 2925 3689 mortem,
2958 3620 3090 3691 quia
3133 3620 3512 3676 deserebatur
3549 3639 3580 3675 a
3609 3620 3818 3676 Christo.

555 3698 644 3750 49.
675 3697 787 3751 Sed
817 3695 953 3749 dicit
979 3695 1182 3766 aliquis
1215 3712 1227 3750 :
1267 3698 1378 3749 Cur
1416 3696 1521 3750 hoc
1555 3713 1583 3749 a
1614 3697 1729 3751 Deo
1763 3698 2114 3767 permittitur
2212 3716 2391 3778 Quem
2455 3716 2719 3785 putamus
2777 3714 3095 3785 synagoga3
3144 3715 3475 3786 principem
3538 3731 3675 3781 esse,
3732 3709 3820 3765 nisi

484 3790 750 3845 diabolo?
779 3794 845 3845 At
884 3805 991 3860 ego
1034 3789 1181 3857 dico,
1217 3793 1276 3842 ut
1314 3789 1449 3843 boni
1492 3789 1831 3860 probentur,
1866 3790 2109 3861 improbi
2212 3807 2422 3877 legem,
2450 3808 2609 3878 cujus
2654 3809 3135 3879 contemplatione
3178 3808 3459 3863 Dominus
3492 3808 3819 3880 synagogam

481 3886 825 3957 puniantur;
869 3884 988 3937 haec
1034 3883 1187 3937 enim
1233 3900 1398 3954 pmna
1444 3884 1662 3955 peccati
1711 3888 1814 3938 est.
1856 3886 2109 3956 Denique

2224 3919 2330 3957 non
2396 3901 2623 3972 penitus
2686 3900 3021 3972 dereliquit,
3084 3901 3184 3956 sed
3250 3902 3604 3958 medicinam
3657 3897 3821 3955 salutis

483 3980 609 4051 lege
640 3978 773 4049 (ἰυίθο
802 3975 1059 4031 immittit
1098 3977 1373 4031 Dominus
1410 3977 1650 4046 febrem»
1684 3983 1740 4031 et
1778 3981 2109 4048 tremorem:
2215 3995 2576 4050 credentibus
2631 3995 2977 4050 reservavit?
3027 3995 3105 4051 Ad
3163 3996 3312 4050 hanc
3382 4013 3525 4067 ergo
3586 3990 3820 4066 principis

485 4078 540 4127 et
580 4074 761 4126 malos
797 4071 1044 4141 spiritus,
1087 4076 1143 4124 et
1181 4071 1512 4140 caecitatem,
1544 4075 1600 4126 et
1640 4072 1833 4125 omnia
1861 4073 2109 4144 ﬂagella,

478 4166 639 4236 juxta
679 4165 886 4218 merita
926 4167 1289 4234 peccatorum
1321 4164 1521 4235 (Deut.,
1562 4181 1744 4235 xxvni,
1778 4168 1977 4237 59-61).
2005 4166 2113 4221 Sed

488 4259 784 4313 redeamus
811 4257 876 4310 ad
907 4257 1230 4312 lectionem.

560 4376 731 4442 (Vers.
762 4374 876 4445 34.)
910 4373 1195 4436 Viderunt,
1228 4373 1435 4444 inquit,
1469 4374 1562 4428 hoc
1590 4376 1844 4443 magistri
1870 4392 2109 4444 gregum,

486 4474 536 4525 et
566 4472 850 4537 fugerunt.

560 4577 647 4626 50.
698 4573 888 4642 Neque
935 4572 1090 4625 enim
1134 4572 1379 4642 aliquam
1420 4572 1795 4642 philosophiae
1832 4574 2109 4644 professo-

486 4683 597 4733 res,
644 4666 729 4717 vel
775 4665 1059 4735 principes
1105 4664 1422 4735 Synagogas
1470 4666 1845 4736 pereuntibus
1892 4668 2113 4737 populis

484 4765 720 4832 possunt
765 4758 915 4812 ferre
962 4758 1323 4812 medicinam.
1371 4760 1536 4813 Solus
1585 4766 1669 4813 est
1715 4760 1971 4815 Christus
2016 4762 2113 4832 qui

488 4855 672 4909 aufert
702 4858 928 4923 peccata
972 4854 1341 4923 p0pulorum;
1388 4855 1430 4905 si
1474 4858 1666 4907 tamen
1718 4853 1983 4908 medendi
2013 4872 2111 4925 pa-

488 4947 746 5003 tientiam
773 4962 886 5000 non
918 4952 1198 5000 recusent.
1232 4948 1513 5001 Cmterum
1544 4963 1744 5001 curare
1771 4965 1882 5002 non
1912 4948 2109 5019 digna-

487 5047 582 5096 tur
610 5041 836 5107 invitos,
874 5045 932 5094 et
978 5040 1087 5094 cito
1137 5038 1393 5094 inﬁrmos
1430 5039 1661 5106 deserit,
1706 5041 1915 5112 quibus
1953 5043 2111 5097 oneri

486 5134 640 5189 videt
693 5151 815 5189 esse
863 5133 1225 5205 praesentiam
1273 5150 1454 5201 suam,
1508 5134 1653 5189 sicut
1697 5135 2112 5191 Gerasenorum

486 5227 729 5299 populis,
777 5227 874 5298 qui
918 5232 1193 5283 exeuntes
1241 5226 1311 5282 de
1362 5228 1582 5283 civitate
1628 5228 1687 5282 in
1740 5246 1851 5300 qua
1896 5230 2113 5301 species

489 5320 807 5392 Synagogaa
857 5321 1083 5376 videtur
1134 5321 1435 5391 exsistere,
1490 5322 1773 5392 rogabant
1821 5329 1885 5378 ut
1932 5324 2112 5380 disce-

490 5410 651 5468 deret
680 5429 695 5467 :

554 5597 650 5661 (ll)
680 5598 811 5649 Mss.
838 5600 1064 5664 aliquot,
1096 5607 1316 5665 propter
1341 5614 1550 5665 prunam
1588 5616 1751 5667 quam
1784 5607 1976 5666 sciunt,
2005 5612 2114 5659 etc.

561 5669 656 5729 (12)
684 5670 763 5717 Ita
784 5682 914 5719 mss.
940 5685 1142 5733 magno
1166 5685 1401 5723 numero
1426 5679 1483 5724 et
1506 5677 1850 5728 auctoritate.
1874 5678 2114 5739 Quidam

496 5742 683 5787 tamen
709 5741 875 5799 atque
901 5739 1055 5801 edit,
1081 5741 1173 5791 υοιο
1191 5756 1228 5791 a
1249 5742 1388 5805 forte
1409 5748 1687 5795 contemni.

558 5806 655 5869 (13)
681 5806 888 5857 Omnes
918 5808 1050 5859 edit.
1077 5822 1142 5861 ac
1171 5813 1333 5873 pauci
1363 5827 1517 5877 mss.,
1550 5828 1890 5871 recensemus.
1922 5820 2116 5874 Plures

2134 4516 2193 4586 D

2215 4088 2386 4143 ﬁliam
2440 4089 2578 4143 dum
2630 4092 2895 4159 properat
2942 4088 3038 4143 Dei
3087 4090 3362 4159 Verbum,
3420 4094 3486 4145 ut
3537 4090 3714 4144 salvos
3753 4085 3817 4139 fa-

2215 4185 2370 4237 ceret
2424 4182 2568 4236 ﬁlios
2617 4182 2822 4251 lsrael,
2881 4185 3075 4237 sancta
3135 4183 3382 4237 Ecclesia
3453 4184 3525 4239 de
3589 4180 3818 4254 gentibus

2214 4281 2595 4347 congregata,
2675 4292 2803 4346 quas
2882 4275 3214 4330 inferiorum
3292 4277 3466 4348 lapsu
3546 4275 3818 4331 criminum

2215 4369 2541 4440 deperibat,
2602 4374 2853 4440 paratam
2907 4369 3029 4424 aliis
3092 4369 3201 4424 ﬁde
3266 4371 3573 4442 praeripuit
3634 4367 3815 4422 sanita-

2215 4468 2353 4518 tem.

2287 4571 2371 4622 55.
2401 4568 2689 4623 Moraliter
2716 4568 2869 4622 hunc
2903 4568 3089 4623 locum
3118 4567 3252 4623 satis
3297 4570 3633 4641 putavimus
3658 4563 3814 4636 expri-

2216 4662 2517 4730 mendum;
2550 4665 2608 4716 et
2638 4661 2768 4716 ideo
2798 4679 2912 4717 non
2954 4662 3049 4716 illa
3078 4680 3203 4734 qua:
3236 4662 3392 4719 dicta
3422 4672 3556 4719 sunt
3580 4662 3815 4717 retracta-

2216 4772 2340 4809 mus
2366 4756 2495 4826 (l3),
2526 4755 2625 4809 sed
2652 4755 2888 4826 mystica
2911 4756 3068 4810 brevi
3104 4757 3393 4811 voluimus
3426 4772 3681 4812 sermone
3707 4766 3814 4823 per-

2215 4849 2516 4919 stringere.
2560 4852 2644 4903 An
2695 4866 2807 4903 non
2843 4850 2924 4903 ita
2968 4850 3181 4904 factum
3221 4854 3330 4920 est,
3371 4856 3435 4905 ut
3466 4851 3565 4907 Dei
3607 4846 3813 4903 Verbum

2215 4959 2345 4997 cum
2375 4943 2623 4998 venisset
2644 4943 2712 4997 ad
2738 4942 2982 5012 Judteos,
3012 4944 3387 4999 ascisceretur
3417 4963 3450 5000 a
3478 4944 3744 5017 gentibus,
3769 4941 3812 4989 et

2212 5036 2374 5108 prius
2397 5036 2466 5090 ab
2498 5036 2605 5090 illis
2631 5036 2728 5107 qui
2761 5038 2819 5091 in
2851 5038 2978 5108 lege
3012 5054 3126 5093 non
3157 5039 3549 5107 crediderant,
3575 5039 3629 5092 in
3656 5030 3811 5108 gratis

2213 5128 2580 5185 crederetur?

2286 5236 2371 5288 56.
2426 5233 2605 5301 (Vers.
2652 5233 2759 5303 43.)
2808 5234 2945 5289 Nam
2992 5235 3136 5290 sicut
3182 5234 3280 5290 illa
3332 5252 3462 5307 quas
3508 5234 3562 5289 in
3606 5227 3803 5288 medicis

2215 5330 2553 5397 erogaverat
2610 5343 2839 5382 omnem
2886 5328 3262 5384 substantiam
3311 5346 3495 5396 suam,
3542 5328 3615 5382 ita
3660 5324 3802 5379 etiam

2215 5419 2584 5492 congregatio
2642 5421 2902 5492 gentium
2955 5422 3225 5477 amiserat
3283 5423 3483 5478 omnia
3535 5420 3671 5475 dona
3720 5430 3798 5470 na-

2215 5612 2587 5677 potioresque,
2636 5616 3015 5677 retractamus;
3057 5627 3204 5665 unus
3250 5619 3351 5664 aut
3393 5613 3543 5672 alter,
3584 5609 3798 5659 recanta-

2212 5695 2348 5732 mus.
2392 5683 2504 5734 Sed
2542 5688 2895 5736 retractamus
2933 5684 3028 5736 hic
3065 5685 3208 5737 idem
3247 5688 3411 5735 sonat
3442 5686 3601 5745 atque
3633 5680 3796 5727 iurum

2214 5756 2262 5802 et
2314 5754 2546 5836 secunda
2590 5767 2725 5806 cura
2776 5761 3089 5819 tractamus,
3138 5768 3253 5808 non
3304 5768 3454 5818 vero,
3496 5746 3793 5818 palinodiam

2215 5836 2476 5877 canimus.
