3972 6174
171 322 270 376 1769

1215 317 1678 373 EXPOSlTlONlS
1716 318 1784 373 IN
1824 317 2049 373 LUCAM
2094 318 2220 371 LIB.
2263 318 2348 370 Vl.

3317 322 3450 375 l770

164 450 287 508 tum,
326 445 378 495 et
415 438 814 510 patrimonium
858 438 1030 494 vitale
1080 440 1441 511 prodegerat,
1501 444 1714 508 sancta,
1740 439 2031 525 Acritatis
2059 439 2235 494 virtus
2266 438 2517 494 exundat
2560 441 2792 494 aeterna.
2830 441 2955 495 Non
3002 437 3157 493 enim
3194 440 3446 496 humana

162 533 422 591 verecunda
442 575 454 599 ,
525 532 780 602 religiosa
805 574 818 598 ,

161 627 422 682 cunctatior
466 627 602 696 (li);
660 626 769 680 hoc
831 629 916 680 est
969 627 1126 680 enim
1191 627 1424 698 pudoris
1481 630 1539 680 et
1589 627 1719 682 ﬁdei

157 735 414 792 agnoscere
467 718 874 788 inﬁrmitatem,
933 736 1052 774 non
1107 719 1410 791 desperare
1466 721 1716 775 veniam.

159 812 428 867 Verecunda
473 829 607 883 ergo
650 812 937 866 ﬁmbriam
979 813 1188 884 tetigit,
1231 814 1416 868 ﬁdelis
1459 814 1716 882 accessit,

156 905 370 976 religiosa
397 905 647 974 credidit,
689 906 911 977 sapiens
955 913 1212 962 sanatam
1253 924 1311 962 se
1350 925 1470 962 esse
1502 923 1718 978 cogno-

156 1000 225 1053 vit.
261 999 334 1053 Sic
379 1004 564 1053 sancta
605 999 760 1070 plebs
815 1001 1077 1070 gentium
1124 1017 1250 1072 qua:
1299 1003 1414 1056 Deo
1459 1001 1718 1068 credidit,

154 1096 395 1163 peccatum
442 1093 684 1158 erubuit,
717 1098 783 1147 ut
821 1093 1142 1162 desereret;
1184 1094 1354 1149 ﬁdem
1397 1094 1616 1159 detulit,
1660 1100 1723 1148 ut

153 1186 386 1248 crederet;
414 1185 778 1240 devotionem
809 1187 1081 1255 exhibuit,
1113 1191 1180 1241 ut
1205 1193 1463 1258 rogaret;
1494 1187 1720 1258 sapien-

153 1280 256 1332 tiam
295 1278 482 1346 induit,
530 1284 591 1333 ut
635 1279 936 1334 sanitatem
983 1297 1146 1334 suam
1197 1286 1253 1335 et
1298 1281 1419 1352 ipsa
1458 1281 1719 1346 sentiret;

153 1372 368 1425 fiduciam
413 1372 670 1442 sumpsit,
715 1379 775 1427 ut
813 1373 1090 1428 fateretur
1139 1374 1288 1444 quod
1339 1373 1726 1445 praeripuisset

150 1465 380 1520 alienum.

205 1559 352 1622 (Vers.
381 1559 489 1628 44.)
519 1561 756 1614 Accessit
779 1567 946 1614 retro.

202 1655 274 1705 57.
331 1651 435 1705 Cur
491 1654 689 1706 autem
751 1656 905 1707 retro
968 1653 1226 1724 tangitur
1289 1641 1586 1711 Christus?
1641 1660 1726 1709 An

151 1745 250 1813 quia
291 1745 552 1815 scriptum
595 1751 681 1800 est
713 1762 724 1799 :
772 1765 799 1796 ι(
830 1747 959 1800 Post
999 1747 1311 1802 Dominum
1353 1749 1533 1802 Deum
1565 1753 1726 1802 tuum

896 531 1008 587 ﬁde
1081 535 1437 604 promptior,
1504 535 1716 603 pudore

1819 552 1925 605 ope
1966 534 2127 604 plebs
2170 534 2430 604 gentium
2464 532 2768 601 liberatur;
2812 533 2911 587 sed
2963 532 3060 587 Dei
3111 548 3318 587 munus
3359 539 3442 589 est

1818 627 2182 698 congregatio
2209 628 2528 694 nationum,
2563 643 2690 697 quae
2727 627 2902 681 etiam
2931 625 3089 680 brevi
3130 626 3242 680 ﬁde
3270 628 3442 680 mise-

1819 720 2121 775 ricordiam
2148 721 2384 774 inclinat
2417 724 2714 775 aeternam.
2757 722 2913 776 Nunc
2941 719 2984 772 si
3019 720 3447 774 consideremus

1821 819 2034 885 quanta
2085 815 2158 868 sit
2199 814 2338 868 ﬁdes
2388 817 2605 878 nostra,
2661 819 2716 868 et
2765 813 3152 883 intelligamus
3203 818 3448 884 quantus

1820 907 1892 960 sit
1945 907 2116 961 Filius
2168 907 2300 972 Dei,
2356 907 2614 961 videmus
2663 906 2796 977 quia
2845 907 3276 976 comparatione
3327 907 3450 977 ejus

1821 1001 2104 1054 ﬁmbriam
2161 1000 2558 1055 tantummodo
2601 1001 2913 1070 tangimus,
2964 991 3260 1071 superiora
3313 1017 3446 1054 vero

1822 1093 2142 1148 vestimenti
2191 1093 2314 1164 ejus
2351 1093 2652 1164 nequimus
2702 1093 3004 1164 attingere.
3055 1093 3114 1147 Si
3161 1093 3336 1164 igitur
3391 1100 3448 1147 et

1824 1203 1926 1241 nos
1988 1187 2173 1242 curari
2242 1186 2536 1252 volumus,
2601 1186 2713 1240 ﬁde
2784 1192 3092 1256 tangamus
3166 1186 3451 1242 ﬁmbriam

1825 1281 2049 1336 Christi.

1898 1378 1984 1429 59.
2013 1376 2132 1428 Non
2153 1374 2294 1428 latet
2334 1390 2468 1428 eum
2501 1373 2826 1443 quicunque
2855 1372 3142 1427 ﬁmbriam
3171 1373 3449 1443 tetigerit,

1826 1468 1922 1539 qui
1966 1467 2215 1538 tetigerit
2260 1482 2557 1535 aversum;
2603 1482 2790 1537 neque
2831 1466 2984 1519 enim
3037 1467 3184 1519 Deus
3230 1466 3452 1538 indiget

1827 1560 2001 1615 oculis
2042 1566 2102 1615 ut
2140 1560 2340 1629 videat,
2387 1575 2571 1630 neque
2607 1559 2983 1629 corporaliter
3022 1560 3214 1624 sentit,
3254 1560 3355 1613 sed
3394 1561 3450 1612 in

1825 1671 1882 1708 se
1931 1653 2102 1708 habet
2153 1653 2539 1724 cognitionem
2582 1653 2864 1708 omnium.
2923 1653 3123 1706 Beatus
3173 1668 3310 1722 ergo
3355 1653 3454 1722 qui

1826 1747 1912 1801 vel
1951 1753 2262 1802 extremam
2293 1749 2513 1818 partem
2547 1747 2711 1800 Verbi
2745 1746 3077 1815 contigerit;
3110 1761 3240 1799 nam
3271 1750 3454 1800 totum

150 1836 414 1891 ambulabis
459 1841 660 1906 (Deut.,
705 1853 820 1906 xm,
866 1840 958 1909 4)?
992 1858 1018 1890 ι)
1058 1840 1205 1904 Quid
1249 1841 1422 1895 etiam
1464 1841 1567 1895 sibi
1609 1819 1954 1912 vulthuis
2007 1844 2196 1911 potest
2237 1840 2768 1910 comprehendere?
2810 1840 3016 1893 Verum
3075 1844 3136 1892 ut
3180 1839 3249 1893 ad
3299 1839 3456 1892 illam

151 1929 267 1998 quod
302 1935 353 1984 et
385 1931 659 2002 principis
698 1932 816 1986 ﬁlia
854 1948 1136 1987 annorum
1174 1932 1475 1988 duodecim
1517 1935 1726 1988 morie-

149 2022 304 2091 batur,
360 2029 412 2077 et
458 2024 666 2078 mulier
726 2025 829 2079 ista
892 2026 1048 2080 ﬂuxu
1099 2027 1392 2098 sanguinis
1442 2027 1512 2082 ab
1564 2027 1730 2082 annis

148 2115 400 2170 duodecim
463 2117 794 2184 laborabat,
862 2118 968 2173 nisi
1050 2125 1112 2174 ut
1185 2120 1532 2191 intelligatur
1596 2120 1730 2191 quia

149 2209 352 2277 quandiu
390 2209 697 2282 Synagoga
736 2211 942 2282 viguit,
989 2211 1261 2267 laboravit
1306 2213 1592 2268 Ecclesia?
1632 2214 1730 2267 De-

148 2302 285 2355 lectus
338 2304 502 2370 illius,
574 2304 746 2376 hujus
813 2311 897 2360 est
950 2305 1157 2372 virtus,
1217 2307 1348 2378 quia
1410 2328 1438 2356 ‹‹
1495 2307 1728 2361 Illorum
1825 2312 2069 2380 principi

148 2393 310 2450 delicto
346 2398 490 2451 salus
537 2398 806 2468 gentibus
837 2401 1027 2466 (Rom,
1061 2415 1135 2467 x1,
1177 2400 1292 2470 ll);
1328 2419 1355 2451 ι)
1384 2405 1439 2454 et
1464 2416 1728 2454 consum-

148 2491 283 2543 matio
336 2490 496 2560 illius,
558 2491 730 2562 hujus
773 2492 1098 2562 exordium,
1140 2509 1252 2547 non
1298 2499 1517 2550 natura:
1565 2510 1730 2548 exor-

147 2579 288 2650 dium,
319 2584 410 2638 sed
448 2585 650 2638 salutis
681 2601 694 2639 :
741 2605 768 2636 α
803 2585 946 2649 Quia
985 2587 1206 2640 cecitas
1247 2603 1313 2642 ex
1357 2592 1523 2657 parte
1561 2587 1730 2641 Israel

147 2676 356 2746 contigit,
394 2677 581 2732 donec
613 2679 911 2750 plenitudo
957 2679 1216 2750 gentium
1259 2680 1501 2734 intraret
1543 2680 1726 2749 (lbid.,

146 2770 226 2836 25).
257 2789 278 2818 ι
308 2771 420 2824 Non
443 2771 634 2842 igitur
664 2775 942 2843 tempore,
976 2773 1076 2827 sed
1121 2772 1307 2844 specie
1347 2773 1604 2828 sanitatis
1630 2790 1728 2828 an-

146 2860 313 2930 tiquior
357 2863 673 2936 Synagoga
721 2881 898 2936 quam
964 2866 1226 2936 Ecclesia,
1283 2867 1422 2936 quia
1475 2866 1733 2937 quandiu

147 2951 217 3006 illa
240 2956 512 3025 credebat,
563 2958 670 3012 ista
717 2975 828 3012 non
871 2958 1128 3025 credidit,
1164 2965 1220 3013 et
1262 2976 1364 3030 per
1401 2960 1579 3013 varias
1618 2976 1734 3013 cor-

147 3048 260 3114 poris
295 3054 455 3121 atque
494 3051 715 3105 animle
757 3051 1056 3122 passiones
1098 3053 1512 3107 immedicabili
1559 3069 1734 3107 reme-

1827 1951 1954 2007 quae
1979 1933 2166 1988 adhuc
2203 1951 2354 2005 aegra
2382 1936 2487 1998 est,
2526 1938 2900 1999 revertamur,
2949 1948 3020 1985 ne
3064 1948 3165 2003 per
3204 1935 3456 1986 nostram

1829 2044 2048 2083 moram
2075 2029 2210 2082 dum
2243 2027 2342 2081 diu
2367 2026 2574 2081 Christi
2607 2041 2905 2080 moramur
2934 2025 3281 2096 ingressum,
3312 2041 3461 2079 mor-

1830 2129 1926 2178 tua
1951 2137 2073 2177 esse
2101 2121 2369 2176 credatur
2394 2120 2505 2190 (l8)
2533 2136 2546 2174 :

1903 2217 2076 2284 (Vers.
2149 2215 2264 2278 49.)
2339 2215 2651 2276 Venerunt,
2731 2213 2954 2284 inquit,
3017 2215 3159 2268 servi
3226 2212 3459 2267 dicentes

2129 2327 2143 2362 :
2210 2308 2334 2366 Noli
2394 2323 2592 2362 vexare
2653 2307 2839 2368 illum,
2904 2307 3022 2375 ﬁlia
3086 2312 3181 2361 tua
3244 2313 3461 2361 mortua

1832 2409 1928 2459 est.

1902 2499 1990 2550 60.
2023 2497 2088 2551 Et
2113 2496 2366 2566 primum
2409 2494 2548 2548 illud
2589 2493 3012 2548 consideremus
3046 2492 3202 2564 quod
3232 2493 3465 2546 suscita-

1832 2596 1992 2644 turus
2037 2592 2346 2653 mortuam,
2389 2587 2462 2642 ad
2495 2586 2817 2641 faciendam
2864 2585 3037 2640 ﬁdem
3079 2586 3467 2640 haemorrhou-

1831 2700 1952 2738 sam
1987 2687 2119 2736 ante
2160 2681 2396 2736 curavit.
2442 2681 2507 2734 Et
2551 2686 2614 2734 ut
2652 2679 2791 2734 scias
2833 2679 3077 2750 exempli
3123 2679 3309 2749 gratia
3356 2684 3465 2732 ste-

1832 2777 1963 2830 tisse
2014 2774 2308 2845 sanguinis
2353 2773 2595 2842 fluxum,
2629 2772 2766 2826 dum
2811 2773 2902 2826 illa
2941 2772 3157 2842 petitur
3192 2772 3326 2843 (l9),
3359 2772 3465 2825 ista

1833 2872 2084 2923 curatur.
2129 2869 2218 2923 Sic
2263 2871 2322 2921 et
2370 2865 2709 2921 resurrectio
2760 2866 3089 2936 temporalis
3135 2864 3194 2919 in
3237 2865 3464 2918 Domini

1833 2962 2092 3033 passione
2143 2961 2497 3028 celebratur,
2551 2965 2616 3013 ut
2669 2965 2726 3013 et
2783 2962 3061 3030 perpetua
3116 2958 3207 3012 illa
3263 2957 3460 3012 creda-

1835 3059 1946 3110 tur.
1981 3055 2073 3109 Sic
2112 3061 2168 3108 et
2209 3053 2397 3108 Maria:
2426 3053 2684 3125 paritura
2732 3051 2935 3106 sterilis
2979 3051 3264 3107 indicatur
3293 3052 3462 3118 (Luc.,

145 3139 216 3193 dio
247 3142 341 3214 (l5)
378 3160 540 3215 aegra
578 3145 908 3216 languebat.
955 3145 1183 3199 Audivit
1225 3153 1500 3217 aegrotare
1551 3162 1729 3218 popu-
1755 3184 1809 3258 Ο
1837 3167 1874 3210 ι,
1897 3149 2010 3220 36),
2040 3152 2106 3202 ut
2128 3151 2472 3219 conceptura
2497 3147 2658 3217 virgo
2695 3145 2981 3200 credatur.
3014 3146 3268 3216 Denique
3297 3144 3460 3199 audi-

145 3232 571 3258 .___,.__,__“w
643 3236 886 3258 ,ΑΑ-
934 3255 1153 3258 “Hd-
1873 3243 1904 3258 ..
2059 3241 2091 3258 ..
2317 3239 2595 3258 “nul-..
2679 3255 2776 3258 η,
2837 3237 2894 3258 Δ,
3105 3238 3458 3258 _-____.:__-

145 3232 233 3287 lum
252 3237 598 3305 indecorum,
632 3236 886 3311 1397
929 3255 1161 3309 sperare
1191 3239 1363 3310 coepit
1388 3240 1584 3294 salutis
1615 3256 1734 3294 suae

145 3329 410 3384 remedium
440 3349 453 3384 :
486 3336 723 3401 tempus
752 3331 971 3386 venisse
1007 3331 1278 3402 cognovit
1314 3349 1426 3403 quo
1476 3332 1734 3386 medicus

144 3419 321 3477 adesset
348 3440 376 3477 e
403 3425 575 3491 calo,
613 3425 857 3479 surrexit
897 3428 959 3478 ut
988 3429 1313 3480 occurreret
1358 3426 1564 3493 Verbo,
1591 3425 1736 3480 vidit

143 3513 248 3582 quia
283 3517 770 3590 comprimebatur
813 3535 846 3572 a
884 3518 1098 3585 turbis;
1144 3534 1258 3572 non
1303 3518 1455 3573 enim
1499 3519 1737 3573 credunt

141 3608 214 3676 qui
236 3612 639 3683 comprimunt,
672 3612 914 3668 credunt
940 3613 1039 3684 qui
1074 3615 1338 3683 tangunt.
1381 3611 1514 3666 Fide
1546 3612 1732 3683 tangi-

142 3705 214 3754 tur
243 3703 503 3769 Christus,
559 3704 669 3760 ﬁde
713 3705 970 3761 Christus
1018 3705 1287 3760 videtur:
1339 3721 1458 3760 non
1497 3721 1736 3776 corpore

141 3797 372 3866 tangitur,
407 3816 534 3854 non
572 3799 750 3854 oculis
790 3799 1326 3870 comprehenditur;
1359 3815 1547 3870 neque
1579 3799 1736 3853 enim

143 3886 278 3957 videt,
313 3891 406 3962 qui
447 3892 651 3947 videns
694 3908 811 3946 non
857 3891 1039 3961 videt;
1081 3908 1265 3963 neque
1307 3892 1485 3959 audit,
1525 3891 1622 3962 qui
1668 3907 1736 3946 ea

141 3994 240 4048 qua:
276 3985 450 4054 audit,
498 4001 618 4040 non
654 3983 958 4055 intelligit;
1007 4001 1192 4057 neque
1232 3985 1434 4056 tangit,
1479 3985 1576 4055 qui
1618 4001 1736 4040 non

141 4068 344 4130 ﬁdeliter
391 4079 582 4150 tangit
632 4077 764 4149 (l6).
814 4077 1064 4150 Denique
1116 4081 1178 4132 ut
1218 4078 1390 4133 ﬁdem
1444 4078 1737 4149 tangentis

139 4170 466 4238 exprimeret,
499 4171 583 4226 ait
616 4189 630 4225 :

191 4261 344 4330 (Vers.
381 4265 500 4335 46.)
556 4267 756 4332 Tetigit
792 4281 875 4320 me
913 4266 1154 4335 aliquis;
1203 4282 1333 4321 nam
1373 4282 1467 4336 ego
1517 4269 1740 4335 cognovi

139 4357 353 4410 virtutem
375 4357 441 4412 de
470 4375 556 4412 me
579 4361 771 4414 exisse.

190 4449 265 4501 58.
301 4450 456 4513 Quod
509 4457 596 4506 est
651 4451 927 4507 evidentis
981 4451 1192 4519 indicii,
1244 4451 1378 4523 quia
1422 4469 1541 4508 non
1589 4453 1740 4507 intra

1836 3243 1912 3297 vit
1953 3241 2262 3312 parituram
2317 3239 2626 3307 Elisabeth,
2679 3255 2781 3293 nec
2831 3237 2900 3292 de
2949 3255 3048 3292 sua
3099 3238 3464 3310 generatione

1834 3334 2134 3391 dubitavit.

1905 3431 1994 3482 6t.
2032 3431 2329 3489 Venerunt,
2354 3427 2557 3497 inquit,
2587 3429 2731 3481 servi
2753 3427 2989 3481 dicentes
3013 3428 3259 3494 principi
3286 3445 3302 3480 :
3342 3425 3472 3481 Noli

1833 3537 2030 3578 vexare
2058 3522 2235 3576 illum.
2263 3520 2462 3575 Adhuc
2503 3525 2560 3575 et
2598 3519 2657 3573 hi
2682 3519 2962 3573 increduli
2989 3519 3059 3572 ad
3091 3519 3461 3574 resurrectio-

1835 3631 1988 3683 nem,
2039 3630 2211 3685 quam
2247 3615 2405 3668 lesus
2453 3613 2511 3666 in
2549 3612 2698 3683 Lege
2736 3611 3018 3683 praedixit,
3063 3611 3122 3666 in
3166 3611 3468 3684 Evangelio

1835 3707 2160 3779 complevit.
2194 3709 2388 3778 Itaque
2428 3721 2558 3761 cum
2591 3704 2838 3759 venisset
2878 3704 2937 3758 in
2967 3704 3228 3773 domum,
3257 3721 3467 3775 paucos

1837 3802 2043 3856 futurae
2083 3800 2330 3854 arbitros
2367 3798 2801 3854 resurrectionis
2835 3797 3059 3866 ascivit;
3105 3813 3220 3852 non
3252 3798 3408 3852 enim
3434 3815 3467 3852 a

1835 3895 2029 3950 multis
2077 3893 2348 3949 continuo
2392 3895 2478 3948 est
2529 3891 2748 3946 credita
2797 3891 3157 3946 resurrectio.
3206 3891 3465 3961 Denique

1837 3988 2061 4043 dicente
2092 3987 2334 4041 Domino
2367 4003 2381 4040 :

1910 4081 1958 4153 1
1975 4079 2168 4154 398
2198 4081 2375 4149 (Vers.
2403 4082 2491 4149 52,
2522 4077 2634 4150 53.)
2660 4081 2781 4137 Non
2811 4084 2886 4134 est
2910 4083 3126 4133 mortua
3146 4079 3356 4149 puella,
3376 4078 3470 4133 sed

1837 4176 2058 4230 dormit.
2090 4174 2439 4237 Deridebant,
2467 4173 2675 4244 inquit,
2704 4188 2846 4226 eum.
3485 4165 3488 4171 ’

1909 4272 1996 4324 62.
2033 4267 2363 4338 Quicunque
2413 4267 2568 4321 enim
2612 4283 2726 4320 non
2771 4265 2975 4332 credit,
3020 4265 3237 4320 irridet.
3274 4265 3470 4320 Fleant

1839 4362 2016 4433 igitur
2063 4365 2322 4416 mortuos
2371 4377 2522 4427 suos,
2577 4361 2675 4431 qui
2733 4363 2933 4430 putant
2989 4365 3245 4413 mortuos
3297 4376 3310 4413 :
3373 4359 3470 4414 ubi

1839 4455 2268 4511 resurrectionis
2321 4455 2462 4510 ﬁdes
2506 4456 2622 4518 est,
2676 4469 2791 4507 non
2848 4451 3045 4506 mortis
3095 4457 3179 4506 est
3230 4452 3467 4522 species,

139 4533 536 4605 possibilitatem
599 4545 942 4600 conditionis
1008 4546 1278 4600 humanae
1341 4550 1513 4618 atque
1587 4547 1938 4621 intraDsed
1968 4549 2192 4620 quietis.
2239 4549 2347 4602 Nec
2394 4547 2666 4602 abhorret
2715 4545 2852 4599 illud
2895 4545 3159 4612 Matthaai,
3197 4546 3348 4616 quod
3393 4546 3470 4599 ait

139 4637 353 4702 corporis
431 4639 748 4692 claustrum
819 4638 1039 4693 inclusa
1109 4639 1417 4710 sapientia,
1481 4640 1739 4694 divinitas

138 4733 392 4783 coarctata
437 4737 528 4784 est
554 4732 697 4802 (l7);
743 4748 855 4786 non
899 4732 1122 4803 capitur
1163 4733 1444 4804 angustiis
1482 4749 1740 4804 corpora-

141 4816 274 4890 libus,
301 4839 414 4878 non
457 4827 709 4889 tenetur,
755 4825 852 4880 sed
893 4826 1038 4880 ultra
1077 4825 1222 4880 ﬁnes
1266 4831 1476 4882 nostrae
1525 4827 1742 4882 medio-

186 4936 268 4997 (ll)
295 4937 454 4990 Rom.
496 4938 649 5002 edit.,
681 4954 797 5005 quae
837 4941 1091 4992 amiserat
1134 4942 1376 4992 omnia...
1402 4943 1742 5007 prodegerat,

140 5003 258 5060 facta
294 5016 365 5060 est
405 5003 762 5062 verecunda...
807 5013 1010 5076 pudore
1043 5003 1590 5064 constantiorfAlite—
1615 5025 1742 5064 cum

141 5080 365 5131 omnibus
395 5097 536 5133 mss.
575 5085 630 5134 in
669 5085 970 5135 lectionem
1009 5090 1273 5146 nostram,
1305 5098 1432 5150 quae
1473 5099 1577 5136 nec
1627 5086 1744 5149 ipsa

143 5152 516 5202 contemnenda
542 5158 640 5216 est,
671 5155 1006 5218 conspirant.

176 5219 442 5294 '(l5)_Edit.
486 5224 669 5286 Rom.,
707 5226 1105 5277 immedicabilis
1147 5226 1394 5277 remedio.
1425 5227 1545 5276 Non
1581 5226 1744 5288 male,

147 5290 228 5336 nisi
253 5291 318 5341 ab
349 5295 476 5343 aliis
518 5300 570 5344 et
607 5310 736 5346 mss.
769 5298 1029 5348 omnibus
1065 5298 1157 5348 hic
1191 5297 1469 5349 deﬁceret.
1499 5298 1747 5349 Sumen-

147 5354 252 5434 dum
295 5364 478 5427 igitur,
526 5368 897 5419 immedicabili
936 5383 1034 5434 pro
1079 5368 1339 5433 inefﬁcaci
1377 5375 1537 5434 atque
1572 5371 1746 5433 inepto

149 5428 202 5474 ad
224 5436 551 5485 medendum.

198 5500 276 5563 (16)
320 5506 398 5555 lta
444 5510 553 5557 vet.
596 5508 723 5559 edit.
758 5524 886 5560 cum
935 5511 1214 5575 pleriques
1253 5525 1383 5562 mss.
1429 5501 1587 5563 Rom.
1620 5524 1748 5562 vero

154 5578 260 5647 cum
278 5575 416 5639 aliis,
448 5591 618 5643 neque
644 5581 910 5646 intelligit,
938 5586 1031 5647 qui
1057 5597 1164 5633 non
1187 5583 1408 5646 ﬁdeliter
1437 5585 1621 5647 tangit.

200 5644 278 5706 (Π)
307 5647 520 5700 Omnes
539 5650 690 5713 edit.,
719 5644 985 5716 sapientia
1022 5644 1320 5706 divinitatis
1351 5644 1623 5706 coarctata
1657 5659 1746 5705 est.

156 5708 327 5788 omnes
350 5735 506 5781 mss,
533 5708 814 5788 sapientia,
846 5727 1120 5787 divinitas,
1148 5733 1252 5778 etc.

206 5787 289 5842 (18)
321 5790 443 5841 Mss.
475 5787 701 5858 aliquot,
733 5809 796 5847 ac
819 5811 914 5861 per
939 5811 1035 5850 nos
1060 5801 1231 5864 magis
1266 5812 1429 5862 quam
1463 5809 1559 5861 per
1599 5809 1753 5847 suam

161 5865 349 5919 moram,
375 5868 586 5915 mortua
607 5880 714 5918 esse
738 5869 1004 5919 credatur.

449 5942 723 6012 PATROL.
769 5949 898 6014 XV.
943 5949 1125 6032 (XIV,
1175 5970 1328 6014 rans
1383 5950 1486 6031 ll.)

1841 4643 2098 4698 tibicines
2148 4642 2317 4696 fuisse
2364 4642 2422 4694 in
2465 4641 2636 4695 domo
2685 4639 2959 4710 principis
3007 4643 3065 4694 et
3107 4639 3335 4694 turbam
3374 4642 3468 4694 tu-

1841 4737 2222 4791 multuantem
2267 4734 2514 4806 (Matth.,
2562 4749 2636 4800 1x,
2686 4735 2798 4800 23),
2848 4732 2935 4786 vel
2986 4733 3121 4804 quia
3173 4750 3333 4788 more
3373 4749 3468 4788 ve-

1843 4830 1946 4884 teri
1996 4829 2107 4900 (20)
2162 4827 2418 4881 tibicines
2469 4825 2542 4880 ad
2595 4826 2978 4882 incendendos
3034 4827 3470 4898 excitandosque

1906 4945 2002 5006 (19)
2031 4943 2239 4995 Omnes
2268 4941 2421 5003 edit.,
2453 4942 2578 4992 dum
2611 4955 2677 4991 ne
2699 4941 2850 4992 illam
2877 4943 3089 5004 petitur.
3121 4943 3248 4992 Mss.
3285 4946 3472 4992 autem

1843 5015 2120 5076 nonnulli,
2145 5014 2269 5064 dum
2294 5014 2392 5063 illa
2419 5015 2638 5077 patitur.
2672 5013 2781 5062 Alii
2812 5012 2986 5062 multo
3025 5013 3228 5076 plures,
3255 5028 3321 5064 ac
3353 5029 3474 5065 me-

1842 5087 1998 5136 lioris
2050 5089 2218 5144 notae,
2267 5085 2391 5132 dum
2445 5083 2540 5133 illa
2585 5084 2796 5145 petitur.
2845 5082 3094 5144 Optime,
3144 5083 3288 5135 idem
3327 5090 3476 5140 enim

1845 5162 2031 5220 atque,
2061 5155 2186 5204 dum
2215 5153 2310 5203 illa
2335 5155 2666 5211 convenitur,
2697 5153 2829 5212 sive,
2857 5152 2928 5200 ad
2955 5153 3102 5202 illum
3130 5156 3254 5205 itur.

1908 5227 2006 5289 (ΞΟ)
2062 5227 2340 5276 Dicuntur
2390 5240 2419 5274 a
2472 5224 2809 5289 quibusdam
2860 5224 3040 5275 Graeci
3093 5226 3263 5278 fuisse
3313 5232 3478 5294 primi

1846 5303 2101 5348 auctores
2150 5297 2317 5360 hujus
2361 5298 2530 5346 moris
2576 5311 2586 5344 :
2633 5309 2800 5360 quem
2854 5296 3027 5358 tangit
3074 5296 3233 5347 Ovid.
3279 5300 3373 5351 lib.
3421 5317 3480 5355 1v

1847 5370 2011 5428 Fast.,
2035 5372 2150 5419 etv
2199 5368 2374 5428 Trist.,
2417 5367 2556 5430 eleg.
2602 5368 2648 5428 l,
2692 5366 2789 5416 ubi
2836 5379 2948 5415 non
2990 5366 3227 5417 obscure
3267 5371 3482 5424 indicat

1847 5452 2206 5492 communem
2241 5439 2413 5488 fuisse
2459 5451 2588 5488 eum
2629 5443 2739 5487 tam
2779 5435 3091 5497 hominum,
3131 5453 3297 5503 quam
3341 5457 3479 5507 pne-

1848 5525 2035 5563 rorum
2065 5509 2371 5561 funeribus.
2403 5509 2726 5559 Lactantius
2754 5511 2937 5556 tamen
2978 5507 3141 5558 tibias
3181 5525 3480 5573 puerorum

1849 5583 2078 5643 inferiis,
2121 5582 2392 5643 majorum
2436 5591 2564 5628 vero
2615 5577 2775 5628 tubas
2825 5577 3075 5629 adhiberi
3121 5587 3483 5637 consuevisse

1849 5656 2105 5704 testatur.
2138 5650 2248 5702 Sed
2275 5651 2439 5700 tibias
2469 5649 2526 5698 in
2547 5650 2712 5712 justis
2752 5649 2918 5698 etiam
2958 5651 3246 5714 majorum,
3286 5656 3331 5704 si
3370 5671 3483 5707 non

1850 5728 2040 5776 essent
2080 5736 2110 5773 e
2153 5721 2424 5773 nobilium
2481 5719 2694 5781 ordine,
2741 5720 2927 5770 locum
2977 5720 3240 5777 habuisse
3291 5727 3486 5780 volunt

1850 5793 2124 5846 nonnulli.

3088 5956 3164 6015 56
