3972 6174
541 294 665 345 1771

2002 287 2054 340 S.
2100 285 2418 340 AMBROSII

3710 291 3824 343 1⁸7Ἳῖ

535 413 720 468 luctus
753 411 1098 467 videbantur
1132 410 1416 477 adhiberi,
1456 410 1544 464 vel
1581 409 1716 481 quia
1752 426 1855 481 per
1897 408 2058 480 Legis
2104 413 2162 463 et
2183 408 2432 491 Auitur,
2485 411 2547 462 ut
2591 407 2846 462 mutandi
2898 406 3127 478 hospitii
3179 405 3690 477 necessitudinisque
3732 411 3828 464 vio-

535 507 739 561 littera
775 507 1144 573 cantilenam,
1201 503 1637 560 exsultationem
1691 505 1992 575 Synagoga
2043 517 2156 556 non

533 601 760 669 poterat
782 615 984 670 capere
1014 599 1352 671 spiritalem.

607 695 693 748 63.
746 694 922 763 (Vers.
974 694 1176 761 54—56.)
1223 693 1442 747 Tenens
1485 707 1622 761 ergo
1665 705 1900 744 manum
1953 689 2156 759 puella

534 786 695 840 lesus
748 786 966 841 sanavit
1005 802 1156 851 eam,
1207 789 1264 840 et
1298 784 1469 854 jussit
1512 785 1564 837 ei
1615 783 1736 836 dari
1786 782 2155 836 manducare.

535 879 690 946 Quod
743 883 827 934 est
869 877 1262 934 testimonium
1315 877 1478 942 vita;
1527 881 1586 930 ut
1638 891 1755 930 non
1799 875 2155 945 phantasma,

537 973 631 1028 sed
695 973 896 1028 veritas
960 971 1306 1026 crederetur.
1361 971 1560 1025 Beatus
1622 969 1714 1024 ille
1778 968 1870 1023 cui
1925 984 2158 1022 manum

536 1065 812 1137 sapientia
834 1071 1012 1120 tenet.
1046 1064 1271 1120 Utinam
1307 1080 1468 1118 meos
1505 1078 1734 1135 quoque
1760 1065 1954 1117 teneat
1979 1064 2158 1130 actus,

535 1164 732 1215 teneat
769 1175 1004 1213 manum
1043 1158 1284 1228 justitia,
1325 1162 1516 1211 teneat
1547 1156 1648 1210 Dei
1681 1155 1945 1224 Verbum,
1989 1155 2156 1209 indu-

538 1258 631 1308 cat
680 1253 740 1307 in
793 1250 1103 1323 penetralia
1155 1267 1276 1318 sua,
1329 1250 1592 1320 spiritum
1653 1253 1869 1304 avertat
1927 1249 2156 1318 erroris,

537 1349 831 1401 convertat
879 1344 1092 1409 salutis,
1147 1342 1268 1397 dari
1331 1343 1472 1397 mihi
1529 1342 1726 1412 jubeat
1779 1342 2155 1396 manducare!

535 1439 699 1510 panis
740 1438 895 1493 enim
937 1437 1198 1503 calestis,
1237 1437 1333 1490 Dei
1374 1436 1613 1490 verbum
1653 1439 1755 1492 est.
1795 1436 1930 1490 Inde
1970 1440 2026 1490 et
2067 1435 2160 1490 illa

537 1532 819 1602 sapientia
861 1547 988 1601 qua
1035 1530 1210 1584 divini
1248 1529 1499 1601 corporis
1535 1535 1590 1584 et
1630 1529 1924 1600 sanguinis
1968 1545 2155 1584 sacro-

537 1630 729 1679 sancta
775 1623 974 1678 altaria
1015 1624 1253 1694 replevit
1303 1623 1591 1677 alimentis
1628 1641 1641 1676 :
1696 1625 1904 1685 Venite,
1951 1622 2156 1694 inquit,

533 1720 673 1774 edite
695 1734 866 1787 panes
900 1733 1060 1780 meos,
1096 1723 1147 1772 et
1183 1717 1347 1771 bibite
1381 1720 1567 1771 vinum
1609 1717 1754 1786 quod
1785 1719 1978 1772 miscui
2013 1718 2161 1771 vobis

535 1813 739 1882 (Prov.,
771 1828 842 1879 Ix,
877 1814 953 1878 5).

603 1906 690 1959 64.
749 1905 884 1967 Qua
931 1908 1127 1958 tamen
1188 1907 1360 1958 tanta
1415 1903 1754 1958 diversitatis
1816 1909 1900 1958 est
1953 1903 2159 1958 causa?

535 1999 718 2068 Supra
760 1997 986 2066 publice
1017 1996 1202 2051 vidua
1238 1996 1384 2052 ﬁlius
1415 1996 1716 2051 suscitatur
1743 1999 1913 2066 (Luc.,
1947 2013 2040 2066 vn,
2074 1999 2160 2051 l2-

538 2093 647 2159 15),
680 2090 770 2144 hic
800 2094 1167 2144 removentur
1197 2089 1390 2161 plures
1434 2089 1654 2144 arbitri.
1697 2090 1808 2146 Sed
1839 2093 1974 2161 puto
2005 2089 2160 2160 quod

534 2184 594 2238 in
622 2199 688 2238 eo
713 2199 942 2255 quoque
972 2184 1152 2254 pietas
1188 2183 1414 2239 Domini
1441 2182 1782 2252 declaretur,
1816 2183 1952 2254 quia
1989 2183 2160 2237 vidua

533 2280 720 2332 mater
777 2276 930 2331 unici
977 2293 1092 2331 non
1139 2276 1463 2347 patiebatur
1506 2293 1744 2346 moram,
1799 2281 1857 2331 et
1907 2276 2039 2331 ideo
2089 2293 2159 2330 ne

533 2370 780 2441 amplius
827 2369 1150 2424 afﬁceretur
1197 2369 1494 2424 maturitas
1543 2370 1790 2425 additur.
1846 2371 1942 2424 Est
1983 2369 2160 2424 etiam

535 2463 723 2518 forma
753 2463 1070 2534 sapientia,
1104 2462 1162 2517 in
1190 2462 1374 2518 vidua
1402 2463 1520 2518 filio
1557 2464 1666 2518 cito
1696 2463 2007 2518 Ecclesiam
2038 2479 2156 2518 cre-

531 2557 800 2626 dituram,
848 2556 908 2612 in
942 2555 1379 2627 archisynagogi
1418 2555 1533 2610 ﬁlia
1577 2557 1891 2612 credituros
1927 2557 2160 2628 quidem

527 2650 774 2716 Judaos,
799 2649 898 2705 sed
926 2667 991 2705 ex
1017 2649 1274 2721 pluribus
1300 2649 1620 2720 pauciores.

602 2743 757 2814 (Cap.
800 2743 885 2797 IX.
924 2773 992 2783 —
1033 2743 1186 2798 Vers.
1233 2743 1308 2814 5.)
1348 2746 1418 2798 Et
1460 2745 1768 2814 quicunque
1811 2759 1918 2799 non
1958 2759 2160 2814 recepe-

528 2839 644 2892 rint
685 2851 794 2900 vos,
845 2841 1098 2891 exeuntes
1143 2836 1210 2890 de
1252 2838 1472 2890 civitate
1520 2837 1640 2904 illa,
1679 2840 1843 2892 etiam
1879 2837 2160 2907 pulverem

528 2929 595 2986 de
643 2930 870 3000 pedibus
917 2932 1109 2985 vestris
1157 2932 1387 2984 emcutite
1437 2932 1495 2984 in
1559 2933 1923 2986 testimonium
1991 2946 2160 3000 sup-ra

530 3024 675 3080 illos.

601 3121 690 3173 65.
726 3115 916 3181 Qualis
966 3115 1171 3171 debeat
1209 3132 1331 3172 esse
1376 3117 1474 3188 qui
1517 3117 1872 3188 evangelizat
1910 3134 2154 3188 regnum

531 3210 654 3280 Dei,
679 3210 980 3281 praeceptis
1001 3209 1345 3280 evangelicis
1363 3209 1723 3281 designatur;
1747 3213 1809 3264 ut
1833 3211 1955 3266 sine
1973 3211 2155 3282 virga,

529 3303 652 3358 sine
691 3319 844 3374 pera,
890 3303 1013 3356 sine
1039 3303 1442 3369 calceamento,
1481 3304 1600 3358 sine
1635 3320 1804 3376 pane,
1835 3305 1955 3359 sine
1986 3321 2156 3376 pecu-

527 3397 624 3452 nia
667 3400 824 3465 (vers.
873 3397 950 3466 3),
1001 3396 1110 3450 hoc
1153 3401 1258 3463 est,
1305 3395 1543 3451 subsidii
1589 3397 1869 3452 sacularis
1908 3398 2155 3453 admini-

528 3491 658 3545 cula
697 3505 812 3544 non
850 3490 1166 3560 requirens,
1208 3489 1456 3562 ﬁdeique
1497 3489 1719 3545 deditus
1744 3491 1818 3544 sit
1847 3494 1904 3546 et
1945 3494 2160 3562 quanto

528 3583 720 3638 minus
785 3586 1020 3655 appetat
1073 3583 1436 3653 temporalia,
1501 3589 1660 3639 tanto
1723 3584 1909 3657 magis
1971 3588 2162 3656 speret

527 3692 594 3732 ea
645 3677 753 3732 sibi
805 3692 968 3748 posse
1013 3682 1320 3749 suppetere
1373 3677 1503 3748 (2t).
1563 3676 1704 3742 Qua
1769 3684 2005 3750 possunt
2062 3678 2160 3750 qui

526 3769 726 3825 volunt
765 3771 835 3824 ad
877 3786 1011 3825 eum
1058 3769 1314 3826 derivare
1360 3773 1704 3840 tractatum;
1748 3775 1814 3826 ut
1851 3772 2161 3843 spiritalem

525 3864 927 3919 tantummodo
952 3864 1105 3919 locus
1139 3863 1246 3919 iste
1287 3863 1530 3920 formare
1571 3864 1836 3920 videatur
1869 3865 2158 3934 aﬂ‘ectum,

527 3957 628 4030 qui
658 3959 814 4014 velut
842 3957 1245 4013 indumentum
1283 3957 1576 4028 quoddam
1622 3957 1883 4014 videatur
1911 3959 2162 4030 corporis

530 4049 776 4117 exuisse,
831 4066 944 4104 non
1007 4051 1195 4106 solum
1247 4054 1526 4122 potestate
1590 4050 1801 4124 rejecta
1864 4057 2158 4124 contemp-

528 4143 715 4214 tisque
764 4142 993 4212 divitiis,
1043 4143 1144 4198 sed
1197 4144 1374 4199 etiam
1425 4144 1610 4200 carnis
1659 4145 1839 4216 ipsius
1885 4145 2161 4201 illecebris

533 4235 827 4290 abdicatis.

601 4331 688 4384 66.
717 4328 930 4393 Quibus
954 4329 1142 4401 primo
1175 4329 1437 4385 omnium
1466 4331 1633 4386 datur
1660 4332 1811 4403 pacis
1842 4337 2010 4404 atque
2031 4349 2161 4388 con-

530 4423 753 4479 stantia
781 4424 1048 4495 generale
1075 4424 1436 4492 mandatum,
1477 4427 1538 4480 ut
1567 4441 1766 4496 pacem
1793 4425 2004 4495 ferant,
2033 4443 2162 4482 con-

2259 501 2441 555 landa
2469 517 2637 555 causa
2664 517 2781 556 non
2819 502 3104 572 suppetat.
3136 500 3259 553 Non
3288 501 3480 554 tamen
3515 499 3699 554 eadem
3727 517 3830 556 cau-

2258 593 2336 648 tio
2362 594 2636 665 receptori
2664 594 2964 648 mandatur
2991 591 3241 663 hospitii,
3273 607 3342 646 ne
3381 590 3515 644 dum
3543 591 3728 662 hospes
3752 594 3832 648 eli-

2260 687 2432 759 gitur,
2462 688 2816 759 hospitalitas
2843 687 2963 757 ipsa
3001 686 3316 740 minuatur.

2329 784 2416 836 67.
2459 781 2568 836 Sed
2616 782 2738 836 hac
2783 786 2844 834 ut
2887 779 3198 835 secundum
3246 777 3489 833 litteram
3531 777 3595 832 de
3634 778 3833 848 hospitii

2259 875 2537 945 religione
2570 875 2900 930 venerabilis
2927 879 3012 928 est
3041 874 3227 927 forma
3265 870 3549 943 pracepti,
3591 871 3665 925 ita
3687 872 3834 926 etiam

2261 969 2333 1023 de
2362 969 2630 1040 mysterio
2657 969 2938 1023 sententia
2963 967 3208 1022 calestis
3233 965 3466 1020 arridet.
3494 964 3703 1018 Etenim
3724 981 3833 1018 cum

2261 1063 2464 1118 domus
2509 1063 2760 1133 eligitur,
2797 1062 3004 1132 dignus
3059 1061 3266 1131 hospes
3309 1058 3625 1129 inquiritur.
3664 1057 3833 1112 Videa-

2259 1173 2386 1212 mus
2410 1157 2586 1227 igitur
2614 1172 2685 1210 ne
2718 1157 2863 1210 forte
2892 1154 3138 1209 Ecclesia
3165 1151 3517 1224 praeferenda
3541 1151 3838 1222 designetur

2260 1254 2316 1305 et
2351 1251 2619 1307 Christus.
2657 1251 2788 1314 Qua
2831 1249 2988 1303 enim
3034 1247 3264 1319 dignior
3308 1246 3507 1300 domus
3549 1244 3835 1315 apostolica

2261 1344 2676 1414 pradicationis
2713 1343 2992 1414 ingressu,
3027 1357 3203 1412 quam
3243 1344 3432 1394 sancta
3477 1338 3709 1393 Ecclesia
3746 1338 3838 1404 (24,

2263 1441 2460 1508 quast.
2494 1441 2542 1504 t,
2572 1453 2695 1506 cap.
2728 1436 2853 1501 Qua
2877 1435 3162 1505 dignior)?
3189 1435 3302 1488 Aut
3327 1433 3452 1504 quis
3488 1430 3839 1502 praferendus

2261 1531 2442 1602 magis
2487 1530 2751 1584 omnibus
2799 1528 3023 1583 videtur
3069 1545 3190 1582 esse
3236 1542 3411 1597 quam
3456 1525 3718 1591 Christus,
3761 1523 3839 1593 qui

2259 1626 2436 1698 pedes
2489 1624 2602 1679 suis
2651 1624 2839 1678 lavare
2887 1621 3182 1677 consuevit
3230 1619 3566 1690 hospitibus,
3617 1622 3669 1672 et
3709 1633 3842 1688 quos-

2261 1735 2486 1791 cunque
2520 1734 2622 1772 sua
2656 1715 2937 1787 receperit
2976 1715 3170 1783 domo,
3209 1713 3438 1784 pollutis
3483 1727 3593 1766 non
3635 1711 3845 1781 patiatur

2181 1783 2238 1854 B
2263 1783 2518 1869 habitare
2547 1783 2818 1882 vestigiis,
2851 1809 2949 1864 sed
2976 1783 3300 1862 maculosos
3344 1806 3474 1860 licet
3503 1804 3628 1858 vita
3653 1803 3844 1874 prioris,

2259 1908 2320 1962 in
2357 1906 2644 1977 reliquum
2685 1909 2872 1959 tamen
2913 1902 3186 1973 dignetur
3231 1900 3512 1954 mundare
3547 1895 3845 1968 processus?

2259 2001 2358 2054 Hic
2398 2003 2483 2054 est
2524 1999 2698 2069 igitur
2743 1997 2893 2052 solus
2932 2011 3101 2066 quem
3150 2010 3326 2050 nemo
3381 1992 3549 2047 debet
3599 1991 3845 2053 deserere,

2261 2110 2428 2150 nemo
2477 2095 2717 2147 mutare.
2768 2090 2870 2146 Cui
2908 2087 3057 2145 bene
3110 2086 3318 2142 dicitur
3371 2103 3384 2140 :
3435 2106 3463 2134 «
3510 2084 3749 2148 Domine,
3791 2081 3848 2134 ad

2261 2203 2432 2259 quem
2476 2185 2722 2240 ibimus?
2761 2183 2943 2238 Verba
2982 2182 3111 2236 vita
3159 2183 3398 2234 aterna
3443 2178 3638 2243 habes,
3677 2180 3730 2230 et
3767 2190 3848 2229 nos

2260 2281 2540 2336 credimus
2579 2280 2780 2351 (Joan.,
2826 2292 2898 2343 v1,
2942 2279 3028 2343 69,
3085 2275 3194 2345 70).
3225 2297 3251 2324 ››
3297 2272 3470 2327 Vides
3510 2276 3848 2326 exsecutorem

2261 2374 2570 2430 calestium
2605 2377 3018 2443 praceptorum
3048 2385 3061 2422 :
3105 2367 3202 2440 qui
3241 2365 3525 2439 quoniam
3555 2380 3666 2419 non
3703 2365 3850 2417 muta-

2260 2470 2337 2524 vit
2389 2467 2719 2538 hospitium,
2763 2464 3001 2519 calestis
3045 2461 3401 2517 consortium
3454 2454 3850 2514 consecrationis

2260 2561 2524 2618 emeruit.

2329 2658 2418 2710 68.
2485 2653 2644 2709 Fides
2688 2651 2864 2722 igitur
2912 2648 3192 2720 imprimis
3249 2645 3521 2702 Ecclesia
3583 2641 3852 2715 quarenda

2261 2749 2592 2816 mandatur,
2638 2746 2697 2800 in
2739 2761 2849 2816 qua
2891 2744 2939 2797 si
2987 2742 3239 2799 Christus
3277 2738 3568 2794 habitator
3603 2737 3688 2802 sit,
3728 2732 3853 2789 haud

2261 2842 2429 2898 dubie
2479 2841 2551 2895 sit
2599 2839 2862 2911 legenda.
2907 2837 3006 2893 Sin
3048 2851 3180 2889 vero
3217 2833 3475 2905 perﬁdus
3517 2830 3748 2903 populus
3777 2832 3855 2881 aut

2261 2941 2578 3008 praeceptor
2598 2931 2900 2988 hareticus
2921 2930 3204 2985 deformet
3223 2927 3636 2991 habitaculum,
3660 2917 3855 2977 vitanda

2261 3029 2659 3085 hareticorum
2686 3024 3036 3091 communio,
3063 3021 3342 3093 fugienda
3371 3021 3670 3091 Synagoga
3689 3029 3852 3070 cense-

2259 3129 2372 3180 tur.
2427 3120 2808 3176 Excutiendus
2859 3118 3071 3190 pedum
3117 3115 3324 3187 pulvis,
3379 3130 3451 3168 ne
3508 3107 3855 3166 fatiscentibus

2259 3216 2512 3289 perﬁdia
2551 3213 2758 3270 sterilis
2795 3210 3161 3277 siccitatibus,
3205 3213 3486 3280 tanquam
3532 3203 3687 3259 humi
3729 3199 3856 3254 arido

2260 3325 2616 3380 arenosoque
2658 3305 2866 3362 mentis
2910 3309 3025 3359 tua
3074 3301 3378 3373 vestigium
3410 3299 3704 3372 polluatur.
3741 3294 3855 3348 Nam

2260 3405 2401 3460 sicut
2428 3417 2726 3473 corporeas
2763 3397 3126 3453 inﬁrmitates
3166 3395 3364 3466 populi
3399 3393 3586 3448 ﬁdelis
3611 3389 3856 3458 suscipere

2259 3498 2320 3552 in
2349 3513 2408 3552 se
2436 3496 2608 3551 debet
2648 3493 2935 3564 Evangelii
2970 3489 3330 3562 pradicator,
3369 3494 3426 3543 et
3465 3490 3727 3557 tanquam
3759 3495 3856 3551 pro

2260 3591 2400 3663 priis
2443 3589 2636 3644 inania
2682 3590 2858 3658 gesta,
2916 3583 3141 3656 pulveri
3188 3579 3603 3653 comparanda,
3648 3577 3855 3632 allevare

2261 3690 2432 3756 atque
2470 3683 2698 3738 abolere
2737 3678 3012 3750 vestigiis,
3055 3677 3221 3748 juxta
3258 3676 3414 3747 quod
3455 3673 3718 3744 scriptum
3751 3669 3854 3722 est:

2264 3800 2290 3828 ‹‹
2329 3777 2463 3842 Quis
2490 3775 2832 3838 inﬁrmatur,
2866 3779 2924 3827 et
2957 3787 3066 3842 ego
3110 3785 3228 3824 non
3259 3768 3527 3823 inﬁrmor
3553 3766 3619 3835 (ll
3649 3766 3777 3824 Con,
3799 3774 3856 3820 ιι,

2261 3870 2391 3943 29)?
2415 3891 2441 3919 »ι
2494 3870 2571 3924 ita
2608 3867 2652 3922 si
2687 3883 2800 3939 qua
2843 3871 2928 3920 est
2967 3863 3219 3919 Ecclesia
3256 3878 3390 3932 qua
3430 3861 3605 3916 ﬁdem
3646 3855 3855 3926 respuat.

2262 3980 2366 4018 nec
2390 3961 2718 4035 apostolica
2737 3956 3166 4032 praedicationis
3195 3956 3570 4011 fundamenta
3590 3948 3856 4024 possideat,

2260 4073 2332 4113 ne
2353 4073 2527 4128 quam
2551 4054 2735 4110 labem
2757 4052 3012 4124 perﬁdia
3033 4051 3206 4122 possit
3229 4064 3558 4120 aspergere,
3581 4037 3857 4100 deserenda

2261 4153 2363 4206 est.
2423 4148 2591 4215 Quod
2652 4147 2949 4219 Apostolus
3008 4160 3236 4216 quoque
3295 4141 3600 4197 evidenter
3657 4129 3858 4190 asseruit

2261 4244 2452 4300 dicens
2483 4260 2496 4298 :
2545 4263 2572 4291 «
2602 4240 2940 4296 Hareticum
2983 4239 3280 4294 hominem
3327 4240 3460 4308 post
3497 4247 3728 4288 unam...
3762 4239 3856 4280 cor-

2261 4339 2582 4410 reptionem
2610 4335 2797 4390 devita
2826 4335 2980 4403 (Tit.,
3010 4349 3090 4399 m,
3125 4333 3234 4398 10).
3265 4351 3292 4379 ι»

2334 4432 2508 4500 (Vers.
2545 4430 2650 4500 13.)
2679 4429 2779 4483 Ait
2803 4433 2982 4483 autem
3030 4426 3105 4482 ad
3131 4440 3258 4480 eos:
3291 4427 3432 4479 Date
3472 4423 3584 4477 illis
3618 4434 3703 4474 vos
3723 4428 3853 4470 man-

529 4517 798 4573 stantiam
860 4520 1104 4585 servent,
1173 4517 1468 4589 hospitalis
1534 4519 1972 4575 necessitudinis
2029 4515 2482 4591 juraDducare.
2514 4524 2592 4578 At
2618 4523 2705 4577 illi
2742 4522 3045 4576 dixerunt:
3088 4522 3210 4576 Non
3246 4524 3375 4573 sunt
3422 4517 3572 4572 nobis
3602 4516 3855 4584 plusquam

531 4609 878 4679 custodiant;
927 4611 1181 4666 alienum
1219 4628 1254 4666 a
1293 4611 1668 4684 pradicatore
1707 4613 1873 4685 regni
1923 4613 2163 4669 calestis

531 4706 791 4758 astruens
814 4702 1086 4759 cursitare
1119 4721 1223 4776 per
1260 4704 1479 4772 domos,
1509 4711 1564 4762 et
1590 4707 1936 4762 inviolabilis
1963 4707 2160 4780 hospi-

535 4796 600 4851 tii
639 4796 774 4867 jura
820 4801 1040 4851 mutare
1090 4799 1246 4860 (vers.
1295 4799 1372 4866 4).
1423 4799 1536 4854 Sed
1580 4806 1644 4855 ut
1692 4800 1926 4872 hospitii
1977 4801 2163 4872 gratia

529 4889 836 4946 deferenda
884 4894 1165 4958 censetur,
1213 4890 1290 4945 ita
1332 4891 1508 4947 etiam
1552 4893 1600 4947 si
1637 4910 1750 4948 non
1798 4894 2160 4966 recipiantur,

529 4981 789 5057 1399
829 4983 1238 5040 excutiendum
1287 4985 1605 5056 pulverem,
1649 4993 1706 5042 et
1745 4987 2161 5058 egrediendum

527 5077 597 5134 de
619 5077 846 5133 civitate
879 5078 1183 5132 mandatur
1225 5080 1380 5146 (vers.
1429 5082 1504 5147 5).
1535 5083 1656 5144 Quo
1700 5098 1814 5136 non
1857 5081 2163 5137 mediocris

527 5170 664 5226 boni
707 5171 1098 5227 remuneratio
1137 5172 1372 5227 docetur
1409 5173 1662 5245 hospitii,
1704 5178 1768 5230 ut
1811 5193 1928 5230 non
1978 5176 2162 5230 solum

527 5279 731 5336 pacem
777 5265 1097 5321 tribuamus
1141 5265 1462 5338 hospitibus
1508 5268 1748 5338 (Matth.,
1797 5285 1854 5338 x,
1910 5271 2016 5339 t2),
2065 5286 2160 5324 ve-

527 5373 658 5413 rum
685 5359 859 5414 etiam
901 5359 947 5413 si
993 5375 1108 5430 qua
1137 5375 1235 5414 eos
1282 5365 1529 5416 terrena
1571 5362 1922 5417 obumbrant
1957 5362 2161 5416 delicta

527 5451 797 5520 levitatis,
851 5454 1091 5525 receptis
1142 5454 1470 5525 apostolica
1524 5454 1940 5526 praedicationis
1995 5455 2158 5510 vesti-

527 5543 653 5612 giis,
695 5545 1047 5600 auferantur.
1097 5547 1207 5602 Nec
1253 5547 1433 5603 otiose
1469 5547 1784 5604 secundum
1829 5548 2161 5604 Matthaum

529 5634 733 5688 domus
760 5652 937 5706 quam
966 5639 1366 5708 ingrediantur
1391 5642 1646 5712 apostoli,
1679 5642 1924 5714 legenda
1961 5642 2159 5696 decer-

595 5751 692 5816 (21)
725 5752 1123 5827 Βὶᾳριθτὶςιιθ,
1149 5773 1254 5810 nec
1282 5774 1393 5812 non
1431 5765 1653 5827 optima
1693 5767 1838 5815 nota
1881 5777 2008 5814 mss.
2052 5765 2161 5814 Alii

532 5827 718 5870 tamen
766 5821 979 5884 aliquot
1023 5838 1327 5892 omnesque
1373 5821 1524 5894 edit,
1573 5835 1776 5898 ﬁdeque
1821 5841 1978 5894 tutus,
2019 5840 2161 5898 putet

2261 4621 2500 4690 quinque
2531 4633 2719 4688 panes.

2334 4715 2423 4768 69.
2477 4713 2653 4780 (Vers.
2715 4712 2790 4781 8.)
2851 4710 2989 4773 Qua
3049 4705 3190 4762 ratio
3253 4712 3356 4773 est,
3426 4704 3580 4777 quod
3639 4714 3756 4756 cum
3810 4694 3855 4746 in

2264 4805 2670 4878 posterioribus
2710 4803 2947 4858 Joannis
2987 4800 3168 4873 passio
3213 4798 3588 4862 describatur,
3636 4793 3719 4848 hic
3757 4791 3853 4860 jam

2263 4902 2520 4954 mortuus
2562 4897 2749 4952 verbis
2789 4894 3026 4951 Herodis
3069 4891 3432 4948 ostenditur?
3476 4907 3550 4945 ne
3594 4889 3726 4943 forte
3761 4881 3854 4940 illa.

2264 4993 2400 5064 quia
2447 4997 2568 5063 post
2615 4990 2782 5061 Legis
2825 4989 3112 5044 defectum
3155 4985 3520 5057 evangelicus
3557 4981 3708 5038 cibus
3749 4970 3857 5029 inci-

2263 5086 2346 5157 Ρίῑ
2399 5085 2606 5156 jejuna
2669 5067 2899 5155 pascere
2962 5081 3134 5136 corda
3195 5075 3586 5152 populorum?
3643 5069 3854 5137 Denique

2261 5181 2640 5250 posteaquam
2695 5177 2792 5231 illa
2838 5192 2965 5247 qua
3013 5173 3274 5229 Ecclesia
3326 5178 3530 5242 typum
3576 5162 3791 5235 accep“,
3826 5170 3854 5252 ἦ

2262 5249 2417 5326 ﬁuxu
2465 5275 2658 5326 curata
2715 5274 2802 5324 est
2854 5267 3173 5340 sanguinis,
3226 5271 3599 5337 posteaquam
3649 5249 3854 5327 apostoli

2264 5365 2336 5420 ad
2363 5363 2871 5435 evangelizandum
2903 5378 3146 5432 regnum
3173 5359 3269 5415 Dei
3300 5360 3434 5412 sunt
3459 5349 3729 5412 destinati,
3753 5355 3855 5415 gra-

2261 5459 2356 5514 tia
2386 5458 2630 5513 caelestis
2657 5457 2983 5528 impartitur
3013 5456 3374 5510 alimentum.
3420 5449 3528 5506 Sed
3560 5446 3747 5534 quibus

2261 5551 2562 5623 partiatur,
2590 5551 2841 5606 adverte.
2869 5552 2991 5606 Non
3019 5548 3232 5615 otiosis,
3259 5562 3369 5600 non
3399 5544 3456 5598 in
3487 5533 3726 5614 1400
3745 5528 3853 5627 θίνιὺ

2262 5651 2374 5701 tate
2406 5645 2567 5717 quasi
2593 5646 2655 5699 in
2685 5644 3013 5716 Synagoga,
3050 5641 3140 5697 vel
3166 5639 3421 5696 saeculari
3445 5633 3706 5705 dignitate
3732 5636 3848 5677 rest-

2259 5765 2361 5818 sibi
2393 5767 2675 5830 quominus
2699 5778 2760 5814 ea
2784 5767 3046 5827 requirat,
3074 5763 3242 5824 magis
3270 5771 3415 5823 posse
3449 5756 3716 5818 suppetere.
