3972 6174
161 346 174 396 l
182 341 248 394 773

1164 336 1631 393 EXPOSlTlONlS
1671 338 1739 392 IN
1778 338 2001 394 LUCAM
2044 339 2171 394 LlB.
2218 339 2302 392 VI.

3271 336 3408 394 1774

157 460 368 522 dentibus,
391 457 476 512 sed
508 457 656 511 inter
681 457 905 512 deserta
933 459 1317 529 quaerentibus
1341 461 1672 531 Christum;
1700 476 1756 547 Α
1780 467 2083 534 antequam
2124 462 2418 533 perveniat
2452 461 2526 516 ad
2566 463 2814 527 Patrem,
2851 465 2912 515 et
2938 459 3220 531 intelligat
3254 463 3408 533 quod

151 556 217 626 qui
238 554 360 607 enim
385 567 486 604 non
510 550 821 617 fastidiunt,
853 551 959 622 ipsi
987 553 1348 622 excipiuntur
1374 571 1406 608 a
1431 555 1675 621 Christo,

152 656 301 702 etcum
325 645 444 716 ipsis
469 644 711 713 loquitur
753 644 848 699 Dei
873 646 1139 712 Verbum,
1168 663 1280 700 non
1310 648 1379 701 de
1405 649 1681 702 seculari-

146 741 236 805 bus,
261 737 340 792 sed
365 738 424 791 de
463 753 627 808 regno
659 739 779 793 Dei.
808 739 878 792 Et
920 741 964 793 si
1006 739 1103 809 qui
1141 741 1448 811 corporalis
1477 746 1684 812 gerunt

146 834 284 886 ulcera
307 831 574 900 passionis,
601 831 690 885 his
717 831 1066 886 medicinam
1101 850 1259 887 suam
1301 834 1548 889 libenter
1590 836 1679 889 in-

145 926 302 995 dulget.

190 1021 252 1071 70.
289 1018 619 1088 Consequens
658 1017 833 1088 igitur
869 1025 1009 1088 erat,
1045 1026 1104 1073 ut
1143 1037 1283 1090 quos
1314 1037 1347 1074 a
1373 1021 1680 1076 vulnerum

143 1112 278 1164 dolore
310 1117 608 1178 sanaverat,
641 1127 738 1166 eos
779 1113 1064 1166 alimoniis
1101 1114 1449 1183 spiritalibus
1480 1115 1677 1184 ajeju—

143 1206 204 1257 nio
236 1204 483 1258 liberaret.
519 1206 706 1275 Itaque
753 1222 924 1260 nemo
972 1206 1161 1260 cibum
1206 1208 1410 1278 accipit
1452 1208 1677 1273 Christi,

139 1299 210 1351 nisi
235 1297 382 1351 fuerit
419 1301 544 1352 ante
594 1305 846 1354 sanatus.
900 1301 966 1354 Et
1015 1301 1094 1353 illi
1141 1301 1238 1371 qui
1289 1304 1563 1355 vocantur
1609 1301 1681 1355 ad

137 1408 312 1457 cenam,
348 1391 489 1461 prius
530 1393 783 1447 vocando
827 1398 1121 1448 sanantur.
1175 1395 1230 1449 Si
1276 1393 1507 1448 claudus
1549 1396 1678 1462 fuit,

136 1483 363 1553 gradiendi
393 1485 710 1540 facultatem
742 1491 801 1540 ut
830 1472 1069 1554 veniret,
1105 1487 1340 1557 accepit.
1373 1487 1430 1542 Si
1462 1487 1680 1542 lumine

135 1578 354 1631 oculorum
396 1578 636 1648 privatus
683 1586 830 1647 erat,
877 1581 1112 1635 domum
1163 1581 1364 1650 utique
1421 1582 1677 1650 Domini,

132 1671 202 1723 nisi
223 1672 380 1725 refusa
406 1671 552 1737 luce,
586 1673 800 1727 intrare
828 1690 943 1728 non
973 1674 1180 1744 potuit.

177 1768 241 1817 Tt.
289 1765 486 1834 Ubique
541 1765 714 1835 igitur
769 1767 1022 1837 mysterii
1083 1768 1221 1822 ordo
1278 1774 1562 1834 servatur;
1617 1775 1680 1821 ut

1781 574 1847 611 ex
1894 558 2054 610 Patre
2099 557 2352 611 Christus
2405 558 2507 620 est,
2555 555 2839 625 intelligat
2881 554 3038 624 quod
3085 555 3340 610 Christus
3379 572 3409 610 e

1781 651 1936 716 caelo,
1968 654 2023 704 et
2049 650 2332 719 intelligat
2357 649 2505 719 quod
2536 648 2790 702 Christus
2817 649 2915 717 qui
2950 647 3257 710 descendit,
3291 647 3410 718 ipse

1781 750 1864 798 est
1904 748 1961 796 et
2003 744 2101 813 qui
2136 743 2422 808 ascendit;
2464 758 2533 794 ne
2572 742 2717 796 forte
2757 757 2886 795 cum
2933 740 3214 810 acceperit
3258 740 3411 810 quod

1782 840 1950 891 natus
2001 853 2065 890 ex
2115 836 2343 906 Virgine
2383 839 2486 901 est,
2535 835 2772 905 incipiat
2800 837 2930 902 inon
2980 834 3075 889 Dei
3121 834 3410 902 virtutem,

1782 931 1880 984 sed
1944 929 2190 984 hominis
2255 929 2554 983 aestimare.
2619 929 2767 998 Ergo
2829 945 2899 981 ne
2965 927 3256 993 deﬁciant,
3323 928 3410 999 in-

1783 1023 1906 1094 quit
1938 1041 1950 1077 :

1855 1115 2100 1188 1401
2162 1116 2342 1185 (Ibid)
2381 1121 2513 1171 Date
2557 1117 2669 1169 illis
2707 1131 2800 1169 vos
2826 1115 3175 1170 manducare.
3215 1117 3286 1170 At
3329 1116 3416 1168 illi

1780 1211 2040 1264 dimerunt
2073 1229 2087 1263 :
2121 1212 2240 1264 Non
2282 1215 2410 1263 sunt
2439 1209 2589 1262 nobis
2625 1209 2752 1278 plus
2791 1224 2953 1277 quam
2978 1210 3217 1278 quinque
3239 1222 3413 1277 panes

1781 1308 1831 1357 et
1870 1304 1977 1357 duo
2003 1306 2175 1372 pisces
2213 1322 2228 1356 :
2263 1305 2373 1357 nisi
2419 1317 2515 1356 nos
2557 1317 2760 1363 eamus,
2814 1306 2863 1356 et
2913 1317 3150 1356 emamus
3201 1303 3257 1354 in
3310 1317 3414 1356 om-

1781 1413 1901 1451 nem
1927 1398 2065 1450 hanc
2095 1397 2306 1451 turbam
2337 1411 2502 1450 escas.

1853 1491 1938 1544 74.
1982 1490 2241 1544 Nondum
2283 1490 2682 1543 intellexerant
2712 1488 2957 1558 apostoli
2996 1487 3188 1541 cibum
3216 1490 3414 1558 populi

1782 1584 2063 1638 credentis
2088 1600 2202 1637 non
2250 1599 2367 1636 esse
2408 1582 2688 1636 venalem.
2731 1583 2974 1634 Noverat
3000 1581 3273 1651 Christus,
3310 1599 3410 1635 no-

1780 1681 1941 1731 verat
1975 1677 2096 1747 ipse
2136 1693 2242 1731 nos
2282 1676 2469 1746 potius
2517 1692 2637 1729 esse
2683 1674 3042 1728 redimendos
3074 1690 3086 1727 :
3118 1691 3244 1728 suas
3284 1691 3415 1729 vero

1782 1771 1976 1840 epulas
2007 1771 2278 1840 gratuitas
2306 1769 2504 1823 donat.
2534 1769 2795 1823 Nondum
2831 1783 2967 1837 ergo
3008 1767 3294 1822 habebant
3327 1769 3411 1822 di-

129 1857 238 1926 prius
266 1874 354 1927 per
389 1858 779 1913 remissionem
817 1865 1178 1930 peccatorum
1207 1863 1533 1915 vulneribus
1562 1878 1676 1916 me-
1701 1841 1758 1912 B
1783 1863 1985 1933 scipuli
2030 1863 2217 1917 cibum
2257 1863 2353 1934 qui
2402 1862 2683 1915 redimere
2730 1877 2834 1915 nos
2876 1864 3085 1930 posset.
3121 1861 3417 1915 Ilabebant

129 1948 262 2002 dicina
293 1950 591 2019 tribuatur,
635 1955 834 2022 postea
877 1953 1144 2007 alimonia
1189 1970 1401 2008 mensae
1445 1955 1680 2008 caelestis

127 2042 336 2096 exuberet
387 2061 399 2098 :
449 2061 782 2116 quanquam
834 2047 1089 2101 nondum
1141 2048 1505 2102 validioribus
1557 2049 1680 2102 haec

127 2135 245 2188 turba
280 2136 548 2193 reﬁcietur
589 2139 906 2206 alimentis,
957 2157 1142 2211 neque
1191 2142 1397 2195 Christi
1445 2159 1682 2212 corpore

125 2234 161 2282 et
187 2233 421 2300 sanguine
445 2233 654 2302 jejuna
691 2234 973 2288 solidioris
1001 2233 1130 2288 ﬁdei
1159 2235 1327 2289 corda
1360 2241 1678 2305 pascantur.

127 2343 142 2365 ει
176 2323 318 2389 Lacte,
361 2326 570 2396 inquit,
624 2344 721 2381 vos
773 2328 980 2398 potavi,
1036 2345 1149 2383 non
1206 2341 1364 2397 esca;
1424 2329 1680 2383 nondum

124 2417 232 2470 enim
267 2421 540 2488 poteratis,
586 2421 684 2475 sed
729 2437 833 2475 nec
873 2421 1058 2476 adhuc
1097 2423 1328 2493 quidem
1369 2424 1604 2492 potestis
1641 2425 1680 2493 (ῐ

124 2508 223 2576 Con,
244 2527 308 2579 ιιι,
334 2516 402 2580 2).
433 2536 460 2564 ››
492 2515 560 2567 In
587 2513 824 2568 modum
853 2514 1012 2569 lactis
1039 2516 1292 2586 quinque
1321 2522 1453 2570 sunt
1478 2533 1678 2587 panes.

122 2601 216 2656 Esca
238 2611 401 2660 autem
433 2607 677 2662 solidior
701 2624 903 2678 corpus
930 2612 1013 2663 est
1043 2609 1269 2673 Christi,
1308 2615 1471 2680 potus
1508 2610 1678 2664 vehe-

125 2698 312 2751 mentior
349 2701 583 2772 sanguis
625 2705 711 2754 est
751 2702 988 2756 Domini.
1034 2703 1156 2756 Non
1203 2703 1396 2756 statim
1433 2720 1463 2755 ει
1494 2703 1681 2773 primo

121 2789 348 2856 epulamur
396 2794 629 2861 omnia,
683 2811 873 2865 neque
925 2800 1190 2865 potamus
1231 2797 1442 2849 omnia.
1498 2818 1525 2846 ‹‹
1575 2798 1683 2849 Hoc

121 2881 324 2952 primum,
373 2888 586 2958 inquit,
641 2888 791 2942 bibe.
849 2910 876 2936 ››
935 2891 1026 2943 Est
1083 2905 1220 2959 ergo
1273 2889 1548 2960 primum,
1603 2894 1685 2943 est

121 2974 240 3030 etiam
264 2982 572 3036 secundum
613 2983 765 3053 quod
808 2982 984 3037 bibas.
1017 2984 1113 3038 Est
1154 2986 1210 3036 et
1254 2984 1504 3054 primum
1534 2984 1682 3054 quod

120 3071 379 3139 mendaces,
423 3079 509 3128 est
558 3075 732 3129 etiam
776 3075 1111 3142 secundum,
1144 3081 1228 3130 est
1269 3076 1519 3130 tertium.
1563 3077 1680 3129 Pri-

1781 1961 1975 2011 tamen
2013 1957 2136 2027 jam
2182 1957 2371 2010 cibum
2423 1954 2520 2025 qui
2567 1954 2773 2008 satiare
2819 1969 2922 2007 nos
2968 1955 3185 2023 posset;
3238 1943 3412 2008 habe-

1779 2049 1923 2104 bant
1973 2050 2163 2104 cibum
2204 2049 2302 2119 qui
2346 2048 2686 2103 conﬁrmare
2735 2063 2835 2101 nos
2887 2050 3080 2117 posset
3120 2064 3133 2100 :
3177 2069 3204 2095 ‹‹
3249 2048 3417 2102 Panis

1783 2143 1936 2197 enim
1977 2144 2275 2198 conﬁrmat
2320 2159 2416 2196 cor
2457 2141 2707 2196 hominis
2750 2141 2922 2211 (Psal.
2967 2156 3076 2206 cui,
3117 2140 3222 2213 15).
3258 2164 3282 2190 ››
3316 2142 3413 2195 Mi-

1785 2242 2004 2291 seretur
2044 2254 2182 2307 ergo
2226 2238 2518 2301 Dominus,
2563 2251 2634 2289 ne
2679 2233 2806 2304 quis
2845 2233 3074 2288 deﬁciat
3119 2235 3174 2287 in
3214 2233 3318 2288 via.
3359 2236 3418 2290 Si

1784 2330 1909 2400 quis
1935 2346 2070 2400 ergo
2101 2330 2389 2397 defecerit,
2421 2345 2539 2383 non
2583 2344 2683 2398 per
2721 2326 3027 2380 Dominum
3065 2327 3279 2393 Jesum,
3320 2329 3418 2382 sed

1784 2439 1886 2493 per
1930 2439 1989 2476 se
2037 2422 2266 2476 deﬁcit:
2301 2439 2404 2476 nec
2449 2422 2624 2475 habes
2667 2419 2818 2489 quod
2865 2420 3110 2473 ascribas
3149 2422 3417 2486 Domino,

1783 2515 1880 2586 qui
1925 2515 2096 2568 vincit
2132 2531 2263 2568 cum
2297 2515 2622 2584 judicatur;
2661 2513 2800 2585 quid
2842 2511 2995 2566 enim
3037 2512 3190 2566 dicas
3230 2513 3279 2567 ei
3321 2514 3420 2583 qui

1783 2609 1842 2661 in
1890 2612 1943 2662 te
1979 2609 2218 2662 contulit
2261 2609 2456 2662 omnia
2496 2609 2871 2663 ﬁrmamenta
2913 2607 3173 2662 virtutis?
3219 2607 3418 2662 Nonne

1784 2701 1904 2770 ipse
1951 2704 2004 2755 te
2047 2701 2282 2771 genuit?
2333 2717 2523 2755 nonne
2577 2702 2695 2771 ipse
2742 2708 2796 2756 te
2851 2703 3038 2773 pavit?
3081 2701 3252 2755 Cibus
3296 2700 3418 2770 ejus

1786 2794 1962 2847 virtus
1995 2799 2100 2860 est,
2147 2795 2304 2847 cibus
2343 2795 2466 2864 ejus
2511 2793 2786 2849 fortitudo
2831 2799 2932 2850 est.
2979 2796 3083 2850 Sed
3126 2795 3172 2848 si
3212 2800 3276 2848 tu
3323 2809 3422 2847 ne-

1785 2887 2062 2956 gligentia
2091 2890 2188 2940 tua
2225 2887 2495 2940 virtutem
2533 2904 2705 2958 quam
2745 2905 3045 2959 acceperas
3099 2887 3415 2958 perdidisti,

1782 2996 1896 3033 non
1944 2981 2353 3034 alimentorum
2396 2982 2730 3046 C(Jelestium,
2778 2982 2876 3036 sed
2922 2985 3031 3035 tuae
3075 2982 3282 3035 mentis
3319 2981 3420 3034 tibi

1784 3073 2058 3144 presidia
2102 3073 2427 3128 defuerunt.
2469 3074 2720 3146 Denique
2758 3074 3033 3129 Dominus
3060 3074 3222 3128 sicuti
3251 3091 3422 3144 super

116 3174 229 3216 mum
259 3166 496 3239 quinque
541 3184 720 3238 panes
753 3172 903 3235 sunt,
941 3169 1251 3223 secundum
1293 3174 1532 3239 septem,
1565 3175 1682 3224 ter-
1705 3200 1760 3274 Ο
1779 3167 1968 3237 justos
1995 3173 2050 3222 et
2089 3167 2331 3238 injustos
2361 3168 2526 3238 pluit,
2559 3168 2635 3223 ita
2665 3168 2835 3223 etiam
2883 3168 3125 3239 injustos
3165 3167 3343 3238 pascit
3368 3173 3424 3222 et

118 3252 217 3308 tium
244 3257 413 3326 ipsum
439 3277 654 3332 corpus
681 3265 766 3315 est
792 3262 1018 3317 Christi.

162 3351 224 3402 72.
261 3351 632 3426 Nequaquam
681 3355 855 3426 igitur
897 3356 1064 3410 talem
1110 3357 1414 3409 Dominum
1461 3356 1684 3410 desera-

113 3454 220 3504 mus,
252 3447 338 3514 qui
376 3464 476 3516 pro
513 3448 965 3519 uniuscujusque
1003 3448 1212 3502 viribus
1251 3448 1542 3519 impartire
1587 3467 1686 3504 no-

109 3529 169 3585 bis
196 3535 442 3594 alimenta
487 3540 794 3611 dignatur;
847 3558 917 3596 ne
962 3545 1061 3596 aut
1105 3541 1398 3596 inﬁrmum
1443 3544 1686 3598 validior

112 3625 227 3681 cibus
263 3635 570 3702 Opprimat,
617 3638 718 3689 aut
754 3635 1006 3690 validum
1050 3636 1218 3689 exilia
1257 3637 1526 3690 alimenta
1568 3654 1685 3693 non

108 3721 300 3780 satient:
333 3729 489 3791 «Qui
545 3727 699 3783 enim
745 3728 1004 3783 inﬁrmus
1045 3735 1151 3797 est,
1182 3730 1336 3784 olera
1380 3733 1688 3786 manducet

110 3812 256 3879 illam”
296 3837 398 3890 xiv,
445 3825 526 3890 2).
578 3844 608 3871 »
658 3824 722 3876 Et
763 3823 858 3876 ille
898 3824 994 3893 qui
1027 3824 1152 3894 jam
1195 3824 1416 3878 videtur
1458 3826 1687 3896 laqueos

107 3905 391 3968 inﬁrmitatis
439 3915 718 3983 evadere,
777 3916 844 3970 de
891 3918 1147 3987 quinque
1203 3917 1322 3972 istis
1377 3919 1688 3973 manducet

107 4003 298 4065 panibus
323 4013 378 4062 et
409 4008 640 4062 duobus
672 4009 940 4080 piscibus.
973 4013 1134 4065 Certe
1179 4012 1225 4065 si
1262 4019 1456 4082 petere
1498 4013 1686 4066 cibum

105 4093 378 4154 validiorem
443 4108 714 4170 veretur,
775 4103 894 4172 ipse
951 4104 1160 4158 relictis
1219 4105 1334 4159 suis
1390 4107 1682 4175 omnibus,

103 4184 281 4245 festinet
323 4195 389 4249 ad
434 4196 534 4250 Dei
583 4196 840 4250 verbum.
892 4198 1038 4251 Dum
1084 4198 1282 4252 audire
1329 4199 1546 4269 incipit,
1596 4200 1684 4253 in-

100 4281 199 4349 cipit
224 4287 447 4343 esurire.
496 4289 788 4359 Incipiunt
821 4292 1061 4360 apostoli
1090 4291 1438 4346 esurientem
1469 4293 1682 4348 videre.

101 4370 144 4422 Et
174 4376 211 4428 si
245 4379 316 4432 illi
359 4383 554 4435 adhuc
590 4398 704 4435 non
736 4383 1062 4454 intelligunt
1090 4385 1229 4455 quid
1257 4385 1483 4451 esuriat,
1517 4385 1682 4440 intel-

98 4460 197 4522 lexit
238 4471 508 4529 Christus.
567 4475 682 4530 Scit
737 4477 888 4546 quod
939 4494 1052 4531 non
1110 4479 1443 4532 saecularem
1496 4479 1684 4533 cibum

101 4563 294 4630 esuriat,
345 4568 447 4622 sed
501 4568 696 4622 cibum
752 4570 980 4625 Christi.
1040 4571 1194 4626 Dicat
1243 4589 1255 4624 :

100 4656 412 4727 eosjejunos
455 4663 616 4729 nolo,
661 4680 731 4716 ne
770 4664 1034 4718 deﬁciant
1078 4665 1136 4718 in
1183 4664 1272 4719 via
1316 4666 1554 4735 (Matth,
1595 4683 1685 4736 xv,

99 4745 178 4808 Ἠ).
216 4773 236 4796 υ
286 4753 476 4808 Bonus
524 4755 803 4810 Dominus
843 4757 1028 4811 studia
1069 4758 1261 4829 exigit,
1306 4758 1450 4813 vires
1490 4761 1685 4814 minis-

97 4845 194 4896 ttat.

145 4938 211 4989 73.
261 4940 525 5004 Utinam,
581 4943 818 4998 Domine
865 4945 1025 5011 Jesu,
1080 4945 1220 5000 velis
1271 4963 1498 5000 mecum
1558 4947 1690 5000 istos

89 5023 275 5094 ieiunos
317 5051 436 5089 non
482 5036 791 5104 dimittere,
821 5038 916 5092 sed
963 5039 1266 5108 impartitis
1312 5039 1408 5093 abs
1452 5044 1507 5093 te
1549 5058 1688 5111 epu-

95 5116 139 5170 lis
175 5125 375 5180 reﬁcias
418 5146 554 5199 eos;
601 5136 659 5184 ut
703 5131 917 5200 possint
959 5132 1066 5185 tuis
1107 5133 1390 5186 alimoniis
1429 5133 1691 5189 fortiores

95 5209 439 5276 inﬁrmitatem
460 5222 672 5295 jejunii
694 5240 807 5278 non
838 5225 1058 5278 timere.
1085 5226 1244 5280 Dicas
1272 5226 1493 5281 utinam
1517 5227 1688 5282 etiam

97 5303 142 5356 de
179 5312 325 5365 nobis
368 5333 378 5366 :
427 5316 571 5370 Nolo
619 5332 703 5371 eos
735 5317 959 5386 jejunos
1003 5318 1310 5373 dimittere!
1351 5321 1418 5373 Et
1460 5337 1690 5375 causam

98 5399 200 5454 mihi
240 5404 434 5474 dicito,
489 5424 666 5478 quare
724 5427 817 5464 eos
869 5411 1011 5465 nolis
1051 5412 1280 5482 jejunos
1332 5413 1621 5468 dimittere
1675 5431 1688 5468 ε

101 5503 180 5543 uno
201 5496 310 5562 jam
354 5501 572 5569 dixisti,
615 5503 744 5574 quia
781 5504 826 5557 si
870 5521 1042 5574 quem
1091 5506 1374 5560 dimiseris
1399 5507 1688 5577 jejunum,

100 5579 246 5642 deﬁcit
284 5593 341 5647 in
389 5596 508 5659 via,
555 5595 656 5650 hoc
701 5603 804 5664 est,
853 5598 1040 5652 deﬁcit
1078 5600 1166 5653 vel
1212 5600 1272 5654 in
1318 5601 1477 5654 istius
1524 5617 1691 5655 cursu

32 5725 34 5762 λ
98 5676 213 5743 vttae,
253 5686 334 5739 vel
377 5693 690 5758 antequam
738 5691 807 5744 ad
851 5696 1022 5761 caput
1063 5693 1358 5764 perveniat
1402 5693 1504 5746 viae
1555 5693 1687 5762 (22),

160 5799 226 5858 ἐξ)
251 5806 416 5868 Caput
451 5809 570 5867 viae,
600 5811 803 5862 dicitur
833 5813 960 5862 finis
985 5827 1049 5864 ac
1083 5817 1350 5864 terminus
1384 5815 1522 5871 viae;
1562 5828 1692 5864 nam

103 5873 219 5925 ἔκλοά
259 5890 547 5928 summum
589 5887 754 5946 atque
797 5889 1108 5934 extremum
1157 5886 1213 5934 in
1251 5885 1485 5949 singulis
1528 5886 1694 5936 rebus

1778 3263 1984 3331 justos.

1857 3357 1944 3407 7'5.
1993 3355 2188 3409 Nonne
2224 3355 2282 3408 in
2321 3371 2460 3409 escas
2497 3355 2705 3410 virtute
2745 3373 2876 3410 cum
2908 3357 3030 3426 jam
3073 3356 3337 3410 deﬁceret
3365 3358 3423 3410 in

1785 3446 1872 3499 via
1925 3450 2150 3501 sanctus
2201 3448 2368 3515 Elias,
2421 3449 2800 3519 quadraginta
2846 3449 3154 3502 ambulavit
3199 3449 3421 3517 diebus,

1787 3545 1843 3594 et
1886 3540 2042 3594 illam
2085 3557 2272 3595 escam
2321 3542 2558 3611 angelus
2607 3542 2766 3596 dedit
2815 3542 2905 3611 (ΙΙΙ
2955 3544 3108 3609 Reg.,
3163 3558 3273 3609 XIX,
3330 3544 3420 3610 8)?

1786 3637 1841 3691 Si
1879 3641 2071 3689 autem
2099 3638 2154 3687 te
2198 3636 2415 3705 paverit
2443 3636 2620 3701 Jesus,
2670 3639 2727 3689 et
2768 3637 3059 3705 acceptam
3095 3651 3283 3689 escam
3312 3651 3424 3689 ser-

1786 3729 2024 3798 vaveris,
2051 3728 2370 3782 ambulabis
2401 3745 2516 3783 non
2547 3729 2930 3799 quadraginta
2960 3728 3160 3782 diebus
3191 3733 3249 3782 et
3278 3745 3421 3799 qua-

1790 3823 2054 3894 draginta
2103 3821 2395 3888 noctibus,
2451 3822 2549 3876 sed
2598 3821 2801 3892 (audeo
2857 3821 3074 3890 dicere,
3119 3821 3421 3892 Scriptura:

1786 3918 1966 3971 fretus
2009 3915 2309 3986 exemplis)
2351 3915 2736 3986 quadraginta
2773 3915 2935 3968 annis
2973 3932 2985 3968 :
3020 3919 3077 3969 et
3111 3914 3422 3985 egredieris

1786 4011 1856 4064 ab
1898 4009 2174 4080 Egyptiis
2225 4007 2474 4075 ﬁnibus,
2529 4008 2706 4063 donec
2754 4009 3052 4080 pervenias
3103 4008 3159 4062 in
3210 4014 3419 4062 terram

1787 4104 2047 4172 multam,
2081 4104 2139 4157 iu
2180 4107 2395 4157 terram
2435 4102 2708 4156 ﬂuentem
2755 4104 2837 4156 lac
2875 4105 2931 4156 et
2961 4103 3091 4171 mel,
3124 4119 3294 4173 quam
3319 4102 3414 4171 ju-

1786 4198 1929 4250 ravit
1959 4197 2226 4251 Dominus
2269 4196 2535 4250 daturum
2581 4212 2639 4250 se
2680 4196 2934 4266 patribus
2976 4196 3204 4250 nostris.
3245 4197 3421 4266 Hujus

1787 4293 1955 4344 terrm
2005 4290 2104 4343 tibi
2164 4290 2340 4343 virtus
2383 4290 2726 4360 requirenda
2784 4295 2894 4357 est,
2956 4306 3127 4359 quam
3173 4290 3422 4360 possidet

1787 4384 1959 4438 mitis.
1996 4385 2120 4437 Non
2155 4384 2320 4437 istam
2367 4389 2576 4437 terram
2621 4383 2744 4436 dico
2790 4399 2918 4453 quae
2968 4383 3127 4436 arida
3169 4388 3271 4449 est,
3321 4385 3418 4438 sed

1786 4477 1947 4531 illam
1986 4493 2113 4547 quae
2154 4477 2359 4532 Christi
2403 4477 2772 4530 confirmatur
2818 4476 3124 4541 alimentis,
3157 4491 3284 4546 quae
3314 4476 3418 4529 sub

1313 4592 1340 4623 ι(
1393 4567 1767 4641 DimittereD
1791 4571 2032 4641 imperio
2071 4570 2374 4624 constituta
2399 4569 2553 4639 regis
2599 4569 2799 4622 aeterni
2836 4574 3162 4622 sanctorum
3204 4569 3416 4624 incola-

1791 4665 1942 4719 tibus
1968 4665 2381 4735 frequentatur.

1861 4761 1948 4812 76.
1996 4756 2204 4811 Dividit
2256 4772 2392 4826 ergo
2448 4771 2601 4810 escas
2657 4756 2928 4809 Dominus
2977 4757 3152 4810 Jesus.
3206 4757 3272 4810 Et
3322 4757 3416 4811 ille

1790 4851 2023 4922 quidem
2053 4850 2171 4903 vult
2197 4849 2335 4903 dare
2375 4849 2664 4916 omnibus,
2694 4853 2868 4920 negat
2903 4850 3160 4917 nemini;
3194 4849 3418 4920 dispen-

1791 4951 1942 4999 sator
1971 4945 2123 4999 enim
2156 4947 2241 4998 est
2280 4943 2569 5008 omnium;
2618 4944 2714 4998 sed
2757 4960 2884 4998 cum
2925 4945 3018 4998 ille
3057 4959 3233 5014 panes
3261 4945 3414 4998 fran-

1791 5045 1908 5110 gat,
1957 5041 2013 5093 et
2057 5038 2150 5092 det
2196 5036 2506 5107 discipulis,
2551 5037 2594 5090 si
2643 5041 2702 5090 tu
2746 5054 2948 5092 manus
2987 5055 3099 5091 non
3142 5037 3416 5092 extendas

1791 5136 1936 5199 tuas,
1987 5135 2048 5185 ut
2094 5131 2332 5202 accipias
2382 5131 2485 5185 tibi
2531 5147 2715 5199 escas,
2767 5132 2994 5186 deﬁcies
3043 5131 3102 5185 in
3155 5131 3261 5198 via,
3312 5147 3417 5186 nec

1792 5225 2002 5295 poteris
2056 5225 2112 5278 in
2168 5241 2298 5279 eum
2354 5225 2582 5295 culpam
2642 5231 2798 5278 tuam
2854 5224 3096 5290 referre,
3158 5224 3265 5294 qui
3307 5225 3416 5278 mi-

1793 5324 2014 5372 seretur
2064 5326 2118 5372 et
2169 5318 2418 5372 dividit:
2461 5318 2557 5372 sed
2610 5318 2694 5371 his
2739 5317 2961 5382 dividit,
3020 5317 3117 5386 qui
3171 5333 3299 5370 cum
3349 5334 3416 5372 eo

1792 5412 1966 5467 etiam
2025 5413 2080 5466 in
2138 5413 2358 5466 deserto
2411 5416 2779 5482 permanent,
2839 5409 2936 5479 qui
2986 5410 3171 5478 primo
3222 5416 3278 5465 et
3330 5428 3414 5466 se-

1793 5506 1982 5560 cundo
2023 5509 2080 5560 et
2118 5504 2280 5560 tertio
2313 5504 2403 5558 die
2444 5520 2558 5557 nou
2598 5502 2884 5556 recedunt.
2916 5501 3005 5557 Sic
3046 5503 3200 5556 enim
3244 5503 3417 5558 habes

1793 5599 1927 5653 alibi
1977 5617 1988 5652 :
2027 5619 2051 5651 ‹‹
2095 5598 2364 5654 Misereor
2401 5597 2572 5666 hujus
2614 5595 2826 5663 turbae;
2870 5595 3000 5666 quia
3045 5595 3296 5650 triduum
3335 5602 3418 5651 est

1786 5693 1910 5763 jam
1951 5692 2104 5763 quod
2155 5695 2517 5763 perseverant
2559 5705 2784 5743 mecum
2831 5687 3072 5760 (Matth.,
3105 5705 3193 5757 xv,
3243 5693 3350 5761 32).
3383 5713 3411 5741 »

1793 5821 1894 5877 est,
1921 5817 2085 5876 caput
2114 5813 2333 5864 dicitur.
