3972 6174
595 315 726 366 1775

2055 308 2111 359 S.
2153 304 2474 360 AMBROSII
2525 365 2530 370 _

3737 315 3842 366 thi

579 436 806 498 Quanta
841 431 1120 504 dignatio,
1151 435 1369 502 quanta
1405 431 1476 486 ab
1506 446 1572 485 eo
1610 430 1937 484 hominibus
1961 429 2201 500 inspira-
2229 441 2286 513 Α
2308 428 2515 494 36-38).
2553 426 2880 490 Quaeramus
2916 439 3055 494 ergo
3086 422 3432 494 mysterium,
3462 425 3598 496 quod
3627 428 3844 487 miraculo

576 534 669 581 tur
714 525 1069 582 humanitas!
1112 525 1232 579 Non
1279 525 1401 579 vult
1443 524 1668 595 jejunos
1720 524 2038 589 dimittere,
2092 538 2205 576 non

578 621 715 688 vult,
758 636 832 674 ne
860 619 1125 674 deficiant
1155 619 1212 672 in
1243 618 1349 672 via.

650 758 740 808 77.
769 753 894 808 Noli
933 769 1071 823 ergo
1099 751 1344 807 deﬁcere
1370 769 1402 805 a
1429 751 1727 822 disciplina
1752 749 1994 816 Domini,
2022 765 2208 820 neque

579 846 831 916 fatigeris
859 862 985 900 cum
1012 846 1081 899 ab
1112 861 1181 900 eo
1209 845 1541 916 iucreparis.
1575 847 1700 899 Non
1738 843 1992 914 fatigeris
2033 858 2204 910 nunc,

580 956 653 995 ne
681 945 878 1010 postea
911 939 1189 1010 fatigeris.
1230 938 1375 1002 Quid
1416 938 1569 992 enim
1597 936 1963 1008 respondebis
1989 936 2080 990 ei?
2113 938 2210 989 aut

581 1033 865 1104 quomodo
921 1039 976 1086 te
1035 1032 1358 1098 excusabis,
1415 1031 1459 1084 si
1517 1047 1657 1085 escae
1710 1029 1979 1084 virtutem
2035 1045 2211 1100 quam

583 1127 882 1194 ministrat,
915 1125 1212 1180 amiseris?
1251 1125 1373 1178 Non
1419 1129 1578 1195 potes
1622 1124 1806 1178 dicere
1844 1122 1981 1194 quia
2025 1138 2208 1176 escam

585 1236 698 1273 non
755 1219 940 1286 dedit,
983 1218 1117 1289 quia
1172 1218 1267 1271 dat
1315 1217 1600 1272 omnibus.
1646 1217 1769 1270 Non
1811 1218 1974 1286 potes
2020 1216 2210 1270 dicere

583 1314 718 1384 quia
750 1312 935 1366 noluit
967 1317 1019 1365 te
1053 1311 1268 1365 bonum
1307 1311 1518 1378 facere,
1555 1307 1812 1382 1402
1856 1315 1991 1364 ante
2042 1325 2212 1379 quem

582 1405 773 1476 posuit
824 1405 1041 1459 bonum
1092 1412 1149 1458 et
1202 1405 1448 1472 malum;
1501 1409 1565 1457 ut
1604 1420 1721 1458 non
1767 1421 1834 1456 ex
1878 1403 2214 1458 necessitate

583 1500 801 1553 bonum
833 1504 997 1552 tuum
1026 1503 1192 1565 esset,
1223 1497 1320 1552 sed
1350 1497 1751 1552 voluntarium.
1790 1497 2023 1551 Multum
2059 1495 2215 1550 enim

585 1594 755 1647 refert
809 1592 958 1646 inter
1009 1608 1141 1646 eum
1197 1591 1292 1662 qui
1349 1592 1679 1646 necessitate
1731 1590 1939 1644 invitus
1995 1589 2216 1659 aliquid

585 1687 727 1757 agit,
774 1689 834 1739 et
875 1685 1026 1740 inter
1065 1701 1197 1740 eum
1241 1685 1338 1755 qui
1375 1701 1446 1739 ex
1483 1685 1774 1739 voluntate
1807 1683 1960 1754 quod
1997 1683 2215 1737 bonum

587 1785 670 1834 est
708 1778 868 1849 eligit
904 1800 913 1831 :
950 1797 977 1828 (ι
1005 1778 1060 1832 Si
1099 1778 1255 1832 enim
1295 1778 1503 1832 invitus
1545 1778 1652 1831 hoc
1695 1793 1824 1848 ago,
1870 1776 2215 1848 dispensatio

587 1873 727 1926 mihi
752 1871 966 1926 credita
995 1875 1106 1937 est;
1138 1871 1185 1924 si
1209 1870 1419 1937 volens,
1449 1871 1775 1926 mercedem
1803 1869 1980 1924 habeo
2001 1871 2039 1941 (Ι
2068 1872 2212 1931 Cosa,

589 1983 639 2032 x,
688 1966 791 2035 l7).
835 1988 862 2014 »
905 1963 1346 2019 Consideremus
1393 1980 1532 2034 ergo
1583 1964 1717 2034 quia
1767 1963 2040 2018 stabimus
2085 1965 2218 2017 ante

589 2057 840 2113 tribunal
883 2057 1107 2124 Christi,
1152 2063 1208 2112 et
1254 2058 1297 2110 si
1344 2073 1486 2128 Opus
1533 2061 1789 2112 nostrum
1835 2057 2052 2125 arserit,
2100 2073 2216 2110 non

588 2150 928 2206 habebimus
964 2150 1115 2221 quod
1159 2167 1420 2206 excusare
1465 2151 1764 2221 possimus.
1807 2151 1962 2206 Dicet
2003 2150 2218 2205 etenim

588 2245 744 2315 quod
778 2245 896 2314 jam
941 2260 1045 2314 per
1082 2244 1420 2314 prophetam
1462 2245 1684 2299 locutus
1729 2248 1860 2299 est:
1903 2264 1931 2294 «
1975 2244 2219 2314 Populus

588 2354 770 2404 meus,
814 2336 952 2409 quid
994 2336 1101 2391 feci
1148 2337 1318 2391 tibi...
1374 2339 1473 2391 aut
1531 2338 1590 2391 in
1645 2353 1758 2408 quo
1809 2338 2084 2392 molestus
2137 2336 2218 2390 fui

587 2432 733 2486 tibi?
777 2429 1057 2501 responde
1106 2430 1248 2484 mihi
1291 2429 1502 2502 (Mich,
1545 2447 1616 2497 vr,
1660 2432 1734 2500 3).
1775 2451 1803 2480 »
1858 2431 2011 2486 Dicet
2062 2433 2121 2484 et
2165 2431 2219 2484 ei

588 2525 685 2595 qui
715 2525 774 2578 in
805 2524 893 2578 via
929 2523 1204 2578 defecerit
1233 2541 1246 2578 :
1275 2525 1393 2587 Qua
1435 2523 1650 2580 ratione
1693 2524 1946 2578 defecisti
1992 2525 2052 2577 in
2094 2523 2220 2577 via?

587 2620 787 2674 Nonne
829 2633 1008 2688 panes
1053 2617 1200 2687 fregi
1250 2617 1396 2687 (23)?
1436 2633 1630 2672 nonne
1672 2617 1976 2672 benedixi?
2023 2633 2219 2671 nonne

582 2711 729 2781 jussi
755 2710 915 2765 dari?
941 2711 1048 2767 Sed
1077 2726 1178 2766 cur
1205 2713 1268 2763 tu
1292 2711 1550 2780 accipere
1582 2710 1848 2765 noluisti?

660 2830 748 2882 78.
779 2825 985 2891 Quanti
1017 2826 1191 2881 etiam
1225 2826 1593 2897 praesentium
1625 2826 1894 2882 deficient
1930 2826 1986 2880 in
2027 2827 2134 2893 via,
2165 2831 2223 2881 et

590 2923 718 2992 post
747 2921 853 2974 hos
877 2935 1195 2984 sermones,
1215 2919 1314 2990 qui
1342 2919 1471 2973 licet
1499 2918 1675 2974 nostri
1701 2919 1834 2985 sint,
1863 2922 2058 2974 tamen
2089 2919 2221 2990 quia

591 3030 765 3070 nemo
801 3013 938 3068 dicit
975 3012 1285 3067 Dominum
1311 3013 1501 3066 Jesum
1533 3012 1640 3065 nisi
1670 3012 1728 3066 in
1770 3013 1984 3083 Spiritu
2027 3017 2220 3068 sancto

595 3111 638 3179 (Ι
671 3111 814 3170 σωκ,
843 3123 940 3174 xu,
969 3105 1044 3178 3),
1071 3121 1251 3176 panes
1282 3105 1606 3160 aestimandi
1645 3109 1777 3159 sunt
1813 3105 1922 3176 ('24)

2307 522 2554 590 praestet.

2377 616 2464 668 80.
2515 614 2709 683 Itaque
2764 610 3028 665 videntur
3085 609 3181 664 illa
3235 609 3475 681 quinque
3523 612 3677 667 millia
3721 617 3843 686 quasi

2308 707 2560 778 quinque
2609 705 2862 776 corporis
2904 720 3100 759 sensus
3140 703 3324 758 adhuc
3368 706 3714 775 corporalibus
3748 724 3847 778 pro-

2309 799 2466 854 xima
2502 800 2780 854 alimenta
2809 797 3088 868 accepisse
3127 797 3198 851 de
3231 797 3442 853 Christo
3471 820 3481 850 :
3508 802 3721 869 quatuor
3747 816 3847 855 vero

2309 893 2505 962 millia,
2534 893 2637 948 etsi
2663 893 2853 949 adhuc
2880 892 2942 946 in
2974 907 3213 962 corpore
3239 891 3371 958 sint,
3401 894 3454 944 et
3480 891 3534 945 in
3557 891 3655 946 hoc
3683 894 3852 947 mundo

2309 987 2407 1058 qui
2449 1003 2518 1042 ex
2560 991 2804 1057 quatuor
2847 987 3067 1040 constat
3109 984 3420 1053 elementis,
3465 1001 3570 1038 non
3606 985 3756 1039 otiose
3790 990 3852 1040 ta-

2312 1096 2443 1134 men
2483 1080 2807 1134 referuntur
2845 1078 3096 1149 mysticae
3139 1093 3328 1133 escam
3371 1077 3628 1147 accepisse
3665 1078 3856 1148 quietis;

2304 1173 2426 1243 jam
2461 1173 2615 1227 enim
2641 1177 2945 1245 aequantur
2972 1171 3204 1240 mundo,
3230 1186 3400 1242 supra
3427 1169 3680 1224 mundum
3699 1170 3851 1225 futuri.

2312 1268 2453 1321 Nam
2480 1265 2583 1322 etsi
2611 1266 2670 1321 in
2693 1267 2803 1322 hoc
2836 1265 3055 1320 mundo
3083 1270 3234 1332 sunt,
3257 1264 3404 1318 intra
3429 1262 3684 1318 mundum
3705 1268 3859 1317 tamen

2313 1377 2430 1414 non
2473 1363 2625 1428 sunt,
2670 1360 2875 1431 quibus
2922 1359 3174 1431 mysticae
3220 1357 3426 1428 quietis
3473 1356 3756 1427 impartitur
3789 1357 3862 1410 ali-

2314 1457 2602 1523 mentum;
2662 1469 2762 1507 sex
2823 1453 2978 1507 enim
3038 1447 3235 1507 diebus
3295 1449 3535 1505 mundus
3585 1451 3662 1503 est
3709 1449 3864 1512 factus,

2315 1547 2555 1618 septimo
2593 1546 2922 1616 requietum
2963 1549 3054 1600 est
3077 1545 3186 1612 die,
3225 1546 3285 1598 et
3312 1542 3576 1599 Dominus
3611 1540 3866 1595 sanctiﬁca-

2313 1640 2394 1694 vit
2417 1656 2568 1696 eum.
2601 1641 2760 1694 Ultra
2790 1639 3070 1694 mundum
3097 1654 3234 1709 ergo
3263 1637 3441 1708 quies,
3477 1635 3613 1690 ultra
3645 1634 3870 1688 mundum

2317 1733 2488 1787 etiam
2522 1735 2631 1802 (26)
2672 1732 2888 1788 fructus
2917 1731 3144 1804 quietis.
3175 1731 3426 1802 Denique
3457 1750 3481 1778 α
3510 1727 3649 1783 Beati
3673 1726 3866 1798 paciﬁci;

2235 1815 2423 1898 Bipsi
2473 1827 2630 1881 enim
2682 1826 2782 1880 lilii
2830 1826 2928 1882 Dei
2978 1825 3334 1880 vocabuntur
3382 1823 3614 1895 (Matth,
3661 1837 3706 1887 v,
3750 1823 3810 1884 9).
3849 1840 3868 1864 η

2318 1921 2456 1974 Nam
2496 1937 2626 1974 cum
2672 1921 2820 1975 Deus
2859 1936 3034 1991 supra
3079 1918 3359 1973 mundum
3402 1916 3490 1982 sit,
3531 1930 3688 1969 nemo
3722 1912 3870 1982 utique

2318 2019 2503 2085 potest
2545 2015 2725 2068 Deum
2771 2013 2981 2080 videre,
3024 2012 3132 2067 nisi
3181 2011 3458 2066 mundum
3500 2007 3647 2080 prius
3687 2003 3872 2076 spiritali

2317 2108 2679 2163 transcendat
2715 2107 2932 2162 obtutu.
2966 2105 3220 2177 Septima
3255 2105 3449 2176 itaque
3485 2099 3777 2156 benedictio
3797 2114 3865 2168 pa-

2319 2207 2572 2255 catorum
2607 2217 2619 2254 :
2651 2206 2871 2271 septem
2903 2199 3079 2254 etiam
3106 2198 3214 2252 illis
3243 2201 3486 2270 quatuor
3515 2192 3745 2248 millibus
3769 2191 3874 2257 frag-

2319 2297 2647 2349 mentorum
2691 2298 2894 2365 spartae
2939 2295 3244 2364 supersunt
3283 2291 3526 2364 (Matth,
3557 2303 3640 2356 xv,
3669 2285 3759 2353 37).
3792 2283 3875 2335 Non

2320 2388 2620 2443 mediocris
2659 2387 2752 2442 hic
2786 2387 2950 2459 panis
2988 2389 3075 2440 est
3107 2385 3512 2452 Sabbatorum,
3538 2380 3689 2453 panis
3721 2376 3876 2431 sancti-

2319 2482 2537 2549 ﬁcatus,
2581 2482 2741 2552 panis
2777 2480 3005 2552 quietis.
3036 2480 3103 2534 Et
3141 2479 3380 2532 fortasse
3411 2477 3457 2530 si
3494 2475 3728 2546 primum
3762 2467 3878 2540 quin-

2321 2592 2431 2646 que
2487 2591 2662 2646 panes
2713 2573 3058 2628 sensibiliter
3111 2569 3569 2635 manducaveris,
3619 2563 3808 2622 audebo
3845 2563 3883 2612 et

2323 2667 2372 2740 1
2390 2667 2581 2740 403
2600 2669 2782 2722 dicam
2809 2685 2821 2722 :
2843 2669 2974 2722 Post
2999 2667 3250 2738 quinque
3281 2681 3455 2737 panes
3474 2667 3529 2718 et
3546 2665 3742 2732 septem
3759 2653 3880 2709 tertio

2314 2762 2440 2833 jam
2485 2762 2547 2816 in
2597 2765 2749 2816 terra
2794 2777 2908 2816 non
2955 2759 3325 2814 manducabis
3368 2772 3593 2830 panem,
3639 2751 3725 2807 sed
3761 2760 3884 2817 supra

2321 2857 2534 2910 terram
2573 2854 2943 2910 manducahis
2985 2857 3108 2908 octo
3146 2869 3350 2924 panes,
3395 2852 3535 2905 sicut
3573 2847 3664 2919 qui
3702 2849 3810 2898 sunt
3842 2838 3882 2892 in

2322 2949 2663 3004 coelestibus.
2705 2948 2864 3004 Sicut
2905 2947 3060 3003 enim
3106 2952 3326 3018 septem
3371 2960 3546 3017 panes
3578 2955 3736 3012 panes
3765 2933 3884 3006 quie-

2322 3043 2413 3111 tis,
2457 3042 2533 3097 ita
2571 3045 2698 3097 octo
2730 3058 2906 3113 panes
2937 3057 3114 3113 panes
3151 3043 3285 3094 sunt
3323 3031 3754 3094 resurrectionis.
3778 3028 3886 3094 Ergo

1942 3123 1959 3175 ἱ
1997 3107 2218 3206 φθήῃ
2246 3182 2294 3206 η
2324 3107 2416 3190 isti
2445 3136 2543 3206 qui
2568 3107 2785 3206 septem
2809 3107 3038 3189 aluntur
3074 3133 3318 3205 panibus
3354 3131 3543 3186 triduo
3578 3121 3887 3200 perstiterunt

593 3202 863 3274 inquam,
904 3198 1198 3266 deficient,
1238 3204 1294 3253 et
1328 3198 1387 3251 in
1428 3198 1548 3252 vias
1591 3198 1846 3269 gentium
1886 3182 2298 3256 transversisC
2325 3182 2507 3302 (Ibid:
2574 3182 2685 3300 δέ),
2753 3232 2811 3283 ει
2868 3182 3107 3283 fortass;
3168 3227 3459 3297 integram
3523 3182 3886 3277 regurrecuoms

593 3293 897 3348 itineribus
921 3292 1266 3347 fornicantes
1292 3291 1564 3346 abibuntl
1605 3294 1776 3362 atque
1803 3292 2025 3347 utinam
2052 3310 2221 3361 unus,

596 3392 652 3442 et
700 3403 815 3440 non
859 3384 1128 3457 plurimi!
1183 3385 1292 3439 Sed
1334 3401 1446 3438 non
1492 3385 1653 3439 Jesus
1695 3388 1893 3441 auctor
1936 3385 2221 3454 defectus,

596 3480 821 3538 etiamsi
850 3479 977 3552 quis
1003 3479 1303 3548 defecerit;
1335 3478 1602 3533 omnibus
1628 3478 1783 3534 enim
1813 3479 2102 3534 distribuit
2127 3481 2225 3552 qui

595 3578 933 3646 sequuntur,
960 3573 1074 3629 sive
1105 3573 1358 3645 quinque
1392 3572 1590 3640 millia,
1620 3571 1734 3628 sive
1767 3577 2015 3645 quatuor
2044 3574 2224 3629 millia

598 3671 730 3724 sint.

665 3791 754 3843 79.
786 3789 910 3843 Non
939 3787 1152 3843 otiosus
1177 3803 1471 3858 numerus,
1514 3804 1632 3844 non
1669 3788 1883 3843 otiosus
1919 3787 2078 3855 ordo,
2105 3804 2224 3843 non

598 3883 795 3938 otiosa:
835 3883 1091 3954 reliquias
1130 3881 1616 3937 manducantium.
1658 3883 1770 3937 Cur
1810 3882 1969 3936 enim
2013 3882 2222 3952 plures,

598 3977 658 4032 id
677 3983 781 4046 est,
801 3975 1054 4048 quinque
1081 3975 1258 4030 millia
1284 3975 1539 4048 quinque
1567 3975 1826 4047 panibus,
1849 3975 1959 4030 hoc
1985 3978 2088 4046 est,
2117 3991 2222 4029 nu-

601 4086 761 4124 mero
812 4069 1022 4124 minori
1067 4069 1360 4139 satiantur,
1408 4069 1708 4140 pauciores
1751 4085 1906 4136 vero,
1952 4069 2049 4140 qui
2095 4073 2228 4123 sunt

596 4166 840 4234 quatuor
885 4162 1065 4216 millia
1113 4165 1331 4233 septem
1384 4163 1646 4232 panibus,
1690 4163 1795 4216 hoc
1837 4165 1939 4230 est,
1987 4178 2226 4216 numero

600 4257 820 4326 majore
847 4255 1194 4326 pascuntur?
1225 4255 1284 4310 Si
1311 4254 1467 4309 enim
1506 4255 1638 4310 facti
1669 4261 1891 4310 tantum
1921 4271 2228 4326 sequamur

597 4349 956 4419 miraculum,
999 4349 1220 4404 videtur
1256 4365 1379 4404 esse
1420 4348 1663 4403 divinius
1703 4349 1853 4419 quod
1894 4347 1965 4402 de
2005 4349 2227 4404 minore

598 4443 772 4499 modo
817 4442 1074 4514 pluribus
1119 4442 1448 4498 abundavit.
1499 4442 1612 4498 Cur
1655 4459 1793 4513 ergo
1840 4442 1990 4512 quod
2039 4442 2227 4497 minus

2323 3322 2527 3378 futurae
2577 3322 2754 3377 ﬁdem
2805 3327 2863 3377 et
2913 3320 3289 3376 constantiam
3342 3315 3641 3374 consecuti.
3695 3307 3886 3376 Denique

2324 3421 2650 3471 sanctorum
2686 3432 2788 3470 vox
2825 3419 2906 3469 est
2939 3431 2950 3466 :
2988 3436 3014 3463 α
3053 3413 3254 3469 Tribus
3281 3412 3486 3467 diebus
3515 3401 3886 3463 ambulabimm.

2324 3513 2388 3565 ut
2415 3511 2716 3582 epulamur
2742 3509 2981 3564 Domino
3006 3508 3108 3578 (27)
3130 3509 3244 3564 Deo
3273 3511 3465 3562 nostro
3490 3500 3699 3574 (Εωοὰη
3724 3512 3770 3563 v,
3795 3493 3850 3562 3).
3869 3510 3887 3537 »ι

2327 3603 2439 3660 Sed
2466 3603 2562 3658 illa
2586 3619 2687 3658 suo
2712 3604 2851 3664 loco.

2397 3700 2486 3752 8i.
2533 3697 2606 3752 De
2655 3696 2911 3768 quinque
2958 3711 3098 3766 ergo
3148 3693 3400 3765 panibus
3442 3691 3664 3747 sanctus
3699 3685 3889 3739 Joannes

2327 3789 2521 3845 docuit
2569 3805 2660 3843 me
2702 3788 2856 3860 quod
2902 3787 3267 3854 nesciebam,
3320 3785 3474 3858 quod
3524 3799 3635 3837 non
3679 3771 3890 3832 docuerat

2327 3887 2556 3938 sanctus
2616 3883 2941 3950 Matthaaus,
3001 3898 3118 3936 non
3177 3880 3446 3936 docuerat
3501 3877 3713 3932 sanctus
3761 3868 3891 3922 Lucas

2327 3976 2590 4048 (singulis
2634 3976 2790 4030 enim
2837 3975 3055 4030 diversa
3098 3973 3397 4045 impertita
3441 3974 3529 4026 est
3572 3963 3784 4040 gratia);
3821 3957 3890 4010 do.

2326 4070 2461 4137 ουίῐ,
2507 4070 2764 4140 inquam,
2809 4086 2901 4124 me
2941 4068 3195 4140 quinque
3234 4067 3371 4122 istos
3405 4079 3574 4137 panes
3613 4056 3892 4115 hordeaccos

2327 4163 2496 4218 fuisse
2541 4165 2740 4234 (Joan.,
2789 4179 2861 4230 v1,
2909 4163 2996 4232 9);
3045 4167 3101 4216 et
3139 4161 3264 4215 ideo
3307 4176 3427 4214 non
3476 4157 3661 4226 inepte
3699 4145 3893 4204 diximus

2327 4273 2514 4312 escam
2559 4255 2726 4310 istam
2773 4272 2895 4310 esse
2939 4254 3193 4309 habilem
3234 4249 3619 4324 corporalibus
3658 4240 3777 4315 (28).
3815 4235 3895 4290 Clll'

2328 4351 2480 4404 enim
2512 4350 2703 4422 primo
2732 4349 3122 4404 hordeaceos?
3153 4347 3300 4412 Quia
3337 4346 3525 4417 primo
3560 4343 3712 4405 lacte,
3737 4325 3893 4387 deinde

2328 4461 2452 4500 esca
2490 4445 2598 4513 (29)
2630 4448 2713 4498 est
2742 4443 3080 4497 nutriendus
3105 4442 3205 4514 qui
3233 4439 3454 4496 accedit
3476 4434 3547 4491 ad
3573 4432 3760 4495 fidem;
3784 4434 3892 4476 non-

599 4544 684 4592 est
711 4537 762 4591 ei
801 4537 955 4608 quod
982 4541 1066 4591 est
1109 4536 1372 4607 amplius,
1407 4535 1568 4607 quasi
1597 4539 1912 4606 prastaret,
1941 4535 2225 4607 adjectum
2247 4552 2307 4624 D
2331 4537 2470 4592 dum
2521 4537 2679 4592 enim
2733 4539 3092 4608 poteramus,
3147 4541 3204 4591 et
3254 4534 3495 4588 fortasse
3551 4525 3782 4599 plerique
3805 4525 3894 4624 ¹ιιεο

603 4630 728 4685 est?
765 4630 924 4683 Prius
972 4629 1125 4684 enim
1171 4629 1423 4702 quinque
1471 4629 1648 4684 millia
1693 4629 1947 4700 quinque
1986 4629 2229 4701 panibus

603 4724 842 4793 (Matth,
897 4739 1006 4789 x1v,
1061 4726 1287 4791 l9-2l),
1337 4726 1535 4794 postea
1578 4739 1710 4777 vero
1761 4729 2002 4794 quatuor
2050 4721 2230 4777 millia

603 4821 819 4889 septem
909 4815 1150 4887 panibus
1226 4816 1470 4887 legimus
1545 4818 1746 4872 satiata
1819 4817 2060 4887 (Matth,
2139 4833 2228 4886 xv,

663 4939 760 5002 (23)
804 4939 932 4990 Mss.
977 4938 1141 5001 longe
1188 4939 1431 5002 plurimi,
1468 4951 1632 5002 panes
1675 4939 1789 5001 feci.
1838 4939 2000 4990 Corb.
2047 4942 2231 4989 tamen

602 5025 700 5076 per
734 5010 1155 5071 correctionem,
1195 5013 1250 5060 et
1290 5010 1383 5059 alii
1425 5010 1678 5060 nonnulli
1719 5024 1846 5061 cum
1885 5009 2038 5072 edit.,
2072 5023 2233 5074 panes

601 5082 756 5147 fregi.

517 5163 526 5170 '
669 5156 765 5218 (24)
792 5153 948 5204 Rom.
981 5152 1111 5202 edit.
1141 5152 1277 5213 sola,
1309 5152 1520 5203 Domini
1555 5153 1846 5204 aestimandi
1877 5159 2018 5204 sunt.
2050 5153 2232 5202 Minus

603 5225 911 5277 commode.
941 5224 1129 5273 Palam
1168 5225 1318 5274 enim
1357 5228 1439 5274 est
1482 5223 1553 5276 ab
1601 5223 1894 5274 Ambrosio
1932 5224 2232 5288 signiﬁcari

602 5310 734 5347 suos
784 5297 951 5347 etiam
1005 5308 1292 5346 sermones
1351 5308 1448 5359 per
1497 5294 1734 5358 Spiritus
1776 5296 1955 5345 sancti
2002 5296 2232 5358 gratiam

600 5379 772 5431 panes
801 5379 939 5417 esse.

663 5439 763 5502 (25)
805 5437 897 5488 Sic
940 5450 1135 5487 omnes
1176 5436 1304 5487 edit.
1347 5450 1478 5486 cum
1517 5448 1646 5486 mss.
1690 5435 1918 5500 aliquot.
1947 5437 2056 5486 Alii
2104 5449 2234 5487 vero

602 5521 788 5572 neque
812 5522 1066 5570 numero,
1091 5521 1274 5572 neque
1304 5511 1467 5558 astate
1492 5507 1778 5557 inferiores
1806 5507 1997 5556 multis
2025 5520 2236 5558 reseca-

604 5581 676 5628 tis
702 5581 888 5628 locum
929 5581 1001 5627 ita
1027 5577 1363 5629 contrahunt
1395 5593 1407 5625 :
1436 5579 1592 5629 Prius
1619 5579 1756 5628 enim
1800 5580 2036 5643 quinque
2063 5577 2236 5628 millia

608 5650 764 5711 quasi
816 5650 1055 5711 quinque
1118 5649 1357 5712 corporis
1403 5663 1585 5700 sensus
1640 5649 1815 5700 adhuc
1869 5649 2236 5713 corporalibus

605 5716 854 5779 proxima
886 5716 1158 5777 alimenta,
1187 5722 1289 5768 etc.
1324 5719 1489 5780 Quod
1519 5720 1743 5784 quidem
1770 5721 1997 5770 minime
2037 5721 2237 5771 absur-

607 5785 742 5834 dum
760 5796 994 5856 _sensum
1023 5786 1242 5847 efﬁciet,
1269 5790 1315 5837 si
1351 5790 1600 5853 verbum,
1625 5791 1952 5853 refe-runtur,
1979 5792 2236 5856 sequenti

609 5852 858 5904 membro
887 5865 1209 5916 expressum
1241 5857 1334 5910 hic
1363 5852 1769 5926 subintelligas.

2330 4631 2516 4686 adhuc
2542 4647 2871 4702 possumus.
2904 4631 3043 4684 Nam
3079 4645 3210 4684 cum
3251 4627 3368 4682 sint
3393 4625 3541 4680 inter
3578 4634 3676 4674 nos
3709 4611 3894 4702 conten;

2329 4724 2516 4780 tiones
2559 4729 2614 4780 et
2661 4724 3058 4791 dissensiones,
3099 4738 3291 4777 nonne
3339 4717 3594 4775 carnales
3641 4719 3825 4768 sumuS,
3855 4698 3894 4750 εί

2329 4819 2641 4875 secundum
2707 4818 2996 4872 hominem
3059 4813 3459 4870 ambulamus?
3525 4807 3646 4865 Suis
3706 4804 3892 4872 quaeque

2394 4941 2489 5003 (26)
2517 4941 2646 4991 Mss.
2675 4940 2920 5004 aliquam
2945 4937 3124 4999 multi,
3153 4949 3258 4987 nec
3285 4931 3560 4999 sequioris
3588 4923 3771 5004 astatis,

2331 4983 2584 5062 mundum
2609 4983 2788 5073 etiam:
2817 5014 2923 5060 etc.
2957 4983 3123 5059 Porrd
3159 5007 3338 5058 obiter
3359 4983 3699 5054 inonendum

2332 5061 2550 5134 cdeex
2589 5061 2849 5146 quopiam
2884 5080 3188 5144 exemplari
3222 5078 3700 5146 descriptosesse,
3737 5061 3898 5146 i122?

2488 5128 3446 5214 iverib‘avfpacatorum‘,
3492 5143 3678 5194 folium

2332 5197 2504 5275 fuisse
2985 5197 2995 5200 ν
3009 5197 3164 5273 unde
3177 5197 3192 5201 v
3297 5197 3301 5198 ν
3321 5197 3446 5270 illos
3493 5221 3704 5280 quoque
3747 5197 3898 5253 eadem

2334 5296 2685 5360 transpositio
2713 5296 3075 5358 promanavit.

2394 5354 2503 5430 (97)-
2522 5367 2648 5416 Mss.
2676 5354 2952 5428 nonnulli,
2977 5371 3035 5415 ut
3058 5363 3329 5432 epulamur
3361 5359 3600 5433 Domino,
3623 5354 3717 5433 etc.

2398 5411 2492 5522 i593
2522 5411 2662 5488 ἓῖῖιῖ
2676 5411 3341 5522 ’ίῖ’ἱιῖέιὲἑ·”οδ²έῦέξξέδυε
3356 5411 3770 5522 simsim
3804 5411 3898 5522 ῖίἔῖἕξ

2334 5487 2503 5560 etiam
2550 5487 2683 5558 mss.
2743 5487 2961 5572 legunt:
3011 5487 3298 5572 pecoribus.
3356 5487 3547 5554 Melius
3606 5487 3883 5572 {811199.422

2335 5555 2502 5644 gigas
2527 5555 3341 5644 ea‘ti'coa;3;;iéb.;;,!manu
3384 5573 3533 5624 enim
3569 5555 3898 5646 adosugerig’f

2335 5629 2450 5708 illa,
2477 5629 2843 5714 corporalibus
2877 5629 3124 5712 proxima
3153 5647 3438 5704 alimenta;
3463 5651 3584 5704 qua:
3617 5634 3692 5684 sic
3725 5629 3773 5676 in
3808 5629 3876 5668 οω

2337 5720 2504 5770 nibus
2530 5734 2662 5770 mss.
2690 5723 2744 5770 et
2768 5719 2897 5769 edit.
2926 5718 3279 5770 exhibentur.

2401 5791 2495 5854 (29)
2528 5792 2782 5854 Plerique
2809 5803 2962 5853 mss.,
2992 5791 3121 5840 lacte
3150 5790 3256 5848 Dei,
3281 5785 3468 5837 deinde
3486 5791 3614 5838 esca,
3635 5779 3726 5824 etc.
