3926 6168
598 209 732 259 1779

2063 204 2121 254 S.
2164 200 2476 254 AMBROSII

3737 219 3838 273 1780

594 339 690 376 ore
729 322 1056 393 crepitabat,
1099 322 1284 376 ferens
1323 337 1440 375 non
1477 320 1773 388 alimenta,
1807 320 1902 374 sed
1934 319 2170 373 vulnera
2199 335 2212 370 :
2241 331 2295 400 Α
2319 318 2548 370 alterius
2609 319 2926 388 prudentiae
2983 323 3085 374 est.
3143 321 3276 373 Nam
3346 321 3385 373 si
3448 323 3597 378 Paulo
3643 337 3839 399 apostolo

593 422 650 470 et
685 415 746 470 in
783 420 1012 486 gutture
1045 421 1212 486 potus
1241 415 1517 480 haerebat,
1548 431 1652 468 nec
1685 418 1986 484 penetrare
2020 413 2212 477 facilis,

591 525 697 564 nec
725 509 931 563 redire.
975 509 1158 580 Digna
1192 508 1468 563 beneﬁcia
1496 509 1657 574 voLis,
1692 508 1868 578 digna
1897 510 2054 560 tanto
2085 523 2212 559 mu-

592 618 728 656 nera
766 607 1084 673 precatore,
1115 602 1291 672 digna
1330 601 1643 655 liberalitas
1673 600 2029 655 conferente!
2065 600 2216 654 Talia

593 699 727 749 sunt
772 696 1055 750 idolorum
1113 694 1421 762 beneﬁcia,
1481 697 1542 747 ut
1594 710 1722 747 cum
1773 694 2034 746 videntur
2083 710 2212 763 pro-

590 789 770 856 desse,
800 791 926 860 plus
969 793 1241 856 noceant;
1278 794 1337 842 at
1365 804 1497 842 vero
1529 787 1734 843 Christi
1765 803 2005 840 munera
2042 804 2216 857 parva

589 883 872 950 videntur,
903 888 959 938 et
984 885 1228 937 maxima
1260 888 1407 936 sunt.
1438 882 1692 951 Denique
1722 897 1834 933 non
1861 880 1958 934 uni
1987 881 2210 949 collata,

590 977 689 1030 sed
717 978 960 1048 populis;
995 994 1128 1030 nam
1165 982 1222 1030 et
1258 976 1418 1030 cibus
1447 973 1739 1029 edentium
1767 974 1826 1027 in
1863 990 1959 1027 ore
1999 990 2211 1028 cresce-

588 1069 707 1135 bat,
738 1074 796 1124 et
830 1071 1125 1125 videbatur
1160 1087 1275 1124 esse
1313 1068 1620 1139 corporalis
1655 1067 1962 1132 alimoniae,
1995 1069 2088 1121 sed
2119 1085 2209 1121 su-

588 1162 848 1218 mebatur
877 1165 1073 1218 salutis
1103 1167 1352 1218 aeternae.

660 1259 746 1311 89.
786 1259 898 1312 Cur
939 1263 1126 1312 autem
1157 1257 1413 1328 quinque
1455 1255 1704 1310 millibus
1745 1255 2044 1309 hominum
2086 1254 2214 1325 plus

587 1351 888 1417 redundat,
932 1357 1180 1421 quatuor
1215 1351 1465 1404 millibus
1505 1350 1737 1403 minus?
1780 1349 1920 1413 Quia
1967 1352 2215 1419 quatuor

586 1443 766 1497 millia
816 1444 922 1498 ista
977 1445 1164 1498 triduo
1215 1461 1346 1497 cum
1395 1443 1616 1498 Christo
1665 1443 1918 1510 fuerunt,
1979 1448 2036 1496 et
2083 1442 2210 1496 ideo

585 1537 828 1607 amplius
854 1538 1092 1592 caelestis
1125 1537 1314 1608 pabuli
1346 1542 1704 1608 receperunt.

656 1634 744 1685 90.
774 1631 884 1685 Nec
913 1631 1090 1685 otiose
1132 1647 1260 1702 quae
1290 1631 1472 1685 turbae
1501 1635 1826 1700 supersunt,
1859 1646 1889 1682 a
1927 1629 2212 1700 discipulis

2317 410 2452 463 satis
2497 417 2580 465 est
2620 411 2759 465 nihil
2801 413 2939 466 scire
2978 413 3085 466 nisi
3121 413 3401 468 Christum
3443 416 3628 485 Jesum,
3654 426 3699 474 et
3730 423 3844 481 hunc

2316 502 2641 558 crucifixum
2697 506 2763 573 (ll
2829 505 2972 567 Cor.,
3029 523 3094 574 ιι,
3155 508 3228 575 2),
3293 507 3421 576 quid
3480 513 3688 580 amplius
3738 519 3845 573 mihi

2316 598 2756 652 desiderandum
2806 604 2890 652 est
2937 598 3080 653 scire
3127 615 3296 670 quam
3342 600 3638 659 Christum?
3677 608 3726 661 in
3766 627 3848 664 uno

2316 693 2466 746 enim
2497 685 2601 746 hoc
2632 692 2859 746 nomine
2886 692 2934 764 1
2952 691 3144 766 406
3177 700 3235 746 et
3262 694 3553 750 divinitatis
3581 703 3630 751 et
3650 700 3848 758 incarna-

2316 785 2485 838 tionis
2516 786 2820 855 expressio,
2857 791 2916 840 et
2943 787 3083 841 ﬁdes
3108 787 3390 857 passionis
3416 794 3508 842 est.
3539 793 3596 846 Et
3625 792 3732 848 ideo
3757 797 3853 850 licet

2314 879 2503 932 caeteri
2529 879 2764 949 apostoli
2796 879 2997 946 sciant,
3038 882 3234 934 Petrus
3271 884 3457 935 tamen
3487 887 3740 954 respondit
3765 906 3849 958 pra

2315 973 2573 1026 caeteris:
2606 995 2631 1019 «
2670 973 2751 1026 Tu
2794 990 2853 1026 es
2892 973 3147 1027 Christus
3193 974 3361 1027 Filius
3403 976 3491 1028 Dei
3532 978 3628 1031 vivi
3665 981 3854 1047 (Matth,,

2314 1083 2419 1133 XVI,
2474 1067 2578 1136 16).
2626 1087 2652 1114 ››
2701 1067 3040 1138 Complexus
3091 1072 3174 1121 est
3222 1068 3417 1138 itaque
3466 1071 3660 1139 omnia,
3705 1076 3857 1144 quiet

2314 1162 2580 1213 naturam
2614 1164 2671 1213 et
2706 1177 2919 1214 nomen
2953 1162 3245 1231 expressit,
3275 1161 3331 1214 in
3363 1179 3470 1232 quo
3508 1180 3704 1219 summa
3727 1167 3858 1220 virtu-

2313 1258 2435 1306 tum
2463 1257 2561 1306 est.
2597 1254 2855 1308 Etiamne
2883 1270 2988 1308 nos
3015 1254 3083 1308 de
3112 1255 3475 1326 generatione
3507 1257 3594 1310 Dei
3619 1258 3860 1314 inserimus

2314 1346 2679 1418 quaestiones,
2701 1364 2828 1401 cum
2850 1347 3056 1402 Paulus
3069 1348 3409 1418 judicaverit
3428 1349 3563 1403 nihil
3579 1367 3632 1404 se
3649 1352 3766 1404 scire
3785 1355 3860 1406 nisi

2315 1440 2601 1494 Christum
2637 1443 2849 1510 Jesum,
2885 1447 2939 1495 et
2981 1442 3134 1495 hunc
3170 1440 3514 1507 cruciﬁxum,
3556 1445 3728 1497 Petrus
3758 1446 3864 1499 nihil

2314 1534 2556 1602 amplius
2593 1550 2764 1604 quam
2800 1533 2895 1587 Dei
2943 1534 3142 1588 Filium
3180 1534 3565 1590 conﬁtendum
3603 1539 3863 1607 putaverit?

2315 1627 2421 1680 Nos
2460 1631 2515 1680 et
2560 1628 2810 1696 quando,
2845 1633 2901 1682 et
2943 1628 3229 1698 quomodo
3269 1632 3437 1682 natus
3477 1630 3564 1696 sit,
3594 1635 3646 1683 et
3678 1634 3866 1700 quantus

584 1724 960 1795 colliguntur;
991 1724 1126 1795 quia
1150 1695 1226 1778 ea
1257 1740 1383 1795 quia
1420 1695 1610 1777 divina
1641 1729 1790 1790 sunt,
1813 1695 1967 1793 apud
2001 1695 2212 1777 electos
2233 1695 2288 1764 Β
2313 1719 2405 1788 sit,
2442 1695 2711 1774 humanae
2748 1695 3091 1775 inﬁrmitatis
3128 1721 3601 1792 contemplatione
3628 1695 3866 1777 rimarum.

584 1817 809 1872 facilius
854 1818 1034 1888 possis
1077 1834 1245 1888 quam
1290 1817 1442 1888 apud
1483 1817 1729 1887 populos
1772 1817 2042 1887 reperire.
2092 1818 2208 1871 Uti-

584 1928 716 1964 nam
759 1911 900 1964 mihi
938 1911 1232 1981 contingat
1277 1911 1478 1965 audire
1527 1929 1539 1964 :
1581 1911 1793 1980 Collige
1835 1927 1964 1980 quin
2008 1927 2208 1981 super-

586 2005 755 2057 sunt!
815 2004 871 2058 Si
920 2004 1150 2058 audiero
1208 2008 1264 2058 et
1312 2004 1528 2071 fecero,
1586 2003 1805 2057 habebo
1853 2004 2030 2057 multa
2084 2021 2209 2075 quae

586 2097 788 2165 turbae,
823 2097 1043 2152 habebo
1080 2097 1257 2151 multa
1288 2113 1416 2168 quin
1453 2097 1617 2167 pueri
1654 2100 1709 2149 et
1745 2097 2012 2151 mulieres
2040 2097 2208 2152 edere

584 2191 982 2261 nequiverunt.
1019 2192 1220 2245 Beatus
1265 2191 1356 2244 ille
1399 2189 1498 2260 qui
1544 2193 1728 2260 potest
1771 2190 2038 2260 colligere
2080 2207 2208 2262 quae

585 2284 756 2338 etiam
786 2284 965 2338 doctis
992 2290 1316 2355 supersunt.

653 2381 739 2432 91.
771 2377 1072 2432 Videamus
1098 2378 1380 2448 quomodo
1403 2378 1651 2449 colligat.
1681 2377 1828 2431 Dixit
1859 2378 1969 2432 Lex
1997 2395 2009 2431 :
2033 2399 2058 2426 ‹‹
2089 2381 2207 2435 Νοη

580 2471 922 2525 maechaberis
962 2472 1178 2541 (Ετιιοίίυ
1221 2489 1308 2539 xx,
1354 2471 1462 2541 14).
1507 2493 1533 2520 ››
1575 2472 1761 2541 Fregit
1807 2471 1957 2525 hunc
1995 2488 2204 2542 panem

580 2564 856 2631 Christus,
884 2565 1076 2618 divisit
1103 2565 1212 2619 hoc
1235 2564 1497 2633 verbum,
1521 2581 1636 2618 non
1661 2564 1891 2618 aliunde
1913 2565 2201 2634 adjiciens,

580 2658 673 2711 sed
714 2658 783 2712 de
823 2675 924 2711 suo
966 2658 1258 2728 partiens:
1290 2679 1317 2706 «
1358 2659 1463 2722 Qui
1503 2657 1728 2724 viderit,
1763 2658 1965 2729 inquit,
2000 2659 2201 2712 mulie-

577 2767 697 2805 rem
743 2753 814 2805 ad
855 2751 1394 2822 concupiscendum,
1427 2751 1550 2821 jam
1593 2752 1906 2806 moechatus
1951 2757 2034 2807 est
2078 2768 2202 2806 eam

579 2845 816 2912 (Matth.,
857 2862 906 2913 ν,
946 2846 1058 2917 28).
1102 2866 1128 2895 ››
1164 2845 1346 2899 Habes
1386 2845 1777 2916 fragmentum
1815 2846 1884 2899 de
1923 2863 2044 2900 suo.
2087 2847 2199 2900 Ad-

577 2936 757 2994 didit:
796 2959 822 2988 «
862 2938 921 2993 Si
957 2939 1151 2992 oculus
1182 2944 1309 2992 tuus
1351 2939 1550 2993 dexter
1590 2938 1929 2993 scandalizat
1957 2942 2030 3008 te,
2069 2955 2202 2994 erue

575 3048 706 3086 eum
753 3033 930 3101 (Ibid.,
982 3034 1088 3103 29).
1141 3051 1168 3082 »
1221 3031 1402 3085 Habes
1448 3032 1600 3086 aliud
1642 3048 1654 3084 :
1699 3053 1725 3078 ‹‹
1768 3033 1835 3084 Et
1877 3032 1924 3085 si
1969 3033 2275 3127 dexteraC

574 3130 674 3180 tua
710 3123 1052 3178 scandalizat
1088 3127 1165 3193 te,
1200 3123 1465 3178 abscinde
1507 3140 1633 3178 eam
1672 3125 1853 3190 (Ibid.,
1897 3126 2006 3195 30);
2052 3149 2078 3174 »
2123 3131 2197 3195 et,

577 3241 603 3266 ‹‹
637 3217 743 3282 Qui
787 3218 1083 3272 dimissam
1121 3234 1152 3270 a
1192 3217 1311 3271 viro
1342 3217 1518 3284 ducit,
1547 3218 1862 3272 mazchatur
1892 3221 2056 3286 (Luc.,
2088 3237 2197 3289 xvr,

580 3310 689 3382 i8).
717 3332 745 3361 ››
779 3311 942 3366 Vides
969 3328 1036 3365 ex
1067 3327 1180 3364 uno
1208 3327 1379 3381 quam
1408 3311 1589 3364 multa
1617 3311 1958 3381 fragmenta.
1983 3313 2200 3384 Moyses

577 3404 717 3459 dicit
743 3403 894 3475 quod
931 3424 957 3452 «
997 3403 1282 3458 Abraham
1313 3403 1458 3457 duos
1487 3403 1628 3457 ﬁlios
1666 3404 1881 3472 habuit,
1917 3421 2098 3459 unum
2128 3407 2196 3460 de

571 3496 794 3566 ancilla,
824 3501 881 3551 et
907 3513 1091 3550 unum
1119 3497 1188 3551 de
1215 3497 1394 3550 libera
1425 3496 1653 3567 (Gulat.,
1689 3513 1760 3564 ιν,
1791 3498 1899 3567 22).
1936 3521 1962 3547 ››
1997 3501 2197 3554 Paulus

571 3590 747 3646 dixit:
775 3610 802 3639 «
828 3592 957 3645 Haec
981 3596 1112 3644 sunt
1142 3591 1256 3645 duo
1278 3591 1635 3644 Testamenta
1661 3591 1843 3660 (Ibid.,
1872 3591 1980 3661 24).
2001 3614 2028 3641 ››
2055 3593 2198 3646 Divi-

569 3684 640 3740 sit
673 3685 777 3739 hoc
807 3684 1044 3739 verbum
1083 3690 1139 3738 et
1181 3683 1394 3738 invenit
1423 3685 1779 3754 mysterium.
1826 3685 2026 3740 Beatus
2060 3703 2194 3758 ergo

568 3778 665 3850 qui
695 3778 922 3850 colligit,
957 3795 1084 3849 quae
1113 3777 1317 3832 dividit
1345 3777 1617 3832 Christus.

639 3875 726 3926 92.
756 3873 879 3936 Qua
913 3872 1131 3926 ratione
1161 3875 1354 3924 autem
1382 3871 1660 3941 cophinos
1691 3872 1986 3926 duodecim
2013 3873 2194 3928 Chris-

566 3971 657 4020 tus
698 3965 972 4036 implevit,
1013 3964 1122 4018 nisi
1152 3969 1216 4017 ut
1255 3965 1394 4019 illud
1428 3965 1620 4035 populi
1655 3965 1873 4019 Judaici
1904 3966 2142 4022 solveret
2172 3984 2186 4021 :

569 4081 594 4108 ‹‹
646 4059 784 4121 Quia
831 4074 1036 4112 manus
1082 4058 1204 4128 ejus
1251 4057 1310 4112 in
1359 4057 1601 4129 cophino
1657 4059 1973 4113 servierunt
2021 4061 2186 4130 (Psu-t.

565 4166 721 4219 Lxxx,
772 4151 844 4221 7);
894 4171 920 4198 ››
969 4151 1078 4204 hoc
1121 4154 1235 4219 est,
1286 4152 1526 4221 populus
1570 4152 1665 4222 qui
1708 4155 1840 4207 ante
1896 4155 2079 4207 lutum
2131 4155 2187 4208 in

564 4243 820 4314 cophinis
870 4243 1205 4314 colligebat,
1253 4243 1343 4298 hic
1387 4245 1506 4314 jam
1553 4261 1654 4314 per
1703 4262 1927 4300 crucem
1979 4247 2188 4301 Christi

563 4337 690 4392 vitae
733 4337 969 4392 caelestis
1013 4341 1283 4408 operatur
1328 4338 1690 4404 alimoniam;
1734 4344 1789 4392 et
1827 4355 1890 4393 eo
1933 4340 2065 4395 fidei
2105 4341 2184 4396 ci-

2311 1813 2478 1869 Scivit
2529 1815 2732 1868 Paulus
2792 1815 2941 1885 quod
3001 1815 3060 1868 in
3114 1815 3232 1868 istis
3281 1815 3468 1886 magis
3529 1815 3867 1871 otfendiculum

2310 1907 2659 1978 quaestionis,
2690 1925 2860 1979 quam
2899 1908 3284 1963 zediﬁcationis
3330 1909 3614 1979 profectus
3651 1915 3803 1978 esset;
3831 1917 3870 1963 et

2309 2000 2438 2054 ideo
2475 2001 2748 2071 judicavit
2787 2002 2928 2055 nihil
2967 2019 3023 2055 se
3063 2003 3205 2056 scire
3242 2003 3354 2056 nisi
3395 2003 3670 2058 Christum
3707 2005 3866 2056 Jesum.

2311 2095 2484 2149 Scivit
2511 2098 2703 2149 Petrus
2730 2095 2880 2165 quod
2907 2095 2963 2148 in
2990 2095 3128 2149 Filio
3152 2096 3251 2150 Dei
3279 2097 3474 2150 omnia
3498 2097 3608 2150 sint
3630 2113 3642 2150 :
3667 2119 3691 2145 ‹‹
3715 2097 3868 2150 Omnia

2309 2189 2464 2241 enim
2505 2187 2663 2242 dedit
2693 2189 2857 2241 Pater
2898 2188 3033 2242 Filio
3073 2191 3274 2258 (Joan.,
3318 2206 3400 2256 ιιι,
3444 2190 3553 2258 35).
3587 2211 3612 2239 ››
3645 2189 3696 2243 Si
3727 2189 3870 2242 omnia

2311 2281 2492 2345 dedit,
2551 2280 2934 2334 aeternitatem
2982 2297 3155 2351 quam
3210 2282 3415 2350 habet,
3466 2283 3870 2353 majestatemque

2307 2374 2632 2428 transfudit.
2675 2373 2785 2427 Sed
2824 2391 2937 2444 quo
2984 2375 3252 2444 prolabor
3288 2375 3560 2446 longius?
3597 2375 3735 2429 Fidei
3770 2391 3870 2428 mea

2307 2467 2434 2520 linis
2473 2467 2729 2521 Christus
2770 2473 2872 2535 est,
2921 2468 3047 2521 ﬁnis
3094 2469 3223 2522 ﬁdei
3269 2485 3422 2523 meae
3468 2470 3567 2523 Dei
3611 2469 3762 2522 Filius
3797 2471 3870 2519 est.

2307 2561 2428 2614 Non
2460 2561 2587 2614 licet
2617 2561 2758 2614 mihi
2789 2561 2932 2614 scire
2966 2562 3353 2631 generationis
3385 2563 3622 2630 seriem;
3653 2578 3753 2616 non
3783 2562 3874 2612 licet

2305 2659 2500 2708 tamen
2533 2655 2750 2707 nescire
2781 2655 3161 2725 generationis
3191 2655 3387 2709 ﬁdem.

2376 2750 2462 2802 9i.
2497 2747 2676 2802 Crede
2705 2748 2880 2815 igitur
2907 2750 2984 2803 sic
3011 2749 3506 2820 quemadmodum
3538 2752 3720 2804 Petrus
3747 2748 3876 2802 credi-

2304 2841 2416 2907 dit;
2449 2846 2596 2894 utet
2633 2846 2691 2895 tu
2727 2841 2926 2895 beatus
2963 2841 3055 2908 sis,
3098 2848 3158 2896 ut
3194 2847 3251 2896 et
3290 2850 3354 2898 tu
3392 2843 3590 2898 audire
3619 2841 3872 2896 merearis:

2305 2956 2331 2984 ‹‹
2369 2935 2643 2998 Quoniam
2686 2952 2797 2989 non
2841 2952 2970 2989 caro
3009 2941 3065 2990 et
3107 2937 3338 3007 sanguis
3386 2938 3490 2991 tibi
3523 2937 3785 3001 revelavit,
3813 2933 3876 2986 sed

2303 3031 2466 3083 Pater
2490 3045 2648 3083 meus
2671 3029 2768 3100 qui
2797 3029 2855 3082 in
2882 3029 3034 3083 ccelis
3062 3036 3146 3084 est
3171 3031 3422 3099 (Matth.,
3455 3048 3566 3097 χιιι,
3601 3033 3698 3099 l7).
3724 3053 3747 3077 η
3773 3029 3874 3082 Caro

2302 3122 2458 3176 enim
2489 3125 2546 3175 et
2577 3122 2810 3192 sanguis
2838 3139 2950 3176 non
2989 3130 3207 3193 queunt
3245 3124 3355 3178 nisi
3389 3141 3520 3195 quae
3547 3129 3756 3179 terrena
3783 3125 3879 3174 sunt

2301 3215 2583 3282 revelare;
2643 3221 2700 3268 at
2752 3231 2882 3269 vero
2929 3217 3025 3286 qui
3071 3217 3276 3286 spiritu
3325 3218 3586 3290 loquitur
3632 3213 3872 3286 mysteria,

2300 3326 2417 3363 non
2475 3309 2658 3362 carnis
2719 3315 2774 3362 et
2839 3309 3128 3380 sanguinis
3174 3312 3556 3382 magisterio,
3606 3310 3696 3365 sed
3738 3306 3875 3362 divina

2299 3402 2669 3472 inspiratione
2710 3402 3003 3457 fundatur.
3037 3403 3160 3457 Noli
3199 3421 3343 3476 ergo
3376 3405 3726 3477 acquiescere
3759 3398 3872 3453 carni

2299 3502 2356 3550 et
2400 3496 2684 3567 sanguini,
2727 3512 2797 3550 ne
2841 3497 3026 3550 carnis
3069 3503 3124 3552 et
3166 3499 3476 3570 sanguinis
3520 3498 3734 3553 haurias
3767 3508 3874 3566 pra-

2296 3596 2476 3660 cepta,
2522 3596 2691 3660 atque
2735 3589 2854 3660 ipse
2898 3591 3132 3660 sanguis
3177 3597 3234 3646 et
3278 3609 3415 3648 caro
3459 3593 3582 3646 ﬁas.
3629 3590 3729 3654 Qui
3763 3588 3872 3640 enim

2296 3683 2451 3737 carni
2491 3683 2764 3748 adhaeret,
2812 3699 2939 3736 caro
2987 3686 3113 3738 est:
3157 3706 3183 3732 ‹‹
3230 3687 3300 3739 Et
3345 3687 3447 3757 qui
3497 3685 3741 3739 adhaeret
3774 3681 3874 3738 Deo,

2293 3793 2440 3830 unus
2484 3776 2714 3847 spiritus
2761 3781 2845 3831 est
2883 3775 2923 3844 (Ι
2955 3779 3102 3840 Cor.,
3147 3795 3221 3847 vr,
3257 3782 3372 3850 17).
3410 3801 3436 3828 ››
3476 3811 3544 3818 -
3579 3800 3604 3826 κ
3646 3778 3753 3831 Νοιι
3787 3787 3874 3842 prr-

2292 3871 2569 3938 manebit,
2593 3871 2800 3942 inquit,
2825 3872 3054 3944 spiritus
3080 3888 3245 3926 meus
3271 3873 3332 3926 in
3365 3872 3695 3927 hominibus
3718 3867 3817 3922 istis
3836 3866 3873 3917 in

2293 3967 2596 4034 aeternum,
2623 3969 2863 4036 prOpter
2887 3965 3043 4037 quod
3070 3983 3199 4020 caro
3232 3970 3371 4021 sunt
3403 3968 3584 4037 (Gem,
3613 3981 3680 4029 vi,
3711 3967 3775 4031 3).
3804 3981 3822 4005 υ

2361 4060 2446 4112 95.
2479 4058 2587 4113 Sed
2628 4059 2844 4113 utinam
2877 4076 3008 4114 caro
3044 4065 3101 4113 et
3129 4060 3368 4130 sanguis
3409 4077 3525 4112 non
3561 4059 3669 4113 sint
3698 4055 3783 4127 qui
3805 4068 3874 4106 all-

2291 4150 2473 4218 diunt,
2510 4151 2608 4205 sed
2636 4167 2666 4203 a
2708 4152 2892 4206 carnis
2931 4156 2990 4206 et
3028 4153 3325 4224 sanguinis
3363 4153 3575 4207 remoti
3607 4146 3871 4220 cupiditati-

2286 4243 2392 4297 bus
2419 4244 2636 4314 possint
2662 4244 2851 4298 dicere
2876 4245 3080 4317 singuli
3107 4263 3120 4300 :
3153 4268 3179 4296 «
3208 4248 3332 4301 Non
3363 4245 3582 4300 timebo
3612 4243 3735 4316 quid
3754 4238 3876 4295 faciat

2287 4337 2428 4391 mihi
2465 4354 2592 4391 caro
2633 4338 2803 4408 (Psal.
2837 4355 2919 4407 Lv,
2962 4339 3043 4410 5)!
3087 4362 3114 4388 »
3163 4339 3264 4403 Qui
3302 4340 3464 4394 enim
3505 4354 3724 4393 carnem
3761 4335 3870 4386 vice-

562 4433 701 4486 bum
770 4431 1062 4502 congerit,
1133 4431 1230 4484 ubi
1294 4433 1414 4484 erat
1473 4436 1603 4485 ante
1670 4448 1895 4486 cmnum
1962 4423 2264 4502 gentilisD
2288 4432 2378 4500 rit,
2413 4431 2671 4487 Ecclesiae
2712 4432 3152 4487 fundamentum
3184 4437 3297 4499 est;
3340 4434 3390 4487 si
3431 4448 3658 4504 sequare
3693 4431 3871 4484 Petrum

558 4525 828 4597 perﬁdiae.
876 4527 984 4580 Nec
1022 4541 1328 4596 paucorum
1374 4525 1482 4578 hoc
1520 4542 1748 4592 munus,
1791 4525 1890 4579 sed
1923 4528 2184 4582 omnium

559 4623 659 4672 est.
717 4619 854 4672 Nam
910 4635 1012 4688 per
1067 4618 1366 4672 duodecim
1424 4618 1697 4688 cophinos
1759 4622 2024 4690 tanquam
2079 4621 2181 4674 tri-

554 4711 734 4765 buum
781 4710 1132 4781 singularum
1177 4711 1311 4765 ﬁdei
1358 4711 1789 4766 ﬁrmamentum
1835 4713 2119 4768 redundat
2165 4731 2177 4769 :

556 4824 584 4854 ‹‹
625 4804 788 4858 Panis
831 4803 1021 4875 (enim)
1065 4805 1369 4859 conﬁrmat
1411 4821 1506 4858 cor
1547 4805 1799 4860 hominis
1849 4807 2016 4875 (Psul.
2065 4823 2176 4875 cur,

559 4897 664 4969 ιδ).
702 4921 730 4947 η

624 4991 800 5061 (Vers.
842 4991 952 5061 20.)
1000 4993 1152 5046 Βὶωίι
1191 4996 1366 5046 autem
1409 4993 1521 5046 illis
1559 5010 1573 5044 :
1610 4993 1712 5047 Vos
1753 5009 1908 5062 quem
1952 5011 2033 5048 me
2074 5011 2178 5051 esse

551 5086 771 5139 dicitis?
795 5085 1092 5156 Respondit
1117 5087 1300 5142 Simon
1332 5087 1520 5140 Petrus
1550 5105 1565 5139 :
1597 5087 1865 5143 Christum
1896 5089 2006 5143 Dei.

619 5181 708 5234 93.
755 5180 866 5233 Nec
917 5179 1097 5233 turbae
1140 5178 1372 5250 quidem
1421 5178 1600 5233 otiosa
1647 5180 1836 5249 opinio
1885 5187 1996 5249 est,
2044 5183 2176 5253 quia

547 5273 643 5328 alii
687 5272 883 5339 Elian),
929 5289 1101 5342 quem
1146 5276 1449 5325 venturum
1493 5272 1800 5342 putabant;
1859 5273 1957 5326 alii
2005 5276 2172 5328 Joan-

546 5382 701 5435 nem,
731 5383 901 5437 quem
931 5366 1273 5421 decollatum
1303 5365 1578 5432 sciebant,
1609 5372 1705 5419 aut
1736 5383 1916 5419 unum
1945 5367 2011 5421 de
2039 5385 2168 5438 pro-

545 5460 728 5530 phetis
792 5460 1076 5530 prioribus
1140 5459 1446 5514 surrexisse
1504 5458 1828 5514 credebant.
1893 5461 2001 5515 Sed
2064 5462 2170 5516 hoc

546 5570 802 5622 quaerere
865 5572 1036 5624 supra
1097 5571 1198 5609 nos
1259 5559 1342 5609 est
1392 5571 1404 5608 :
1447 5553 1677 5608 alterius
1733 5553 1981 5608 scientiae
2037 5555 2166 5626 (33),

2287 4542 2402 4580 non
2444 4528 2648 4596 potest,
2689 4525 2898 4579 imitari
2941 4530 3151 4597 potest;
3195 4543 3416 4599 magna
3458 4529 3592 4580 sunt
3631 4523 3767 4577 enim
3804 4515 3869 4569 Dei

2285 4635 2542 4687 munera,
2572 4618 2670 4689 qui
2712 4635 2825 4672 non
2869 4620 3050 4673 solum
3093 4620 3253 4675 nobis
3295 4637 3431 4692 quae
3472 4625 3657 4674 nostra
3689 4614 3870 4669 fuerant

2283 4712 2581 4783 reparavit,
2616 4728 2812 4765 verum
2845 4713 3019 4766 etiam
3054 4730 3180 4784 qua:
3211 4719 3352 4768 sunt
3388 4730 3492 4768 sua
3521 4711 3736 4784 propria
3761 4719 3864 4758 con-

2280 4807 2464 4862 cessit.

2350 4904 2435 4954 96.
2470 4899 2666 4954 Refert
2695 4903 2888 4954 tamen
2920 4900 3056 4970 quid
3094 4899 3194 4952 sibi
3231 4900 3376 4954 velit
3404 4899 3558 4970 quod
3591 4913 3694 4951 non
3728 4893 3863 4946 alium

2279 4994 2459 5048 turbas
2498 4992 2896 5064 opinabantur,
2925 4993 3034 5046 nisi
3077 4998 3173 5047 aut
3213 4994 3421 5060 Etiam,
3454 4996 3550 5046 aut
3583 4986 3859 5046 Jeremiama

2275 5091 2372 5141 aut
2437 5089 2708 5140 Joannem
2776 5086 3103 5157 Baptistam.
3155 5087 3221 5140 Et
3287 5087 3470 5140 Eliam
3535 5087 3706 5149 forte,
3759 5076 3858 5147 quia

2273 5188 2465 5252 raptus
2500 5180 2572 5234 ad
2613 5181 2818 5234 coelum
2861 5187 2962 5234 est.
3009 5180 3114 5234 Sed
3157 5196 3276 5234 non
3319 5180 3464 5234 Elias
3495 5182 3577 5234 est
3610 5172 3854 5231 Christus;

2273 5275 2365 5328 ille
2402 5274 2644 5344 rapitur,
2683 5274 2788 5326 iste
2831 5274 3169 5343 regreditur;
3212 5274 3334 5342 ille,
3374 5274 3628 5344 inquam,
3660 5265 3851 5335 rapitur.

2272 5368 2375 5421 iste
2416 5367 2672 5436 rapinam
2717 5384 2830 5421 non
2877 5367 3181 5422 arbitratus
3221 5373 3312 5421 est
3355 5383 3478 5422 esse
3523 5382 3578 5421 se
3619 5359 3850 5434 aequalem

2274 5461 2425 5529 Deo;
2459 5460 2550 5515 ille
2588 5461 2780 5532 petitis
2816 5461 3043 5533 ignibus
3077 5460 3423 5528 vindicatur,
3457 5461 3543 5514 hic
3572 5456 3850 5529 persecuto-

2272 5570 2358 5608 res
2387 5571 2517 5609 suos
2554 5555 2752 5609 maluit
2793 5571 3011 5621 sanare,
3054 5569 3225 5625 quam
3267 5555 3528 5624 perdere.
3558 5553 3663 5606 Cur
3690 5550 3848 5602 autem

611 5734 706 5797 (33)
729 5735 872 5784 Edit.
901 5737 1122 5788 Amerb.
1153 5752 1281 5790 cum
1306 5741 1469 5807 longe
1498 5741 1737 5791 maxima
1769 5743 1920 5806 parte
1958 5755 2113 5805 mss,
2147 5741 2368 5795 alterius
2395 5742 2676 5794 sententiae.
2707 5743 2940 5793 Praestat
2970 5745 3154 5794 tamen
3182 5740 3293 5792 alia
3317 5740 3498 5793 lectio.
