3972 6174
219 258 305 309 1781
1235 243 1702 300 EXPOSITIONIS
1741 245 1750 296 l

1862 245 2073 302 LUCAM
2115 249 2241 303 LIB.
2291 252 2374 303 Vl.

3347 248 3482 300 1782

210 373 451 433 Jeremiam
508 369 798 440 putabant?
864 369 1113 422 Fortasse
1178 367 1312 440 quia
1381 368 1754 423 sanctiﬁcatus
1779 370 1900 452 ΑΞὶ
1941 372 2096 425 enim
2139 372 2496 426 dominatum
2530 371 2701 426 fuerit
2736 374 3028 440 peccatum
3068 369 3126 423 in
3165 374 3240 437 te,
3285 369 3484 424 mortis

208 474 250 526 in
281 468 414 521 vulva
457 468 549 518 est.
588 461 694 517 Sed
739 477 856 516 non
903 461 994 516 hic
1035 462 1310 516 Jeremias
1340 479 1352 516 :
1383 461 1472 515 ille
1505 461 1752 516 sanctiﬁ-

207 571 342 627 catur,
378 558 468 612 iste
504 554 840 622 sanctiﬁcat;
882 554 1032 608 illius
1074 554 1441 610 sanctiﬁcatio
1483 555 1652 626 coepit
1686 571 1753 610 ex

207 669 408 725 corpore,
434 649 515 704 hic
540 651 761 702 sanctus
791 664 856 703 ex
887 651 1103 703 sancto.
1133 648 1245 702 Cur
1273 647 1446 702 etiam
1476 649 1753 703 Joannem

201 747 393 821 populus
429 741 665 813 putabat,
719 741 822 794 nisi
870 741 1011 796 forte
1060 741 1192 812 quia
1238 741 1298 795 in
1347 741 1546 796 matris
1591 745 1754 796 utero

201 841 364 914 positus
387 835 592 893 Domini
621 833 980 904 prmsentiam
1017 833 1336 889 sentiebat?
1367 834 1472 889 Sed
1508 850 1622 888 non
1663 835 1755 889 hic

199 937 262 989 est
300 934 513 987 Joannes
549 945 562 981 :
603 928 695 982 ille
743 926 1020 981 adorabat
1055 929 1117 981 in
1161 932 1348 994 utero,
1404 927 1498 982 hic
1547 928 1751 982 adora-

199 1029 350 1093 batur;
379 1024 464 1078 ille
496 1020 808 1092 baptizabat
844 1021 902 1074 in
931 1036 1096 1091 aqua,
1138 1020 1389 1076 Christus
1425 1021 1483 1074 in
1516 1021 1750 1092 spiritu;

196 1119 262 1174 ille
282 1115 638 1189 paenitentiam
668 1113 962 1183 suadebat,
995 1113 1086 1168 hic
1115 1119 1342 1184 peccata
1371 1114 1644 1170 donabat.

247 1215 314 1266 97.
334 1212 390 1264 Et
408 1209 523 1264 ideo
545 1210 738 1263 Petrus
759 1223 870 1261 non
902 1207 1250 1278 exspectavit
1272 1207 1471 1278 populi
1495 1206 1542 1280 1
1560 1207 1746 1280 407

195 1304 492 1370 sententiam,
540 1301 639 1356 sed
678 1317 835 1355 suam
880 1301 1180 1372 prompsit,
1223 1299 1415 1356 dicens
1454 1319 1468 1356 :
1521 1322 1548 1350 «
1573 1303 1656 1356 Tu
1695 1318 1754 1356 es

193 1397 412 1464 Christus,
455 1395 620 1449 Filius
655 1393 756 1448 Dei
795 1394 923 1449 vivi.
955 1415 984 1444 »
1015 1394 1121 1459 Qui
1157 1397 1216 1448 et
1255 1411 1488 1465 semper
1513 1399 1596 1450 est
1620 1395 1751 1465 (34),

193 1507 269 1546 nec
306 1489 456 1560 coepit
499 1492 562 1542 ut
612 1493 779 1553 esset,
833 1491 889 1542 et
946 1504 1067 1542 esse
1125 1504 1242 1543 non
1293 1487 1500 1543 deﬁcit.
1555 1489 1755 1559 Magna

192 1589 339 1638 autem
360 1581 552 1639 Christi
580 1581 780 1652 gratia,
811 1580 908 1652 qui
935 1581 1127 1635 omnia
1156 1597 1336 1653 prope
1363 1581 1628 1636 vocabula
1653 1597 1755 1636 sua

1855 467 2018 534 porta
2048 465 2396 535 praevalebit.
2443 465 2596 534 Fuge
2635 479 2773 534 ergo
2813 462 3228 527 contentiones,
3259 462 3481 517 dissen-

1855 556 2059 623 siones,
2088 557 2374 628 strepitus,
2406 558 2793 627 tumultusque
2831 554 3150 623 discordiaa,
3180 569 3252 608 ne
3287 558 3480 624 portas

1855 651 2054 705 mortis
2106 651 2396 722 ingressus
2449 649 2728 704 incurras.
2788 649 3065 703 Dominus
3118 648 3273 701 enim
3320 649 3481 701 Jesus

1855 743 2111 800 Christus
2155 744 2455 815 praedicari
2500 760 2558 798 se
2591 742 2776 814 primo
2815 741 3016 809 noluit,
3057 757 3130 795 ne
3159 739 3310 795 ullus
3341 746 3483 794 stre-

1855 837 2006 908 pitus
2050 841 2400 892 nasceretur.
2440 840 2701 908 Increpat
2741 835 3048 906 discipulos
3089 851 3243 901 suos,
3287 850 3358 890 ne
3393 834 3486 888 cui

1855 931 1977 985 haec
2007 931 2269 984 dicerent
2298 933 2422 1000 (37),
2452 930 2608 1002 quod

1928 1023 2104 1094 (Vers.
2144 1023 2259 1095 22.)
2299 1023 2516 1094 Oportet
2556 1025 2753 1079 Filium
2789 1024 3021 1078 hominis
3054 1023 3233 1077 multa
3260 1023 3407 1091 pati,
3437 1026 3486 1076 et

1855 1118 2140 1188 reprobari
2164 1135 2199 1171 a
2227 1117 2570 1187 principibus
2601 1116 2961 1180 sacerdotum,
3002 1121 3054 1170 et
3078 1115 3405 1177 senioribus,
3433 1120 3488 1170 et

1852 1212 2064 1278 scribis,
2093 1215 2142 1265 et
2171 1211 2366 1272 occidi,
2399 1216 2449 1264 et
2490 1211 2579 1264 die
2611 1213 2766 1265 tertio
2795 1225 3092 1277 resurgere.

1931 1307 2049 1359 100.
2078 1305 2146 1357 Et
2185 1305 2422 1358 fortasse
2457 1303 2587 1358 ideo
2619 1303 2724 1358 hoc
2764 1302 2982 1357 addidit
3022 1301 3318 1371 Dominus,
3351 1301 3485 1373 quia

1854 1396 2066 1452 sciebat
2095 1396 2326 1450 difﬁcile
2364 1396 2610 1468 passioni
2653 1400 2710 1450 et
2752 1395 3153 1450 resurrectioni
3193 1395 3364 1450 etiam
3399 1395 3482 1449 di-

1854 1490 2096 1562 scipulos
2124 1489 2460 1545 credituros.
2486 1491 2554 1543 Et
2573 1489 2706 1544 ideo
2734 1489 3013 1561 passionis
3035 1492 3093 1543 et
3120 1488 3487 1544 resurrectio-

1854 1584 1942 1638 nis
1965 1600 2082 1638 suae
2113 1589 2358 1639 assertor
2385 1599 2506 1638 esse
2539 1583 2758 1652 maluit,
2790 1586 2852 1636 ut
2890 1599 2955 1638 ex
2994 1583 3138 1637 facto
3175 1581 3334 1649 ﬁdes,
3364 1598 3482 1636 non

188 1676 421 1747 discipulis
469 1676 582 1729 suis
633 1675 880 1730 donavit.
940 1696 967 1724 (ι
1014 1675 1134 1744 Ego
1191 1691 1338 1741 sum,
1390 1675 1611 1746 inquit,
1657 1675 1817 1748 lux_
1857 1693 1926 1732 ex
1953 1677 2153 1732 auditu
2193 1677 2475 1731 discordia
2517 1682 2866 1732 nasceretur.
2911 1678 3060 1748 Ergo
3092 1675 3347 1733 Christus
3376 1691 3480 1729 no-

188 1744 340 1824 mundi
361 1769 550 1840 (Joan.,
582 1784 702 1838 vui,
738 1768 824 1839 12)
839 1785 856 1837 ;
887 1790 916 1818 ››
945 1773 1003 1823 et
1027 1768 1084 1822 id
1113 1772 1306 1822 tamen
1333 1784 1444 1840 quo
1472 1744 1601 1838 ipse
1630 1770 1750 1840 glo-
1775 1744 1831 1815 Β
1855 1771 1960 1826 luit
1986 1771 2234 1842 gloriari,
2263 1770 2362 1824 sed
2399 1771 2606 1825 maluit
2641 1769 2910 1842 ignobilis
2936 1744 3137 1836 videri,
3169 1774 3233 1823 ut
3262 1768 3479 1840 passio-

185 1862 336 1928 riatur,
379 1861 663 1933 discipulis
709 1877 924 1916 nomen
971 1861 1227 1930 indulsit,
1280 1861 1474 1916 dicens
1521 1877 1534 1915 :
1581 1883 1609 1936 (ς
1650 1862 1756 1916 Vos

186 1955 282 2009 estis
316 1955 397 2008 lux
437 1954 639 2009 mundi
683 1954 928 2024 (Matth,
966 1971 1018 2020 v,
1064 1954 1169 2024 14).
1214 1972 1243 2004 ii
1283 1983 1352 1994 —
1398 1975 1426 2002 κ
1465 1955 1582 2025 Ego
1625 1970 1755 2008 sum

183 2047 305 2118 panis
329 2048 470 2101 vivus
509 2048 713 2118 (Joan.,
748 2064 824 2114 v1,
858 2048 974 2118 51);
1010 2068 1037 2097 »
1066 2051 1138 2113 et,
1176 2067 1198 2097 (ι
1233 2047 1341 2100 Nos
1371 2063 1572 2101 omnes
1607 2064 1754 2102 unus

183 2141 358 2210 panis...
389 2157 577 2195 sumus
607 2142 646 2210 (l
679 2142 823 2203 Cor.,
855 2157 908 2206 x,
949 2140 1054 2210 17).
1091 2161 1116 2188 ››
1149 2170 1217 2180 -
1247 2161 1272 2188 κ
1307 2141 1426 2211 Ego
1459 2157 1585 2194 sum
1625 2141 1754 2194 vitis

180 2249 274 2287 vera
314 2233 500 2303 (10012.,
538 2249 630 2301 xv,
677 2235 746 2304 1).
779 2253 806 2284 ››
849 2234 916 2288 Et
954 2232 1054 2287 tibi
1097 2232 1236 2287 dicit
1279 2248 1292 2286 :
1340 2255 1366 2281 ‹‹
1394 2233 1649 2288 Plantavi
1695 2238 1752 2288 te

180 2327 309 2381 vitem
349 2327 690 2382 fructuosam
743 2342 976 2381 omnem
1018 2342 1208 2380 veram
1257 2326 1361 2397 (35)
1409 2326 1643 2397 (Jerem.,
1691 2344 1749 2392 ιι,

178 2423 255 2484 21).
279 2439 302 2471 ι)
330 2421 484 2475 Petra
517 2423 607 2475 est
637 2420 892 2476 Christus
926 2437 938 2474 :
976 2440 1003 2468 (ί
1033 2419 1306 2474 Bibebant
1335 2419 1493 2473 enim
1534 2420 1604 2474 de
1633 2420 1749 2491 spi-

180 2512 289 2566 ritali
326 2517 588 2584 sequente
636 2517 818 2584 petra,
864 2516 1030 2584 petra
1081 2515 1272 2567 autem
1322 2519 1447 2567 erat
1498 2513 1751 2570 Christus

177 2603 208 2672 (Ι
229 2606 343 2669 Cor.,
370 2623 420 2674 x,
449 2607 535 2680 4);
570 2630 599 2655 ιι
635 2608 809 2662 etiam
852 2606 1129 2678 discipulo
1158 2622 1258 2660 suo
1296 2606 1466 2676 hujus
1491 2606 1750 2661 vocabuli

180 2699 370 2767 gratiam
398 2717 510 2756 non
543 2700 777 2772 negavit
802 2700 1046 2772 (Matth.,
1073 2716 1184 2766 xvx,
1222 2701 1324 2770 18),
1355 2703 1421 2754 ut
1451 2705 1507 2752 et
1533 2699 1653 2770 ipse
1679 2699 1752 2752 sit

177 2791 346 2862 Petrus,
379 2795 525 2865 quod
559 2794 637 2848 de
672 2798 834 2864 petra
869 2792 1075 2848 habeat
1103 2792 1450 2847 soliditatem
1483 2797 1745 2846 constan-

177 2885 259 2953 tiae,
276 2886 393 2941 ﬁdei
420 2887 780 2942 ﬁrmitatem.

225 2981 292 3033 98.
316 2981 530 3036 Enitere
573 2995 717 3051 ergo
756 2983 817 3034 ut
858 2983 916 3033 et
954 2983 1018 3034 tu
1053 2981 1215 3050 petra
1259 2978 1354 3034 sis.
1399 2980 1590 3050 Itaque
1633 2995 1748 3034 non

1857 1882 1989 1920 nem
2019 1865 2264 1932 subiret;
2291 1867 2348 1920 et
2373 1867 2434 1919 tu
2460 1864 2560 1935 qui
2588 1864 2858 1935 ignobilis
2886 1867 3051 1918 natus
3081 1880 3161 1932 es,
3187 1861 3481 1934 gloriaris?

1857 1959 2066 2013 Eadem
2108 1957 2234 2025 tibi,
2278 1974 2392 2028 qua
2435 1957 2688 2014 Christus
2725 1956 3059 2023 ambulavit,
3098 1955 3479 2027 gradientium

1855 2054 1938 2105 est
1961 2051 2070 2104 via.
2113 2053 2239 2105 Haec
2266 2050 2387 2121 ejus
2415 2051 2654 2122 agnitio,
2691 2048 2952 2122 1408
2983 2050 3105 2103 haec
3138 2050 3260 2120 ejus
3294 2048 3478 2102 imita-

1853 2146 1952 2213 tio,
1983 2160 2087 2216 per
2113 2144 2526 2215 ignobilitatem
2549 2161 2612 2198 ac
2632 2144 2841 2198 bonam
2865 2144 3108 2208 famam;
3133 2145 3195 2194 ut
3225 2141 3481 2211 glorieris

1853 2238 1911 2292 in
1937 2254 2100 2292 cruce
2135 2237 2379 2306 Domini,
2414 2237 2559 2291 sicut
2585 2237 2704 2308 ipse
2735 2241 2821 2290 est
2845 2235 3142 2307 gloriatus.
3173 2224 3258 2289 Sic
3286 2235 3482 2289 ambu-

1853 2331 1990 2386 lavit
2041 2331 2272 2398 Paulus,
2325 2335 2380 2384 et
2430 2330 2560 2384 ideo
2614 2330 2918 2399 gloriatur,
2969 2328 3164 2383 dicens
3217 2344 3230 2380 :
3277 2347 3302 2378 ‹‹
3348 2327 3480 2381 Mihi

1852 2430 2044 2480 autem
2081 2425 2228 2478 absit
2267 2423 2522 2493 gloriari,
2570 2422 2677 2476 nisi
2717 2423 2774 2476 in
2822 2437 2988 2476 cruce
3034 2420 3262 2475 Domini
3304 2421 3478 2474 nostri

1850 2519 1981 2572 Jesu
2011 2517 2214 2573 Christi
2245 2517 2472 2587 (Gulat.,
2503 2531 2577 2584 vr,
2620 2515 2742 2585 14)!
2774 2534 2801 2565 »

1927 2614 2046 2665 101.
2079 2610 2189 2666 Sed
2214 2610 2512 2664 videamus
2551 2625 2652 2663 cur
2679 2607 2993 2662 secundum
3027 2607 3352 2661 Matthaeum
3385 2623 3472 2660 re-

1852 2704 2140 2776 periamus
2193 2703 2511 2756 admonitos
2563 2701 2895 2772 discipulos,
2945 2717 3016 2754 ne
3071 2701 3161 2754 cui
3224 2699 3480 2754 dicerent

1853 2798 2006 2868 quod
2048 2798 2168 2868 ipse
2200 2797 2272 2850 sit
2309 2795 2596 2861 Christus;
2641 2795 2734 2849 hic
2769 2797 2961 2850 autem
2991 2793 3262 2865 scriptum
3303 2793 3373 2848 sit
3398 2793 3480 2847 in-

1851 2896 2116 2962 crepatos
2155 2906 2297 2956 esse,
2350 2904 2423 2943 ne
2472 2888 2561 2942 cui
2615 2887 2870 2942 dicerent
2909 2887 3064 2959 quod
3105 2889 3252 2941 esset
3295 2887 3479 2940 multa

1849 3001 2116 3056 passurus
2155 2989 2210 3037 et
2247 2985 2668 3038 resurrecturus
2709 2981 2949 3051 (Matth,
2989 2997 3096 3048 xvr,
3126 2979 3240 3051 20).
3268 2978 3480 3034 Videtis

175 3079 295 3126 extra
335 3080 404 3144 te,
444 3076 539 3130 sed
584 3074 740 3128 intra
789 3078 842 3126 te
891 3076 1108 3143 petram
1157 3072 1400 3144 require.
1450 3073 1612 3127 Petra
1653 3075 1749 3126 tua
1771 3104 1824 3176 Ο
1851 3077 2004 3149 quod
2044 3078 2104 3131 in
2146 3094 2260 3131 uno
2296 3075 2503 3131 Christi
2549 3076 2779 3130 nomine
2820 3074 3014 3130 omnia
3057 3073 3185 3128 sint.
3230 3074 3354 3144 Ipse
3398 3075 3482 3125 est

173 3171 288 3220 actus
312 3172 404 3236 est,
444 3173 609 3239 petra
651 3170 748 3220 tua
779 3182 940 3220 mens
980 3169 1084 3220 est.
1124 3165 1307 3236 Supra
1343 3165 1492 3220 hanc
1521 3169 1747 3236 petram

174 3259 432 3315 adiﬁcatur
485 3262 696 3316 domus
755 3263 872 3326 tua,
923 3265 982 3312 ut
1032 3257 1204 3313 nullis
1254 3258 1431 3330 possit
1478 3258 1749 3329 nequitia:

171 3351 388 3421 spiritalis
422 3352 780 3410 reverberari
818 3352 1099 3424 procellis.
1133 3353 1294 3406 Petra
1329 3357 1424 3405 tua
1458 3351 1601 3406 ﬁdes
1642 3358 1748 3420 est,

171 3443 556 3516 fundamentum
609 3445 871 3501 Ecclesia;
913 3445 1057 3500 ﬁdes
1108 3449 1213 3500 est.
1252 3445 1308 3500 Si
1352 3450 1516 3516 petra
1551 3445 1747 3516 fueris,

169 3537 210 3592 in
251 3541 474 3597 Ecclesia
520 3541 657 3604 eris,
700 3539 834 3612 quia
874 3539 1120 3594 Ecclesia
1162 3555 1332 3610 supra
1381 3544 1602 3609 petram
1644 3545 1747 3594 est.

171 3630 208 3684 Si
231 3631 276 3686 in
299 3635 536 3689 Ecclesia
565 3633 763 3700 fueris,
789 3637 970 3704 portae
1011 3632 1176 3687 inferi
1209 3648 1328 3688 non
1357 3632 1753 3704 praevalebunt

170 3728 260 3784 tibi.
287 3732 452 3787 Portm
486 3729 663 3788 inferi
696 3735 872 3802 portae
915 3729 1119 3784 mortis
1151 3735 1316 3797 sunt;
1345 3733 1529 3800 portae
1556 3734 1749 3785 autem

171 3825 327 3879 mortis
351 3832 529 3897 porta
561 3824 824 3882 Ecclesiae
852 3839 973 3878 esse
1004 3840 1122 3879 non
1152 3826 1404 3894 possunt.

219 3918 290 3970 99.
341 3918 474 3982 Quae
527 3925 729 3973 autem
783 3922 915 3972 sunt
968 3920 1153 3989 portae
1204 3916 1429 3984 mortis,
1484 3917 1588 3971 hoc
1643 3922 1747 3986 est,

169 4015 308 4077 portat
334 4012 515 4081 inferi,
548 4011 660 4066 nisi
699 4010 925 4082 singula
957 4026 1200 4082 quinque
1239 4008 1504 4080 peccata?
1537 4009 1593 4064 Si
1629 4009 1748 4064 for-

165 4100 340 4159 nicatus
369 4106 565 4173 fueris,
600 4109 794 4176 portas
835 4103 1036 4158 mortis
1075 4102 1360 4174 ingressus
1386 4118 1463 4156 es.
1493 4102 1550 4158 Si
1580 4102 1751 4158 ﬁdem

166 4195 350 4266 lasseris,
385 4205 585 4269 portas
629 4198 796 4252 inferi
827 4196 1154 4269 penetrasti.
1188 4196 1242 4251 Si
1271 4199 1563 4266 peccatum
1595 4212 1747 4249 mor-

164 4289 244 4344 tale
265 4292 633 4358 commiseris,
672 4294 863 4362 portas
899 4289 1100 4343 mortis
1134 4288 1387 4356 intrasti;
1421 4288 1517 4342 sed
1547 4294 1750 4360 potens

166 4388 228 4436 est
248 4384 395 4454 Deus,
424 4387 527 4458 qui
560 4385 776 4440 exaltet
802 4390 860 4438 te
883 4383 952 4438 de
982 4381 1162 4454 portis
1188 4381 1406 4449 mortis,
1437 4386 1503 4436 ut
1530 4398 1751 4436 annun-

1851 3171 2005 3225 enim
2053 3170 2306 3227 Christus
2355 3169 2450 3242 qui
2496 3175 2660 3224 natus
2712 3173 2797 3223 est
2841 3185 2906 3222 ex
2945 3167 3194 3239 Virgine,
3235 3166 3356 3238 ipse
3397 3170 3482 3220 est

1851 3264 1948 3336 qui
1981 3263 2263 3318 mirabilia
2287 3264 2421 3318 fecit
2464 3264 2522 3317 in
2551 3263 2781 3334 populo,
2814 3263 2935 3333 ipse
2965 3261 3065 3332 qui
3103 3263 3367 3315 mortuus
3394 3261 3481 3312 est

1851 3373 1954 3429 pro
1979 3357 2220 3428 peccatis
2252 3357 2479 3423 nostris,
2510 3362 2567 3411 et
2591 3356 2904 3410 resurrexit
2933 3372 2965 3409 a
2994 3353 3254 3408 mortuis.
3285 3355 3476 3409 Unum

1851 3452 2058 3506 horum
2088 3451 2133 3504 si
2162 3451 2486 3518 retraxeris,
2527 3449 2814 3504 retraxisti
2851 3449 3094 3502 salutem
3125 3450 3304 3501 tuam.
3336 3448 3480 3501 Nam

1852 3545 2028 3599 etiam
2080 3543 2334 3598 haeretici
2389 3543 2600 3598 habere
2662 3542 2769 3596 sibi
2825 3541 3111 3597 Christum
3176 3540 3475 3604 videntur;

1851 3654 2026 3693 nemo
2056 3637 2212 3692 enim
2237 3637 2439 3693 Christi
2472 3651 2686 3690 nomen
2712 3638 2914 3706 negat;
2945 3633 3043 3688 sed
3087 3639 3261 3704 negat
3287 3633 3476 3690 Chris-

1853 3739 1999 3798 tum,
2032 3730 2128 3803 qui
2155 3747 2273 3784 non
2317 3729 2513 3784 omnia
2549 3746 2677 3800 quae
2714 3727 2921 3783 Christi
2961 3729 3114 3794 sunt,
3149 3725 3474 3781 conﬁtetur.

1849 3825 2033 3880 Multis
2078 3824 2256 3896 igitur
2291 3839 2358 3878 ex
2407 3823 2587 3877 causis
2618 3821 2787 3892 jubet
2822 3827 3010 3876 tacere
3052 3819 3386 3890 discipulos;
3414 3824 3477 3872 ut

1852 3919 2008 3973 fallat
2055 3917 2374 3990 principem
2429 3915 2662 3984 mundi,
2718 3919 2780 3968 ut
2837 3913 3082 3968 declinet
3126 3911 3476 3983 jactantiam,

1852 4012 2047 4066 doceat
2079 4009 2495 4077 humilitatem;
2525 4008 2691 4062 simul
2735 4023 2807 4062 ne
2848 4005 3020 4061 rudes
3055 4009 3114 4060 et
3151 4003 3478 4075 imperfecti

1850 4105 2033 4159 adhuc
2062 4101 2320 4173 discipuli
2351 4100 2622 4156 maxime:
2652 4098 3074 4172 prmdicationis
3099 4097 3345 4152 molibus
3371 4114 3476 4168 op-

1850 4197 2194 4268 primantur.

1928 4293 2046 4345 102.
2088 4290 2243 4343 Nunc
2291 4305 2406 4360 qua
2455 4304 2627 4343 causa
2671 4287 2842 4343 etiam
2881 4285 3212 4340 immundos
3249 4284 3480 4356 spiritus

1845 4383 2046 4454 jubeat
2088 4386 2309 4449 tacere,
2363 4382 2806 4438 consideremus.
2869 4379 2979 4434 Sed
3031 4385 3086 4431 et
3147 4378 3258 4431 hoc
3315 4377 3481 4431 nobis

164 4475 242 4530 lies
265 4495 454 4535 omnes
488 4479 691 4534 laudes
729 4478 852 4548 ejus
891 4478 948 4530 in
989 4475 1172 4548 portis
1210 4475 1342 4530 ﬁliae
1382 4474 1535 4531 Sion.
1567 4471 1829 4542 PortmD
1853 4477 2139 4548 Scriptura
2191 4477 2431 4546 aperuit,
2483 4475 2612 4547 quia
2669 4497 2695 4523 ‹‹
2738 4471 3023 4527 Peccatori
3081 4469 3223 4524 dixit
3268 4471 3415 4523 Deus
3464 4487 3476 4523 :

167 4575 318 4626 autem
359 4574 627 4629 Ecclesiae
659 4576 838 4643 portae
873 4568 1145 4625 castitatis
1187 4573 1340 4638 sunt,
1375 4574 1558 4639 porta:
1581 4569 1749 4639 justi-

167 4662 253 4730 tim,
288 4683 420 4737 quas
455 4668 651 4738 justus
686 4665 898 4718 intrare
937 4662 1246 4731 consuevit,
1281 4661 1471 4716 dicens
1501 4678 1514 4715 ε
1548 4683 1575 4710 ‹‹
1602 4663 1750 4732 Ape-

168 4755 247 4810 rite
267 4760 398 4815 mihi
425 4763 626 4832 portas
647 4757 906 4829 justitiaa,
938 4761 995 4810 et
1030 4756 1321 4826 ingressus
1361 4755 1421 4809 in
1453 4771 1548 4809 eas
1575 4755 1748 4810 confi-

165 4849 293 4906 tebor
318 4853 563 4908 Domino
591 4851 758 4924 (Psal.
794 4866 954 4917 cxvu,
991 4849 1098 4919 19).
1133 4869 1161 4898 »
1192 4848 1304 4903 Sed
1335 4855 1395 4902 ut
1421 4853 1585 4919 porta
1607 4865 1753 4904 mor-

165 4941 218 4994 tis
250 4952 400 5016 porta
446 4946 644 5013 inferi,
694 4945 773 4999 ita
828 4948 884 4998 et
939 4948 1102 5016 porta
1144 4941 1383 5014 justitias
1434 4941 1535 4996 Dei
1589 4945 1753 5014 porta

166 5040 242 5089 est.
281 5061 306 5088 «
346 5040 471 5095 Hinc
522 5038 724 5110 (enim)
774 5041 938 5108 porta
980 5035 1233 5103 Domini,
1270 5035 1412 5106 justi
1458 5035 1755 5090 intrabunt

167 5143 242 5195 per
282 5148 396 5187 eam
447 5134 632 5203 (1bid.,
680 5132 790 5201 20).
831 5152 858 5179 n
905 5132 971 5184 Et
1017 5129 1146 5184 ideo
1195 5131 1329 5201 fuge
1377 5128 1750 5200 pertinaciam

167 5219 480 5294 delictorum,
518 5243 592 5280 ne
617 5228 796 5298 portae
821 5223 924 5279 tibi
961 5223 1182 5295 possint
1210 5223 1375 5278 inferi
1406 5222 1748 5294 praevalere;

213 5356 289 5418 (31)
323 5359 463 5409 Edit.
503 5373 718 5421 omnes,
760 5372 889 5410 cum
934 5357 1128 5421 paucis
1166 5370 1320 5417 mss.,
1365 5357 1464 5418 Qui
1507 5360 1581 5406 est
1625 5368 1753 5406 sam-

169 5435 246 5502 P€T_
280 5436 360 5480 est.
391 5429 640 5502 ACatera
699 5445 828 5482 cum
896 5442 1030 5502 mss.
1093 5428 1325 5492 reliquis
1391 5427 1750 5502 conveniunt,

171 5495 408 5626 guod
447 5502 611 5552 Rom.
645 5503 727 5554 sic
770 5501 1144 5566 prosequitur,
1183 5512 1276 5548 nec
1317 5499 1487 5562 ccepit,
1520 5512 1612 5548 nec
1647 5510 1754 5548 esse

171 5575 312 5617 αιιιοει.

217 5637 294 5696 (ὦ)
329 5644 454 5693 Mss.
493 5643 729 5709 aliquot,
773 5658 925 5694 omne
959 5656 1133 5695 semen
1168 5655 1386 5703 verum;
1430 5640 1526 5690 alii
1566 5640 1752 5703 plures

173 5709 212 5751 Et
247 5718 449 5764 cunctae
503 5713 656 5778 edit.,
710 5729 913 5766 omnem
955 5728 1153 5766 veram.
1204 5711 1298 5764 Sic
1352 5711 1502 5763 LXX
1554 5710 1751 5774 interp.

171 5778 291 5826 πᾶσαν
312 5781 545 5841 ἀληθινήν.

1852 4573 2036 4635 Quare
2071 4574 2131 4624 tu
2175 4585 2407 4624 enarras
2433 4567 2686 4639 justitias
2725 4582 2886 4619 meas
2914 4565 3082 4634 (Psal.
3114 4579 3257 4631 xux,
3291 4562 3419 4631 16)?
3453 4585 3479 4612 »

1854 4667 1933 4720 Ne
1973 4663 2098 4736 quis
2142 4663 2280 4716 dum
2314 4661 2718 4732 praedicantem
2746 4658 2920 4724 audit,
2967 4661 3238 4729 sequatur
3279 4672 3479 4711 erran-

1856 4762 2002 4826 tem;
2051 4756 2346 4827 improbus
2390 4754 2542 4808 enim
2595 4751 2868 4823 magister
2919 4755 3004 4805 est
3055 4750 3335 4817 diabolus,
3383 4750 3479 4821 qui

1853 4852 1990 4907 falsa
2020 4851 2166 4904 veris
2190 4865 2339 4920 saepe
2367 4846 2693 4919 permiscet,
2724 4848 2791 4900 ut
2816 4844 3002 4917 specie
3030 4843 3288 4899 veritatis
3316 4843 3476 4898 testi-

1855 4944 2114 5000 monium
2141 4942 2357 4998 fraudis
2383 4941 2633 4996 obtexat.

1929 5041 2048 5092 103.
2090 5037 2272 5091 Etiam
2313 5034 2454 5089 illud
2491 5033 2938 5099 consideremus,
2983 5036 3172 5085 utrum
3218 5029 3310 5084 hic
3359 5030 3476 5100 pri-

1856 5147 2017 5186 mum
2058 5129 2414 5184 mandaverit
2454 5126 2760 5198 discipulis,
2802 5142 2874 5179 ne
2919 5124 3006 5178 cui
3051 5123 3305 5178 dicerent
3348 5123 3482 5193 quia

1854 5226 1974 5296 ipse
2020 5225 2170 5278 esset
2211 5221 2484 5288 Christus,
2528 5237 2601 5275 an
2646 5236 2778 5274 vero
2822 5221 2880 5273 et
2922 5221 3053 5272 ante
3097 5215 3477 5282 mandaverit,

1917 5359 2013 5422 (36)
2057 5359 2138 5408 Ita
2188 5370 2320 5407 mss.
2376 5369 2544 5420 prope
2596 5354 2665 5404 ad
2724 5365 2916 5403 unum.
2967 5353 3040 5401 At
3085 5349 3216 5400 edit.
3266 5362 3478 5422 omnes,

1851 5421 1972 5509 [ilia
1998 5428 2139 5479 Sion.
2173 5426 2305 5478 Sunt
2329 5427 2468 5476 enim
2490 5430 2656 5490 portas
2684 5423 2962 5483 mittatis,
2985 5427 3107 5472 sunt
3131 5424 3293 5486 ports
3306 5421 3482 5484 justi-

1853 5505 2012 5630 ωῗέῖ)
2049 5570 2209 5620 Rom.
2241 5567 2371 5618 edit.
2413 5567 2548 5626 sola,
2581 5567 2666 5617 Sic
2706 5564 2847 5614 enim
2879 5563 3064 5615 scribit
3095 5562 3438 5627 Evangetista
3469 5580 3486 5612 .-

1852 5641 1919 5691 Αι
1953 5639 2041 5690 ille
2072 5640 2355 5704 increpans
2392 5638 2532 5697 illos,
2571 5636 2814 5701 pracopit
2848 5648 2914 5686 ne
2953 5637 3041 5686 cui
3076 5633 3325 5685 dicerent.
3373 5633 3485 5686 Sed

1852 5712 2175 5776 frequentes
2199 5710 2280 5760 illi
2305 5709 2445 5761 tales
2471 5708 2823 5759 mutationes.
