3972 6174
531 221 663 270 1783

1998 211 2051 264 8.
2096 211 2408 268 AMBROSII

3681 227 3785 282 1784

525 311 754 412 quando
786 338 1075 409 apostolos
1117 338 1419 393 duodecim
1454 338 1772 406 destinavit,
1802 336 2146 391 denuntians
2169 350 2227 420 Α
2247 337 2462 392 factum
2492 340 2593 405 est,
2627 341 2682 392 et
2709 337 2778 392 de
2807 336 3019 408 Spiritu
3049 338 3242 390 sancto
3272 334 3429 408 Virgo
3455 343 3695 412 concepit,
3717 349 3792 415 qui

522 432 634 488 illis
664 449 677 486 :
714 450 742 483 ‹‹
772 433 835 485 ln
862 431 965 485 viis
993 431 1254 501 gentium
1279 447 1350 484 ne
1377 430 1820 499 ambulaveritis,
1849 436 1905 485 et
1931 431 1989 483 in
2021 429 2150 483 civi-

523 528 672 580 tates
710 525 1207 580 Samaritanorum
1234 540 1305 578 ne
1343 523 1675 578 introieritis
1704 542 1716 578 :
1753 524 1828 578 ite
1856 527 2044 578 autem
2077 522 2150 577 ad

527 634 656 674 oves
722 633 851 688 qua:
919 618 1219 689 perierunt
1280 618 1480 672 domus
1544 617 1837 672 Israel.....
1901 621 2148 687 iegrotos

524 717 828 769 curate.....
872 712 1124 782 leprosos
1171 711 1467 778 mundate,
1515 710 1798 765 daemonia
1845 710 2146 780 ejicite.....

528 809 586 861 et
614 807 672 860 in
704 821 1106 876 quamcunque
1131 805 1530 859 civitatem.....
1565 803 1924 871 intraveritis,
1955 803 2151 858 discite

525 899 651 970 quis
678 899 736 952 in
765 915 833 952 ea
863 898 1071 969 dignus
1111 898 1201 963 sit,
1234 903 1402 968 atque
1439 897 1515 951 ibi
1553 899 1779 951 manete
1821 898 2066 966 (Mutth.,
2093 914 2148 964 x,

529 992 694 1062 5-H).
725 1012 751 1041 »
777 993 969 1062 Itaque
1000 1008 1105 1045 nec
1134 991 1224 1046 hic
1251 991 1586 1045 mandatum
1612 990 1852 1058 videtur,
1883 995 1946 1044 ut
1968 989 2149 1046 Chris-

527 1093 649 1140 tum
678 1085 773 1140 Dei
806 1085 1008 1139 Filium
1043 1084 1438 1155 praedicarent.

602 1179 721 1232 104.
773 1178 923 1233 Ordo
973 1177 1146 1247 igitur
1189 1177 1586 1248 disputationis
1637 1180 1723 1230 est
1771 1177 1908 1231 ordo
1949 1180 2149 1231 tracta-

529 1277 618 1326 tus
646 1271 778 1342 (38),
821 1275 878 1325 et
901 1271 1027 1326 ideo
1064 1269 1237 1324 etiam
1274 1287 1396 1336 nos,
1426 1286 1555 1324 cum
1589 1270 1765 1341 aliqui
1793 1286 1861 1325 ex
1890 1269 2154 1341 gentibus

528 1368 805 1420 vocantur
857 1365 928 1418 ad
969 1363 1293 1429 Ecclesium,
1343 1365 1422 1418 ita
1461 1367 1886 1434 praeceptorum
1943 1363 2154 1418 seriem

527 1458 778 1514 formare
809 1457 1101 1524 debemus,
1131 1463 1194 1511 ut
1223 1457 1414 1528 primo
1442 1473 1623 1512 unum
1653 1458 1836 1512 Deum
1865 1462 2156 1511 auctorem

529 1552 731 1607 mundi
781 1549 1155 1621 omniumque
1202 1567 1324 1604 esse
1383 1550 1704 1619 doceamus,
1754 1551 1814 1604 in
1861 1565 1974 1621 quo
2027 1550 2159 1604 vivi-

529 1661 678 1714 mus,
729 1648 786 1699 et
827 1661 1023 1699 sumus
1067 1647 1124 1698 et
1167 1659 1485 1710 movemur,
1527 1644 1687 1714 cujus
1742 1646 1799 1698 et
1840 1660 2022 1714 genus
2059 1660 2154 1698 su-

531 1754 694 1806 mus;
723 1741 788 1792 ut
811 1753 928 1792 non
970 1737 1152 1792 solum
1192 1740 1428 1808 propter
1469 1753 1717 1791 munera
1741 1737 1879 1790 lucis
1920 1740 1978 1791 et
2005 1737 2154 1805 vitaz,
2179 1715 2234 1785 B

532 1847 731 1886 verum
756 1831 930 1886 etiam
963 1834 1194 1901 propter
1219 1829 1621 1900 cognationem
1650 1830 1956 1901 quamdam
1984 1846 2153 1902 gene-

535 1923 614 1979 ris
642 1924 965 1995 diligendus
999 1940 1031 1977 a
1054 1923 1222 1979 nobis
1247 1923 1340 1978 sit.
1375 1923 1589 1978 Deinde
1621 1922 1951 1994 opinionem
1978 1923 2156 1989 illam,

537 2034 666 2089 quae
697 2022 781 2072 est
820 2018 888 2072 de
931 2017 1117 2083 idolis,
1149 2017 1529 2084 destruamus,
1558 2021 1622 2070 ut
1664 2034 1777 2071 non
1815 2017 1994 2088 possit
2034 2017 2159 2071 auri

538 2110 878 2181 argentique
925 2111 1013 2164 vel
1066 2109 1209 2180 ligni
1253 2109 1493 2164 materia
1545 2111 1660 2164 vim
1712 2111 1773 2164 in
1836 2127 1894 2166 se
1945 2110 2162 2165 habere

535 2203 803 2260 divinam.
849 2205 992 2258 Cum
1032 2220 1213 2257 unum
1246 2205 1424 2258 Deum
1469 2219 1592 2257 esse
1623 2203 1990 2274 persuaseris,
2020 2207 2159 2258 tunc

535 2297 749 2352 indicio
776 2296 898 2366 ejus
936 2297 1044 2366 (39)
1088 2300 1308 2350 astrues
1341 2313 1444 2367 per
1488 2296 1776 2352 Christum
1815 2297 1982 2352 nobis
2008 2298 2160 2353 salu-

540 2397 653 2445 tem
687 2389 907 2457 datam;
933 2389 1208 2460 incipiens
1237 2389 1309 2444 ab
1336 2389 1443 2444 illis
1461 2406 1591 2461 quae
1612 2391 1789 2461 gessit
1817 2390 1875 2444 in
1907 2407 2161 2461 corpore,

540 2489 598 2540 et
624 2500 693 2538 ea
724 2483 916 2537 divina
951 2482 1297 2550 describens,
1332 2487 1394 2536 ut
1433 2483 1560 2554 plus
1584 2499 1757 2554 quam
1785 2483 1958 2538 homo
1992 2483 2165 2538 fuisse

540 2576 817 2644 videatur,
855 2577 1058 2630 victam
1103 2577 1268 2631 unius
1297 2576 1501 2632 virtute
1541 2580 1811 2646 mortem,
1841 2581 2164 2632 mortuum-

541 2685 651 2741 que
696 2669 768 2724 ab
821 2669 1019 2723 inferis
1069 2669 1439 2737 suscitatum;
1498 2671 1774 2740 paulatim
1820 2671 1974 2725 enim
2025 2670 2168 2726 ﬁdes

542 2764 772 2830 crescit,
825 2769 889 2818 ut
941 2779 1074 2818 cum
1126 2779 1298 2834 supra
1350 2761 1607 2836 1409
1673 2764 1938 2819 homines
1997 2765 2169 2819 fuisse

542 2855 821 2924 videatur,
855 2857 998 2912 Deus
1040 2872 1164 2912 esse
1201 2855 1490 2911 credatur.
1527 2858 1666 2911 Nam
1707 2857 1816 2912 nisi
1842 2857 2170 2928 probaveris

543 2950 692 3021 quod
749 2950 938 3005 facere
993 2950 1088 3005 illa
1133 2949 1254 3005 sine
1309 2949 1500 3005 divina
1551 2951 1758 3006 virtute
1806 2968 1923 3006 non
1964 2952 2168 3022 potuit,

2247 430 2564 484 irridebant
2589 431 2723 501 quia
2761 430 3241 485 resurrectionem
3277 430 3556 486 audierant
3589 439 3791 492 mortuo-

2248 540 2378 578 rum
2414 524 2596 594 (1bid.,
2637 525 2770 591 32)?
2810 525 3024 578 Tamen
3066 527 3124 577 et
3169 523 3456 593 Dionysius
3489 527 3800 598 Areopagitas

2249 617 2508 685 credidit,
2545 623 2602 672 et
2644 617 2740 671 alii
2784 615 3152 670 crediderunt
3199 615 3258 668 in
3304 615 3477 670 virum
3519 619 3677 684 (Ibid,
3711 624 3798 691 3t),

2249 717 2312 765 ut
2339 711 2399 764 in
2435 712 2616 764 Deum
2656 710 2977 765 crederent.
3007 707 3150 772 Quid
3193 708 3444 777 interest,
3471 727 3572 780 quo
3607 713 3804 785 quisque

2250 803 2443 859 credat
2492 803 2737 858 ordine?
2782 803 2902 856 Non
2955 803 3015 856 in
3068 801 3362 872 principiis
3412 803 3637 873 perfecta
3681 823 3802 876 quie-

2250 901 2476 963 runtur,
2519 897 2616 952 sed
2659 897 2731 951 de
2770 895 3061 967 principiis
3098 895 3168 949 ad
3207 911 3272 948 ea
3309 911 3429 966 quae
3468 897 3688 965 perfecta
3709 906 3811 954 sunt

2253 991 2596 1062 pervenitur.
2642 991 2788 1060 Ergo
2818 989 2919 1044 tali
2958 989 3334 1042 Athenienses
3376 989 3672 1045 informavit
3691 1008 3807 1062 pra:-

2252 1091 2414 1155 cepto
2456 1101 2469 1138 ε
2515 1085 2638 1139 talis
2685 1083 2849 1137 nobis
2891 1082 3044 1152 apud
3089 1081 3331 1152 gentiles
3379 1081 3512 1136 ordo
3555 1085 3814 1138 servandus

2255 1183 2358 1232 est.

2330 1273 2448 1325 106.
2482 1272 2554 1324 At
2573 1285 2702 1324 vero
2738 1285 2869 1324 cum
2905 1269 3129 1324 Iudaeos
3163 1268 3582 1339 alloquerentur
3608 1271 3820 1340 apostoli,

2255 1365 2445 1436 ipsum
2507 1363 2794 1420 Christum
2859 1379 2981 1417 esse
3044 1362 3308 1417 dicebant
3370 1362 3463 1434 qui
3525 1363 3821 1434 propheticis

2255 1457 2418 1512 nobis
2461 1462 2609 1512 esset
2649 1455 2960 1528 promissus
3003 1455 3243 1510 oraculis
3285 1472 3298 1508 :
3344 1471 3512 1526 quem
3555 1471 3661 1510 non
3701 1456 3827 1526 prius

2255 1551 2586 1606 auctoritate
2612 1566 2712 1604 sua
2737 1549 2836 1605 Dei
2878 1548 3083 1603 Filium
3125 1547 3528 1614 nominabant;
3568 1548 3656 1602 sed
3679 1548 3826 1602 virum

2256 1644 2577 1715 probatum,
2620 1643 2806 1697 virum
2843 1643 3084 1713 justum,
3131 1642 3318 1696 virum
3357 1658 3390 1695 a
3433 1640 3659 1696 mortuis
3691 1642 3830 1695 susci-

2260 1743 2437 1792 tatum
2483 1737 2656 1807 (Act.,
2699 1753 2757 1804 ιι,
2796 1739 2894 1804 22;
2937 1752 3017 1805 ιιι,
3069 1737 3174 1805 14),
3221 1735 3383 1790 illum
3423 1735 3605 1789 virum
3643 1735 3704 1788 de
3746 1750 3833 1804 quo

2259 1831 2470 1885 dictum
2498 1833 2583 1886 est
2621 1831 2679 1884 in
2720 1829 3019 1902 prophetis
3048 1848 3061 1884 :
3103 1849 3132 1879 «
3170 1829 3343 1884 Filius
3377 1845 3536 1884 meus
3563 1843 3620 1883 es
3654 1831 3728 1894 tu,
3755 1843 3837 1898 ego

2258 1924 2426 1978 hodie
2454 1923 2627 1994 genui
2654 1929 2708 1978 te
2742 1925 2906 1993 (Paul.
2940 1941 2999 1992 ιι,
3029 1927 3089 1993 7;
3119 1924 3268 1986 Act.,
3303 1939 3416 1990 xm,
3449 1923 3559 1991 33).
3590 1943 3616 1971 »
3638 1923 3714 1976 Ita
3731 1936 3839 1990 ergo

2262 2023 2318 2072 et
2364 2023 2425 2072 tu
2466 2018 2536 2072 ad
2583 2034 2647 2072 ea
2679 2033 2807 2089 quas
2851 2016 3080 2072 difﬁcile
3124 2017 3456 2082 creduntur,
3493 2014 3840 2069 auctoritatem

2263 2111 2439 2165 divini
2465 2110 2742 2165 sermonis
2786 2110 3011 2177 ascisce,
3055 2113 3112 2164 et
3147 2109 3488 2180 promissum
3523 2109 3640 2178 ejus
3672 2106 3840 2160 adven-

2263 2206 2386 2258 tum
2432 2205 2836 2275 prophetarum
2886 2219 3020 2258 voce
3072 2203 3313 2274 designa
3353 2219 3366 2256 :
3415 2199 3845 2256 resurrectionem

2265 2314 2491 2368 quoque
2522 2298 2705 2352 multo
2733 2302 2865 2352 ante
2900 2301 3254 2368 compertam
3287 2295 3696 2366 Scripturarum
3720 2291 3843 2348 testi-

2265 2391 2475 2446 moniis
2515 2391 2767 2457 edoceto,
2812 2407 2930 2446 non
2979 2391 3241 2444 usitatam
3287 2406 3424 2444 cum
3469 2388 3680 2444 caeteris
3717 2392 3852 2456 atque

2267 2501 2654 2553 communem,
2689 2487 2750 2538 ut
2773 2484 2831 2538 in
2860 2485 2979 2555 ipsa
3016 2484 3268 2539 suscitati
3304 2483 3564 2555 corporis
3588 2480 3852 2536 assertione

2267 2581 2493 2632 aeternas
2523 2577 2916 2633 testimonium
2941 2577 3246 2632 divinitatis
3275 2576 3560 2648 acquiras.
3582 2576 3712 2630 Cum
3731 2572 3855 2628 enim

2268 2679 2599 2726 caeterorum
2626 2688 2864 2742 corpora
2910 2670 3340 2742 corruptionem
3384 2667 3706 2742 probaveris
3731 2664 3854 2719 subi-

2268 2766 2377 2820 isse
2425 2771 2550 2835 post
2597 2767 2864 2832 mortem,
2911 2765 3065 2819 hunc
3114 2764 3333 2836 utique,
3377 2764 3448 2818 de
3490 2778 3604 2834 quo
3651 2758 3859 2815 dicitur:

2273 2886 2301 2914 ‹‹
2341 2865 2461 2919 Non
2504 2863 2660 2918 dabis
2705 2863 2978 2918 Sanctum
3023 2868 3182 2917 tuum
3227 2861 3429 2916 videre
3479 2857 3862 2928 corruptionem

2275 2958 2437 3027 (Psal.
2483 2973 2569 3024 xv,
2619 2956 2726 3026 10),
2779 2979 2806 3006 ››
2865 2955 3196 3026 comprobes
3249 2956 3528 3010 humanas
3581 2949 3866 3024 fragilitatis

543 3043 1034 3115 quemadmodum
1086 3047 1246 3114 potes
1293 3043 1538 3115 probare
1597 3043 1654 3098 in
1719 3060 1784 3099 eo
1837 3045 1948 3099 vim
2001 3046 2590 3150 fuisseCexpertem,
2633 3049 2838 3121 probas
2877 3049 3146 3104 humanae
3183 3049 3537 3105 conditionis
3575 3044 3768 3102 merita
3791 3058 3863 3096 su-

547 3136 805 3192 divinam
820 3135 847 3190 ?

620 3232 741 3284 105.
789 3227 901 3283 Sed
950 3227 1189 3284 fortasse
1249 3228 1414 3284 nobis
1467 3246 1673 3301 parum
1721 3231 2070 3287 auctoritatis
2117 3237 2174 3288 et

546 3320 674 3377 ﬁdei
731 3321 1027 3376 deferatur
1073 3337 1086 3376 :
1142 3321 1270 3394 lege
1335 3339 1662 3378 sermonem
1717 3325 1967 3395 Apostoli
2021 3326 2173 3398 apud

547 3414 927 3470 Athenienses
979 3414 1259 3484 habitum,
1314 3415 1414 3488 qui
1470 3417 1519 3471 si
1566 3433 1600 3472 a
1651 3417 1836 3489 primo
1885 3418 2175 3475 destruere

547 3507 815 3564 voluisset
866 3509 1237 3564 caeremonias
1301 3509 1614 3580 idolorum,
1671 3527 2000 3568 sermonem
2053 3513 2176 3584 ejus

551 3618 720 3658 aures
764 3601 1069 3674 gentilium
1119 3603 1484 3674 respuissent.
1532 3604 1618 3658 Ab
1670 3621 1788 3660 uno
1845 3606 2022 3677 igitur
2064 3608 2176 3662 Deo

549 3701 847 3767 operatore
885 3695 1090 3750 mundi
1125 3695 1340 3767 incipit,
1371 3696 1566 3753 dicens
1600 3716 1614 3752 :
1657 3719 1685 3748 «
1714 3700 1860 3754 Deus
1903 3699 2001 3770 qui
2043 3699 2179 3756 fecit

550 3789 852 3857 mundum,
903 3795 961 3846 et
1007 3793 1211 3845 cuncta
1259 3807 1383 3862 quae
1433 3796 1566 3846 sunt
1609 3790 1668 3845 in
1715 3809 1781 3848 eo
1832 3793 1995 3862 (Act.,
2041 3809 2175 3862 xvu,

549 3882 664 3953 24).
709 3905 737 3933 ››
780 3883 991 3954 Negari
1027 3900 1143 3938 non
1184 3889 1406 3954 poterat
1441 3901 1620 3939 unum
1654 3890 2016 3956 operatorem
2059 3903 2179 3943 esse

555 3975 780 4045 mundi,
831 3992 1010 4031 unum
1054 3977 1256 4045 Deum,
1301 3994 1480 4033 unum
1530 3979 1790 4034 omnium
1840 3985 2175 4035 creatorem.

555 4069 823 4139 Adjunxit
860 4085 927 4123 eo
970 4070 1119 4140 quod
1163 4070 1288 4126 coeli
1329 4076 1385 4126 et
1420 4077 1590 4126 terra:
1631 4072 1906 4128 Dominus
1950 4073 2010 4127 in
2054 4090 2178 4128 ma-

556 4161 795 4216 nufactis
827 4163 931 4231 (40)
973 4178 1091 4216 non
1137 4163 1408 4235 dignetur
1450 4165 1730 4220 habitare.
1773 4165 1985 4221 Deinde
2029 4167 2181 4238 quod

557 4253 708 4308 intra
767 4254 891 4309 auri
946 4256 1287 4327 argentique
1345 4273 1559 4312 cassam
1615 4258 1909 4313 materiem
1962 4275 2179 4330 nequa-

556 4363 730 4419 quam
760 4347 1065 4402 verisimile
1105 4349 1178 4403 sit
1213 4349 1449 4405 artiﬁcio
1476 4350 1725 4406 hominis
1761 4351 1876 4406 vim
1918 4353 2180 4408 divinita-

2270 3159 2654 3217 pergressum,
2687 3144 2799 3198 Deo
2825 3144 3010 3214 magis
3036 3159 3213 3214 quam
3238 3142 3577 3198 hominibus
3605 3141 3868 3197 conferen-

2273 3239 2432 3294 dum.

2348 3330 2605 3405 1410
2658 3333 2772 3387 107.
2818 3330 2983 3395 Quod
3031 3330 3075 3384 si
3123 3331 3195 3386 ad
3242 3335 3614 3387 sacramenta
3656 3325 3873 3384 ﬁdelium

2276 3426 2512 3482 tendens
2562 3425 3005 3480 catechumenus
3054 3424 3402 3481 imbuendus
3456 3426 3560 3494 sit,
3607 3421 3874 3478 dicendum

2275 3519 2410 3592 quia
2439 3535 2587 3574 unus
2626 3524 2711 3574 est
2750 3519 2897 3573 Deus
2935 3535 3007 3573 ex
3050 3535 3162 3590 quo
3205 3519 3429 3587 omnia,
3480 3524 3537 3574 et
3578 3533 3721 3573 unus
3747 3516 3878 3570 Jesus

2277 3612 2531 3669 Christus
2556 3628 2659 3684 per
2683 3627 2858 3684 quem
2885 3611 3137 3683 omnia(l
3164 3612 3309 3674 Cor.,
3345 3629 3470 3681 vm,
3503 3615 3556 3682 6)
3583 3629 3596 3666 :
3627 3626 3736 3665 non
3762 3607 3876 3662 duos

2280 3707 2537 3761 dominos
2560 3722 2678 3761 esse
2707 3704 2999 3773 dicendos,
3037 3705 3363 3776 perfectum
3395 3705 3635 3778 quidem
3664 3705 3878 3763 Patrem,

2276 3800 2598 3872 perfectum
2645 3815 2766 3854 esse
2812 3805 2868 3852 et
2919 3798 3159 3868 Filium;
3210 3800 3309 3854 sed
3365 3801 3544 3855 unius
3592 3801 3802 3853 Patrem
3839 3799 3882 3846 et

2280 3893 2483 3948 Filium
2522 3909 2642 3948 esse
2687 3893 3018 3947 substantia:
3052 3910 3064 3948 :
3108 3894 3354 3948 Verbum
3398 3900 3682 3949 aeternum
3720 3886 3883 3945 salerni

2280 3987 2401 4055 Dei,
2443 4003 2562 4041 non
2608 3987 2759 4058 quod
2802 3987 3108 4056 profertur,
3151 3987 3251 4042 sed
3301 3988 3465 4059 quod
3513 3990 3796 4058 operatur,
3833 3997 3884 4036 ex

2279 4081 2446 4135 Patre
2474 4079 2751 4151 genitum,
2782 4096 2898 4134 non
2921 4096 3058 4134 voce
3086 4080 3323 4136 editum.
3361 4081 3749 4137 Prohibentur
3775 4092 3888 4147 ergo

2283 4173 2521 4244 apostoli
2559 4173 2946 4244 evangelizare
2971 4189 3100 4228 eum
3139 4175 3235 4228 Dei
3269 4175 3501 4244 Filium,
3534 4181 3596 4230 ut
3635 4170 3886 4243 evangeli-

2283 4272 2473 4321 zarent
2507 4272 2701 4338 postea
2749 4266 3098 4322 cruciﬁxum.
3143 4269 3268 4323 Haec
3317 4275 3405 4324 est
3452 4269 3591 4325 ﬁdei
3637 4267 3826 4340 gloria,
3857 4262 3890 4316 si

2282 4376 2414 4415 vere
2465 4360 2752 4431 intelligas
2796 4376 3026 4416 crucem
3071 4361 3296 4418 Christi.
3339 4363 3490 4418 Alia:
3535 4378 3729 4417 cruces
3775 4355 3890 4412 nihil

559 4441 630 4495 tis
659 4441 874 4496 includi
905 4459 918 4496 :
951 4442 1157 4498 erroris
1188 4443 1506 4499 remedium
1542 4445 1746 4500 docens
1782 4462 1902 4501 esse
1931 4443 2262 4514 studiumD
2287 4453 2430 4509 mihi
2470 4459 2729 4525 prosunt,
2769 4455 2889 4509 sola
2925 4471 3061 4509 crux
3097 4455 3304 4511 Christi
3347 4456 3501 4511 mihi
3547 4456 3698 4511 utilis
3735 4455 3827 4517 est,
3851 4454 3894 4503 et

561 4535 896 4606 paenitendi.
948 4537 1105 4590 Tunc
1153 4537 1308 4591 venit
1357 4537 1429 4592 ad
1479 4538 1786 4607 Christum,
1833 4557 1939 4594 nec
1993 4544 2183 4596 tamen

560 4628 736 4682 Deum
791 4628 992 4683 maluit
1039 4645 1216 4700 quam
1284 4631 1584 4686 hominem
1652 4650 1983 4705 nuncupare
2040 4636 2183 4706 (41),

560 4719 756 4775 dicens
803 4738 816 4775 :
869 4744 895 4769 ‹‹
946 4724 1010 4776 In
1059 4723 1180 4778 viro
1235 4741 1347 4796 quo
1396 4725 1646 4782 deﬁnivit
1685 4727 1947 4782 omnibus
1990 4729 2183 4797 ﬁdem,

559 4813 834 4870 suscitans
889 4830 1022 4870 eum
1071 4815 1143 4870 ab
1197 4816 1398 4872 inferis
1443 4817 1611 4888 (Act,
1663 4837 1791 4888 xvu,
1843 4825 1950 4890 31).
2003 4843 2029 4870 ››
2078 4822 2185 4886 Qui

561 4908 715 4964 enim
761 4910 981 4976 tractat,
1030 4909 1202 4964 debet
1245 4911 1602 4967 audientium
1649 4913 2006 4969 considerare
2053 4932 2182 4987 per-

559 5020 745 5070 sonas,
768 5019 840 5058 ne
867 5001 1022 5073 prius
1046 5003 1357 5059 irrideatur
1382 5021 1557 5076 quam
1586 5007 1868 5062 audiatur.
1892 5009 2187 5072 Quomodo

559 5098 714 5152 enim
777 5097 1152 5152 Athenienses
1203 5098 1501 5154 crederent
1555 5101 1689 5172 quia
1753 5101 1997 5156 Verbum
2051 5119 2185 5158 caro

619 5249 716 5307 (38)
749 5247 810 5299 Id
837 5253 936 5309 est,
966 5249 1438 5314 quemadmodum
1467 5252 1524 5301 in
1554 5251 2024 5316 disputationibus
2056 5254 2188 5318 phi-

555 5319 858 5384 losophicis
885 5320 1185 5384 procedere
1219 5323 1400 5372 solent
1429 5337 1460 5373 a
1495 5324 1838 5374 facilioribus
1880 5329 1935 5374 et
1974 5326 2188 5389 simpli-

557 5390 801 5440 cioribus
854 5391 923 5440 ad
978 5391 1292 5442 difﬁciliora
1347 5398 1402 5444 et
1443 5395 1620 5458 magis
1670 5395 1958 5458 impedita,
2003 5397 2083 5447 sic
2132 5398 2188 5447 in

556 5461 843 5512 tractando
867 5475 1092 5528 quoque
1122 5462 1425 5529 Evangelia
1446 5465 1876 5529 procedendum.

625 5533 720 5595 (39)
768 5533 993 5584 Amerb.
1031 5548 1162 5586 cum
1203 5548 1334 5585 mss.
1371 5535 1601 5599 aliquot,
1647 5542 1769 5588 tunc
1800 5537 2009 5600 judicio
2054 5538 2185 5600 ejus.

561 5601 743 5651 Minus
770 5604 932 5654 bene.

621 5671 716 5740 (40)
744 5673 874 5720 Mss.
919 5674 1148 5738 aliquot,
1186 5689 1292 5726 non
1327 5677 1385 5726 in
1426 5677 1748 5740 manu/actis
1787 5678 1959 5730 idolis.
1992 5679 2191 5731 Melius

556 5737 650 5788 alii
680 5751 811 5789 cum
835 5741 965 5792 edit.
996 5737 1213 5808 vocem,
1244 5746 1418 5810 idolis,
1447 5763 1562 5800 non
1593 5737 1910 5813 admittunt,
1937 5764 2036 5815 pro
2077 5765 2190 5817 qua

2286 4564 2415 4602 vere
2463 4546 2629 4614 utilis,
2679 4569 2706 4596 «
2749 4549 2854 4602 Per
2905 4565 3081 4620 quam
3125 4549 3270 4604 mihi
3316 4550 3582 4605 mundus
3625 4545 3892 4604 cruciﬁxns

2285 4644 2390 4709 est,
2421 4645 2480 4695 et
2509 4656 2618 4711 ego
2648 4641 2864 4696 mundo
2897 4642 3126 4713 (Galat,
3156 4659 3228 4709 vx,
3267 4644 3376 4713 14).
3413 4665 3443 4695 ››
3474 4644 3530 4700 Si
3574 4641 3718 4698 mihi
3741 4637 3893 4694 cruci-

2285 4735 2430 4788 ﬁxus
2458 4740 2541 4789 est
2570 4735 2838 4802 mundus,
2871 4735 2984 4790 scio
3017 4735 3150 4806 quia
3174 4739 3440 4791 mortuus
3462 4741 3572 4806 est,
3606 4751 3721 4790 non
3745 4731 3894 4801 diligo

2287 4844 2452 4894 cum;
2480 4827 2594 4882 scio
2623 4827 2760 4898 quia
2784 4829 3062 4899 praeterit,
3099 4846 3211 4883 non
3239 4831 3587 4901 concupisco
3615 4845 3774 4896 eum;
3806 4824 3897 4878 scio

2288 4922 2424 4992 quia
2475 4922 2798 4992 corruptela
2847 4922 3130 4977 consumit
3185 4924 3339 4978 hunc
3398 4923 3716 4983 mundum,
3765 4914 3895 4990 quasi

2285 5014 2532 5069 fetidum
2575 5014 2710 5082 vito,
2758 5015 2915 5086 quasi
2955 5015 3110 5071 luem
3153 5032 3350 5083 caveo,
3395 5017 3565 5088 quasi
3613 5015 3899 5072 nociturum

2288 5107 2571 5180 relinquo.

2288 5257 2620 5308 subauditur
2659 5257 2883 5322 templis,
2925 5263 2982 5310 ut
3021 5261 3289 5311 referatur
3323 5261 3398 5312 ad
3445 5261 3700 5326 Apostoli
3741 5255 3900 5308 verba.

2288 5329 2378 5377 οὐκ
2404 5329 2451 5376 ἐν
2470 5331 2834 5394 χειροποιήτοις,
2863 5336 2994 5388 ναοῖς
3015 5337 3244 5381 κατοικεῖ.

2349 5400 2445 5462 (41)
2479 5400 2603 5450 Mss.
2643 5406 2900 5465 quatuor,
2941 5416 3032 5452 nec
3070 5409 3246 5454 tamen
3283 5406 3457 5455 Deum
3495 5406 3680 5463 tacuit,
3714 5399 3905 5467 quando

2289 5469 2549 5520 hominem
2583 5474 2926 5536 nuncupavit.
2969 5475 3116 5526 Infra
3152 5489 3284 5527 vero
3313 5475 3418 5527 ubi
3461 5477 3657 5528 cuncti
3699 5485 3819 5524 mss.
3859 5471 3903 5517 et

2290 5545 2402 5591 ant.
2463 5543 2592 5592 edit.
2640 5544 2871 5608 deﬁnivit
2919 5547 3160 5598 omnibus
3207 5547 3402 5612 ﬁdem;
3451 5548 3615 5601 Rom.
3665 5541 3908 5609 reposuit.

2289 5613 2546 5676 deﬁnivit,
2591 5616 2829 5679 praebens
2873 5617 3114 5670 omnibus
3162 5618 3330 5683 ﬁdem,
3377 5621 3438 5669 in
3490 5633 3606 5684 quo
3651 5619 3701 5667 ei
3745 5618 3907 5665 textus

2289 5686 2625 5750 apostolicus
2653 5689 3046 5751 patrocinatur.
