3926 6168
158 265 269 316 nss
1207 256 1671 315 EXPOSITIONIS
1709 262 1778 318 1N
1817 261 2042 318 LUCAM
2087 265 2212 317 LIB.
2253 265 2366 317 vn.
3335 245 3478 321 {785‘

216 385 323 438 l08.
354 380 459 436 Sed
505 396 614 435 non
659 379 852 435 statim
897 395 996 452 per
1029 395 1254 436 crucem
1297 385 1538 452 possunt
1561 383 1738 454 aliqui
1762 399 1819 470 Α
1841 402 1958 456 quo
1984 386 2201 439 facilius
2230 387 2286 439 in
2318 401 2543 440 crucem
2575 386 2795 440 Domini
2827 387 3185 443 crederetur:
3217 388 3465 458 proclive

153 475 358 530 credere
397 475 630 529 salutem
671 474 891 531 mundo
934 474 1200 529 refusum.
1232 480 1431 529 Astrue
1467 491 1605 547 ergo
1640 479 1742 547 per
1844 478 1952 531 erit
1983 481 2040 532 ut
2083 479 2180 550 qui
2219 495 2321 533 sua
2367 495 2580 550 negare
2612 496 2726 533 non
2764 485 3016 550 possunt,
3048 486 3235 535 nostra
3259 482 3464 536 conﬁr-

153 569 387 624 historias
450 569 773 622 Graacorum
839 568 948 622 hoc
1015 568 1186 622 fuisse
1248 569 1535 640 possibile,
1601 569 1744 625 sicut
1844 578 2024 625 ment.

153 661 413 716 interdum
458 662 627 715 etiam
679 661 978 732 Apostolus
1021 661 1221 716 suadet
1267 663 1590 730 incredulis,
1640 681 1743 719 nec
1918 668 2038 720 109.
2079 665 2188 721 Sed
2231 667 2506 737 quoniam
2549 665 2738 720 nullus
2776 667 3080 722 hominum
3120 671 3312 721 tantus
3351 685 3472 724 esse

152 771 317 810 versus
362 755 614 824 poeticos
670 756 777 826 (42)
830 755 1039 826 refugit
1091 754 1258 825 (Act.,
1317 772 1455 824 xvu,
1507 759 1620 827 28),
1680 762 1744 812 ut
1844 759 2043 828 potuit,
2093 759 2190 830 qui
2241 759 2413 813 totius
2455 763 2684 830 peccata
2733 759 2956 815 tolleret
3009 759 3226 828 mundi,
3283 777 3471 832 neque

150 849 339 904 fabulas
381 849 632 903 destruat
677 853 994 920 poetarum.
1042 849 1099 904 Si
1146 848 1298 904 enim
1345 857 1642 906 revocetur
1684 853 1742 906 in
1845 852 2056 918 Enocli,
2083 869 2269 923 neque
2287 852 2597 921 Abraham,
2626 869 2809 926 neque
2833 857 3007 922 Isaac,
3033 853 3133 925 qui
3154 852 3284 908 licet
3301 854 3472 908 morti

150 941 452 1000 memoriam
486 942 639 1013 quod
667 943 923 1014 legiones
950 959 1098 1014 saepe
1131 949 1187 997 et
1213 960 1457 1015 magnos
1483 946 1740 1016 populos,
1844 961 1901 1000 se
1939 945 2228 1012 obtulerit,
2279 949 2531 1000 servatus
2569 952 2762 1001 tamen
2798 954 2882 1002 est
2920 947 3100 1019 (Gen.,
3139 964 3270 1013 xxii,
3301 950 3471 1015 9-12),

149 1037 325 1091 oblatis
379 1037 704 1107 aliquorum
760 1035 1057 1106 mortibus,
1113 1037 1366 1093 historiae
1414 1039 1741 1094 Graecorum
1846 1039 1981 1109 quia
2007 1040 2204 1094 omnia
2231 1056 2345 1094 non
2380 1042 2600 1110 poterat
2639 1040 2868 1095 abolere
2895 1047 3126 1111 peccata
3147 1040 3294 1111 (quis
3320 1041 3471 1096 enim

146 1133 372 1184 asserant
408 1129 680 1186 liberatos
719 1132 860 1201 (43);
906 1131 952 1185 si
991 1131 1322 1186 recordetur
1363 1132 1516 1203 quod
1559 1132 1740 1204 impe-
1845 1135 2038 1186 tantus
2062 1133 2256 1200 homo,
2286 1133 2343 1186 in
2370 1149 2481 1204 quo
2503 1133 2767 1188 omnium
2799 1139 3022 1205 peccata
3049 1134 3476 1206 morerentur?)

146 1223 318 1278 ratoris
358 1224 475 1278 ﬁlia
527 1230 760 1295 pr0pter
802 1225 1127 1278 Graecorum
1177 1226 1459 1280 exercitus
1505 1227 1739 1281 transfe-
1845 1225 2058 1281 idcirco
2087 1243 2202 1280 non
2233 1242 2378 1280 unus
2405 1243 2435 1280 e
2466 1227 2655 1296 plebe,
2695 1244 2809 1282 non
2842 1245 2990 1282 unus
3018 1244 3048 1282 e
3078 1244 3343 1294 numero,
3371 1228 3473 1282 sed

143 1317 327 1372 rendos
369 1318 444 1372 ad
486 1317 823 1372 sacriﬁcium
861 1317 933 1372 sit
968 1323 1198 1387 vocata;
1231 1320 1276 1372 si
1311 1323 1566 1374 nostrum
1605 1320 1742 1375 illud
1846 1319 2017 1374 Filius
2053 1319 2151 1374 Dei
2191 1336 2224 1374 a
2263 1320 2376 1374 Deo
2414 1321 2576 1374 Patre
2617 1321 2827 1375 electus
2857 1326 2960 1390 est,
2998 1321 3094 1392 qui
3133 1338 3262 1376 cum
3299 1338 3474 1393 supra

143 1413 562 1478 consideremus,
604 1412 740 1483 quia
779 1434 804 1460 ‹‹
843 1412 1088 1483 Sanguis
1120 1418 1416 1467 taurorum
1460 1419 1517 1467 et
1556 1414 1739 1468 hirco-
1844 1429 2040 1468 omnes
2069 1418 2234 1481 esset,
2267 1429 2370 1483 pro
2404 1413 2668 1468 omnibus
2700 1430 2758 1467 se
2797 1419 2985 1484 posset
3021 1413 3225 1469 offerre
3256 1431 3269 1469 :
3302 1431 3475 1486 quem

144 1522 268 1570 rum,
296 1511 352 1559 et
380 1504 524 1559 cinis
565 1505 760 1560 vitulaa
796 1522 1056 1576 aspersus
1087 1506 1409 1576 inquinatos
1436 1507 1744 1562 sanctiﬁcat
1843 1506 1987 1561 mori
2039 1506 2310 1577 oportuit,
2365 1512 2423 1559 ut
2467 1523 2594 1561 cum
2641 1511 2786 1562 esset
2825 1507 3029 1562 fortior
3077 1511 3283 1576 morte,
3335 1509 3474 1563 alios

142 1599 197 1653 ad
225 1615 449 1654 carnem
492 1599 918 1654 emundandam
957 1600 1160 1668 (Hebr.,
1202 1615 1274 1668 Ix,
1307 1601 1416 1670 t3),
1447 1622 1475 1650 »
1505 1601 1648 1654 sicut
1675 1601 1744 1655 ad
1844 1599 2128 1668 liberaret,
2172 1622 2198 1649 ‹‹
2228 1601 2540 1654 Factus.....
2574 1600 2723 1656 inter
2752 1607 3008 1656 mortuos
3035 1600 3158 1654 sine
3188 1601 3474 1671 adjutorio

144 1692 375 1746 Hebrmos
435 1693 716 1764 scriptum
766 1696 852 1748 est
901 1709 914 1747 :
967 1693 1014 1746 si
1070 1692 1391 1764 pestilentia
1443 1695 1807 1766 regionum_
1847 1694 1992 1748 liber
2034 1694 2197 1762 (Psal.
2243 1710 2477 1761 Lxxxvn,
2526 1693 2600 1764 6),
2642 1717 2668 1742 ››
2717 1693 2837 1748 sine
2882 1695 3215 1764 adjumento
3261 1694 3473 1749 scilicet

143 1786 395 1856 aliquibus
434 1763 738 1841 hominum
780 1763 1081 1841 contracta
1119 1788 1361 1857 peccatis
1400 1763 1536 1859 (44),
1581 1763 1822 1842 uniusB
1849 1787 2098 1841 hominis
2137 1791 2235 1840 aut
2279 1787 2516 1857 alicujus
2557 1763 2852 1854 creaturae,
2899 1763 3044 1842 liber
3083 1804 3116 1842 a
3155 1790 3363 1842 morte.
3407 1788 3475 1841 Et

144 1879 350 1948 alicujus
403 1885 591 1934 morte
631 1879 898 1934 asseritur
951 1896 1075 1934 esse
1127 1881 1397 1945 resoluta;
1448 1881 1597 1951 quod
1652 1886 1748 1934 aut
1847 1881 1992 1934 bene
2015 1880 2177 1946 liber,
2202 1881 2299 1950 qui
2325 1881 2654 1936 servitutem
2682 1880 3055 1952 cupiditatum
3075 1881 3302 1952 repulit,
3326 1897 3476 1935 mor-

145 1973 341 2027 ratione
382 1973 684 2044 praevaluit
720 1973 853 2043 (45),
888 1981 988 2028 aut
1029 1972 1394 2045 dispositione
1437 1975 1746 2041 convaluit,

195 2138 276 2202 {42)
302 2139 570 2190 Nonnulli
601 2153 749 2201 mss.,
777 2152 959 2190 versus
998 2139 1343 2203 propheticos.
1371 2139 1554 2189 Minus
1588 2153 1749 2190 com-

145 2209 310 2268 mode;
337 2211 443 2259 nisi
491 2211 624 2274 quis
661 2210 794 2260 velit
824 2211 892 2259 ad
933 2211 988 2259 id
1023 2210 1214 2271 alludi,
1244 2210 1393 2274 quod
1433 2211 1748 2273 Apostolus,

144 2279 250 2338 Tit.,
298 2293 334 2339 ι,
389 2282 466 2340 12,
517 2286 742 2345 poetam
797 2281 1184 2344 Epimenidem
1240 2282 1449 2331 vocitet
1514 2281 1745 2332 Creten-

142 2353 262 2400 sium
327 2351 691 2416 prophetam,
755 2355 915 2416 cujus
977 2353 1142 2402 etiam
1205 2353 1450 2402 carmina
1514 2354 1750 2416 Χρησμῶν

143 2421 276 2471 titulo
315 2423 590 2486 inscripta
633 2427 786 2473 erant
827 2438 837 2471 :
883 2436 991 2486 qua
1040 2422 1107 2473 de
1151 2436 1208 2474 re
1249 2424 1460 2473 videsis
1497 2423 1747 2474 Grotium

143 2493 185 2539 in
207 2492 451 2543 eumdem
484 2494 696 2544 locum.

194 2564 275 2625 (43)
312 2565 540 2615 Similia
582 2565 651 2615 de
691 2563 873 2615 Codro
916 2565 1112 2616 ultimo
1152 2565 1582 2616 Atheniensium
1624 2579 1752 2629 rege

143 2640 298 2684 narrat
323 2637 639 2687 Pausanias
668 2637 724 2685 in
762 2635 977 2696 Atticis,
1017 2640 1071 2686 et
1118 2640 1238 2699 post
1272 2650 1398 2685 eum
1434 2637 1747 2687 Eusebius:

143 2717 227 2755 nec
270 2720 376 2757 non
428 2721 507 2758 ex
576 2708 784 2757 Latinis
839 2708 1126 2767 Justinus,
1179 2707 1532 2768 Paterculus,
1586 2711 1752 2771 atque

145 2775 232 2824 alii.
269 2776 428 2839 Quod
464 2782 662 2828 autem
705 2777 1056 2829 subnectitur
1099 2777 1167 2828 de
1203 2777 1543 2840 imperatoris
1579 2775 1749 2840 filia...

145 2847 200 2895 ad
234 2850 557 2912 sacriﬁcium
597 2855 816 2909 vocata;
849 2851 1099 2899 innuitur
1127 2848 1428 2912 Iphigenia
1462 2851 1756 2913 Agamem-

145 2920 279 2968 nonis
313 2921 652 2972 Graacorum
688 2921 744 2970 in
787 2921 934 2971 bello
974 2921 1212 2983 Trojano
1247 2921 1594 2982 imperatoris
1626 2920 1756 2971 filiai

145 2991 482 3053 sacriﬁcium;
523 3006 690 3056 quam
722 2992 966 3043 fabulam
998 3005 1112 3042 non
1149 2991 1331 3042 solum
1374 2991 1664 3056 Euripides
1696 2993 1754 3041 in

146 3060 276 3127 Trag.
304 3063 372 3115 de
403 3065 527 3116 hoc
566 3068 911 3128 argumento,
935 3067 991 3115 et
1025 3064 1118 3114 alii
1153 3067 1332 3127 poetas
1373 3063 1631 3127 pluribus
1673 3064 1756 3113 lo-

147 3134 225 3194 cis,
243 3126 337 3187 sed
378 3139 561 3188 etiam
600 3126 792 3201 Dictys
822 3135 1104 3188 Cretensis
1145 3126 1465 3197 historicus,
1503 3136 1595 3186 lib.
1642 3149 1657 3186 ι
1695 3126 1832 3198 deC

153 3319 450 3330 ——_—

1850 1972 1920 2028 tis
1950 1974 2134 2028 vincla
2163 1974 2414 2028 nescivit.

1849 2140 1992 2192 Bello
2023 2142 2186 2205 Troj.,
2211 2145 2624 2192 commemorat.

1911 2214 2008 2275 (44)
2051 2211 2194 2263 Cum
2235 2213 2404 2276 pestis
2443 2215 2611 2262 totam
2647 2214 2882 2263 Aoniam
2923 2214 3251 2274 devastaret,
3281 2225 3478 2263 oracu-

1849 2283 2080 2347 lnmque
2119 2283 2493 2346 respondisset
2534 2296 2656 2332 eam
2695 2286 2814 2332 tum
2849 2282 3073 2333 demum
3117 2288 3478 2341 cessaturam,

1851 2354 1897 2402 si
1938 2367 1998 2404 se
2040 2352 2166 2402 duas
2201 2354 2443 2416 virgines
2493 2353 2654 2402 morti
2705 2353 3078 2416 devovissent,
3117 2354 3247 2404 ﬁlias
3297 2356 3484 2418 cujus-

1851 2423 1978 2473 dam
2028 2423 2248 2474 Orionis
2287 2425 2463 2475 Bmoti
2510 2424 2654 2475 ultro
2695 2425 2802 2474 sibi
2841 2425 3108 2476 violentas
3149 2439 3348 2476 manus
3389 2426 3482 2474 in-

1851 2496 2090 2545 ferentes
2143 2497 2356 2558 pestem
2417 2494 2640 2545 sedasse
2690 2495 3016 2546 referuntur.
3065 2495 3204 2546 Vide
3270 2499 3475 2546 Anton.

1851 2565 2158 2616 Liberalem
2225 2579 2294 2616 ex
2353 2566 2668 2627 Nicandro,
2720 2565 2816 2616 lib.
2872 2579 2929 2617 IV
2984 2566 3378 2628 litteratorum;
3427 2569 3482 2615 et

1851 2637 2122 2700 Corinna,
2165 2637 2258 2687 lib.
2305 2651 2320 2686 ι
2361 2639 2736 2689 Mutationum.
2792 2637 2901 2688 Sed
2944 2637 3083 2688 forte
3131 2636 3200 2687 ad
3251 2635 3479 2686 Theba-

1851 2722 1980 2758 nam
2033 2708 2184 2759 luem
2235 2721 2360 2772 quaa
2419 2708 2524 2758 sub
2577 2708 2854 2772 (Edipode
2924 2708 3190 2772 contigit,
3238 2719 3478 2772 qumque

1852 2780 1971 2843 ipso
2017 2781 2074 2828 in
2127 2779 2383 2829 exsilium
2437 2779 2706 2839 abeunte,
2759 2782 2927 2842 atque
2971 2779 3261 2829 interfecta
3309 2780 3480 2827 matre

1851 2850 2103 2910 Jocasta,
2155 2863 2402 2900 cessasse
2452 2849 2674 2909 dicitur,
2729 2849 2836 2899 hoc
2885 2849 3008 2900 loco
3054 2850 3295 2912 respexit
3347 2851 3482 2898 Am-

1852 2921 2093 2971 brosius.
2132 2921 2215 2971 De
2254 2935 2365 2984 qua
2404 2935 2462 2972 re
2509 2921 2738 2971 consule
2785 2919 3107 2981 Diodorum,
3151 2919 3244 2969 lib.
3284 2932 3320 2980 1,
3361 2917 3480 2968 Sta-

1855 2994 2012 3053 tium,
2045 2992 2317 3042 Senecam
2344 2996 2399 3042 et
2421 2991 2575 3042 alios.

1921 3067 2014 3128 (45)
2043 3065 2202 3117 Rom.
2239 3063 2367 3116 edit.
2410 3066 2549 3128 sola,
2577 3065 2720 3130 quod
2751 3071 2845 3115 aut
2882 3064 3140 3115 relations
3176 3062 3474 3129 praevaluit.

2759 3320 3110 3328 Μ-
3117 3319 3472 3329 _—_____—-

1296 3481 1635 3576 LIBER
1719 3482 2301 3575 SEPTIMUS.

207 3835 440 3909 1411
501 3837 672 3904 (Vers.
710 3835 823 3903 27.)
858 3837 982 3889 Dico
1027 3841 1206 3889 autem
1239 3834 1389 3889 vobis
1418 3851 1435 3887 :
1474 3847 1595 3888 vere
1630 3840 1759 3888 sunt

151 3931 301 3999 aliqui
324 3934 407 3985 hic
433 3934 650 3987 stantes
696 3931 791 3999 qui
831 3945 938 3982 non
977 3929 1276 3997 gustabunt
1311 3933 1554 3989 mortem,
1595 3927 1759 3982 donec

152 4025 344 4080 videant
370 4040 606 4094 regnum
635 4026 747 4079 Dei.

214 4123 252 4173 ι.
275 4119 521 4190 Semper
550 4117 829 4172 Dominus
855 4116 999 4171 sicut
1023 4115 1094 4170 ad
1117 4115 1356 4186 praemia
1376 4115 1548 4186 erigit
1568 4115 1759 4169 futura

153 4211 421 4282 virtutum,
462 4218 639 4282 atque
685 4210 887 4264 utilem
943 4209 1301 4264 saecularium
1349 4225 1541 4264 rerum
1598 4208 1763 4262 docet

153 4321 254 4360 esse
297 4309 721 4376 contemptum,
767 4305 847 4358 ita
897 4303 1066 4358 etiam
1117 4301 1504 4356 inﬁrmitatem
1558 4301 1762 4356 mentis

157 4398 402 4454 humanae
478 4398 853 4470 praesentium
933 4396 1390 4451 remuneratione
1465 4397 1759 4450 sustentat.

1859 3831 2041 3886 mitati
2082 3830 2425 3898 remedium,
2456 3835 2521 3886 ut
2546 3829 2923 3902 presentibus
2951 3829 3298 3884 sustineatur
3325 3829 3481 3884 infir-

1858 3925 2042 3991 mitas,
2080 3925 2256 3979 virtus
2294 3923 2516 3979 futuris.
2556 3924 2615 3979 Si
2658 3923 2818 3978 fortis
2869 3940 2948 3990 es,
2987 3927 3287 3978 contemne
3327 3937 3479 3976 mor-

1859 4023 2004 4085 tem;
2039 4018 2082 4073 si
2113 4018 2410 4073 imbecillis
2440 4034 2522 4085 es,
2554 4019 2706 4090 fuge.
2737 4017 2848 4073 Sed
2878 4033 3050 4072 nemo
3077 4018 3262 4087 potest
3280 4016 3481 4087 fugere

1857 4115 2123 4180 mortem,
2154 4111 2261 4165 nisi
2290 4112 2466 4166 vitam
2493 4117 2788 4183 sequatur.
2820 4110 2940 4165 Vita
2970 4115 3064 4165 tua
3093 4109 3347 4167 Christus
3377 4111 3482 4174 est,

1862 4206 1980 4278 ipse
2007 4209 2092 4261 est
2114 4206 2230 4260 vita
2259 4222 2388 4278 quae
2415 4205 2561 4260 mori
2587 4205 2784 4261 nescit.

1929 4303 1984 4354 2.
2014 4302 2205 4371 Itaque
2236 4299 2283 4354 si
2320 4300 2583 4355 volumus
2613 4302 2855 4354 mortem
2884 4314 2996 4353 non
3027 4299 3248 4365 timere,
3277 4301 3488 4353 stemus

1862 4393 1960 4448 ubi
1999 4394 2255 4451 Christus
2296 4397 2400 4461 est,
2437 4397 2502 4447 ut
2537 4399 2593 4448 et
2632 4393 2701 4448 de
2745 4392 2910 4447 nobis
2947 4392 3098 4447 dicat
3131 4409 3144 4446 :
3191 4393 3326 4447 Vere
3363 4395 3490 4446 sunt

157 4493 384 4548 Arduum
445 4493 660 4565 quippe
709 4495 792 4546 est
834 4506 1061 4545 crucem
1114 4490 1344 4556 tollere,
1399 4492 1455 4544 et
1506 4477 2041 4558 animamDaliqui
2074 4489 2159 4541 hic
2193 4494 2422 4550 stantes,
2462 4490 2559 4557 qui
2589 4503 2698 4541 non
2736 4487 3040 4556 gustabunt
3079 4491 3324 4540 mortem.
3365 4485 3486 4537 Non

160 4587 416 4655 periculis,
466 4586 638 4641 morti
677 4601 879 4656 corpus
926 4584 1167 4638 offerre:
1218 4599 1429 4654 negare
1475 4582 1629 4654 quod
1665 4582 1758 4647 sis,

160 4694 267 4733 cum
323 4681 459 4736 velis
504 4696 627 4734 esse
673 4679 822 4751 quod
874 4695 986 4732 non
1034 4677 1140 4746 sis;
1190 4692 1452 4747 raroque,
1501 4675 1764 4747 quamvis

160 4775 358 4828 excelsa
388 4775 590 4839 virtus,
621 4773 826 4827 futuris
853 4770 1154 4843 praesentia
1180 4772 1509 4824 commutat.
1532 4768 1764 4824 Difﬁcile

1863 4581 1998 4636 satis
2043 4584 2128 4635 est
2173 4584 2344 4649 stare,
2396 4580 2501 4634 nisi
2550 4579 2643 4633 ubi
2680 4579 2936 4636 Christus
2983 4581 3087 4654 est,
3135 4580 3346 4647 stetur;
3388 4577 3489 4632 soli

1864 4673 2016 4729 enim
2049 4690 2161 4728 non
2189 4676 2408 4744 queunt
2435 4675 2660 4743 gustare
2688 4677 2932 4727 mortem
2953 4672 3051 4744 qui
3077 4676 3320 4744 possunt
3344 4674 3489 4725 stare

1865 4783 1994 4821 cum
2022 4767 2264 4824 Christo.
2300 4767 2360 4820 ln
2394 4782 2506 4837 quo
2541 4765 2670 4821 licet
2708 4783 2777 4821 ex
2816 4765 2973 4820 verbi
3014 4766 3190 4838 ipsius
3220 4764 3491 4838 qualitate

1866 4860 2241 4933 perpendere,
2268 4876 2343 4914 ne
2383 4864 2614 4915 tenuem
2653 4860 2891 4931 quidem
2931 4877 3159 4915 sensum
3198 4859 3494 4913 habituros

1866 4955 2089 5021 mortis,
2135 4953 2230 5026 qui
2275 4953 2482 5010 Christi
2527 4953 2828 5009 videantur
2869 4955 3145 5008 meruisse
3192 4951 3490 5008 consortia.

1867 5050 2028 5106 Certe
2058 5064 2209 5102 mors
2248 5047 2506 5119 corporis
2545 5047 2777 5103 libando
2824 5052 3104 5120 gustetur,
3137 5047 3250 5102 vita
3287 5046 3494 5100 animm

1869 5142 2222 5214 possessione
2256 5146 2538 5196 teneatur.

1943 5240 1994 5291 3.
2023 5235 2130 5292 Sed
2157 5235 2297 5307 quid
2327 5239 2409 5291 est
2436 5240 2665 5307 gustare
2694 5237 2979 5291 mortem?
3006 5237 3084 5292 Ne
3110 5235 3258 5290 forte
3295 5250 3495 5307 quem-

1874 5329 2184 5385 admodum
2213 5331 2376 5401 panis
2401 5330 2514 5384 vita
2544 5335 2646 5396 est,
2685 5330 2757 5384 ita
2800 5329 2974 5385 etiam
3015 5329 3178 5400 panis
3219 5345 3372 5385 mors
3400 5329 3496 5398 sit;

1874 5426 2008 5477 sunt
2059 5423 2210 5478 enim
2255 5423 2353 5494 qui
2397 5422 2748 5477 manducant
2799 5438 3012 5493 panem
3061 5421 3276 5476 doloris
3329 5423 3498 5493 (Psal.

1877 5533 2058 5583 cxxvx,
2112 5519 2201 5586 2);
2255 5521 2388 5570 sunt
2436 5515 2608 5570 etiam
2661 5515 2981 5586 Ethiopum
3025 5516 3222 5588 populi
3267 5516 3366 5588 qui
3408 5534 3498 5571 ac-

1876 5613 2154 5682 ceperunt
2202 5609 2261 5664 in
2317 5625 2504 5664 escam
2561 5609 2861 5664 draconem
2912 5609 3082 5680 (Psal.
3144 5626 3338 5679 Lxxm,
3397 5613 3503 5679 l4).

1875 5703 2035 5758 Absit
2070 5720 2103 5756 a
2141 5702 2304 5758 nobis
2344 5717 2630 5756 venenum
2675 5702 2934 5758 draconis
2962 5720 3196 5773 vorare;
3227 5704 3507 5761 habemus

1879 5797 2035 5850 enim
2063 5812 2270 5868 panem
2298 5809 2519 5866 verum,
2552 5812 2762 5869 panem
2791 5797 2953 5854 illum
2993 5799 3090 5872 qui
3120 5798 3416 5856 descendit
3441 5797 3510 5852 de

160 4866 346 4938 quippe
374 4867 608 4923 videtur
626 4865 970 4930 hominibus,
997 4867 1062 4918 ut
1081 4881 1237 4935 spem
1259 4863 1525 4935 periculis
1546 4865 1762 4929 emant,

162 4959 458 5034 damnoque
512 4960 877 5032 praesentium
921 4959 1126 5013 futurae
1175 4958 1396 5012 lucrum
1441 4958 1768 5011 mercentur

164 5056 337 5110 (etatis.
394 5057 546 5126 Ergo
599 5055 784 5110 bonus
831 5059 886 5108 et
934 5052 1165 5108 moralis
1204 5051 1475 5122 magister
1518 5067 1589 5104 ne
1644 5049 1769 5121 quis

167 5146 548 5219 desperatione
601 5149 902 5219 frangatur
941 5152 1038 5201 aut
1082 5145 1270 5214 tedio,
1321 5143 1597 5216 quoniam
1641 5143 1768 5197 vita:

167 5238 322 5296 dulcis
361 5241 629 5297 illecebra
676 5245 1030 5297 constantem
1077 5255 1302 5311 quoque
1348 5237 1559 5292 mulcet
1598 5235 1767 5292 affec-

169 5338 302 5401 tum,
354 5335 656 5391 continuos
708 5334 928 5389 vivendi
982 5349 1272 5388 successus
1322 5331 1585 5386 ﬁdelibus
1647 5331 1807 5400 pol-.

171 5425 378 5498 licetur;
437 5429 650 5500 frigent
701 5429 856 5484 enim
915 5427 1109 5482 solatia
1157 5427 1262 5480 sub
1327 5429 1486 5480 metu
1554 5425 1769 5490 mortis,

173 5534 505 5594 magnusque
548 5539 708 5579 amor
754 5522 882 5578 vita:
932 5537 1084 5592 aegre
1125 5519 1432 5575 blanditias
1482 5519 1600 5590 spei
1642 5534 1773 5572 cum

175 5617 415 5685 appetita:
480 5617 672 5672 salutis
734 5619 951 5672 terrore
1015 5618 1360 5686 compensat.
1419 5613 1539 5667 Non
1600 5611 1775 5667 habes

180 5705 331 5774 igitur
375 5710 526 5780 quod
573 5709 850 5782 queraris,
899 5725 1014 5764 non
1066 5708 1239 5763 habes
1282 5707 1438 5779 quod
1485 5721 1720 5760 excuses
1759 5721 1772 5758 :

183 5799 371 5857 arbiter
397 5803 651 5860 omnium
683 5804 838 5860 dedit
869 5806 927 5858 et
965 5802 1158 5858 virtuti
1184 5801 1505 5877 praemium,
1539 5801 1597 5853 et
1622 5798 1777 5853 inﬁr-
