3972 6174
490 177 630 252 ιτεή
1955 211 2008 263 s.
2051 209 2364 264 AMBROSII
3651 226 3758 280 nas

484 322 644 377 coelo.
685 323 896 378 Panem
935 323 1096 378 illum
1127 326 1456 390 manducet,
1488 327 1586 398 qui
1625 344 1694 383 ea
1737 345 1863 401 qua
1903 331 2110 400 scripta
2133 343 2189 415 Α
2210 331 2362 385 filius
2389 347 2505 386 non
2533 336 2648 399 est;
2681 332 2777 403 qui
2807 348 3035 388 crucem
3060 334 3349 392 stultitiam
3383 342 3547 408 putat,
3576 342 3762 400 Gracus

482 419 615 469 sunt
653 420 853 471 servat.
903 417 1050 472 Sunt
1091 434 1228 489 ergo
1273 420 1370 490 qui
1412 425 1658 476 mortem
1701 440 1814 476 non
1857 427 2104 493 gustant,

481 509 660 563 donec
685 510 917 564 videant
939 527 1183 581 regnum
1213 513 1331 567 Dei.
1364 514 1507 568 Sunt
1537 515 1709 570 etiam
1739 516 1832 586 qui
1865 523 2106 570 mortem

430 650 432 653 .
474 618 592 657 non
629 603 875 671 videant,
922 603 1068 659 sicut
1107 605 1378 676 scriptum
1422 613 1546 662 est:
1586 609 1771 672 «Quis
1804 614 1888 663 est
1928 611 2104 664 homo

480 695 580 768 qui
619 697 785 766 vivet,
832 702 888 754 et
929 714 1042 753 non
1089 699 1302 754 videbit
1349 705 1595 756 mortem
1637 704 1801 772 (Psal.
1848 719 2104 772 LXXXVIII,

479 790 566 858 49)
588 791 614 844 ?
644 812 670 838 η

549 885 600 937 4.
655 884 767 939 Sed
815 885 940 956 quis
985 893 1071 940 est
1115 887 1286 942 homo
1335 889 1429 959 qui
1471 905 1583 943 non
1629 890 1929 957 moriatur,
1976 907 2104 946 cum

476 979 808 1032 resurrectio
845 979 953 1033 nisi
994 981 1203 1035 mortui
1247 998 1367 1036 esse
1415 998 1528 1036 non
1575 983 1792 1053 possit?
1833 985 2102 1048 Quamvis

477 1070 545 1126 de
577 1073 769 1126 Enoch
795 1078 849 1126 et
882 1073 1003 1128 Elia
1046 1075 1260 1128 nullam
1295 1082 1541 1130 mortem
1577 1077 1829 1148 corporis
1866 1094 2101 1149 accepe-

478 1164 674 1232 rimus,
706 1168 764 1219 et
801 1166 871 1220 de
909 1168 1268 1238 Evangelista
1301 1170 1514 1222 Joanne
1550 1170 1822 1225 Dominus
1849 1172 2055 1226 dixerit
2086 1189 2100 1227 :

481 1280 507 1307 ‹‹
549 1259 601 1312 Si
656 1275 788 1313 eum
838 1261 963 1314 volo
1019 1276 1250 1315 manere
1306 1261 1489 1317 donec
1537 1263 1705 1318 venio
1747 1266 1947 1333 (Joan..
1991 1283 2102 1333 XXI,

479 1351 598 1420 22);
645 1374 672 1400 »
718 1355 906 1406 tamen
954 1354 1227 1424 quoniam
1278 1371 1393 1410 non
1445 1355 1516 1410 de
1570 1374 1680 1410 uno
1723 1359 1943 1413 Joanne
1996 1361 2104 1415 hoc

475 1447 740 1514 putamus
770 1461 1122 1517 expressum,
1153 1447 1201 1520 1
1219 1448 1332 1520 41
1350 1448 1409 1522 2
1436 1449 1532 1505 sed
1564 1452 1827 1521 generale
1858 1452 1925 1507 de
1952 1454 2100 1508 mul-

476 1537 546 1591 tis
568 1538 671 1591 hoc
702 1555 822 1593 esse
848 1544 1223 1611 praceptum,
1254 1559 1370 1597 non
1409 1543 1499 1598 hic
1527 1561 1682 1599 mors
1711 1547 1983 1616 corporis,
2007 1548 2104 1601 sed

473 1631 680 1685 anima
726 1631 1064 1704 denegatur.
1111 1634 1257 1689 Sunt
1303 1637 1458 1690 enim
1499 1639 1594 1708 qui
1636 1639 1850 1693 mortui
1882 1641 2096 1707 vivunt,

475 1725 743 1793 quoniam
770 1730 904 1779 sunt
932 1727 1028 1797 qui
1059 1727 1311 1783 viventes
1339 1730 1548 1784 mortui
1588 1734 1738 1797 sunt,
1767 1731 1910 1787 sicut
1934 1731 2102 1788 vidua
2121 1705 2178 1776 B

472 1816 566 1870 illa
614 1833 741 1888 qua
783 1819 975 1873 vivens
1020 1823 1247 1874 mortua
1287 1827 1369 1876 est
1418 1823 1460 1893 (Ι
1512 1825 1670 1886 Tim.,
1725 1841 1774 1890 v,
1828 1825 1900 1896 6),
1961 1825 2105 1881 sicut

478 1910 756 1981 scriptum
783 1916 866 1965 est
899 1929 912 1965 :
955 1913 1153 1968 Veniat
1190 1929 1333 1969 mors
1366 1931 1527 1984 super
1551 1930 1655 1978 eos,
1696 1923 1746 1971 et
1777 1918 2102 1973 descendant

474 2005 536 2056 in
571 2005 848 2069 infernum
886 2007 1124 2060 viventes
1163 2008 1328 2076 (Psal.
1378 2025 1480 2075 LIV,
1525 2011 1632 2078 16).
1674 2009 1728 2064 Si
1771 2027 1906 2081 ergo
1945 2012 2102 2066 vivus

475 2095 601 2166 quis
633 2096 691 2150 in
720 2097 1008 2152 infernum
1037 2099 1332 2154 descendit
1369 2102 1618 2171 (peccato
1653 2103 1805 2157 enim
1846 2108 2104 2160 mortuus

474 2189 532 2242 in
575 2189 786 2244 inferni
832 2191 1124 2246 descendit
1172 2193 1594 2265 habitaculum),
1647 2200 1778 2250 sunt
1819 2198 1922 2266 (46)
1965 2214 2099 2270 pro-

473 2282 622 2336 tecto
655 2283 859 2352 quibus
897 2300 1002 2339 nec
1039 2285 1096 2338 in
1135 2291 1320 2341 morte
1358 2289 1614 2359 corporis
1644 2289 1996 2361 interruptus
2033 2292 2105 2346 sit

469 2375 612 2429 ordo
653 2376 901 2444 vivendi,
941 2377 1084 2433 sicut
1119 2379 1430 2447 Abraham,
1459 2384 1613 2437 Isaac
1646 2387 1704 2437 et
1737 2384 1930 2450 Jacob,
1962 2401 2101 2456 quos

469 2468 658 2524 vivere
704 2469 912 2525 divina
958 2473 1256 2528 sententiae
1304 2476 1636 2530 auctoritate
1683 2479 2098 2549 comperimus;

471 2562 742 2632 quoniam
769 2581 900 2619 cum
926 2566 1001 2620 sit
1021 2569 1163 2621 Deus
1190 2566 1500 2636 Abraham,
1529 2571 1676 2624 Isaac
1701 2575 1755 2625 et
1778 2571 1964 2639 Jacob,
1986 2589 2100 2627 non

469 2655 666 2726 utique
695 2665 1056 2714 mortuorum
1080 2664 1163 2716 est
1192 2661 1359 2731 Deus,
1389 2662 1485 2717 sed
1516 2663 1827 2719 viventium
1853 2666 2096 2736 (Matth.,

472 2764 604 2816 XXII,
636 2753 745 2819 32).

540 2850 592 2899 5.
648 2847 839 2918 Itaque
887 2864 1001 2902 non
1046 2849 1116 2904 de
1158 2865 1294 2916 uno,
1347 2850 1444 2906 sed
1502 2851 1574 2905 de
1617 2852 1876 2922 pluribus
1926 2853 2095 2922 dicit;

469 2957 661 3012 neque
693 2940 845 2994 enim
873 2943 1069 2996 Petrus
1099 2949 1358 2998 mortuus
1385 2949 1488 3010 est,
1516 2945 1604 2998 cui
1637 2945 1806 3016 juxta
1842 2947 2096 3000 Domini-

468 3049 594 3088 cam
633 3034 977 3088 sententiam
1006 3034 1176 3090 inferi
1213 3042 1378 3107 porta
1416 3037 1726 3108 pravalere
1764 3055 1880 3093 non
1911 3041 2172 3142 potuitC

467 3127 712 3194 (Matth..
753 3143 860 3192 XVI,
913 3127 1020 3197 18).
1063 3128 1176 3182 Nec
1221 3129 1459 3184 Jacobus
1501 3135 1556 3184 et
1599 3131 1842 3185 Joannes
1889 3134 2096 3187 mortui

469 3218 572 3272 filii
599 3219 842 3273 tonitrui
874 3219 1094 3290 (Marc.,
1126 3236 1205 3286 III,
1249 3223 1355 3291 17),
1385 3223 1588 3292 quibus
1617 3223 1674 3277 in
1701 3240 1869 3278 usum
1899 3225 2098 3296 gloria

469 3311 708 3366 caelestis
735 3312 1040 3382 assumptis
1071 3329 1186 3367 non
1215 3315 1530 3384 pravalent
1559 3319 1803 3386 terrena,
1836 3319 1931 3372 sed
1961 3319 2095 3372 sub-

459 3405 676 3474 jacent.
734 3406 861 3460 Esto
912 3421 1048 3476 ergo
1101 3410 1158 3460 et
1203 3410 1258 3460 tu
1318 3409 1536 3477 Petrus,
1585 3408 1842 3480 devotus,
1890 3410 2092 3480 ﬁdelis,

465 3497 749 3568 pacificus,
818 3503 878 3553 ut
937 3504 1127 3569 portas
1191 3501 1452 3555 Ecclesia
1508 3503 1746 3573 aperias,
1798 3507 1854 3558 et
1905 3510 2096 3575 portas

465 3591 665 3646 mortis
691 3592 910 3646 evadas.
944 3593 1072 3648 Esto
1099 3593 1249 3647 filius
1280 3595 1534 3650 tonitrui.
1574 3595 1718 3650 Dicis
1749 3615 1760 3649 :
1795 3597 2094 3661 Quomodo

469 3701 695 3756 possum
743 3701 862 3740 esse
906 3686 1055 3740 ﬁlius
1097 3687 1374 3742 tonitrui?
1414 3689 1572 3743 Potes
1611 3705 1753 3758 esse,
1787 3690 1830 3744 si
1876 3707 1988 3744 non
2036 3692 2093 3746 in

469 3785 638 3847 terra,
676 3779 774 3834 sed
814 3779 873 3833 in
918 3786 1143 3851 pectore
1173 3781 1379 3837 Christi
1418 3782 1738 3838 recumbas.
1773 3785 1933 3838 Potes
1970 3801 2093 3839 esse

461 3871 608 3926 ﬁlius
639 3873 899 3940 tonitrui,
930 3873 976 3926 si
1014 3879 1069 3928 te
1112 3877 1342 3928 terrena
1378 3891 1492 3928 non
1529 3879 1818 3943 moveant,
1848 3877 1943 3931 sed
1971 3878 2092 3948 ipse

460 3965 648 4034 potius
673 3981 741 4020 ea
770 3982 896 4036 qua
925 3969 1158 4021 terrena
1188 3971 1340 4034 sunt,
1368 3968 1574 4022 mentis
1595 3975 1706 4023 tua
1727 3970 1935 4024 virtute
1962 3987 2094 4025 con-

463 4058 662 4112 cutias.
693 4060 917 4114 Tremat
955 4063 1008 4114 te
1051 4063 1226 4126 terra,
1261 4078 1373 4116 non
1413 4062 1633 4133 capiat;
1671 4069 1931 4118 vereatur
1957 4080 2090 4119 caro

461 4153 802 4220 potestatem
845 4152 1021 4206 animi
1068 4153 1169 4221 tui,
1217 4159 1275 4208 et
1317 4171 1587 4209 concussa
1629 4155 1927 4210 subdatur.
1971 4158 2090 4212 Eris

465 4242 614 4296 ﬁlius
652 4244 907 4313 tonitrui,
942 4245 988 4298 si
1014 4246 1189 4300 fueris
1218 4247 1365 4301 illius
1399 4248 1678 4304 Ecclesia.
1710 4249 1869 4304 Dicat
1904 4253 1962 4304 et
1987 4251 2088 4305 tibi

465 4336 532 4392 de
554 4337 808 4408 patibulo
831 4338 1010 4393 crucis
1035 4339 1322 4395 Christus:
1352 4361 1379 4388 «
1404 4343 1540 4396 Ecce
1563 4346 1747 4396 mater
1766 4347 1864 4397 tua
1887 4343 2088 4414 (Joan.,

2209 428 2310 478 est.
2342 423 2434 481 llle
2461 427 2656 479 autem
2679 429 2763 480 est
2786 425 3044 480 Ecclesia
3071 426 3238 490 tilius,
3265 429 3355 499 qui
3375 447 3576 486 crucem
3604 437 3766 493 trium-

2209 518 2385 588 phum
2423 522 2602 589 putat,
2643 519 2742 590 qui
2777 535 3000 574 crucem
3044 520 3247 576 Christi
3272 521 3377 593 (t7)
3411 524 3766 597 triumphantis

2206 611 2478 681 agnoscit.

2277 707 2328 759 6.
2363 706 2535 774 (Vers.
2567 706 2682 776 28.)
2709 707 2856 778 Ergo
2897 713 2962 762 ut
3001 707 3140 762 scias
3170 708 3303 780 quia
3341 712 3542 777 Petrus,
3567 713 3772 770 Jacobus

2207 802 2263 852 et
2289 799 2531 854 Joannes
2552 803 2798 855 mortem
2825 817 2937 856 non
2966 806 3356 872 gustaverunt,
3377 804 3596 875 gloriam
3622 823 3774 862 resur-

2206 892 2472 946 rectionis
2516 893 2704 948 videre
2746 898 3114 963 meruerunt;
3159 895 3306 950 solos
3349 897 3491 952 enim
3529 901 3628 952 tres
3664 900 3775 954 istos

2207 991 2333 1056 post
2368 987 2487 1040 hac
2524 987 2645 1042 fere
2683 988 2852 1041 verba
2890 989 2947 1042 in
2995 988 3198 1043 diebus
3244 993 3368 1045 octo
3413 993 3702 1062 assumpsit,
3731 997 3777 1047 et

2207 1078 2364 1133 duxit
2393 1080 2449 1133 in
2475 1084 2752 1136 montem.
2783 1081 2931 1145 Quid
2969 1088 3054 1136 est
3090 1082 3243 1152 quod
3282 1083 3384 1137 iste
3415 1083 3541 1138 dicit
3566 1102 3580 1138 :
3605 1087 3660 1140 in
3681 1086 3776 1139 dic-

2206 1174 2299 1227 bus
2324 1178 2432 1227 octo
2451 1180 2572 1244 post
2607 1175 2716 1228 haec
2749 1176 2910 1229 verba
2931 1179 2958 1228 ?
2984 1177 3061 1230 Ne
3089 1175 3234 1230 forte
3271 1176 3403 1246 quia
3438 1177 3482 1229 is
3519 1177 3608 1246 qui
3635 1176 3778 1232 verba

2203 1261 2407 1316 Christi
2473 1263 2634 1317 audit
2695 1267 2750 1318 et
2811 1264 3023 1331 credit,
3079 1264 3506 1319 resurrectionis
3557 1269 3780 1335 tempore

2205 1351 2445 1421 gloriam
2471 1353 2678 1409 Christi
2723 1353 2968 1422 videbit;
2999 1359 3194 1409 octava
3230 1354 3383 1408 enim
3426 1354 3513 1408 die
3551 1353 3687 1407 facta
3717 1358 3784 1407 est

2204 1447 2562 1512 resurrectio,
2617 1447 2766 1502 unde
2823 1453 2877 1501 et
2919 1448 3176 1519 plerique
3223 1447 3427 1518 psalmi
3470 1447 3525 1500 in
3563 1449 3781 1500 octavam

2204 1539 2593 1594 inscribuntur
2619 1541 2788 1610 (Psal.
2835 1557 2910 1595 vn
2939 1547 2994 1595 et
3024 1557 3097 1607 XI,
3131 1541 3203 1612 1).
3236 1544 3348 1595 Aut
3377 1541 3518 1595 forte
3545 1545 3601 1593 ut
3622 1543 3783 1593 osten-

2203 1633 2366 1688 deret
2405 1633 2565 1688 nobis
2606 1635 2738 1705 quia
2777 1634 3004 1689 dixerat
3039 1635 3192 1706 quod
3230 1635 3276 1688 is
3317 1633 3413 1704 qui
3457 1635 3672 1704 propter
3705 1633 3788 1688 Dei

2202 1726 2440 1781 verbum
2491 1727 2807 1798 perdiderit
2855 1728 3102 1782 animam
3150 1743 3335 1794 suam,
3392 1726 3601 1781 salvam
3647 1725 3790 1780 faciet

2203 1835 2333 1873 eam
2355 1837 2370 1888 ;
2401 1820 2670 1891 quoniam
2697 1820 2971 1890 promissa
2999 1836 3098 1874 sua
3133 1820 3192 1875 in
3215 1819 3621 1876 resurrectione
3645 1818 3787 1874 resti-

2203 1915 2344 1967 tuat.

2272 2011 2324 2060 ‘7.
2354 2007 2462 2062 Sed
2481 2006 2775 2061 Matthaus
2801 2012 2858 2061 et
2885 2007 3100 2061 Marcus
3137 2013 3263 2079 post
3295 2007 3420 2062 dies
3446 2023 3542 2062 sex
3574 2022 3793 2076 assump-

2201 2104 2289 2154 tos
2328 2100 2430 2154 hos
2467 2115 2588 2155 esse
2627 2105 3023 2155 memorarunt
3067 2101 3308 2170 (Matth.,
3353 2117 3485 2168 xvn,
3528 2104 3545 2154 1
3568 2117 3582 2168 ;
3622 2102 3790 2158 Marc.

2203 2209 2277 2263 Ix,
2325 2193 2396 2264 1).
2442 2194 2520 2248 De
2577 2210 2688 2264 quo
2739 2209 3036 2265 possemus
3081 2193 3294 2262 dicere,
3342 2197 3473 2266 post
3513 2211 3606 2248 sex
3643 2192 3797 2247 millia

2203 2303 2486 2341 annorum
2519 2303 2532 2341 :
2570 2306 2597 2338 α
2631 2287 2775 2342 Mille
2805 2287 2963 2342 enim
2989 2288 3125 2342 anni
3154 2288 3212 2341 in
3240 2293 3544 2358 conspectu
3574 2286 3665 2342 Dei
3689 2292 3794 2340 tan-

2201 2396 2374 2452 quam
2427 2381 2546 2436 dies
2588 2398 2707 2435 una
2763 2383 2930 2449 (Psal.
2980 2397 3210 2450 LXXXIX,
3269 2383 3362 2450 4);
3407 2402 3434 2430 »
3492 2380 3586 2435 sed
3635 2379 3801 2450 plures

2200 2490 2374 2544 quam
2411 2491 2507 2528 sex
2549 2475 2725 2528 millia
2771 2478 3171 2545 computantur
3205 2475 3342 2528 anni
3384 2473 3514 2545 (48),
3550 2477 3604 2527 et
3640 2473 3797 2526 malu-

2200 2584 2329 2621 mus
2375 2584 2468 2623 sex
2517 2566 2774 2641 1413
2811 2568 2933 2623 dies
2969 2585 3073 2639 per
3111 2568 3439 2639 symbolum
3483 2566 3800 2636 intelligere,

2199 2660 2346 2732 quod
2401 2677 2498 2714 sex
2556 2660 2754 2715 diebus
2817 2660 3020 2715 mundi
3069 2677 3243 2732 opera
3295 2665 3434 2715 sunt
3496 2665 3700 2724 creata;
3751 2661 3802 2710 ut

2199 2770 2304 2824 per
2353 2756 2579 2824 tempus
2637 2769 2840 2824 opera,
2894 2770 2995 2824 per
3047 2769 3215 2824 Opera
3268 2753 3559 2808 mundum
3612 2749 3800 2806 intelli-

2198 2862 2400 2917 gamus
2449 2847 2575 2917 (49).
2630 2847 2696 2900 Et
2755 2846 2882 2901 ideo
2942 2845 3141 2900 mundi
3205 2846 3562 2919 temporibus
3621 2843 3802 2914 imple-

2199 2940 2304 3006 tis,
2353 2939 2690 2995 resurrectio
2744 2939 2936 2994 futura
2988 2943 3392 2995 monstratur:
3447 2943 3546 2994 aut
3596 2937 3722 3009 quia
3767 2934 3807 2988 is

2197 3032 2293 3104 qui
2348 3049 2518 3104 supra
2576 3032 2857 3086 mundum
2913 3032 3254 3098 ascenderit,
3312 3037 3374 3087 et
3425 3032 3595 3102 hujus
3640 3027 3803 3084 saeculi

2197 3131 2489 3182 momenta
2540 3125 2974 3192 transcenderit,
3018 3127 3172 3180 velut
3217 3127 3273 3180 in
3320 3125 3554 3180 sublimi
3593 3126 3806 3187 locatus,

2197 3219 2403 3274 futura
2457 3219 2888 3274 resurrectionis
2933 3219 3178 3273 fructum
3246 3218 3602 3290 exspectabit
3661 3219 3804 3270 ater-

2197 3329 2334 3367 num
2344 3353 2355 3366 .

2267 3408 2318 3460 8.
2347 3405 2836 3460 Transcendamus
2872 3405 3047 3476 igitur
3085 3421 3260 3476 opera
3298 3405 3528 3471 mundi,
3559 3409 3622 3458 ut
3653 3401 3809 3474 possi-

2195 3515 2322 3552 mus
2367 3498 2512 3552 facie
2553 3498 2626 3552 ad
2664 3498 2867 3552 faciem
2913 3499 3092 3553 Deum
3133 3499 3353 3553 videre.
3402 3520 3430 3547 «
3471 3496 3718 3553 Ascende
3760 3494 3810 3548 in

2195 3594 2448 3646 montem
2497 3591 2596 3661 qui
2649 3591 3004 3662 evangelizas
3057 3591 3192 3647 Sion
3238 3593 3393 3661 (Isa.,
3443 3609 3534 3658 XL,
3582 3591 3655 3660 9).
3698 3611 3722 3637 ››
3765 3587 3810 3641 Si

2193 3686 2252 3740 in
2295 3691 2547 3740 montem
2591 3684 2850 3739 ascendit
2895 3685 2991 3755 qui
3033 3685 3392 3756 evangelizat
3421 3685 3583 3750 Sion,
3619 3686 3813 3754 quanto

2195 3779 2377 3850 magis
2431 3779 2525 3849 qui
2567 3778 2853 3834 Christum
2905 3779 3274 3848 evangelizat,
3319 3783 3380 3832 et
3433 3778 3721 3832 Christum
3763 3775 3811 3827 in

2195 3873 2433 3943 gloriam
2471 3872 2912 3943 resurgentem?
2964 3872 3222 3926 Fortasse
3271 3872 3435 3926 enim
3487 3872 3547 3926 in
3593 3882 3813 3940 corpore

2194 3982 2327 4019 eum
2370 3965 2532 4019 multi
2563 3964 2820 4031 videant;
2855 3965 3020 4019 multi
3055 3965 3208 4019 enim
3240 3965 3568 4020 secundum
3601 3976 3812 4018 carnem

2193 4060 2559 4130 cognovimus
2585 4058 2872 4112 Christum
2903 4081 2912 4111 :
2950 4074 3101 4112 nunc
3138 4062 3330 4113 autem
3353 4061 3482 4129 jam
3513 4075 3632 4113 non
3669 4054 3812 4110 novi-

2191 4170 2334 4208 mus.

2261 4250 2311 4300 9.
2390 4246 2545 4301 Multi
2618 4244 3027 4317 cognovimus,
3099 4245 3234 4316 quia
3306 4246 3485 4300 multi
3562 4245 3816 4300 vidimus.

2195 4361 2222 4388 ‹‹
2260 4339 2514 4394 Vidimus
2568 4356 2721 4407 eum,
2775 4343 2832 4394 et
2887 4355 3002 4393 non
3046 4338 3293 4393 habebat
3335 4339 3597 4410 speciem
3643 4350 3816 4406 neque

458 4447 568 4497 XIX,
614 4431 725 4501 27).
774 4453 801 4481 ››
846 4433 1007 4488 Dicat
1049 4437 1106 4488 et
1153 4433 1412 4489 Ecclesia
1451 4451 1464 4488 :
1524 4437 1718 4490 «Ecce
1767 4435 1916 4491 ﬁlius
1957 4429 2459 4500 tuustecorem
2503 4433 2656 4501 (Isa.,
2709 4449 2818 4502 LIII,
2865 4435 2937 4503 3).
2977 4453 3005 4481 »
3050 4433 3184 4486 Tres
3221 4436 3417 4486 autem
3465 4432 3575 4488 soli
3616 4434 3671 4485 et
3715 4433 3816 4483 tres

458 4525 640 4594 (Ibid.,
669 4526 787 4594 26)‘;
818 4548 846 4574 »
877 4532 1010 4582 tunc
1039 4527 1192 4582 enim
1222 4527 1425 4600 incipis
1455 4543 1573 4584 esse
1611 4528 1760 4584 filius
1799 4531 2082 4600 Ecclesia,

457 4633 585 4671 cum
623 4617 680 4671 in
722 4635 886 4674 cruce
919 4621 1195 4676 victorem
1229 4621 1438 4677 videris
1461 4622 1772 4678 Christum.
1812 4625 1952 4678 Nam
1987 4625 2085 4695 qui

455 4727 684 4766 crucem
739 4713 1069 4769 scandalum
1122 4719 1305 4786 putat,
1361 4715 1590 4772 Judaus
1651 4721 1767 4786 est,
1823 4718 2086 4772 Ecclesia

515 4898 612 4958 (ιϐ)
643 4896 790 4947 Edit.
818 4910 1032 4957 omnes,
1065 4904 1278 4963 peccato
1310 4899 1449 4950 enim
1491 4900 1676 4950 mortis
1719 4901 1775 4948 in
1813 4899 2084 4963 infernum

452 4967 730 5026 descendit,
762 4972 907 5028 sunt,
933 4974 1040 5018 etc.
1072 4970 1197 5018 Mss.
1225 4975 1418 5020 contra
1455 4973 1517 5020 ut
1554 4971 1611 5020 in
1649 4975 1824 5034 textu,
1850 4978 2083 5037 excepto

453 5040 602 5103 quod
643 5041 700 5089 in
745 5041 953 5104 paucis,
998 5043 1184 5092 mortis
1224 5043 1427 5107 legitur
1467 5057 1563 5105 pro
1597 5049 1857 5102 mortuus,
1896 5059 1961 5096 ac
2005 5048 2084 5094 in-

452 5111 720 5174 fernum...
763 5112 834 5161 ad
863 5111 1234 5171 habitandum,
1278 5128 1376 5178 pro
1415 5113 1671 5177 inferni...
1702 5115 2080 5167 habitaculum.

453 5184 618 5233 Porro
665 5187 955 5247 peccatum
999 5185 1184 5235 mortis
1230 5186 1411 5249 potuit
1457 5186 1784 5237 Ambrosius
1825 5187 1960 5238 illud
2004 5188 2082 5237 di-

453 5268 592 5314 cere,
637 5255 785 5320 quod
829 5269 994 5320 supra
1036 5255 1131 5305 lib.
1176 5269 1255 5317 vx,
1299 5269 1354 5304 n.
1400 5256 1480 5316 99,
1525 5261 1819 5320 peccatum
1859 5257 2082 5306 mortale

452 5326 836 5388 appellaverat.

517 5395 614 5456 (t7)
652 5396 730 5444 Ita
769 5409 963 5447 omnes
1005 5396 1133 5446 edit.
1179 5410 1244 5447 ac
1280 5397 1441 5460 pauci
1469 5409 1598 5447 mss.
1634 5397 1744 5447 Alii
1784 5410 1913 5448 vero
1961 5403 2078 5448 tum

452 5463 880 5529 frequentiores,
925 5472 1043 5517 tum
1091 5468 1462 5532 antiquiores,
1503 5469 1598 5532 qui
1641 5481 1811 5518 vocem
1866 5469 2078 5530 Christi,

452 5538 554 5583 etc.

517 5605 607 5666 (48)
661 5607 821 5676 Hanc
869 5611 1320 5672 supputationem
1382 5609 1676 5662 Ambrosio
1738 5612 2076 5676 peculiarem

452 5686 576 5723 esse
607 5674 767 5723 tradit
797 5676 986 5727 Sixtus
1011 5679 1144 5728 Sen.
1175 5681 1317 5731 Bibl.
1345 5681 1440 5731 lib.
1472 5695 1531 5743 ν,
1559 5674 1759 5733 θᾱιιοῑῖ
1777 5683 1885 5733 190.
1922 5684 2076 5743 Nam,

452 5743 650 5807 inquit,
676 5745 959 5796 secundum
983 5748 1251 5800 Habraicaa
1277 5753 1516 5803 veritatis
1553 5752 1814 5805 calculum
1847 5753 2079 5805 Ambro-

2187 4526 2348 4580 electi
2415 4527 2704 4580 ducuntur
2767 4526 2827 4580 in
2903 4529 3184 4580 montem.
3246 4527 3523 4580 Putarem
3603 4526 3659 4578 in
3724 4521 3812 4576 tri-

2185 4619 2292 4674 bus
2352 4620 2587 4690 mystice
2666 4635 2848 4690 genus
2916 4619 3223 4674 hominum
3291 4618 3812 4690 comprehensum,

2187 4714 2318 4784 quia
2372 4730 2441 4768 ex
2493 4713 2673 4767 tribus
2735 4712 2866 4767 ﬁliis
2926 4714 3043 4767 Noe
3097 4728 3277 4783 genus
3346 4729 3528 4768 omne
3593 4707 3814 4766 deﬂuxit

2183 4899 2250 4950 sit
2285 4905 2512 4964 tempore
2555 4897 2791 4948 nondum
2829 4897 3198 4962 praeterierunt
3237 4900 3372 4947 anm’
3421 4897 3572 4947 4400.
3617 4896 3810 4945 Verum

2183 4971 2305 5021 hac
2359 4971 2535 5021 sancti
2589 4969 2840 5034 prasulis
2891 4969 3078 5032 Opinio
3128 4969 3342 5032 magnis
3393 4964 3814 5018 auctoritatibus

2183 5043 2498 5093 defenditur
2550 5041 2824 5106 Theoph.,
2875 5039 3065 5104 Cypr.,
3129 5040 3302 5091 Clem.
3348 5041 3519 5090 Alex.
3572 5045 3628 5089 et
3679 5037 3809 5086 aliis.

2180 5114 2532 5164 Diversitatis
2574 5117 2757 5164 autem
2793 5113 2931 5162 ratio
2979 5116 3082 5173 est,
3127 5111 3277 5174 quod
3319 5112 3424 5175 qui
3465 5110 3622 5161 LXX
3659 5118 3810 5158 senes

2181 5186 2355 5236 secuti
2409 5189 2564 5246 sunt,
2619 5184 2795 5234 multo
2851 5184 3118 5246 majorem
3177 5195 3459 5232 annorum
3525 5190 3808 5231 numerum

2181 5255 2377 5306 mundi
2427 5255 2682 5306 atatibus
2733 5268 2798 5305 ac
2840 5254 3192 5318 potissimum
3239 5253 3440 5316 prima
3489 5251 3805 5303 attribuant.

2181 5341 2347 5392 quam
2383 5327 2419 5376 ii
2446 5325 2540 5390 qui
2578 5326 2830 5376 Hebrais
2867 5325 3186 5388 Latinisque
3223 5323 3522 5373 codicibus
3566 5321 3806 5392 adhase-

2181 5389 2327 5448 runt.
2377 5389 2486 5448 Sed
2529 5397 2598 5447 de
2639 5397 2727 5447 his
2764 5397 2873 5456 adi,
2916 5397 2962 5446 si
3006 5399 3189 5456 vacat,
3237 5394 3510 5455 Genebr.,
3555 5389 3807 5447 Torniel.,

2178 5471 2399 5529 Baron.,
2432 5470 2487 5518 in
2519 5471 2800 5533 Apparatu
2835 5467 2988 5525 Hist,
3022 5466 3055 5528 ς
3082 5466 3206 5526 119;
3233 5465 3461 5528 Scalig..
3494 5465 3560 5516 de
3603 5459 3805 5514 Emend.

2184 5542 2378 5605 Temp.;
2411 5539 2610 5590 Calvis.
2643 5540 2699 5589 in
2729 5537 2999 5598 Chronol.;
3029 5539 3236 5599 Petav.,
3261 5536 3323 5586 de
3340 5535 3598 5586 doctrina
3627 5535 3806 5596 Tanta,

2179 5612 2540 5743 θῐθῗῶοὲοιιὶ).
2583 5693 2708 5743 ms.,
2740 5685 2798 5731 ut
2845 5692 2942 5745 per
2969 5684 3208 5744 tempora
3248 5676 3512 5728 mundum
3555 5672 3806 5735 intelliga-

2174 5767 2311 5806 mus.
