3972 6174
241 243 374 296 1789

1332 238 1790 294 EXPOSITIONIS
1831 239 1896 294 lN
1936 239 2161 296 LUCAM
2204 242 2330 296 LIB.
2373 244 2484 299 νη.

3461 247 3594 298 1790

237 360 592 427 humanum,
650 359 758 414 nisi
815 360 1020 414 electos
1067 374 1376 414 cernerem.
1446 362 1556 412 Aut
1618 359 1861 414 fortasse
1884 360 2064 444 Atio,
2094 377 2207 415 non
2259 362 2361 416 tibi
2408 366 2646 433 apparet
2688 367 2905 434 quanta
2950 364 3021 416 sit
3057 363 3253 434 gloria,
3285 365 3495 434 quanta
3521 361 3595 415 sit

236 454 368 525 quia
412 454 521 508 soli
562 470 630 508 ex
673 454 938 508 omnibus
981 453 1054 507 ad
1097 453 1526 507 resurrectionis
1563 453 1862 524 pervenire

235 547 503 617 gratiam,
556 547 652 617 qui
719 547 1006 603 Christum
1066 546 1306 601 confessi
1360 547 1608 613 fuerint,
1677 562 1861 600 merc-

234 641 481 707 buntur;
541 640 677 711 quia
731 640 892 711 impii
949 641 1007 694 in
1059 640 1344 710 judicium
1397 657 1510 693 non
1559 643 1867 709 resurgunt

237 735 401 801 (Psal.
455 751 491 801 ι,
537 737 610 803 5),
657 734 755 787 sed
807 739 1079 804 tanquam
1125 733 1321 788 habito
1360 732 1576 803 judicio
1613 733 1862 804 puniun-

234 833 346 881 tur.
396 829 532 882 Tres
581 827 758 898 igitur
805 827 1115 897 eliguntur,
1159 827 1257 898 qui
1297 827 1670 882 ascenderant
1709 843 1865 881 mon-

235 926 383 986 tem;
439 922 578 992 quia
631 924 686 975 et
737 921 849 974 duo
900 921 1222 992 eliguntur,
1280 920 1376 992 qui
1428 937 1556 974 cum
1621 921 1864 975 Domino

233 1015 586 1069 viderentur.
647 1015 926 1085 Utrinque
976 1019 1221 1068 sacratus
1283 1030 1575 1069 numerus.
1631 1015 1698 1067 Et
1757 1014 1865 1069 hoc

233 1109 482 1162 fortasse
546 1112 875 1179 propterea,
933 1108 1069 1178 quia
1130 1123 1300 1162 nemo
1359 1113 1543 1178 potest
1592 1123 1865 1162 resurrec-

230 1201 403 1255 tionis
457 1201 700 1272 gloriam
749 1201 962 1269 videre,
1013 1201 1118 1254 nisi
1171 1201 1268 1272 qui
1319 1201 1608 1271 integrum
1661 1208 1865 1271 myste-

231 1295 383 1348 rium
441 1295 730 1349 Trinitatis
795 1294 1129 1365 incorrupta
1181 1294 1310 1348 fidei
1370 1294 1696 1348 sinceritate
1755 1310 1865 1347 ser-

231 1388 468 1442 vaverit.
527 1391 722 1442 Petrus
772 1389 1046 1456 ascendit,
1106 1388 1202 1458 qui
1246 1388 1432 1441 claves
1484 1388 1646 1457 regni
1700 1388 1860 1441 coelo-

231 1499 359 1535 rum
413 1482 636 1552 accepit
680 1483 922 1550 (Matth.,
976 1497 1082 1547 xvt,
1142 1483 1260 1549 19);
1312 1482 1556 1534 Joannes
1605 1496 1862 1550 quoque,

231 1575 319 1628 cui
377 1576 757 1630 committitur
796 1575 1021 1630 Domini
1069 1578 1257 1628 mater
1308 1574 1512 1644 (10am,
1559 1590 1667 1642 xIx,
1713 1577 1797 1642 2‘7)
1848 1592 1858 1627 :

229 1669 479 1724 Iacobus
541 1668 746 1737 etiam,
809 1669 905 1740 qui
967 1668 1184 1739 primus
1247 1667 1451 1721 solium
1519 1667 1864 1721 sacerdotale

231 1762 568 1818 conscendit
596 1762 727 1831 (50).

307 1859 394 1910 10.
447 1857 626 1924 (Vers.
677 1855 789 1923 30.)
837 1855 971 1908 Inde
1016 1859 1298 1925 apparent
1336 1855 1546 1925 Moyses
1595 1858 1652 1908 et
1697 1853 1862 1924 Elias,

232 1951 338 2004 hoc
371 1958 481 2015 est,
518 1950 628 2002 Lex
662 1952 718 2002 et
747 1948 1050 2019 prophetia
1077 1964 1206 2001 cum
1247 1947 1460 2012 Verbo;
1495 1964 1681 2018 neque
1711 1948 1863 2001 enim

231 2044 338 2097 Lex
372 2046 567 2113 potest
605 2058 724 2096 esse
765 2041 886 2097 sine
934 2041 1133 2107 Verbo,
1185 2056 1370 2112 neque
1419 2041 1716 2112 propheta,
1757 2040 1865 2095 nisi

233 2137 329 2207 qui
377 2137 452 2190 de
497 2137 597 2189 Dei
641 2135 776 2189 Filio
818 2134 1195 2205 prophetarit.
1246 2136 1314 2188 Et
1364 2133 1444 2187 illi
1490 2134 1718 2204 quidem
1764 2135 1865 2187 ﬁlii

233 2230 478 2284 tonitrui
517 2229 793 2300 corporali
838 2229 1019 2298 gloria
1059 2229 1286 2298 Moysen
1328 2244 1554 2298 quoque
1589 2233 1644 2282 et
1690 2228 1862 2283 Eliam

231 2322 514 2392 speculati
567 2325 718 2387 sunt,
772 2321 872 2375 sed
929 2321 1102 2375 etiam
1159 2337 1260 2374 nos
1311 2321 1565 2392 quotidie
1609 2321 1866 2375 videmus

231 2418 465 2486 Moysen
513 2431 640 2468 cum
680 2415 777 2469 Dei
830 2414 1003 2480 Filio;
1051 2413 1309 2468 videmus
1355 2415 1505 2467 enim
1553 2415 1759 2484 Legem
1806 2415 1866 2468 in

231 2508 547 2580 Evangelio
588 2509 699 2579 (5t)
739 2525 868 2561 cum
907 2508 1150 2577 legimus
1195 2525 1206 2561 :
1253 2528 1280 2556 «
1311 2507 1519 2578 Diliges
1565 2508 1865 2561 Dominum

231 2603 416 2656 Deum
443 2606 608 2656 tuum
639 2606 834 2668 (Deut,
862 2617 936 2667 v1,
968 2601 1038 2668 5).
1064 2621 1091 2649 υ
1117 2600 1386 2654 Videmus
1413 2601 1592 2655 Eliam
1615 2617 1742 2654 cum
1765 2602 1864 2655 Dei

229 2697 434 2764 Verbo,
468 2713 597 2751 cum
629 2696 875 2767 legimus
903 2717 914 2750 :
947 2717 973 2744 ‹‹
1002 2697 1136 2749 Ecce
1165 2695 1326 2766 virgo
1352 2697 1407 2749 in
1441 2701 1599 2750 utero
1628 2696 1867 2766 accipiet

232 2795 382 2857 (Isa.,
416 2807 512 2856 v11,
547 2790 652 2859 14).
690 2809 716 2839 υ
743 2789 902 2844 Unde
930 2789 1074 2843 bene
1101 2789 1275 2842 Lucas
1305 2788 1542 2853 addidit,
1572 2790 1704 2860 quia
1738 2807 1750 2842 :

309 2887 486 2956 (Vers.
514 2884 627 2953 31.)
658 2885 920 2938 Dicebant
947 2898 1214 2938 excessum
1245 2883 1356 2952 ejus
1391 2898 1546 2952 quem
1570 2885 1861 2953 completu-

224 2995 325 3035 rus
351 2983 473 3033 erat
499 2981 558 3032 in
587 2979 902 3032 Jerusalem.

310 3077 390 3126 Η.
445 3072 660 3126 Docent
712 3071 864 3124 enim
918 3074 973 3124 te
1016 3070 1088 3124 de
1135 3085 1365 3124 excessu
1417 3070 1538 3139 ejus
1575 3070 1860 3140 mysteria.

225 3169 301 3222 Et
327 3166 502 3221 hodie
546 3165 756 3235 Moyses
795 3165 981 3232 docet,
1024 3169 1081 3218 et
1115 3163 1284 3217 hodie
1326 3163 1474 3217 Elias
1508 3163 1778 3235 loquitur,
1808 3168 1863 3217 et

225 3260 403 3314 hodie
447 3259 505 3312 in
549 3259 764 3328 majore
806 3257 990 3326 gloria
1030 3256 1222 3311 videre
1266 3272 1566 3327 possumus
1609 3257 1859 3327 Moysen.

225 3354 362 3416 Quis
391 3353 548 3406 enim
576 3368 690 3406 non
712 3354 916 3422 potest,
941 3350 1169 3422 quando
1191 3355 1247 3404 et
1269 3351 1514 3421 populus
1538 3350 1861 3404 Iudaeorum

226 3463 359 3501 eum
407 3446 603 3500 videre
638 3445 841 3515 potuit,
885 3444 1008 3497 imo
1046 3443 1222 3496 vidit?
1261 3442 1411 3498 Vidit
1447 3443 1601 3498 enim
1636 3443 1695 3496 in
1739 3445 1858 3513 glo-

227 3542 314 3593 ria
355 3539 565 3593 faciem
611 3538 785 3608 Moysi
829 3537 1046 3606 (Emod._.
1091 3553 1276 3601 xxxxv,
1317 3539 1435 3604 30);
1475 3537 1570 3590 sed
1606 3537 1862 3590 velamen

224 3633 468 3703 accepit,
528 3631 626 3686 sed
681 3631 739 3684 in
797 3634 1056 3684 montem
1112 3647 1225 3683 non
1281 3629 1555 3684 ascendit.
1616 3631 1681 3683 Et
1731 3628 1861 3683 ideo

227 3725 493 3798 1414
524 3724 748 3792 erravit,
783 3724 913 3794 quia
940 3724 1124 3777 solum
1156 3724 1379 3794 Moysen
1408 3722 1565 3787 vidit,
1599 3723 1695 3778 Dei
1723 3724 1859 3776 Ver-

223 3820 370 3874 bum
400 3818 571 3873 simul
597 3817 789 3872 videre
819 3833 937 3871 non
965 3816 1174 3887 potuit.

301 3917 389 3967 12.
444 3911 784 3967 Revelemus
833 3910 1011 3981 igitur
1062 3925 1168 3964 nos
1213 3908 1415 3963 faciem
1473 3913 1745 3973 nostram,
1799 3913 1861 3962 ut

222 4007 471 4061 revelata
504 4004 649 4058 facie
681 4003 915 4074 gloriam
954 4002 1053 4057 Dei
1091 4001 1467 4072 speculantes,
1497 4002 1553 4056 in
1591 4002 1855 4056 eamdem

220 4100 543 4169 imaginem
597 4097 994 4151 reformemur.
1043 4095 1429 4150 Ascendamus
1474 4095 1533 4149 in
1582 4099 1856 4159 montem,

221 4194 607 4262 deprecemur
634 4190 734 4243 Dei
771 4190 1036 4257 Verbum,
1068 4193 1130 4242 ut
1154 4190 1214 4242 in
1242 4194 1424 4258 specie
1463 4192 1517 4241 et
1541 4188 1855 4258 pulchritu-

221 4286 361 4340 dine
403 4301 506 4338 sua
549 4283 716 4337 nobis
760 4285 1057 4352 appareat,
1104 4287 1157 4335 et
1209 4281 1580 4348 confortetur,
1631 4284 1686 4334 et
1733 4296 1858 4349 pro-

220 4394 390 4449 spere
430 4375 724 4448 procedat,
759 4380 815 4429 et
857 4381 1081 4445 regnet.
1125 4375 1192 4428 Et
1233 4375 1355 4428 haec
1398 4373 1550 4428 enim
1591 4373 1859 4444 mysteria

1964 455 2180 524 species
2223 455 2280 509 in
2323 456 2418 509 Dei
2456 456 2661 522 Verbo,
2693 455 2794 509 sed
2837 456 2934 510 Dei
2971 456 3217 509 Verbum
3257 456 3416 526 quasi
3448 471 3588 526 quo-

1965 549 2096 603 dam
2116 555 2352 620 apparet
2377 550 2435 602 in
2458 565 2720 620 corpore,
2743 566 2858 603 non
2885 549 3107 603 habens
3133 564 3291 602 suam
3320 549 3588 619 speciem,

1966 658 2151 714 neque
2183 644 2474 712 decorem,
2519 647 2576 697 et
2611 648 2852 714 apparet
2891 643 3052 714 quasi
3091 642 3261 696 homo
3302 641 3359 695 in
3398 643 3586 713 plaga,

1965 736 2062 807 qui
2102 736 2249 790 ferre
2294 736 2469 806 possit
2504 735 2859 790 infirmitates
2897 742 3120 791 nostras
3155 752 3168 789 :
3212 740 3447 806 apparet
3486 736 3591 790 tibi

1966 830 2127 900 quasi
2160 829 2396 902 quidam
2437 846 2627 884 sermo
2666 834 2834 884 natus
2872 846 2940 884 ex
2980 829 3233 896 homine,
3269 828 3591 884 litterarum

1966 928 2198 992 opertus
2237 923 2559 993 involucris,
2594 923 2800 978 virtute
2843 924 3086 994 Spiritus
3123 939 3236 977 non
3278 922 3585 994 refulgens.

1965 1016 2071 1071 Sed
2098 1016 2144 1069 si
2171 1016 2310 1070 dum
2342 1016 2640 1070 hominem
2666 1016 3010 1084 consideras,
3043 1016 3114 1070 de
3143 1016 3368 1087 Virgine
3397 1016 3593 1070 credas

1965 1125 2084 1164 esse
2117 1113 2480 1179 generatum,
2513 1115 2568 1164 et
2601 1111 2875 1180 paulatim
2906 1110 3118 1181 aspiret
3148 1109 3309 1177 fides,
3338 1110 3492 1181 quod
3521 1110 3589 1164 de

1966 1202 2180 1273 Spiritu
2229 1203 2323 1256 Dei
2369 1207 2534 1256 natus
2579 1204 2668 1272 sit,
2716 1203 2915 1274 incipis
2961 1206 3217 1258 montem
3262 1203 3588 1258 ascendere.

1965 1295 2021 1350 Si
2041 1295 2098 1349 in
2130 1311 2292 1351 cruce
2319 1297 2569 1367 positum
2598 1297 3046 1368 triumphantem
3074 1299 3144 1351 de
3173 1301 3354 1352 morte
3375 1296 3588 1362 videas,

1964 1405 2078 1443 non
2121 1395 2514 1460 peremptum;
2546 1391 2591 1444 si
2631 1390 2821 1444 videas
2858 1391 3010 1462 quod
3045 1396 3192 1446 terra
3227 1383 3484 1460 tremuit,
3511 1391 3589 1444 sol

1966 1483 2195 1552 refugit,
2218 1483 2468 1538 tenebrae
2498 1483 2695 1538 offusae
2723 1488 2856 1538 sunt
2880 1483 3053 1538 oculis
3080 1483 3448 1554 perﬁdorum,
3473 1501 3591 1539 mo-

1966 1580 2244 1630 numenta
2275 1582 2468 1647 aperta
2509 1582 2661 1644 sunt,
2694 1577 2902 1631 mortui
2945 1582 3332 1645 surrexerunt,
3361 1583 3421 1631 ut
3449 1583 3591 1632 esset

1966 1669 2176 1723 indicio
2203 1669 2332 1740 quia
2360 1670 2587 1741 gentilis
2614 1671 2858 1741 populus
2887 1671 2984 1743 qui
3012 1674 3273 1725 mortuus
3302 1675 3421 1725 erat
3452 1671 3584 1739 Deo,

1888 1737 1942 1808 Β
1967 1767 2237 1833 tanquam
2272 1765 2537 1817 reseratis
2565 1763 2650 1817 sui
2678 1764 2930 1835 corporis
2957 1763 3212 1831 tumulis,
3239 1764 3430 1819 infuso
3460 1781 3585 1819 cru-

1965 1856 2044 1909 cis
2075 1856 2289 1910 lumine
2316 1857 2658 1926 resurrexit;
2699 1856 2751 1911 si
2779 1857 2886 1911 hoc
2918 1857 3106 1911 videas
3145 1857 3501 1928 mysterium,
3530 1858 3589 1912 in

1969 1949 2258 2003 excelsum
2307 1949 2610 2004 ascendisti
2650 1955 2928 2015 montem,
2968 1949 3211 2004 alteram
3254 1949 3419 2004 Verbi
3464 1951 3587 2021 glo-

1965 2042 2112 2096 riam
2147 2043 2350 2097 cernis.

2039 2140 2123 2191 13.
2156 2137 2510 2192 Vestimenta
2541 2138 2663 2208 ejus
2699 2138 2810 2192 alia
2847 2137 3113 2193 deorsum
3150 2141 3300 2204 sunt,
3329 2136 3435 2191 alia
3476 2153 3593 2190 sur-

1965 2247 2112 2285 sum.
2149 2233 2215 2286 Et
2257 2231 2494 2286 fortasse
2534 2231 2879 2286 vestimenta
2919 2231 3081 2285 Verbi
3125 2246 3413 2286 sermones
3461 2232 3593 2284 sunt

1966 2325 2408 2396 Scripturarum,
2453 2331 2510 2380 et
2561 2325 2823 2396 quaedam
2881 2325 3202 2379 intellectus
3254 2324 3592 2378 indumenta

1966 2418 2170 2486 divini;
2214 2418 2346 2489 quia
2388 2418 2531 2472 sicut
2574 2419 2696 2490 ipse
2731 2420 2921 2483 Petro,
2959 2418 3159 2472 Joanni
3196 2424 3251 2471 et
3287 2416 3490 2471 Jacobo
3530 2417 3589 2471 in

1967 2513 2144 2566 altera
2169 2512 2352 2582 specie
2379 2513 2662 2582 apparuit,
2693 2515 2751 2566 et
2781 2512 3015 2565 vestitus
3042 2511 3163 2581 ejus
3191 2510 3348 2563 albus
3377 2509 3592 2564 refulsit

1966 2606 2126 2673 (vers.
2161 2607 2269 2673 29),
2304 2604 2378 2658 ita
2409 2607 2468 2658 et
2509 2604 2687 2659 oculis
2720 2608 2833 2658 tua!
2872 2603 3083 2658 mentis
3111 2603 3236 2673 jam
3271 2603 3591 2656 divinarum

1966 2698 2275 2753 lectionum
2301 2715 2498 2752 sensus
2521 2698 2776 2753 albescit.
2807 2697 2975 2751 Fiunt
3000 2697 3178 2768 igitur
3201 2695 3370 2750 verba
3395 2695 3590 2750 divina

1965 2792 2108 2846 sicut
2147 2791 2266 2858 nix,
2312 2791 2654 2846 vestimenta
2689 2791 2850 2845 Verbi
2897 2791 3136 2845 candida
3174 2789 3366 2859 nimis,
3403 2789 3592 2860 qualia

1965 2885 2099 2940 fullo
2127 2902 2302 2956 super
2327 2891 2538 2939 terram
2569 2886 2753 2939 facere
2777 2901 2892 2939 non
2922 2888 3124 2954 potest.

2039 2981 2122 3034 14.
2163 2979 2494 3042 Quaeramus
2543 2979 2695 3033 hunc
2735 2979 3034 3046 fullonem,
3073 2992 3399 3048 quaeramus
3443 2977 3589 3030 hanc

1965 3069 2176 3123 nivem.
2244 3068 2511 3139 Legimus
2578 3068 2647 3122 ad
2723 3068 2912 3121 villam
2979 3066 3211 3120 fullonis
3272 3064 3589 3120 ascendisse

1965 3163 2164 3218 Isaiam
2208 3164 2354 3231 (lsa.,
2396 3178 2490 3229 vn,
2535 3163 2612 3231 3).
2658 3161 2792 3226 Quis
2835 3164 2918 3214 est
2961 3159 3064 3214 iste
3097 3160 3254 3224 fullo,
3298 3158 3408 3212 nisi
3443 3158 3589 3212 forte

1965 3256 2056 3310 ille
2091 3256 2188 3327 qui
2237 3256 2443 3310 delicta
2496 3257 2686 3309 nostra
2731 3255 2917 3308 lavare
2964 3253 3292 3307 consuevit?
3331 3251 3590 3322 Denique

1962 3351 2086 3421 ipse
2135 3349 2278 3403 dixit
2317 3367 2330 3403 :
2371 3371 2397 3399 «
2429 3350 2482 3404 Si
2530 3349 2748 3403 fuerint
2783 3348 2987 3402 delicta
3031 3350 3212 3402 vestra
3249 3346 3391 3400 sicut
3427 3345 3586 3415 phce~

1962 3445 2209 3509 niceum,
2257 3447 2318 3497 ut
2360 3443 2548 3496 nivem
2589 3441 2866 3495 dealbabo
2895 3443 3046 3511 (Isa.,
3074 3458 3110 3505 1,
3149 3441 3251 3508 l8).
3285 3462 3311 3489 ››
3345 3438 3479 3503 Quis
3507 3441 3590 3492 est

1963 3537 2071 3590 iste
2120 3536 2279 3603 fullo,
2332 3535 2440 3589 nisi
2496 3535 2592 3606 qui
2649 3535 2991 3589 indumenta
3045 3532 3225 3587 nostri
3270 3532 3588 3586 intellectus

1961 3628 2158 3695 abluit,
2211 3633 2265 3684 et
2307 3629 2494 3682 induit
2543 3644 2646 3682 nos
2690 3627 3030 3681 indumenta
3076 3627 3372 3692 virtutum,
3428 3624 3585 3678 ablu-

1960 3722 2146 3792 tisque
2193 3722 2428 3776 maculis
2473 3720 2878 3792 corporalibus,
2922 3719 3034 3775 Soli
3081 3720 3222 3774 solet
3257 3718 3464 3772 offerre
3497 3717 3584 3771 di-

1961 3815 2093 3869 vino
2111 3814 2138 3868 ?

2038 3912 2119 3962 15.
2165 3906 2365 3962 Audivi
2414 3907 2590 3962 etiam
2639 3907 2722 3978 (ut
2772 3906 2844 3960 ad
2891 3904 3311 3977 redarguendos
3364 3919 3462 3958 eos
3516 3903 3586 3956 de

1961 4002 2262 4058 contrariis
2315 4018 2608 4056 sumamus
2661 4001 3008 4072 exemplum)
3055 3999 3298 4054 duorum
3344 3997 3588 4070 pruden-

1960 4097 2104 4150 tium
2146 4095 2472 4150 facundiam
2527 4095 2628 4163 (52)
2687 4094 2804 4148 nivi
2853 4097 2908 4148 et
2958 4093 3158 4165 apibus
3207 4105 3584 4163 comparasse.

1961 4188 2158 4245 Inveni
2201 4205 2429 4259 quoque
2465 4188 2669 4243 dixisse
2710 4188 2884 4244 David
2915 4205 2928 4242 :
2961 4209 2986 4237 ‹‹
3018 4189 3200 4252 Quam
3244 4185 3432 4240 dulcia
3471 4184 3588 4238 fau-

1961 4283 2119 4337 cibus
2145 4283 2285 4336 meis
2323 4281 2495 4336 verba
2525 4285 2638 4348 tua,
2669 4299 2842 4353 super
2868 4283 2978 4336 mel
3012 4285 3068 4336 et
3094 4282 3295 4336 favum
3337 4279 3420 4334 ori
3453 4295 3586 4332 meo

1961 4377 2124 4445 (Psal.
2167 4393 2350 4443 CXVIII,
2400 4375 2554 4445 103)!
2591 4396 2618 4424 »
2658 4377 2722 4430 Et
2759 4376 2948 4430 infra:
2993 4396 3019 4423 ‹‹
3051 4376 3307 4428 Lucerna
3347 4372 3588 4444 pedibus

223 4477 378 4535 sunt,
409 4475 467 4524 et
495 4468 662 4522 altius
701 4469 1057 4533 referuntur;
1089 4467 1303 4520 etenim
1343 4483 1446 4537 pro
1487 4470 1581 4520 tua
1620 4467 1855 4536 possibi-
1879 4465 1937 4536 D
1963 4470 2107 4525 meis
2147 4470 2384 4524 verbum
2421 4473 2604 4535 tuum,
2653 4469 2904 4536 Domine,
2950 4474 3004 4523 et
3058 4469 3151 4521 lux
3187 4465 3406 4520 semitis
3447 4465 3587 4518 meis

225 4567 388 4617 litate
414 4568 515 4616 aut
545 4561 824 4615 minuitur
849 4560 952 4615 tibi
991 4560 1256 4625 Verbum,
1290 4565 1388 4613 aut
1414 4560 1634 4626 crescit,
1663 4576 1725 4612 ac
1754 4559 1861 4613 nisi

221 4657 443 4710 altioris
482 4655 802 4726 prudentia:
844 4669 1120 4707 cacumen
1159 4652 1454 4717 ascendas,
1493 4669 1609 4706 non
1639 4653 1739 4705 tibi
1767 4669 1861 4722 ap-

219 4758 390 4820 paret
413 4748 711 4820 sapientia,
730 4763 842 4800 non
866 4746 966 4800 tibi
986 4751 1225 4817 apparet
1246 4745 1646 4816 mysteriorum
1668 4747 1862 4817 cogni-

283 4867 383 4927 (50)
421 4866 582 4916 Rom.
630 4863 783 4924 edit.,
822 4862 916 4927 qui
952 4863 1158 4926 primus
1193 4862 1512 4924 martyrium
1551 4861 1800 4910 sustinuit
1841 4879 1858 4911 .-

211 4937 326 4986 ubi
361 4935 717 4998 subintellige
757 4932 1137 4996 apostolorum.
1174 4932 1340 4982 Recta
1377 4931 1719 4992 emendatio;
1748 4945 1859 4981 non

213 5009 376 5058 enim
433 5009 525 5056 hic
591 5005 840 5056 Jacobus
902 5003 1278 5067 episcopalem
1342 5003 1859 5065 Hierosolymorum

211 5077 410 5126 sedem
459 5080 705 5127 tenuisse
746 5089 984 5139 usquam
1035 5076 1237 5138 legitur
1283 5089 1294 5121 :
1336 5073 1486 5137 quod
1535 5072 1603 5122 de
1649 5073 1858 5124 Jacobo

215 5149 442 5211 Alphei
471 5149 585 5197 tilio
611 5148 887 5210 fratreque
911 5145 1135 5194 Domini
1173 5149 1298 5206 post
1327 5144 1502 5194 Clem.
1542 5144 1699 5193 Alex.
1742 5148 1859 5193 tra-

212 5219 302 5267 dit
346 5219 634 5279 Eusebius,
665 5218 795 5266 Hist.
835 5215 978 5275 eccl.,
1007 5216 1100 5264 lib.
1135 5229 1191 5274 n,
1225 5229 1342 5278 cap.
1378 5229 1412 5274 ι,
1442 5219 1497 5264 et
1535 5215 1648 5264 alii.
1677 5215 1857 5265 Malu-

211 5303 356 5338 mus
384 5296 567 5339 tamen
593 5303 722 5339 cum
747 5287 1062 5337 Maldonato
1103 5287 1156 5334 in
1195 5299 1314 5349 cap.
1354 5297 1476 5335 xvn
1512 5285 1702 5335 Matth.
1739 5285 1857 5348 lap-

213 5373 355 5409 sum
379 5362 676 5418 memoriae,
702 5373 869 5422 quem
902 5358 1046 5408 idem
1080 5359 1243 5406 etiam
1275 5357 1585 5418 Augustino
1610 5356 1852 5417 ascribit,

213 5433 277 5480 in
335 5432 622 5481 Ambrosio
667 5435 852 5480 nostro
903 5440 1226 5493 agnoscere,
1273 5440 1440 5491 quam
1483 5426 1552 5476 ab
1597 5426 1856 5476 omnibus

215 5517 364 5552 mss.
390 5517 450 5554 ac
472 5507 578 5554 vet.
607 5502 738 5552 edit.
779 5501 1102 5552 desciscere.
1134 5499 1412 5550 Caeterum
1450 5498 1856 5548 observandum

216 5573 406 5622 obiter
441 5588 553 5624 non
589 5573 784 5624 deesse
823 5573 919 5636 qui
963 5570 1234 5621 Jacobum
1269 5569 1488 5634 Alpbaai
1534 5568 1856 5620 distinctum

216 5645 402 5694 velint
435 5660 464 5695 a
501 5644 714 5695 Jacobo
757 5646 922 5694 fratre
961 5643 1208 5702 Domini,
1250 5641 1701 5704 contendantque
1744 5642 1856 5704 pri-

217 5729 388 5763 mum
430 5717 736 5781 apostolum
773 5716 962 5776 fuisse,
1001 5729 1114 5764 non
1159 5713 1501 5770 secundum;
1543 5711 1853 5762 secundum

219 5798 370 5835 vero
391 5787 894 5851 Hierosolymorum
922 5788 1248 5851 episc0pum
1276 5784 1574 5844 exstitisse,
1604 5795 1716 5832 non
1742 5785 1853 5847 pri-

1961 4564 2148 4635 (Ibid.,
2179 4564 2317 4634 105).
2347 4585 2374 4612 ››
2407 4563 2651 4616 Verbum
2676 4562 2771 4617 Dei
2803 4563 2898 4616 lux
2930 4564 3032 4628 est,
3066 4558 3321 4632 1415
3347 4557 3584 4614 verbum

1960 4657 2058 4711 Dei
2102 4657 2199 4710 nix
2243 4659 2348 4711 est.
2397 4656 2581 4725 Super
2622 4655 2736 4710 mel
2776 4671 3009 4726 quoque
3046 4661 3103 4708 et
3137 4655 3332 4708 favum
3373 4655 3456 4707 est
3485 4651 3586 4706 Dei

1959 4750 2218 4816 verbum,
2247 4750 2398 4820 quod
2431 4766 2530 4803 ore
2554 4749 2741 4803 divino
2768 4750 2935 4803 melle
2958 4749 3174 4804 dulcior
3196 4748 3358 4802 fluxit
3378 4745 3583 4813 oratio,

1959 4879 2131 4916 mum.
2161 4864 2382 4915 Videsis
2406 4865 2663 4916 Bollandi
2687 4866 2988 4916 coxtinuat.
3021 4865 3089 4915 ad
3120 4867 3137 4915 1
3172 4865 3318 4914 maii.

2024 4937 2120 4999 (51)
2152 4935 2358 4985 Eadem
2399 4936 2529 4986 edit.
2575 4937 2758 4997 Rom.,
2802 4936 3038 4986 videmus
3075 4939 3286 4999 Moysen
3327 4938 3371 4982 et
3413 4931 3583 4981 Ellam

1960 5021 2077 5057 cum
2127 5009 2225 5061 Dei
2263 5007 2414 5057 Filio.
2461 5008 2702 5058 Videmus
2739 5011 2879 5058 enim
2919 5011 3135 5070 Moysen
3177 5007 3234 5055 in
3281 5003 3581 5068 Evangelia.

1960 5078 2157 5128 Melius
2177 5079 2320 5140 alite,
2351 5081 2407 5128 et
2446 5081 2637 5128 cuncti
2669 5092 2797 5128 mss.
2830 5083 2892 5128 ut
2917 5079 2972 5127 in
3010 5082 3185 5128 textu.
3214 5077 3435 5126 Etenim
3475 5076 3586 5138 pri-

1959 5162 2113 5197 mum
2157 5149 2226 5199 de
2273 5149 2391 5198 solo
2431 5149 2620 5212 Moyse
2665 5149 2877 5212 probat,
2923 5148 3072 5213 quod
3113 5162 3243 5198 eum
3277 5146 3582 5203 videamus,

1957 5220 2088 5282 quia
2114 5219 2281 5269 verba
2307 5220 2465 5282 Legis
2491 5233 2659 5283 quam
2688 5220 2735 5268 is
2765 5220 2820 5267 in
2845 5223 3032 5268 monte
3057 5215 3503 5282 reprazsentabat,
3527 5216 3584 5264 in

1956 5289 2261 5352 Evangelio
2299 5291 2539 5353 legimus
2587 5304 2598 5336 :
2642 5293 2830 5353 postea
2868 5289 3047 5338 Eliam
3093 5301 3317 5352 quoque
3353 5301 3385 5336 a
3424 5286 3584 5335 nobis

1955 5360 2129 5410 videri
2155 5365 2451 5421 asseverat,
2482 5359 2933 5424 quandoquidem
2962 5361 3017 5408 in
3047 5358 3350 5422 Evangelio
3379 5371 3585 5408 occur-

1956 5431 2026 5480 rit
2072 5431 2381 5494 prophetia,
2426 5434 2585 5494 cujus
2625 5431 2680 5479 in
2725 5429 2919 5479 eodem
2968 5432 3153 5479 monte
3194 5427 3345 5479 Elias
3392 5440 3584 5492 quam-

1956 5501 2082 5552 dam
2108 5503 2380 5552 referebat
2407 5501 2906 5551 adumbrationem.

2019 5573 2114 5634 (52)
2157 5573 2410 5636 Intellige
2451 5572 2706 5636 Ulyssem
2756 5585 2820 5621 ac
2881 5571 3191 5633 Nestorem,
3247 5570 3315 5620 de
3375 5567 3582 5633 quibus

1954 5644 2178 5694 Homer.
2223 5643 2379 5693 Iliad.
2422 5648 2462 5692 A
2507 5648 2561 5693 et
2609 5645 2662 5704 Γ,
2710 5655 2815 5692 nec
2856 5656 2970 5692 non
3017 5647 3140 5708 post
3187 5656 3317 5694 eum
3357 5641 3474 5692 Cic.
3518 5641 3581 5690 de

1955 5716 2148 5765 Senect.
2182 5718 2234 5766 et
2265 5714 2456 5776 Quint.
2489 5715 2585 5764 lib.
2618 5727 2718 5775 xu,
2748 5727 2866 5778 cap.
2901 5715 2978 5765 10.
