3972 6174
437 268 562 321 1791

1912 257 1966 308 8.
2010 253 2325 310 AMBROSII

3617 246 3727 300 i792

435 394 490 442 et
520 387 843 458 perspicua,
884 385 1028 440 nivis
1072 385 1205 451 ritu,
1240 381 1596 439 mollioribus
1642 380 1855 435 cadunt
1888 377 2061 432 verba
2083 391 2262 460 Anos
2306 388 2623 445 possumus,
2672 370 2887 425 desidia
2925 368 3171 440 quadam
3221 366 3420 421 mentis
3460 365 3595 420 intra
3629 383 3732 438 pro~

434 480 752 536 sententiis.
795 481 934 534 Vere
963 479 1056 532 hic
1081 479 1231 532 solus
1257 493 1439 530 sermo
1475 475 1696 529 nivibus
1721 489 2058 542 comparan-

437 575 562 641 dus,
585 574 683 646 qui
709 574 777 628 de
809 573 946 627 coelo
973 572 1181 626 missus
1207 572 1264 624 in
1293 575 1490 637 terras,
1513 569 1710 639 jejuna
1736 571 2062 621 nostrorum

437 685 574 724 arva
611 670 906 738 pectorum
952 665 1299 720 fecundavit.
1350 663 1508 728 Quod
1555 679 1667 716 non
1709 659 2062 729 usurpator-ie

440 766 892 832 praesumptum,
939 759 1037 813 sed
1098 775 1160 813 ex
1221 757 1476 812 lectionis
1539 755 1685 810 serie
1745 753 2062 807 derivatum

440 857 586 911 Deus
611 855 730 924 ipse
761 856 1021 919 testatur,
1050 853 1241 908 dicens
1273 871 1286 906 :
1321 873 1348 901 ‹‹
1379 852 1747 921 Exspectetur
1771 835 1914 901 sicut
1937 846 2061 916 plu-

439 949 527 1002 via
557 949 848 1019 eloquium
881 962 1095 1013 meum,
1127 950 1185 999 et
1221 944 1565 1000 descendant
1603 943 1752 997 velut
1777 956 1868 994 ros
1899 939 2062 994 verba

439 1057 592 1108 mea,
619 1043 759 1095 sicut
788 1041 974 1094 imber
1003 1055 1179 1110 super
1209 1054 1468 1110 gramen,
1509 1041 1567 1090 et
1593 1035 1737 1089 sicut
1766 1034 1860 1088 nix
1896 1048 2068 1103 super

443 1134 639 1190 fenum
673 1138 874 1203 (Deut.,
904 1150 1070 1200 xxxu,
1100 1133 1172 1202 2).
1209 1154 1234 1181 »

519 1257 600 1308 i6.
636 1255 885 1320 Utinam,
926 1254 1160 1309 Domine
1192 1255 1344 1319 Jesu,
1375 1267 1536 1306 mens
1569 1266 1697 1303 mea
1727 1246 1930 1319 pluviae
1958 1251 2069 1300 tuae

446 1349 686 1403 humore
707 1348 1030 1416 viridescat;
1056 1347 1268 1401 utinam
1292 1350 1503 1399 terram
1533 1359 1722 1398 meam
1748 1340 1890 1395 nivis
1911 1339 2070 1394 istius

446 1442 696 1497 candore
735 1457 1052 1512 respergas,
1085 1457 1157 1494 ne
1185 1454 1546 1510 praepropero
1573 1437 1758 1491 calore
1787 1434 2070 1489 vernantis

449 1535 701 1605 corporis
765 1551 896 1588 arva
947 1534 1260 1600 luxurient,
1317 1532 1419 1586 sed
1474 1530 1666 1603 potius
1727 1530 1849 1583 fotu
1901 1526 2070 1582 nivali

448 1629 668 1682 semina
709 1628 862 1682 verbi
906 1628 1147 1682 caelestis
1186 1643 1382 1696 pressa
1430 1623 1769 1679 fecundent!
1804 1621 1903 1674 Nix
1944 1635 2072 1674 cum

2163 474 2386 537 septum
2413 465 2599 520 carnis
2627 462 2868 518 inclusi?
2896 460 3154 531 Denique
3185 458 3385 530 placuit
3409 461 3556 512 tanta
3585 459 3732 513 devo-

2161 561 2243 616 tio
2274 562 2410 614 Deo.

2237 672 2413 742 (Vers.
2446 671 2559 738 34.)
2590 673 2656 725 Et
2696 671 2836 723 inter
2869 667 2976 721 haec
3011 667 3178 720 verba
3215 666 3365 730 facta
3403 667 3476 718 est
3509 664 3672 726 nubes,
3701 669 3740 717 et

2163 767 2501 821 obumbravit
2527 779 2630 818 eos.

2240 862 2323 914 19.
2366 859 2548 912 Divini
2577 856 2818 926 Spiritus
2854 857 2942 909 est
2965 851 3324 908 obumbratio
3352 850 3474 919 ista,
3506 865 3620 920 qua:
3643 865 3741 904 non

2166 953 2375 1023 caligat
2425 951 2719 1005 affectibus
2765 949 3086 1014 hominum,
3143 946 3240 1001 sed
3297 945 3499 1000 revelat
3541 943 3747 997 occulta.

2169 1044 2426 1118 1416
2452 1046 2587 1108 Qua:
2616 1045 2788 1098 etiam
2820 1043 2932 1098 alio
2967 1045 3254 1110 comperta
3287 1043 3370 1092 est
3392 1037 3526 1103 loco,
3557 1035 3749 1089 dicente

2170 1141 2377 1210 angelo
2410 1155 2422 1192 :
2457 1161 2483 1187 «
2512 1140 2576 1192 Et
2597 1137 2772 1191 virtus
2798 1135 3067 1191 Altissimi
3097 1130 3458 1188 obumbrabit
3481 1129 3574 1184 tibi
3599 1128 3749 1198 (Lua,

2168 1250 2207 1302 ι,
2243 1233 2353 1303 35).
2386 1255 2412 1282 ››
2437 1232 2608 1302 Cujus
2638 1231 2926 1301 profectus
2958 1226 3294 1292 ostenditur,
3317 1222 3508 1279 audita
3533 1222 3621 1276 Dei
3640 1237 3753 1275 voec

2172 1327 2411 1382 dicentis
2440 1343 2452 1380 :

2245 1441 2414 1505 (Vers.
2447 1441 2556 1508 35.)
2592 1441 2689 1494 Hic
2729 1444 2804 1492 est
2840 1437 3007 1492 Filius
3042 1449 3189 1490 meus
3213 1434 3462 1494 dilectus,
3488 1433 3654 1502 ipsum
3677 1444 3755 1482 au-

2171 1534 2300 1589 dite.

2244 1633 2331 1683 20.
2362 1629 2476 1682 Hoc
2521 1631 2624 1694 est,
2656 1641 2770 1680 non
2802 1625 2949 1680 Elias
2980 1623 3147 1690 illius,
3194 1638 3310 1677 non
3345 1621 3550 1690 Moyses
3590 1616 3723 1670 ﬁlius
3751 1632 3760 1668 ε

449 1722 621 1790 cadit:
644 1739 777 1776 “V85
808 1722 927 1776 0031i
958 1721 1053 1775 Ubi
1074 1720 1394 1774 inhabilem
1421 1735 1532 1772 non
1561 1716 1790 1775 habent.
1815 1717 1871 1769 εἰ
1895 1714 2075 1768 Ῑεὲῑίοΐ
2095 1755 2151 1824 Β
2175 1723 2271 1777 sed
2302 1722 2393 1777 hic
2429 1726 2513 1776 est
2541 1719 2728 1786 Filius,
2758 1734 2926 1790 quem
2965 1716 3148 1770 solum
3186 1714 3415 1781 videtis;
3446 1714 3768 1766 recesserant

449 1815 612 1870 solito
648 1815 816 1869 tritici
847 1818 1156 1885 proventus
1187 1813 1484 1867 exuberat.

529 1948 612 1998 t7.
662 1946 835 2013 (Vers.
884 1946 995 2015 32.)
1038 1942 1190 1997 Vidit
1226 1943 1372 1996 hanc
1414 1940 1656 2012 gratiam
1702 1940 1812 2010 (53)
1859 1939 2072 2006 Petrus,

453 2037 718 2092 viderunt
746 2041 801 2092 et
829 2036 923 2108 qui
966 2053 1096 2090 cum
1122 2036 1219 2090 illo
1251 2037 1436 2102 erant,
1464 2035 1597 2088 licet
1630 2048 1831 2088 somno
1861 2030 2074 2102 gravati

452 2131 720 2199 fuissent;
752 2130 966 2201 premit
995 2129 1149 2184 enim
1187 2126 1772 2198 incomprehensibilis
1808 2124 2078 2196 splendor

456 2223 770 2280 divinitatis
809 2224 990 2278 nostri
1035 2223 1284 2294 corporis
1326 2237 1541 2277 sensus.
1573 2221 1714 2274 Nam
1755 2219 1801 2273 si
1833 2218 1962 2272 solis
1995 2233 2077 2271 ra-

459 2317 620 2372 dium
664 2336 694 2372 e
740 2317 975 2389 regione
1027 2317 1320 2371 oculorum
1371 2313 1763 2369 contuentium
1809 2326 2078 2382 corporea

458 2410 656 2482 nequit
697 2412 846 2466 acies
891 2410 1190 2479 sustinere,
1221 2407 1508 2480 quomodo
1552 2408 1651 2460 Dei
1691 2406 1929 2477 gloriam
1971 2405 2075 2458 hu-

458 2520 761 2559 manorum
814 2505 994 2559 ferret
1043 2503 1358 2575 corruptela
1409 2500 1843 2556 membrorum?
1887 2499 2078 2570 quue

459 2597 656 2668 purior
696 2603 753 2653 et
789 2597 1046 2652 subtilior
1086 2597 1355 2651 exhausta
1395 2593 1752 2649 concretione
1794 2592 2077 2657 vitiorum,

459 2690 713 2762 corporis
739 2691 964 2746 habitus
997 2692 1054 2746 in
1102 2689 1518 2744 resurrectione
1547 2687 1840 2742 formatur.
1869 2686 1938 2739 Et
1964 2685 2077 2739 for-

459 2791 608 2840 tasse
655 2785 784 2844 ideo
831 2787 1051 2856 gravati
1092 2788 1257 2840 erant
1297 2798 1516 2849 somno,
1554 2787 1620 2836 ut
1653 2778 2082 2835 resurrectionis

459 2878 719 2933 viderent
749 2879 997 2949 speciem
1028 2883 1157 2949 post
1197 2877 1468 2949 quietem.
1516 2877 1714 2945 Itaque
1752 2873 2082 2944 evigilantes

459 2971 726 3027 viderunt
753 2973 1107 3043 majestatem
1137 2972 1292 3042 ejus;
1326 2985 1496 3024 nemo
1526 2968 1678 3022 enim
1708 2967 1816 3022 nisi
1843 2967 2084 3038 vigilans

462 3065 703 3136 gloriam
754 3066 907 3121 videt
961 3065 1191 3119 Christi.
1244 3065 1562 3118 Delectatus
1611 3067 1694 3115 est
1741 3062 1969 3128 Petrus,
2028 3065 2086 3114 et

464 3175 638 3230 quem
665 3159 851 3214 saeculi
877 3159 1048 3229 hujus
1084 3156 1412 3213 illecebrosa
1441 3172 1555 3210 non
1589 3156 1876 3226 caperent,
1905 3153 2087 3223 gratia

462 3252 893 3308 resurrectionis
919 3252 1114 3306 illexit.

536 3385 620 3436 18.
670 3382 844 3452 (Vers.
894 3383 1002 3451 33.)
1053 3383 1256 3436 Bonum
1303 3385 1402 3446 est,
1448 3379 1657 3450 inquit,
1704 3394 1797 3433 nos
1846 3377 1932 3431 hic
1977 3391 2088 3431 esse

465 3475 620 3545 [hinc
646 3479 706 3529 et
730 3481 958 3529 sanctus
994 3475 1199 3529 Paulus
1226 3474 1305 3527 ait
1337 3473 1623 3543 (Philipp.,
1666 3489 1705 3540 ι,
1732 3471 1822 3542 23)
1853 3488 1866 3525 :
1903 3492 1930 3518 «
1962 3470 2085 3524 Dis-

464 3568 600 3624 solvi
639 3568 812 3636 enim,
854 3571 911 3623 et
952 3585 1082 3622 cum
1118 3568 1342 3622 Christo
1389 3583 1510 3621 esse
1555 3565 1734 3619 multo
1778 3564 2026 3636 melius],
2060 3586 2087 3614 »

464 3679 572 3717 nec
625 3663 889 3718 laudasse
941 3665 1274 3729 contentus,
1317 3677 1434 3715 non
1479 3660 1663 3715 solum
1716 3658 1941 3726 affectu,
1991 3657 2089 3711 sed

464 3757 641 3812 etiam
695 3757 974 3812 factorum
1032 3755 1330 3812 devotione
1388 3753 1758 3826 praestantior,
1806 3752 1876 3806 ad
1925 3751 2092 3806 aediﬁ-

463 3851 648 3906 canda
667 3850 1034 3906 tabernacula
1053 3850 1162 3904 tria
1189 3848 1436 3920 impiger
1457 3847 1748 3919 operarius
1775 3845 2092 3901 communis

465 3945 718 4016 obsequii
753 3944 1134 3999 ministerium
1179 3943 1493 4014 pollicetur.
1533 3943 1600 3996 Et
1630 3939 1885 4012 quamvis
1917 3939 2093 3994 nesci-

467 4045 552 4094 ret
577 4039 718 4110 quid
745 4039 979 4108 diceret,
1011 4017 1205 4092 tamen
1246 4036 1621 4108 pollicebatur
1646 4035 1899 4088 ofﬁcium
1929 4050 1942 4088 ε
1978 4049 2091 4105 quo

466 4149 578 4186 non
608 4132 932 4187 inconsulta
978 4131 1319 4202 petulantia,
1355 4130 1453 4183 sed
1495 4133 1838 4200 praematura
1867 4127 2093 4182 devotio

466 4227 682 4280 fructus
724 4225 949 4296 pietatis
990 4225 1326 4279 accumulat.
1374 4224 1515 4277 Nam
1568 4222 1721 4293 quod
1772 4221 2090 4293 ignorabat,

469 4317 807 4374 conditionis
857 4318 965 4373 fuit
1023 4335 1038 4372 :
1095 4317 1248 4388 quod
1302 4314 1706 4386 promittebat,
1760 4313 2092 4369 devotionis.

470 4413 578 4469 Sed
611 4429 727 4468 non
761 4412 910 4484 capit
941 4412 1196 4466 humana
1225 4409 1472 4464 conditio
1498 4408 1557 4463 in
1582 4408 1687 4463 hoc
1714 4407 2093 4478 corruptibili,

2177 1817 2329 1870 enim
2360 1815 2459 1882 illi,
2496 1813 2590 1868 ubi
2617 1813 2783 1884 coepit
2818 1812 3092 1866 Dominus
3118 1808 3428 1879 designari.
3458 1805 3616 1858 Vides
3643 1803 3766 1856 hanc

2175 1926 2292 1964 non
2336 1910 2523 1964 solum
2561 1906 2978 1977 insipientium,
3025 1904 3121 1959 sed
3175 1902 3350 1956 etiam
3394 1899 3767 1971 perfectorum,

2177 2004 2294 2058 imo
2323 2002 2492 2057 etiam
2531 2000 2833 2056 caelestium
2875 1999 3051 2053 ﬁdem
3086 2012 3205 2052 esse
3233 1994 3558 2066 perfectam,
3591 1989 3768 2045 Filium

2175 2098 2275 2152 Dei
2321 2097 2482 2152 scire.
2532 2094 2643 2151 Sed
2679 2093 2944 2166 quoniam
2988 2092 3111 2145 haec
3150 2090 3276 2160 jam
3319 2102 3493 2158 supra
3528 2083 3770 2146 diximus,

2176 2206 2457 2262 cognosce
2483 2189 2694 2244 nubem
2723 2189 2888 2242 istam
2913 2202 3027 2240 non
3055 2181 3469 2254 fumigantium
3499 2193 3614 2233 esse
3635 2191 3773 2230 mon-

2177 2284 2320 2338 tium
2360 2282 2632 2336 nebuloso
2674 2281 2914 2334 humore
2953 2281 3301 2344 concretam,
3347 2278 3406 2328 et
3445 2271 3620 2327 coacti
3651 2267 3776 2322 aeris

2178 2377 2486 2448 caliginem
2513 2375 2754 2446 piceam,
2781 2389 2908 2444 qum
2940 2372 3142 2426 ccelum
3173 2368 3541 2424 tenebrarum
3566 2365 3777 2418 horrore

2178 2472 2456 2536 subtexat,
2497 2469 2598 2523 sed
2638 2466 2882 2521 lucidam
2929 2465 3165 2529 nubem,
3213 2479 3341 2533 quae
3383 2476 3486 2515 nos
3525 2474 3637 2513 non
3669 2456 3776 2526 plu-

2181 2564 2418 2620 vialibus
2444 2563 2627 2634 aquis,
2660 2566 2716 2616 et
2744 2559 3034 2614 humentis
3069 2555 3352 2611 alluvione
3380 2552 3576 2608 imbris
3600 2551 3777 2604 imma-

2181 2659 2356 2726 didet,
2387 2658 2483 2712 sed
2523 2656 2594 2710 de
2634 2671 2749 2725 qua
2784 2656 3002 2708 mentes
3038 2650 3364 2716 hominum,
3393 2663 3526 2702 voce
3564 2644 3652 2700 Dei
3683 2658 3782 2696 om-

2184 2751 2487 2823 nipotentis
2515 2748 2738 2815 emissa,
2772 2763 2862 2802 ros
2888 2745 3021 2800 ﬁdei
3050 2743 3290 2816 rogavit.

2253 2865 2428 2936 (Vers.
2484 2864 2594 2928 36.)
2652 2861 2718 2914 Et
2773 2859 2902 2913 dum
2948 2860 3010 2926 ﬁt
3061 2871 3183 2918 vom,
3239 2857 3489 2908 inuentus
3541 2856 3612 2906 est
3654 2850 3786 2903 Iesus

2184 2959 2346 3013 solus.

2254 3065 2342 3115 2t.
2399 3060 2596 3130 Itaque
2645 3071 2776 3112 cum
2835 3058 2947 3109 tres
2998 3055 3215 3117 essent,
3269 3065 3420 3104 unus
3466 3050 3550 3102 est
3609 3044 3784 3098 factus.

2185 3156 2316 3209 Tres
2357 3154 2416 3207 in
2452 3151 2731 3223 principio
2761 3148 3051 3212 videntur,
3094 3161 3240 3199 unus
3281 3142 3343 3197 in
3380 3142 3524 3206 ﬁne;
3565 3137 3792 3210 perfecta

2187 3248 2344 3304 enim
2379 3246 2438 3300 in
2476 3246 2589 3300 ﬁne
2627 3243 2739 3315 (54)
2774 3258 2952 3298 unum
2997 3245 3147 3295 sunt.
3188 3237 3445 3309 Denique
3480 3235 3588 3289 hoc
3635 3231 3790 3285 etiam

2189 3341 2461 3397 Dominus
2510 3340 2741 3393 Patrem
2795 3339 2951 3402 orat,
3005 3339 3070 3388 ut
3131 3347 3333 3387 omnes
3395 3343 3579 3383 unum
3639 3323 3794 3377 simus

2193 3435 2394 3504 (Joan.,
2448 3449 2575 3500 xvn,
2630 3430 2744 3500 2t).
2801 3430 2912 3483 Nec
2963 3427 3146 3482 solum
3193 3425 3410 3494 Moyses
3460 3425 3519 3476 et
3567 3419 3706 3474 Elias
3745 3414 3794 3467 in

2190 3528 2413 3585 Christo
2455 3542 2633 3580 unum
2673 3526 2824 3589 sunt,
2870 3521 2968 3577 sed
3010 3520 3181 3575 etiam
3231 3534 3338 3572 nos
3384 3530 3568 3570 unum
3613 3523 3797 3580 corpus

2189 3637 2388 3678 sumus
2437 3619 2663 3675 Christi.
2713 3619 2860 3688 Ergo
2906 3626 2962 3670 et
3009 3613 3090 3668 illi
3130 3618 3409 3682 tanquam
3466 3605 3798 3678 recipiuntur

2189 3719 2248 3772 in
2287 3715 2490 3772 Christi
2534 3728 2737 3783 corpus
2781 3709 2916 3782 (55),
2964 3707 3099 3780 quia
3142 3711 3198 3761 et
3240 3721 3344 3759 nos
3386 3717 3571 3756 unum
3608 3698 3799 3754 erimus

2191 3812 2249 3866 in
2274 3811 2494 3868 Christo
2517 3810 2668 3863 Jesu.
2711 3809 2822 3860 Aut
2860 3801 3118 3858 fortassis
3157 3799 3291 3870 quia
3325 3799 3422 3852 lex
3464 3800 3524 3850 et
3548 3792 3798 3866 propheta

2194 3923 2260 3961 ex
2290 3903 2468 3959 Verbo
2494 3920 2505 3956 :
2532 3917 2656 3973 quae
2683 3903 2871 3954 autem
2901 3913 2973 3951 ex
2998 3895 3180 3949 Verbo
3207 3894 3528 3963 ceperunt,
3552 3889 3610 3942 in
3636 3882 3799 3940 Verbo

2193 3998 2458 4055 desinunt
2488 4013 2501 4050 :
2537 4017 2564 4043 ‹‹
2594 3993 2742 4048 Finis
2769 3991 2922 4047 enim
2951 3988 3114 4060 Legis
3141 3990 3228 4042 est
3251 3985 3531 4050 Christus,
3563 3981 3632 4035 ad
3657 3974 3802 4049 justi-

2192 4093 2329 4148 tiam
2358 4089 2517 4146 omni
2542 4085 2794 4144 credenti
2825 4087 3018 4156 (Rom,
3051 4099 3103 4149 x,
3129 4081 3203 4152 4).
3241 4100 3262 4131 ι

2267 4206 2441 4272 (Vers.
2485 4201 2591 4272 58.)
2636 4201 2834 4270 Vulpes
2876 4199 2988 4266 (56)
3025 4197 3210 4262 foveas
3245 4193 3463 4254 habent,
3495 4197 3546 4246 et
3590 4188 3803 4243 uolucres

2194 4300 2312 4355 creti
2337 4297 2512 4359 nidos,
2538 4295 2632 4349 ubi
2668 4294 3007 4362 requiescant
3034 4308 3050 4344 :
3079 4305 3210 4344 nam
3243 4287 3412 4343 Filius
3450 4283 3676 4340 hominis
3712 4292 3806 4332 non

2196 4393 2351 4449 habet
2379 4392 2471 4445 ubi
2489 4392 2650 4460 caput
2676 4402 2837 4441 suum
2863 4385 3104 4440 reclinet.

467 4507 528 4562 in
575 4508 685 4562 hoc
728 4506 954 4561 mortali
991 4521 1230 4576 corpore
1271 4505 1458 4559 facere
1492 4502 1920 4558 tabernaculum
1963 4485 2176 4557 Deo.D
2269 4502 2356 4552 22.
2386 4498 2506 4551 Non
2547 4494 2768 4548 videtur
2807 4489 3108 4545 convenire
3144 4487 3374 4552 rationi,
3420 4491 3480 4540 ut
3512 4480 3804 4553 simplicem

468 4601 592 4658 Sive
641 4601 699 4655 in
748 4601 962 4668 animo,
1028 4599 1143 4653 sive
1191 4599 1250 4652 in
1296 4613 1553 4669 corpore,
1593 4596 1706 4651 sive
1750 4595 1860 4651 alio
1903 4595 2095 4666 aliquo
2195 4591 2538 4660 ﬁdelemqne
2581 4588 2755 4642 istum
2807 4584 3169 4649 arbitremur,
3217 4580 3314 4652 qui
3357 4578 3588 4635 Domini
3630 4575 3805 4645 digna-

469 4696 590 4749 loco
631 4693 769 4764 fuge
807 4709 1063 4764 qumrere
1100 4692 1256 4764 quod
1295 4708 1407 4746 non
1440 4691 1571 4745 licet
1605 4691 1767 4745 scire.
1808 4687 1862 4745 Si
1899 4691 2098 4743 Petrus
2199 4686 2355 4740 tione
2382 4682 2687 4754 respuitur,
2711 4696 2840 4734 cum
2871 4676 3136 4732 indefessi
3163 4674 3470 4730 famulatus
3493 4666 3805 4741 obsequium

471 4787 728 4853 nescivit,
760 4786 1250 4857 quemadmodum
1295 4790 1357 4839 tu
1399 4789 1565 4857 potes
1603 4783 1789 4838 scire?
1819 4782 1878 4838 Si
1915 4782 2096 4836 nesci-
2201 4777 2626 4851 spopondisset;
2670 4773 2768 4828 sed
2811 4773 3088 4826 Dominus
3118 4785 3235 4823 non
3273 4767 3671 4838 obsequiorum
3702 4774 3808 4830 spe-

470 4882 550 4936 vit
575 4881 669 4936 ille
691 4881 788 4953 qui
815 4879 1100 4952 promisit,
1133 4883 1190 4933 et
1216 4878 1313 4950 qui
1344 4879 1600 4948 corporis
1627 4876 1908 4932 terminos
1935 4892 2098 4947 mag-
2203 4873 2371 4940 ciem,
2398 4871 2495 4926 sed
2518 4869 2828 4941 puritatem
2859 4866 3065 4938 quaerit
3094 4862 3345 4918 affectus.
3373 4860 3632 4930 Denique
3663 4867 3811 4924 supra

470 4975 732 5031 nitudine
795 4973 973 5029 animi
1039 4972 1359 5037 nesciebat,
1417 4970 1908 5042 quemadmodum
1960 4969 2103 5024 scire
2207 4967 2330 5023 ait:

2271 5156 2367 5219 (56)
2410 5153 2495 5205 Ab
2533 5153 2623 5203 his
2671 5149 2854 5201 verbis
2898 5160 3079 5212 usque
3121 5145 3190 5196 ad
3235 5158 3387 5219 num.
3435 5143 3514 5219 3t),
3559 5135 3811 5216 omniain

2208 5213 2365 5279 Rom.
2413 5225 2541 5276 edit.
2583 5225 2738 5274 fuere
2782 5219 3130 5284 transposita,
3165 5221 3229 5267 ut
3268 5215 3336 5266 ad
3376 5213 3627 5264 ordinem
3663 5213 3811 5284 versi-

2209 5300 2462 5350 culorum
2505 5296 2808 5359 Scripturaa
2854 5282 3424 5342 accommodarentur.
3465 5284 3574 5336 Sed
3601 5282 3812 5359 praeter-

2211 5347 2400 5435 £1855
2433 5367 2584 5431 quod
2625 5347 3174 5435 reclamantomnes
3229 5372 3356 5435 mss.
3409 5369 3475 5406 ac
3528 5357 3631 5404 vet.
3679 5347 3812 5435 edita

2211 5421 2379 5492 s‘eries
2407 5421 2669 5488 orationis
2704 5434 3088 5485 Ambrosianus
3124 5430 3414 5480 manifeste
3449 5421 3812 5492 corrumpitur,

2309 5490 2518 5576 patebit
2542 5510 2692 5559 illam
2719 5507 2984 5558 attentius
3021 5502 3352 5576 dispicienti.
3383 5499 3550 5576 Porro
3590 5490 3811 5576 ejusdem

534 5165 630 5228 (53)
677 5162 948 5227 Quasdam
994 5162 1124 5213 edit.
1176 5161 1344 5212 Paris.
1401 5174 1465 5211 ac
1511 5173 1640 5210 mss.
1687 5158 1965 5221 nonnulli,
2009 5158 2106 5209 sed

470 5238 826 5298 recentiores,
859 5235 996 5287 hanc
1024 5235 1274 5299 gloriam.

533 5310 634 5371 (5t)
654 5308 764 5360 Sex
793 5321 945 5367 mss.,
976 5305 1208 5371 per/ecta
1250 5305 1388 5355 enim
1432 5316 1598 5354 unum
1637 5308 1778 5353 sunt.
1824 5302 2106 5367 Quinque,

472 5378 711 5442 perfectae
754 5380 893 5428 enim
931 5377 1052 5442 ﬁdei
1091 5391 1252 5426 unum
1287 5381 1425 5426 sunt.
1468 5375 1577 5424 Alii
1613 5375 1842 5438 aliquot,
1885 5378 1941 5425 et
1989 5388 2109 5424 om-

475 5462 576 5500 nes
618 5450 771 5512 edit,
817 5448 1048 5513 perfecta
1103 5449 1242 5498 enim
1291 5446 1391 5511 ﬁde
1449 5459 1616 5495 unum
1666 5450 1807 5496 sunt.
1866 5447 1940 5494 At
1991 5459 2109 5494 om—

477 5522 634 5572 nium
677 5523 886 5586 optime
927 5535 1075 5572 unus
1118 5534 1149 5571 e
1197 5519 1379 5580 Colb.,
1422 5517 1655 5582 perfecta
1705 5517 1844 5567 enim
1894 5516 1951 5565 in
1991 5516 2111 5579 ﬁne,

477 5595 583 5642 etc.
640 5565 745 5642 Est
790 5593 940 5642 enim
991 5592 1131 5643 ratio
1187 5591 1338 5640 illius
1368 5565 1814 5648 ,arnte'cedentis,
1868 5565 2006 5637 unus
2058 5565 2114 5634 in
2213 5565 2371 5635 Rom.
2409 5580 2540 5632 edit.
2571 5580 2910 5630 mutationes
2945 5589 3058 5626 non
3101 5565 3416 5648 putavimus
3452 5568 3559 5619 hoc
3594 5565 3812 5648 109956:

483 5661 601 5726 ﬁne.
1021 5633 1129 5643 ww
1499 5633 1557 5640 ﬂ
1602 5633 1814 5648 "ﬁt".
1875 5633 2002 5637 Mhi
2214 5633 2648 5721 presentandas,
2695 5663 2766 5701 ne
2816 5647 2944 5713 plus
2992 5633 3164 5726 nimio
3208 5642 3482 5726 margines
3525 5633 3809 5726 οῐιξτθηῑιπ-

417 5798 420 5802 _
483 5711 492 5726 ’
544 5732 641 5802 (55)
693 5729 900 5781 Omnes
950 5732 1104 5794 edit,
1154 5739 1412 5796 tanquam
1459 5733 1517 5782 in
1570 5744 1676 5781 uno
1719 5742 1953 5793 corpore.
2006 5727 2116 5780 Sed
2215 5711 2442 5788 Confer,
2473 5724 2518 5775 si
2546 5721 2717 5784 lubet,
2746 5711 2886 5771 inter
2909 5731 2968 5770 se
2997 5716 3251 5770 eamdem
3275 5714 3401 5766 edit.
3430 5723 3495 5762 ac
3524 5711 3624 5758 vet.

482 5801 676 5857 nullus
701 5813 804 5849 ms.
838 5813 1020 5862 voces,
1044 5802 1102 5850 in
1132 5815 1236 5853 uno
1269 5816 1506 5867 corpore,
1537 5803 1803 5868 agnoscit.
