3972 6174
223 334 340 386 1793

1266 331 1734 386 EXPOSlTIONIS
1767 331 1834 385 IN
1874 331 2102 386 LUCAM
2145 331 2269 385 LIB.
2314 331 2424 384 νη.

3417 332 3551 385 1794

279 455 440 521 (Vers.
484 452 595 521 48.)
631 453 945 522 Quicunque
979 456 1236 524 receperit
1275 470 1505 525 puerum
1551 457 1714 510 istum
1761 457 1818 509 in
1840 469 2072 540 Aeum,
2129 453 2481 524 evangelista
2529 454 2651 524 ipse
2704 451 3060 520 memoravit,
3105 453 3298 507 dicens
3347 471 3359 507 :
3407 454 3550 520 Quia

217 545 410 597 nomine
436 557 562 596 meo.

275 639 353 690 23.
393 636 507 698 Quo
548 635 674 689 loco
717 635 990 689 Dominus
1029 635 1455 707 simplicitatem
1495 637 1618 690 sine
1657 653 1817 691 arro-

214 727 388 798 gantia
425 727 609 796 docet,
653 728 990 783 charitatem
1029 729 1151 784 sine
1192 729 1420 797 invidia,
1455 730 1816 784 devotionem

212 822 318 876 sine
360 821 647 876 iracundia
691 838 812 876 esse
858 823 1069 877 debere
1109 839 1122 876 :
1166 839 1300 878 nam
1352 829 1408 878 et
1456 824 1617 894 pueri
1659 840 1818 879 mens

211 915 550 986 provectioris
577 914 782 970 affectu
817 916 1144 987 recipienda
1174 917 1470 984 suadetur;
1510 918 1643 989 quia
1678 919 1816 972 dum

211 1025 333 1080 puer
372 1008 512 1062 nihil
557 1008 663 1062 sibi
705 1009 974 1076 vindicat,
1015 1010 1266 1074 formam
1300 1011 1522 1065 virtutis
1557 1011 1815 1082 exsequi-

210 1111 314 1169 tur,
352 1108 405 1156 et
442 1102 487 1156 si
523 1103 806 1157 rationem
846 1104 1044 1169 nescit,
1073 1105 1297 1174 culpam
1330 1105 1575 1175 ignorat.
1604 1105 1816 1158 Tamen

208 1195 324 1266 quia
369 1196 654 1267 plerisque
704 1213 819 1251 non
868 1197 1075 1266 virtus,
1119 1198 1215 1252 sed
1257 1197 1558 1252 inﬁrmitas
1595 1197 1819 1252 videtur

207 1291 313 1343 sine
352 1289 572 1344 ratione
613 1289 965 1360 simplicitas,
1011 1297 1072 1345 ut
1109 1294 1170 1344 tu
1211 1307 1401 1346 veram
1443 1291 1684 1362 recipias
1713 1291 1814 1344 ad-

207 1383 455 1450 moneris,
487 1383 546 1437 id
579 1388 682 1448 est,
715 1389 776 1438 ut
809 1385 1135 1456 exsequeris
1166 1384 1446 1439 industria
1477 1401 1684 1440 munus
1715 1401 1814 1438 na-

204 1479 329 1530 tura:
357 1476 490 1546 (57).
525 1477 589 1531 Et
615 1476 743 1531 ideo
775 1477 855 1532 ait
891 1496 904 1531 :

261 1569 436 1639 (lbid.)
487 1571 800 1640 Quicunque
845 1573 1101 1641 receperit
1146 1588 1374 1641 puerum
1420 1573 1584 1626 istum
1629 1573 1687 1624 in
1729 1586 1818 1625 no-

203 1666 326 1718 mine
361 1679 493 1725 meo,
527 1680 608 1718 me
640 1666 847 1734 recipit.
888 1667 955 1720 Et
985 1667 1080 1734 qui
1113 1680 1194 1720 me
1222 1667 1436 1735 recipit,
1481 1665 1671 1734 recipit
1699 1680 1818 1718 eum

202 1759 285 1825 qui
308 1773 386 1812 me
411 1760 583 1812 misit.

1915 551 2086 615 facies
2123 549 2234 617 ejus
2262 551 2380 603 erat
2409 549 2589 602 euntis
2617 550 2673 601 in
2697 547 3013 602 Jerusalem.
3051 545 3321 616 Discipuli
3353 550 3547 601 autem

1919 641 2014 710 (cf.
2055 643 2293 711 August.
2325 641 2422 695 lib.
2456 658 2470 693 ι
2509 641 2573 694 de
2609 641 2803 697 Gratia
2830 639 3052 705 Christi,
3081 654 3207 709 cap.
3246 639 3333 705 46)
3373 639 3547 710 recipi

1916 734 2068 788 intra
2105 735 2415 789 Samariam
2459 733 2800 804 gestiebant,
2841 731 2939 786 sed
2979 733 3131 787 Deus
3165 747 3310 803 quos
3345 732 3546 801 digna-

1918 831 2012 881 tur
2037 831 2222 894 vocat,
2252 833 2308 882 et
2339 843 2509 898 quem
2539 828 2659 880 vult
2691 825 3024 897 religiosum
3051 825 3204 879 facit.
3239 824 3348 879 Nec
3379 824 3550 878 disci-

1918 920 2036 992 puli
2080 924 2318 992 peccant
2355 921 2451 992 qui
2486 920 2679 991 legem
2724 922 3067 990 sequuntur;
3100 917 3352 973 sciebant
3393 917 3547 972 enim

1917 1018 1976 1068 et
2007 1015 2249 1069 Phinees
2279 1017 2609 1085 reputatum
2637 1013 2706 1068 ad
2731 1013 3037 1084 justitiam,
3073 1013 3206 1083 quia
3245 1011 3550 1081 sacrilegos

1920 1107 2307 1177 interemerat,
2351 1111 2407 1162 et
2443 1107 2515 1161 ad
2551 1123 2750 1177 preces
2788 1106 2922 1160 Elim
2959 1107 3153 1175 ignem
3197 1103 3552 1159 descendisse

1919 1201 1988 1255 de
2045 1201 2212 1267 coelo,
2263 1203 2328 1254 ut
2383 1200 2677 1272 prophetas
2730 1199 3114 1254 vindicaretur
3169 1198 3406 1268 injuria;
3455 1198 3551 1252 sed

1918 1295 2238 1348 vindicetur
2281 1294 2378 1364 qui
2422 1293 2589 1348 timet
2630 1309 2642 1346 :
2687 1291 2989 1347 vindictam
3030 1308 3148 1346 non
3185 1291 3412 1362 quaerit,
3452 1289 3550 1362 qui

1917 1404 2034 1442 non
2067 1388 2233 1441 timet
2258 1387 2392 1458 (59).
2422 1387 2602 1442 Simul
2638 1385 2955 1440 ostenditur
2988 1385 3151 1439 nobis
3185 1385 3241 1438 in
3280 1383 3552 1454 apostolis

1917 1481 2088 1536 fuisse
2139 1480 2344 1534 merita
2387 1480 2828 1551 prophetarum;
2863 1477 3097 1549 quando
3144 1477 3408 1532 eamdem
3447 1476 3552 1531 sibi

1915 1578 2258 1645 potestatem
2290 1589 2461 1644 quam
2493 1573 2770 1643 propheta
2801 1587 3048 1642 magnus
3081 1571 3345 1637 emeruit,
3373 1571 3552 1642 impe-

1920 1666 2109 1722 trandi
2138 1667 2269 1737 jure
2309 1671 2683 1737 praesumunt.
2711 1666 2777 1718 Et
2815 1665 2962 1719 bene
3003 1667 3376 1735 praesumunt,
3418 1663 3552 1734 quia

1921 1759 1991 1814 ad
2047 1775 2375 1814 sermonem
2425 1775 2594 1812 suum
2637 1757 2791 1828 ignis
2839 1757 2910 1812 de
2961 1757 3099 1812 coelo
3148 1755 3547 1820 descenderet;

262 1851 339 1904 2i.
381 1851 489 1914 Qui
532 1851 685 1905 enim
731 1851 1077 1906 imitatorem
1121 1851 1323 1906 Christi
1361 1853 1594 1923 recepit,
1636 1853 1816 1909 Chris-
1839 1841 1895 1912 B
1919 1853 2196 1924 quoniam
2223 1856 2357 1906 sunt
2386 1852 2485 1906 ﬁlii
2513 1851 2774 1906 tonitrui.

205 1948 310 1998 tum
340 1943 564 2016 recipit,
596 1943 847 2016 1417
882 1950 940 1999 et
964 1945 1062 2015 qui
1099 1944 1417 2016 imaginem
1453 1946 1547 2000 Dei
1588 1962 1814 2016 recepe-

203 2038 282 2105 rit,
315 2038 512 2108 recipit
539 2039 737 2092 Deum.
771 2038 877 2092 Sed
914 2038 1048 2109 quia
1077 2038 1387 2108 imaginem
1427 2039 1523 2092 Dei
1561 2055 1673 2092 non
1712 2055 1814 2110 po-

203 2134 430 2185 teramus
456 2131 671 2197 videre,
704 2132 851 2184 facta
882 2137 963 2185 est
1001 2130 1074 2184 ad
1101 2147 1202 2184 nos
1227 2147 1330 2202 per
1360 2131 1816 2187 incarnationem

204 2224 348 2276 Verbi
376 2224 709 2294 prmsentia,
749 2230 812 2278 ut
845 2224 1308 2279 reconciliaretur
1346 2224 1510 2279 nobis
1549 2242 1677 2297 quae
1723 2243 1813 2279 su-

201 2333 290 2386 pra
319 2334 417 2372 nos
443 2323 535 2372 est
562 2317 847 2372 divinitas.

261 2414 339 2464 25.
397 2411 565 2474 Quod
621 2417 810 2466 autem
872 2412 1211 2482 propensius
1270 2411 1457 2466 studio
1525 2411 1816 2466 charitatis

200 2505 418 2558 Joannes
445 2504 769 2575 plurimum
807 2504 1071 2576 diligens,
1106 2509 1162 2559 et
1190 2505 1315 2560 ideo
1347 2506 1668 2560 redamatus
1699 2506 1816 2576 plu-

202 2597 408 2665 rimum,
455 2597 885 2652 excludendum
933 2601 1164 2668 putata
1199 2598 1474 2653 beneﬁcio
1519 2615 1672 2666 eum,
1717 2599 1814 2670 qui

204 2707 296 2744 non
322 2695 526 2746 utatur
551 2691 841 2762 obsequio,
875 2695 1029 2745 recte
1071 2708 1187 2746 non
1225 2693 1686 2764 reprehenditur,
1717 2692 1814 2747 sed

202 2784 450 2838 docetur:
491 2801 612 2838 non
653 2784 1112 2855 reprehenditur,
1155 2785 1288 2856 quia
1325 2802 1515 2840 amore
1555 2785 1812 2853 faciebat,

201 2877 282 2930 sed
329 2877 612 2944 docetur,
663 2881 724 2931 ut
772 2878 989 2932 noverit
1039 2878 1396 2934 inﬁrmorum
1447 2895 1567 2934 esse
1618 2880 1811 2933 firmo-

204 2985 422 3043 rumque
451 2971 814 3026 distantiam.
847 2973 915 3026 Et
940 2971 1069 3026 ideo
1101 2972 1374 3026 Dominus
1408 2973 1513 3026 etsi
1551 2973 1816 3027 fortiores

201 3069 534 3132 remunerat,
565 3069 754 3120 tamen
783 3082 899 3120 non
930 3066 1178 3121 excludit
1207 3066 1483 3120 inﬁrmos.

262 3159 422 3213 lVers.
451 3160 570 3229 50.)
597 3160 770 3215 Sinite
802 3174 907 3221 eos,
935 3164 984 3214 et
1015 3160 1178 3214 nolite
1199 3159 1516 3229 prohibere;
1548 3161 1646 3228 qui
1673 3161 1814 3214 enim

202 3267 292 3305 non
319 3257 390 3308 est
415 3252 709 3307 adversum
728 3268 840 3315 vos,
865 3268 968 3322 pro
997 3253 1144 3308 vobis
1171 3259 1270 3307 est.

258 3347 338 3400 26.
373 3348 551 3411 Bene,
593 3345 852 3413 Domine,
885 3362 1021 3400 nam
1057 3349 1115 3400 et
1149 3346 1354 3416 Joseph
1394 3351 1448 3400 et
1483 3347 1816 3401 Nicodemus

202 3440 384 3493 occulti
412 3439 683 3509 discipuli
713 3445 954 3510 prOpter
982 3445 1222 3509 metum,
1251 3439 1311 3493 in
1342 3442 1596 3511 tempore
1622 3445 1816 3494 tamen

200 3546 344 3586 suum
384 3533 492 3586 tibi
536 3532 786 3586 ofﬁcium
826 3549 942 3587 non
976 3537 1278 3604 negarunt.
1319 3533 1423 3588 Sed
1466 3538 1653 3588 tamen
1685 3533 1816 3604 quia

200 3624 317 3678 alibi
349 3625 548 3680 dixisti
581 3642 594 3679 :
627 3625 730 3691 Qui
768 3641 875 3681 non
906 3633 984 3680 est
1017 3641 1244 3688 mecum,
1283 3626 1568 3680 adversum
1601 3642 1683 3681 me
1717 3632 1811 3692 est,

201 3724 242 3770 et
274 3722 366 3787 qui
387 3734 598 3774 mecum
626 3735 734 3773 non
764 3720 991 3789 colligit,
1023 3720 1316 3790 dispergit;
1341 3720 1500 3791 aperi
1529 3720 1712 3788 nobis,
1745 3736 1815 3774 ne

201 3810 434 3866 videatur
493 3828 614 3867 esse
669 3813 1044 3868 contrarium.
1103 3814 1168 3867 Et
1219 3817 1357 3885 puto
1406 3815 1542 3884 quia
1591 3815 1636 3868 si
1690 3813 1816 3885 quis

202 3905 461 3960 mentium
496 3905 816 3961 consideret
847 3912 1244 3974 scrutatorem,
1278 3905 1538 3962 dubitare
1569 3924 1684 3962 non
1716 3909 1813 3962 de-

201 3995 314 4053 beat
351 4000 802 4071 uniuscujusque
845 4000 1059 4055 factum
1102 4004 1297 4056 mente
1339 4000 1600 4056 discerni.
1647 4001 1815 4055 Deni-

203 4104 295 4160 que
323 4092 412 4146 alii
441 4093 604 4160 dicit,
635 4112 664 4141 ‹‹
692 4093 937 4164 Sequere
968 4109 1062 4148 me
1089 4094 1334 4164 (Matth.,
1363 4111 1473 4160 vm,
1504 4095 1660 4163 22);»
1695 4094 1813 4160 alii,

205 4204 226 4230 ιι
249 4184 445 4256 Vulpes
475 4187 673 4241 foveas
702 4186 918 4240 habent
944 4186 1122 4257 (Luc.,
1151 4204 1224 4253 1x,
1270 4191 1356 4253 58,
1399 4187 1597 4256 infra).
1649 4208 1674 4235 »
1719 4187 1814 4242 llle

202 4278 425 4348 cogitur,
470 4280 578 4334 iste
608 4284 950 4348 removetur,
996 4285 1056 4334 ut
1093 4281 1235 4335 scias
1268 4281 1405 4352 quia
1445 4281 1675 4337 devotus
1716 4281 1814 4335 ad-

203 4371 443 4441 mittitur,
479 4373 778 4428 indevotus
807 4373 1141 4428 excluditur.

263 4468 342 4519 27.
391 4466 571 4536 (Vers.
625 4467 839 4535 53-59.)
887 4466 1049 4530 Quod
1102 4483 1237 4521 vero
1283 4467 1590 4538 discipulos
1639 4468 1816 4522 incre-

205 4558 339 4624 pavit
364 4561 502 4630 quia
540 4560 736 4630 ignem
773 4576 945 4631 super
977 4576 1074 4614 eos
1105 4560 1451 4615 descendere
1479 4561 1812 4631 gestiebant,
1835 4573 1894 4646 D

207 4653 288 4720 qui
337 4668 453 4707 non
511 4657 851 4724 receperant
900 4653 1226 4718 Christum,
1285 4654 1601 4710 ostenditur
1656 4655 1818 4710 nobis

207 4758 304 4798 non
345 4762 575 4818 semper
613 4747 670 4801 in
710 4763 806 4802 eos
846 4748 945 4818 qui
991 4747 1347 4818 peccaverint
1391 4748 1816 4816 vindicandum,

211 4838 326 4906 quia
361 4856 774 4911 nonnunquam
813 4841 1057 4911 amplius
1100 4840 1336 4911 prodest
1376 4842 1676 4896 clementia
1717 4841 1820 4895 tibi

213 4930 272 4983 ad
297 4933 644 5002 patientiam,
671 4935 830 5004 lapso
859 4935 929 4988 ad
957 4935 1362 4990 correctionem
1392 4935 1503 5006 (23,
1535 4951 1591 5006 q.
1615 4936 1668 5001 4,
1691 4951 1815 5006 cap.

215 5022 350 5088 Quod
385 5025 664 5096 Christus).
708 5027 956 5098 Denique
992 5027 1323 5082 Samaritani
1364 5028 1528 5082 citius
1563 5027 1815 5082 credide-

216 5122 350 5185 runt,
382 5136 416 5173 a
443 5120 645 5190 quibus
682 5121 788 5175 hoc
828 5122 948 5174 loco
985 5121 1132 5192 ignis
1171 5127 1415 5177 arcetur.
1449 5121 1629 5176 Simul
1673 5121 1818 5176 disce

218 5210 333 5278 quia
370 5214 540 5284 recipi
565 5215 744 5269 noluit
771 5215 839 5268 ab
868 5215 976 5282 his,
1003 5231 1147 5286 quos
1179 5215 1387 5270 sciebat
1423 5232 1538 5270 non
1577 5214 1820 5285 simplici

219 5308 390 5359 mente
429 5323 723 5362 conversos
763 5308 904 5378 (58);
938 5324 1071 5362 nam
1116 5310 1162 5363 si
1212 5308 1501 5375 voluisset,
1550 5324 1616 5362 ex
1657 5307 1817 5362 inde-

221 5398 341 5451 votis
384 5399 612 5456 devotos
657 5401 902 5456 fecisset.
945 5403 1059 5457 Cur
1104 5405 1296 5457 autem
1342 5419 1457 5458 non
1505 5402 1822 5473 receperint

271 5521 361 5580 (57)
389 5523 518 5572 Mss.
545 5525 770 5589 aliquot,
797 5525 1118 5576 industriam
1142 5527 1303 5575 unius
1329 5530 1552 5575 naturae.

269 5592 357 5648 (58)
382 5596 597 5646 Amerb.
631 5610 760 5646 cum
788 5597 1066 5660 plerisque
1096 5609 1248 5657 mss,
1297 5597 1460 5660 recipi
1498 5594 1668 5645 noluit
1713 5607 1821 5643 non

224 5659 422 5729 simplici
463 5673 620 5716 mente
659 5659 949 5718 conuersos.
978 5659 1173 5727 iRom.,
1214 5659 1441 5729 recipere
1486 5665 1678 5722 noluit,
1713 5669 1816 5715 etc.

227 5727 560 5858 gplime‘Eqa.
593 5752 658 5789 ac
697 5739 823 5790 Gill.
865 5740 994 5790 licet
1026 5752 1156 5790 cum
1187 5727 1541 5802 paucioribus
1578 5749 1708 5786 mss.
1759 5741 1821 5785 ut

259 5815 384 5854 osin
433 5820 500 5857 ex
525 5824 577 5858 υ.

259 5815 313 5852 08
334 5818 384 5854 ln
411 5815 556 5858 textu
567 5848 577 5858 .

295 5876 364 5939 59)
394 5877 623 5943 Quidam
649 5896 800 5950 mss,
831 5883 1054 5947 injuria.
1084 5883 1184 5944 Qui
1210 5882 1374 5943 timet,
1394 5878 1686 5930 vindictam
1713 5891 1821 5928 non

1988 1986 2076 2038 28.
2118 1984 2392 2038 Dominus
2433 1986 2624 2037 autem
2661 1983 2806 2036 mire
2849 1981 3070 2048 omnia,
3104 1997 3210 2036 nec
3249 1981 3412 2035 illum
3460 1984 3546 2033 te-

1916 2093 2074 2132 mere
2131 2094 2188 2132 se
2242 2076 2571 2131 offerentem
2620 2075 2842 2146 recipit,
2889 2092 2991 2131 nec
3039 2076 3100 2129 in
3143 2075 3249 2129 hos
3294 2074 3552 2128 indevote

1918 2171 2221 2225 Dominum
2270 2171 2588 2225 refutantes
2637 2169 2969 2240 proprium,
3017 2171 3438 2233 commovetur;
3489 2171 3551 2221 ut

1915 2265 2243 2319 ostenderet
2283 2263 2416 2335 quia
2461 2279 2576 2318 non
2627 2262 2800 2317 habet
2849 2262 3081 2316 ultionis
3126 2261 3376 2317 studium
3419 2277 3549 2331 per-

1917 2359 2062 2412 fecta
2092 2357 2270 2412 virtus
2306 2374 2318 2411 :
2360 2373 2464 2411 nec
2502 2357 2610 2410 ulla
2651 2356 2725 2409 sit
2765 2355 3075 2421 iracundia,
3118 2355 3212 2409 ubi
3258 2353 3550 2426 plenitudo

1917 2458 2002 2506 est
2035 2451 2332 2506 charitatis
2361 2467 2373 2504 :
2407 2466 2509 2504 nec
2546 2448 2899 2503 excludenda
2932 2448 3256 2516 inﬁrmitas,
3291 2445 3550 2518 1418

1916 2544 2015 2597 sed
2044 2543 2318 2614 juvanda.
2365 2542 2562 2597 Procul
2592 2558 2624 2594 a
2651 2540 2930 2612 religiosis
2970 2540 3310 2611 indignatio,
3349 2539 3548 2610 procul

1915 2655 1949 2691 a
1993 2635 2375 2707 magnanimis
2422 2634 2697 2706 cupiditas
2743 2633 2972 2689 ultionis
3015 2652 3029 2687 :
3070 2633 3267 2705 procul
3301 2633 3470 2688 etiam
3517 2649 3551 2687 a

1919 2729 2289 2801 prudentibus
2338 2727 2754 2782 inconsiderata
2807 2725 3134 2797 conjunctio
3185 2728 3292 2796 (60)
3353 2730 3409 2780 et
3459 2725 3549 2779 in-

1915 2827 2110 2879 causta
2161 2821 2510 2893 simplicitas.
2567 2820 2728 2875 Unde
2778 2825 2836 2875 et
2889 2821 2972 2876 illi
3024 2820 3230 2874 dicitur
3281 2837 3294 2874 :
3355 2819 3552 2890 Vulpes

1913 2921 2098 2985 foveas
2154 2917 2350 2970 habent
2401 2935 2416 2968 :
2469 2931 2574 2968 nec
2626 2913 2964 2984 obsequium
3021 2913 3142 2983 ejus
3195 2911 3546 2979 admittitur,

1915 3011 2074 3082 cujus
2119 3028 2231 3064 non
2282 3009 2555 3079 probatur
2605 3008 2881 3063 ofﬁcium.
2929 3006 3417 3077 Circumspectum
3460 3010 3547 3060 et-

1917 3105 2073 3159 enim
2105 3104 2237 3158 lidei
2265 3103 2435 3159 debet
2476 3119 2596 3157 esse
2639 3101 2981 3172 hospitium,
3022 3117 3094 3154 ne
3127 3100 3265 3154 dum
3306 3099 3549 3154 inﬁdeli-

1835 3207 1889 3280 ρ
1915 3198 2020 3252 bus
2051 3204 2257 3252 nostrai
2289 3197 2492 3252 domus
2527 3195 2840 3266 penetralia
2872 3211 3223 3261 reseramus,
3255 3195 3312 3247 in
3341 3193 3545 3248 alienae

1919 3291 2166 3363 perﬁdiae
2195 3306 2377 3346 casses
2404 3289 2720 3360 improvida
2748 3287 3087 3343 credulitate
3118 3287 3399 3342 labamur.

1988 3414 2076 3466 29.
2112 3411 2225 3466 Sed
2255 3426 2326 3465 ne
2353 3409 2492 3464 illud
2520 3409 2834 3480 improvide
2864 3408 3202 3480 praeteriisse
3230 3407 3547 3476 videamur,

1916 3521 2017 3560 cur
2055 3505 2146 3558 hic
2193 3520 2292 3558 eos
2333 3503 2430 3574 qui
2463 3507 2704 3574 possunt
2742 3517 2842 3572 per
2884 3517 3084 3555 manus
3124 3501 3550 3572 impositionem

1917 3597 2230 3653 immundis
2283 3597 2571 3668 imperare
2631 3594 2918 3665 spiritibus
2981 3595 3039 3648 in
3099 3594 3329 3649 nomine
3380 3596 3548 3663 Jesu,

1917 3697 2090 3762 neget
2151 3705 2272 3744 esse
2347 3687 2760 3760 prohibendos,
2830 3687 3144 3741 secundum
3218 3687 3548 3742 Matthmum

1915 3790 2110 3840 autem
2147 3784 2295 3838 dicat
2325 3782 2410 3836 his
2441 3801 2455 3837 :
2493 3802 2521 3830 «
2557 3781 2675 3835 Non
2716 3781 2846 3834 novi
2889 3797 2983 3834 vos
3016 3797 3030 3833 :
3069 3779 3343 3834 discedite
3370 3798 3403 3834 a
3431 3798 3546 3849 me,

1918 3895 2118 3934 omnes
2180 3875 2425 3948 operarii
2492 3874 2810 3946 iniquitatis
2875 3874 3120 3944 (Matth.,
3175 3889 3270 3941 vn,
3338 3878 3450 3942 23),
3516 3897 3544 3924 »

1917 3972 2209 4026 advertere
2272 3969 2547 4024 debemus
2602 3984 2717 4022 non
2776 3984 2898 4022 esse
2954 3966 3284 4022 distantiam
3349 3983 3548 4022 sensus

1915 4064 2437 4133 sententiarumque
2478 4061 2849 4126 discordiam;
2894 4060 2994 4114 sed
3041 4060 3179 4116 illud
3223 4061 3441 4115 censeri
3480 4077 3548 4116 eo

1915 4159 2065 4230 quod
2110 4174 2221 4212 non
2263 4156 2444 4210 solum
2482 4155 2654 4210 ofﬁcii
2696 4154 2754 4209 in
2795 4154 3032 4222 clericis,
3079 4153 3179 4208 sed
3221 4154 3393 4208 etiam
3432 4155 3546 4208 vir-

1916 4253 2050 4307 tutis
2097 4267 2269 4321 opera
2319 4250 2682 4320 requirantur
2723 4265 2736 4302 :
2786 4252 3127 4318 tantumque
3181 4263 3300 4302 esse
3344 4247 3551 4303 Christi

1915 4361 2158 4412 nomen,
2217 4348 2282 4398 ut
2335 4343 2511 4397 etiam
2571 4359 2773 4413 parum
2828 4343 3034 4396 sanctis
3107 4341 3419 4412 Opituletur
3478 4341 3551 4396 ad

1917 4437 2266 4510 praasidium,
2310 4436 2413 4491 etsi
2453 4453 2571 4490 non
2617 4437 2931 4507 opituletur
2970 4435 3038 4488 ad
3081 4433 3346 4503 gratiam.
3390 4433 3550 4488 Unde

1917 4548 2084 4587 nemo
2122 4532 2336 4601 jactare
2380 4545 2439 4583 se
2481 4529 2678 4594 debet,
2725 4545 2830 4583 nec
2874 4527 3103 4598 purgati
3148 4526 3398 4580 hominis
3444 4526 3552 4580 sibi

1918 4625 2162 4696 gratiam
2206 4625 2510 4690 vindicare,
2557 4625 2613 4676 in
2656 4639 2770 4693 quo
2815 4621 3013 4675 aeterni
3058 4621 3308 4676 nominis
3352 4621 3546 4686 virtus,

1919 4735 2033 4774 non
2068 4719 2261 4789 aliqua
2290 4715 2636 4787 possibilitas
2665 4716 2933 4770 humana:
2963 4715 3280 4786 fragilitatis
3311 4720 3550 4785 operata

1919 4812 2018 4879 sit;
2068 4829 2182 4866 non
2230 4811 2383 4866 enim
2431 4810 2634 4865 merito
2679 4812 2777 4864 tuo
2828 4809 3105 4878 diabolus,
3149 4808 3247 4864 sed
3289 4809 3416 4862 odio
3462 4807 3550 4861 sui

1919 4906 2182 4960 vincitur.

1989 5029 2078 5081 30.
2109 5025 2266 5089 Quod
2297 5029 2489 5096 potest
2517 5025 2708 5092 homo,
2748 5024 3030 5079 sinceram
3062 5023 3327 5078 exhibeat
3356 5023 3548 5092 ﬁdem,

1919 5125 1976 5175 et
2003 5119 2423 5174 observantiam
2465 5117 2864 5173 mandatorum
2898 5117 3162 5186 religiosa
3200 5122 3389 5171 mente
3421 5133 3548 5171 cus-

1919 5213 2122 5278 todiat,
2154 5229 2226 5266 ne
2263 5213 2483 5267 dicatur
2515 5213 2564 5266 ei
2601 5229 2613 5265 :
2655 5213 2854 5280 Vulpes
2887 5213 3073 5278 foveas
3107 5211 3320 5264 habent.
3362 5210 3552 5264 Fallax

1921 5307 2133 5378 quippe
2173 5306 2408 5374 animal,
2447 5310 2502 5360 et
2533 5305 2753 5359 insidiis
2790 5320 3015 5374 semper
3053 5304 3362 5370 intentum,
3401 5303 3551 5373 rapi-

1922 5416 2058 5454 nam
2107 5399 2318 5454 fraudis
2363 5405 2608 5454 exercet.
2647 5397 2800 5452 Nihil
2839 5403 3047 5465 tutum,
3097 5396 3233 5450 nihil
3282 5397 3548 5463 otiosum,

1921 5523 2111 5586 quaerit
2135 5537 2150 5572 :
2176 5522 2270 5586 qui
2298 5536 2406 5572 non
2443 5522 2600 5579 timet,
2641 5519 2888 5569 ultionem
2926 5517 3164 5569 ostendit.
3210 5519 3398 5576 Simul,
3437 5522 3550 5570 etc.

1923 5595 2107 5644 Minus
2137 5591 2445 5643 commode.

1982 5666 2081 5726 (60)
2128 5665 2253 5714 Mss.
2304 5664 2533 5726 aliquot,
2580 5661 2976 5711 inconsiderata
3017 5663 3308 5711 commotio.
3353 5661 3550 5711 Melius

1920 5735 2032 5798 alii,
2073 5739 2238 5799 atque
2284 5734 2436 5794 edit...
2478 5732 2874 5782 inconsiderata
2913 5734 3243 5796 conjunctio;
3288 5735 3350 5781 ut
3385 5731 3550 5780 nimi-

1919 5821 2042 5857 rum
2071 5807 2141 5856 ad
2175 5807 2466 5870 sequentia
2491 5806 2777 5856 referatur.
