3972 6174
439 303 574 356 1795

435 520 736 573 hominum
765 519 1019 589 praedam
1049 519 1319 589 requirat.

508 616 596 668 31.
644 611 931 666 Ηαξτθιίοἱε
977 617 1166 667 autem
1208 613 1405 682 vulpes
1452 618 1764 683 comparat.
1806 612 2060 682 Denique

438 691 568 760 cum
604 710 801 775 gentes
835 710 1010 771 vocet,
1052 705 1344 759 haereticos
1387 705 1655 759 excludit.
1689 705 1878 774 Vulpis
1910 704 2062 758 enim

436 801 671 870 plenum
708 797 923 853 fraudis
968 803 1050 852 est
1093 798 1328 863 animal,
1369 798 1590 852 foveam
1632 813 1860 868 parans,
1908 801 1964 850 et
2001 796 2062 850 in

437 893 594 947 fovea
623 908 848 962 semper
880 892 1059 945 latere
1096 891 1426 945 desiderans
1458 909 1470 945 :
1507 891 1584 944 ita
1619 895 1750 944 sunt
1789 890 2059 955 haeretici,

438 986 538 1056 qui
575 985 811 1039 domum
853 985 962 1038 sibi
1003 1001 1206 1055 parare
1244 1001 1356 1038 non
1399 987 1630 1051 norunt,
1675 983 1774 1037 sed
1817 983 2061 1037 circum-

439 1078 837 1148 scriptionibus
886 1077 998 1131 suis
1046 1078 1182 1131 alios
1233 1077 1494 1147 decipere
1544 1082 1841 1131 conantur.
1893 1077 2064 1131 Jacob

438 1172 674 1226 domum
721 1172 976 1225 habitat:
1009 1171 1311 1224 haereticus
1353 1170 1410 1223 in
1455 1171 1621 1225 fovea
1663 1175 1763 1239 est,
1805 1175 1866 1225 ut
1904 1171 2060 1225 frau-

441 1266 673 1320 dulenta
698 1265 880 1334 vulpis
917 1264 1137 1334 gallinae
1171 1263 1249 1316 illi
1289 1265 1627 1333 evangelicae
1669 1264 1865 1318 dolum
1914 1280 2060 1318 sem-

440 1375 545 1428 per
575 1359 894 1425 intendens,
941 1357 1008 1411 de
1044 1373 1158 1427 qua
1193 1358 1467 1427 scriptum
1495 1360 1579 1411 est
1611 1378 1622 1412 :
1657 1379 1683 1407 ‹‹
1714 1356 1942 1420 Quoties
1968 1374 2063 1412 vo-

443 1452 521 1504 lui
559 1466 912 1521 congregare
948 1450 1092 1503 filios
1132 1454 1258 1504 tuos
1288 1450 1432 1504 sicut
1458 1450 1666 1520 gallina
1695 1451 1879 1521 pullos
1915 1467 2063 1517 suos,

441 1549 501 1598 et
537 1542 803 1596 noluisti?
835 1545 970 1598 Ecce
997 1543 1352 1614 relinquetur
1388 1543 1589 1597 domus
1625 1549 1811 1597 vestra
1845 1544 2070 1597 deserta

439 1638 680 1706 (Matth.,
713 1652 860 1703 xxnl,
891 1639 978 1704 37,
1009 1639 1114 1706 38).
1148 1657 1175 1685 ››
1211 1636 1406 1691 Merito
1437 1653 1575 1708 ergo
1611 1637 1796 1691 foveas
1833 1636 2066 1701 habent,

441 1731 575 1800 quia
621 1729 854 1784 domum
901 1745 1078 1800 quam
1127 1729 1466 1798 habuerant,
1515 1730 1908 1800 perdiderunt.
1959 1730 2069 1783 Hoc

1903 301 1959 355 S.
2001 301 2314 356 AMBROSII

435 425 577 481 nihil
609 426 821 496 patitur
847 440 964 479 esse
997 440 1281 492 securum,
1312 425 1466 498 quod
1501 425 1648 481 inter
1674 425 1793 496 ipsa
1816 425 2061 496 hospitia
2081 439 2139 510 Α
2161 427 2372 482 dictum
2417 431 2498 481 est
2551 427 2631 481 illi
2677 443 2689 481 :

3614 301 3731 353 1796

2741 445 2767 478 ‹‹
2813 424 3272 482 Obliviscere.....
3320 421 3544 477 domum
3587 423 3743 492 patris

2162 521 2242 574 tui
2287 521 2452 590 (Psal.
2501 536 2643 587 xmv,
2690 520 2792 589 11).
2847 541 2872 568 ››
2923 518 3061 572 Vide
3104 516 3278 587 igitur
3326 515 3452 585 quia
3498 515 3746 568 Dominus

2162 630 2304 684 quos
2355 614 2683 680 miseratur,
2739 613 2911 666 etiam
2967 609 3358 680 imprudentes
3407 607 3656 676 advocat,
3703 612 3748 661 et

2161 707 2470 778 postulanti
2496 711 2751 778 paternae
2782 706 3006 760 veniam
3035 704 3334 774 sepultura
3364 701 3636 771 respondit
3669 720 3678 753 :

2233 802 2409 869 (Vers.
2454 802 2566 871 60.)
2607 801 2750 863 Sine,
2797 800 2997 854 mortui
3029 798 3296 867 sepeliant
3334 799 3558 849 mortuos
3593 809 3701 849 suos
3737 813 3751 847 :

2165 901 2223 948 tu
2251 899 2431 948 autem
2458 894 2616 957 vade,
2647 895 2925 948 annuntia
2953 906 3177 961 regnum
3211 891 3322 944 Dei.

2234 989 2319 1042 34.
2362 989 2554 1058 Itaque
2583 1003 2710 1041 cum
2743 986 3070 1054 religiosum
3100 981 3372 1037 humandi
3404 981 3758 1050 acceperimus

2165 1080 2436 1148 officium,
2463 1080 2950 1152 quemadmodum
2981 1079 3073 1131 hic
3115 1077 3341 1147 paterni
3372 1090 3589 1146 quoque
3614 1073 3759 1126 fune-

2164 1176 2239 1230 ris
2278 1177 2564 1246 sepultura
2592 1174 2946 1245 prohibetur,
2975 1172 3081 1226 nisi
3124 1177 3185 1225 ut
3215 1169 3494 1239 intelligas
3536 1168 3763 1221 humana

2165 1269 2550 1340 posthabenda
2598 1267 2836 1322 divinis?
2883 1268 3103 1321 Bonum
3150 1263 3419 1328 studium,
3462 1261 3558 1314 sed
3602 1260 3763 1329 majus

2165 1361 2683 1432 impedimentum;
2714 1376 2846 1413 nam
2875 1359 2971 1429 qui
3001 1357 3242 1429 partitur
3280 1354 3550 1418 studium,
3577 1352 3765 1406 derivat

2165 1455 2459 1522 affectum,
2505 1458 2562 1508 et
2601 1454 2698 1524 qui
2731 1453 2930 1506 dividit
2968 1467 3187 1516 curam,
3227 1448 3418 1503 differt
3450 1446 3764 1518 profectum.

2167 1550 2313 1618 Ergo
2355 1548 2512 1618 prius
2561 1547 2826 1601 obeunda
2873 1562 3002 1615 quae
3046 1543 3291 1598 maxima
3342 1544 3502 1609 sunt;
3554 1555 3675 1593 nam
3721 1542 3771 1592 et

2167 1641 2423 1713 apostoli,
2456 1656 2526 1695 ne
2571 1642 2914 1710 occuparent
2963 1637 3215 1692 studium
3255 1633 3614 1706 dispensandi
3659 1633 3768 1701 (63),

2169 1735 2455 1788 ministros
2515 1733 2863 1804 pauperibus
2921 1730 3257 1785 ordinarunt
3313 1730 3479 1796 (Act.,
3536 1742 3606 1792 vr,
3660 1728 3688 1778 '2
3731 1729 3775 1778 el

439 1823 649 1876 animal
689 1839 872 1893 neque
914 1823 1254 1876 mansuescit
1295 1839 1580 1892 unquam;
1617 1823 1769 1877 unde
1816 1826 1871 1876 et
1914 1805 2334 1898 Apo-Bseq,);
2377 1832 2433 1882 et
2479 1827 2614 1897 ipsis
2655 1842 2785 1880 cum
2829 1842 2861 1878 a
2899 1823 3140 1878 Domino
3178 1822 3563 1886 mitterentur,
3609 1817 3773 1871 nemi-

442 1916 617 1969 stolus
662 1915 743 1969 ait
775 1932 787 1970 :
826 1938 852 1964 ‹‹
891 1916 1232 1970 ΗὶΕΓθὶίΟΙΠΠ
1269 1917 1572 1970 hominem
1613 1921 1738 1986 post
1779 1931 2066 1969 unam.....

442 2009 857 2079 correptionem
907 2009 1095 2063 devita
1146 2010 1298 2079 (Tit.,
1353 2026 1429 2078 Ill,
1487 2010 1602 2079 10);
1653 2033 1680 2059 ››
1735 2026 1920 2079 neque
1967 2008 2070 2063 ulli

443 2101 570 2155 usui
620 2105 705 2155 est
751 2105 848 2155 aut
899 2102 1020 2155 cibo
1069 2101 1230 2169 utile;
1282 2118 1398 2156 non
1449 2102 1600 2155 enim
1656 2101 1724 2156 de
1776 2103 1886 2156 hoc
1939 2101 2072 2156 dicit

442 2193 694 2248 Christus
727 2216 736 2246 :
774 2215 801 2242 ‹‹
839 2196 988 2249 Meus
1028 2194 1182 2248 cibus
1223 2199 1324 2262 est,
1363 2198 1428 2248 ut
1467 2195 1674 2249 faciam
1720 2195 2069 2248 voluntatem

442 2287 623 2342 Patris
661 2287 771 2340 mei
816 2287 914 2358 qui
945 2288 1002 2340 in
1040 2287 1188 2341 caelis
1232 2293 1316 2342 est
1360 2289 1556 2356 (Joan.,
1600 2304 1672 2354 ιν,
1717 2288 1828 2358 34).
1862 2310 1888 2337 ››
1926 2287 2070 2351 Quin

447 2380 618 2434 etiam
663 2397 754 2434 eas
780 2398 811 2433 a
843 2381 1117 2434 fructibus
1157 2381 1268 2434 suis
1313 2382 1572 2452 relegat:
1611 2402 1639 2430 «
1676 2382 1872 2452 Capite
1912 2381 2072 2434 nobis

444 2474 640 2545 vulpes
693 2474 951 2544 pusillas,
1011 2474 1456 2528 exterminantes
1505 2475 1697 2528 vineas
1753 2477 1949 2542 (Cant.,
2010 2492 2069 2542 ιι,

447 2566 556 2637 15),
586 2588 612 2615 ››
645 2567 750 2620 hoc
777 2573 881 2632 est,
911 2583 1035 2636 qua:
1064 2566 1350 2621 minorem
1377 2567 1625 2634 vineam,
1654 2583 1768 2621 non
1796 2567 2072 2636 majorem

446 2659 847 2713 exterminant.
908 2661 976 2713 Et
1027 2659 1154 2713 ideo
1203 2659 1442 2714 Samson
1499 2660 1567 2714 ad
1617 2660 1822 2714 caudas
1875 2676 2074 2713 earum

445 2752 597 2807 faces
645 2752 866 2823 ligavit,
910 2755 967 2806 et
1008 2752 1064 2806 in
1111 2769 1324 2806 messes
1372 2753 1818 2824 alienigenarum
1863 2752 2079 2806 dimisit

446 2846 664 2915 (Judic.,
699 2863 785 2913 xv,
825 2847 907 2914 4);
939 2862 1004 2899 eo
1039 2846 1194 2916 quod
1231 2845 1483 2901 haeretici
1523 2847 1736 2900 fructus
1774 2846 2075 2899 incendere

448 2945 727 2994 conentur
772 2939 1016 3006 alienos,
1065 2939 1366 2993 latratibus
1405 2938 1587 3010 magis
1629 2939 1853 3006 sonori,
1902 2955 2077 3008 quam

450 3033 680 3088 vocibus
714 3033 951 3103 expoliti
980 3031 1085 3100 (61)
1117 3033 1233 3102 (qui
1273 3033 1428 3086 enim
1468 3032 1708 3086 Verbum
1753 3037 1944 3102 negat,
1976 3047 2079 3085 nec

448 3143 643 3182 vocem
681 3127 894 3196 habet),
926 3126 994 3179 ad
1029 3141 1284 3196 praesens
1321 3142 1418 3180 ore
1455 3125 1655 3193 libero,
1684 3126 1778 3180 sed
1820 3126 1878 3179 in
1923 3127 2076 3180 futu-

450 3236 580 3275 rum
621 3220 734 3273 fine
777 3217 1033 3290 1419
1065 3219 1189 3289 jam
1228 3220 1411 3274 vincto
1453 3219 1648 3273 caudm
1688 3219 1900 3274 facibus
1949 3221 2079 3291 (6'2),

456 3313 840 3384 significantes
868 3312 952 3365 sui
984 3312 1111 3365 finis
1138 3311 1486 3366 incendium.

525 3407 613 3461 32.
642 3405 901 3460 Volucres
927 3421 1153 3476 quoque
1183 3405 1325 3472 coeli,
1360 3421 1488 3475 quae
1520 3405 1851 3476 frequenter
1882 3407 1950 3460 ad
1982 3423 2081 3462 ne-

456 3499 652 3570 quitiae
701 3499 969 3569 spiritalis
1016 3499 1456 3553 similitudinem
1508 3499 1861 3568 derivantur,
1912 3501 2082 3555 veluti

454 3591 619 3646 nidos
663 3591 940 3663 quosdam
985 3591 1274 3646 instruunt
1317 3591 1374 3644 in
1423 3591 1750 3662 pectoribus
1795 3593 2078 3664 improbo-

461 3699 622 3754 rum;
667 3689 722 3740 et
760 3685 891 3740 ideo
929 3685 1100 3740 Filius
1135 3685 1409 3752 hominis,
1452 3685 1584 3756 quia
1623 3685 1930 3741 abundavit
1972 3687 2082 3740 ini-

454 3779 664 3852 quitas,
696 3795 808 3832 non
835 3777 1009 3833 habet
1041 3778 1133 3832 ubi
1163 3784 1329 3848 caput
1365 3794 1532 3832 suum
1571 3778 1827 3832 reclinet.
1860 3779 2084 3833 Etenim

455 3871 781 3929 dominante
834 3872 1111 3938 versutia,
1172 3888 1303 3925 cum
1364 3871 1710 3942 simplicitati
1767 3872 1954 3926 nullus
2015 3873 2086 3926 sit

453 3965 629 4033 locus,
675 3966 833 4020 nulla
877 3968 1062 4036 potest
1103 3964 1161 4019 in
1205 3965 1500 4019 affectibus
1540 3965 1900 4036 singulorum
1939 3965 2082 4019 divi-

455 4059 646 4114 nitatis
708 4075 826 4113 esse
891 4058 1166 4130 possessio
1225 4077 1237 4112 :
1299 4079 1325 4107 ‹‹
1388 4059 1572 4130 Caput
1631 4059 1820 4127 (enim)
1876 4059 2083 4114 Christi

455 4154 602 4208 Deus
640 4155 724 4206 est
753 4151 790 4220 (l
825 4154 968 4214 Cor.,
999 4167 1074 4218 x1,
1107 4155 1178 4221 3),
1209 4173 1235 4202 »
1269 4153 1368 4222 qui
1405 4153 1498 4205 ubi
1541 4155 1797 4206 mentem
1835 4153 2087 4224 probarit

456 4245 778 4311 innoxiam,
831 4261 1003 4315 supra
1059 4245 1237 4314 ipsam
1303 4245 1728 4315 quodammodo
1794 4246 1906 4300 vim
1970 4263 2086 4300 sum

457 4337 772 4409 majestatis
833 4337 1070 4392 reclinat
1119 4355 1131 4392 :
1185 4340 1335 4410 quod
1391 4354 1512 4394 esse
1567 4339 1792 4394 videtur
1841 4339 2084 4409 indicio,

453 4432 590 4506 quia
616 4429 899 4504 profusior
929 4432 1192 4504 quaedam
1222 4432 1403 4502 gratia
1442 4432 1725 4487 bonorum
1765 4435 2087 4504 pectoribus

456 4525 765 4581 inseratur.

530 4621 618 4674 33.
677 4620 853 4688 (Vers.
908 4620 1020 4689 59.)
1069 4621 1261 4690 Itaque
1314 4627 1372 4673 ut
1425 4620 1682 4674 advertas
1735 4621 1907 4674 Deum
1970 4639 2086 4677 non

455 4711 640 4767 cultus
683 4714 1085 4782 aSpernantem
1134 4727 1274 4778 esse,
1330 4713 1426 4766 sed
1477 4713 1718 4782 fraudis;
1771 4714 1865 4784 qui
1919 4731 2085 4785 repu-

457 4803 712 4860 diaverat
747 4804 1198 4870 fraudulentum,
1233 4805 1410 4874 elegit
1443 4805 1804 4860 innocentem
1845 4807 2036 4861 dicens
2071 4825 2083 4862 :

453 4897 686 4969 Sequere
732 4913 833 4952 me.
882 4897 989 4953 Sed
1039 4897 1146 4952 hoc
1191 4897 1335 4952 dixit
1377 4898 1447 4965 ei,
1501 4898 1661 4969 cujus
1706 4903 1926 4970 patrem
1968 4901 2086 4971 jam

456 4991 669 5047 sciebat
721 4994 1050 5059 mortuum,
1105 4991 1264 5044 illum
1318 4991 1514 5062 utique
1573 4998 1792 5063 patrem
1851 4994 1919 5048 de
1976 5011 2088 5065 quo

521 5125 616 5191 (61)
677 5125 919 5189 Quidam
974 5139 1125 5188 mss.,
1170 5126 1341 5189 magis
1408 5126 1619 5176 onerosi
1668 5140 1830 5191 quam
1879 5128 2090 5179 vocibus

457 5198 712 5260 expoliti;
753 5197 913 5247 Rom.
951 5197 1079 5246 edit.
1125 5211 1256 5247 cum
1309 5197 1431 5246 aliis
1472 5197 1603 5247 edit.
1648 5212 1712 5249 ac
1757 5212 1886 5248 mss.
1936 5199 2086 5263 legit,

457 5272 630 5334 magis
653 5271 856 5327 sonori,
880 5269 977 5321 sed
1004 5282 1195 5320 vocem
1223 5268 1442 5333 expoliti
1465 5272 1718 5320 resecuit.

520 5341 618 5402 (62)
664 5341 809 5390 Edit.
855 5353 1066 5400 omnes,
1115 5353 1207 5390 ore
1239 5339 1410 5398 liberi,
1447 5341 1535 5390 sed
1582 5341 1639 5388 in
1675 5340 1914 5402 futurum
1937 5341 2088 5405 linem

449 5413 567 5475 jam
599 5412 779 5470 vincti,
809 5412 992 5462 cauda:
1021 5410 1246 5473 facibus,
1283 5416 1386 5461 etc.
1418 5411 1544 5459 Mss.
1573 5425 1702 5462 vero
1739 5413 1982 5462 universi
2020 5413 2089 5462 ab

457 5479 545 5530 his
579 5481 914 5534 dissidentes
955 5483 1150 5546 legunt
1189 5485 1250 5532 ut
1293 5482 1345 5530 in
1393 5485 1567 5542 textu,
1605 5483 1711 5531 nisi
1754 5482 1904 5544 quod
1943 5497 2090 5534 unus

457 5549 606 5613 fune,
636 5566 734 5615 pro
762 5552 883 5616 ﬁne,
910 5553 1046 5602 alter
1074 5554 1279 5606 vinctis.
1311 5566 1409 5614 pro
1434 5553 1623 5610 vinclo,
1654 5553 1892 5615 prtefert.
1924 5555 2088 5605 Porro

458 5621 624 5672 nobis
649 5625 826 5686 magis
867 5623 1072 5672 arridet
1104 5625 1421 5673 communis
1465 5623 1629 5674 lectio
1672 5638 1804 5674 mss.
1833 5627 2085 5688 aliorum,

463 5692 525 5760 ut
551 5693 864 5760 sensusisit,
900 5705 997 5752 per
1021 5697 1327 5742 extremam
1365 5699 1574 5756 partem
1613 5695 1804 5745 caudae
1844 5696 2088 5760 vulpium

459 5758 679 5880 {scibas
707 5759 988 5838 alligatam
1013 5768 1320 5813 extremum
1351 5765 1740 5817 haereticorum
1768 5758 2088 5818 incendium

459 5842 605 5880 siam
649 5841 780 5879 cari.

459 5841 780 5894 sigmncari.

2167 1938 2300 1975 nem
2337 1921 2393 1974 in
2433 1920 2521 1974 via
2559 1920 2806 1974 salutare
2841 1917 3233 1988 praescriptum
3279 1917 3368 1968 est
3403 1915 3570 1983 (Luc.,
3597 1928 3652 1976 x,
3689 1912 3733 1978 4)
3763 1926 3774 1962 :

2169 2031 2284 2070 non
2337 2013 2487 2086 quod
2547 2010 2954 2068 benevolentiae
3007 2009 3326 2080 displiceret
3377 2005 3643 2070 ofﬁcium,
3691 2001 3778 2056 sed

2171 2107 2326 2178 quod
2372 2104 2787 2179 persequenda:
2842 2103 3159 2159 devotionis
3211 2100 3452 2156 intentio
3500 2098 3623 2169 plus
3666 2095 3778 2167 pla-

2171 2205 2346 2255 ceret.

2244 2298 2330 2349 35.
2386 2293 2686 2358 Quomodo
2746 2297 2936 2346 autem
2991 2288 3198 2344 mortui
3250 2286 3492 2357 sepelire
3551 2287 3784 2338 mortuos

2184 2393 2439 2458 possunt,
2470 2387 2578 2440 nisi
2611 2402 2743 2440 cum
2773 2385 2842 2439 ab
2883 2383 3203 2438 infidelibus
3235 2381 3514 2434 humatur
3551 2377 3783 2440 cadaver,

2176 2481 2337 2551 cujus
2391 2480 2467 2534 ita
2520 2495 2616 2533 cor
2673 2478 2778 2549 (64)
2831 2478 3083 2531 animam
3136 2473 3416 2545 perdidit,
3469 2477 3530 2526 ut
3581 2471 3786 2524 illorum

2177 2575 2386 2630 animae
2433 2574 2605 2626 Deum
2653 2589 2666 2625 :
2709 2572 2822 2626 sive
2871 2570 3008 2640 quia
3047 2568 3252 2638 duplex
3298 2567 3397 2620 hic
3443 2561 3788 2634 intelligenda

2178 2671 2263 2721 est
2319 2683 2490 2731 mors,
2541 2681 2656 2719 una
2709 2670 2946 2732 naturae,
2999 2663 3175 2716 altera
3222 2659 3448 2730 culpae?
3497 2661 3590 2714 Est
3636 2657 3788 2710 etiam

2177 2777 2329 2814 mors
2366 2760 2552 2826 tertia,
2585 2759 2642 2812 in
2683 2774 2797 2829 qua
2830 2759 3059 2827 peccato
3099 2754 3406 2820 morimur,
3437 2755 3496 2806 et
3525 2755 3634 2807 Deo
3669 2748 3787 2803 vivi-

2177 2870 2324 2921 mus,
2381 2854 2528 2907 sicut
2582 2851 2838 2907 Christus
2893 2850 2990 2921 qui
3043 2852 3272 2919 peccato
3332 2852 3592 2900 mortuus
3649 2847 3727 2897 est
3775 2857 3785 2892 :

2182 2969 2208 2996 ‹‹
2247 2947 2407 3010 Quod
2433 2946 2589 3000 enim
2622 2949 2883 2999 mortuus
2917 2946 3001 2996 est
3031 2947 3278 3012 peccato,
3314 2945 3574 2993 mortuus
3604 2942 3684 2992 est
3709 2951 3787 2989 se-

2181 3041 2292 3094 mel
2327 3057 2340 3094 :
2374 3039 2527 3110 quod
2554 3041 2746 3093 autem
2773 3036 2928 3104 vivit,
2968 3035 3103 3088 vivit
3141 3035 3253 3088 Deo
3286 3035 3487 3104 (Rom,
3526 3049 3598 3098 γι,
3642 3030 3736 3098 10).
3767 3050 3790 3077 ››

2253 3137 2340 3188 36.
2388 3133 2508 3186 Una
2542 3136 2625 3186 est
2665 3131 2841 3202 igitur
2881 3145 3054 3195 mors,
3083 3143 3199 3198 qua
3237 3127 3441 3196 cepula
3483 3123 3721 3194 corporis
3744 3123 3792 3175 et

2181 3227 2392 3280 animze
2439 3229 2754 3296 separatur,
2792 3239 2910 3277 non
2951 3220 3346 3287 formidabilis,
3383 3236 3498 3273 non
3539 3215 3788 3280 timenda,

2183 3337 2310 3374 cum
2365 3318 2627 3374 discessio
2671 3316 2934 3388 quaedam
2984 3314 3160 3368 nostri
3204 3313 3464 3367 videatur
3510 3327 3646 3377 esse,
3691 3322 3792 3362 non

2183 3429 2350 3484 poena
2383 3433 2393 3468 :
2423 3429 2536 3466 non
2565 3409 2873 3465 metuenda
2898 3408 3164 3474 fortibus,
3190 3405 3571 3460 desideranda
3597 3402 3795 3472 sapien-

2187 3507 2367 3573 tibus,
2423 3505 2644 3559 miseris
2705 3501 3053 3574 expetenda,
3105 3501 3174 3556 de
3225 3516 3342 3570 qua
3401 3499 3613 3553 dictum
3665 3500 3791 3550 est:

2187 3620 2214 3648 «
2246 3600 2516 3663 Quaerant
2542 3597 2808 3652 homines
2837 3600 3100 3662 mortem,
3130 3597 3186 3648 et
3214 3609 3332 3647 non
3361 3591 3657 3647 invenient
3681 3603 3793 3642 eam

2187 3693 2402 3763 (Apoc.,
2435 3708 2507 3758 ix,
2540 3694 2614 3758 6).
2647 3712 2675 3741 »

2257 3790 2342 3839 37.
2377 3786 2469 3839 Est
2496 3790 2552 3838 et
2583 3783 2691 3837 alia
2722 3799 2849 3854 quae
2885 3779 3240 3836 saecularium
3283 3779 3485 3833 afferat
3522 3775 3795 3831 interitum

2183 3878 2569 3948 voluptatum,
2595 3876 2656 3930 in
2679 3892 2790 3947 qua
2813 3892 2927 3930 non
2957 3877 3185 3940 natura,
3209 3873 3304 3927 sed
3334 3871 3545 3926 delicta
3569 3869 3796 3924 moriun-

2187 3975 2300 4026 tur.
2335 3973 2489 4024 Hane
2530 3972 2773 4024 mortem
2813 3968 3068 4022 subimus
3109 3965 3422 4036 consepulti
3459 3963 3794 4034 baptismate,

2187 4069 2243 4120 et
2275 4064 2482 4118 mortui
2511 4079 2641 4117 cum
2677 4062 2896 4118 Christo
2925 4061 2995 4114 ab
3025 4059 3324 4114 elementis
3353 4055 3611 4130 1420
3649 4054 3798 4123 hujus

2188 4158 2422 4226 mundi,
2469 4173 2600 4210 cum
2651 4159 2808 4210 actus
2855 4155 3110 4226 patimur
3152 4153 3356 4224 prioris
3404 4150 3627 4205 oblivia.
3667 4148 3797 4201 Hanc

2195 4257 2444 4307 mortem
2490 4250 2687 4316 voluit,
2731 4265 2860 4303 cum
2901 4248 3277 4319 prephetaret
3315 4245 3563 4311 Balaam,
3609 4245 3668 4295 ut
3703 4241 3797 4294 Deo

2187 4344 2418 4413 viveret,
2467 4346 2523 4397 et
2566 4342 2694 4397 ideo
2739 4341 2874 4395 dixit
2917 4358 2929 4394 :
2971 4360 2998 4389 «
3040 4339 3308 4396 Moriatur
3349 4337 3542 4391 anima
3589 4350 3708 4389 mea
3747 4331 3797 4383 in

2187 4437 2396 4491 animis
2420 4437 2727 4507 justorum,
2761 4441 2816 4490 et
2844 4434 2940 4487 fiat
2967 4449 3162 4488 semen
3191 4447 3385 4486 meum
3416 4433 3482 4485 ut
3508 4443 3696 4484 semen
3725 4439 3798 4478 eo-

2109 4535 2166 4604 D
2190 4548 2316 4586 rum
2337 4530 2547 4601 (Num,
2580 4545 2736 4595 XXIII,
2769 4529 2877 4599 10).
2906 4549 2934 4577 »

2258 4627 2345 4680 38.
2390 4625 2486 4678 Est
2521 4627 2578 4678 et
2611 4622 2780 4677 tertia
2814 4637 2988 4686 mors,
3031 4619 3265 4690 quando
3301 4617 3572 4686 Christus,
3606 4615 3695 4686 qui
3727 4614 3796 4665 est

2188 4718 2305 4772 vita
2349 4720 2561 4780 nostra,
2605 4715 2856 4769 nescitur
2901 4731 2914 4769 :
2955 4713 3097 4768 scire
3142 4716 3332 4766 autem
3376 4711 3654 4766 Christum
3697 4705 3795 4757 vita

2190 4815 2277 4865 est
2308 4810 2681 4880 sempiterna,
2710 4825 2836 4878 quae
2865 4823 3014 4861 nunc
3033 4806 3203 4876 justis
3237 4810 3442 4875 praesto
3486 4809 3569 4858 est
3601 4803 3655 4856 in
3687 4813 3793 4852 um-

2189 4906 2307 4973 bra,
2341 4905 2399 4958 in
2436 4905 2692 4958 futurum
2726 4905 2918 4956 autem
2946 4901 3054 4955 erit
3081 4899 3229 4953 facie
3257 4899 3322 4953 ad
3351 4898 3555 4953 faciem
3588 4913 3600 4949 :
3630 4916 3654 4943 ‹‹
3681 4891 3790 4962 Spi-

2189 4999 2330 5053 ritus
2356 4998 2516 5051 enim
2548 5001 2680 5051 ante
2717 4996 2918 5049 faciem
2959 4999 3219 5049 nostram
3251 4992 3506 5048 Christus
3544 4985 3791 5043 Dominus

2251 5130 2347 5193 (63)
2377 5128 2520 5178 Edit.
2553 5129 2680 5179 Gill.
2713 5141 2778 5177 ac
2812 5128 2969 5178 Rom.
3011 5140 3139 5177 cum
3168 5126 3360 5189 paucis
3396 5126 3574 5187 iisque
3607 5117 3784 5193 recent.

2189 5188 2340 5261 mss.,
2370 5213 2437 5248 ne
2473 5203 2855 5262 occuparentur
2889 5197 3060 5248 studio
3102 5188 3462 5260 dispensandi.
3502 5190 3709 5266 Amerb.
3741 5188 3786 5266 et

2190 5273 2313 5322 Era.
2341 5285 2469 5321 cum
2509 5271 2756 5334 reliquis,
2788 5283 2852 5318 ne
2889 5274 3206 5333 occuparent
3243 5268 3497 5324 studium,
3536 5264 3589 5313 id
3622 5265 3711 5319 est,
3739 5264 3785 5304 in

2190 5357 2249 5394 se
2278 5343 2624 5406 susciperent
2660 5345 3111 5404 exercerentque.
3731 5397 3739 5407 .
3773 5395 3780 5404 _

2254 5415 2349 5477 (64)
2375 5415 2451 5462 Ita
2477 5413 2598 5462 cod.
2632 5411 2794 5462 Corb.
2824 5427 2951 5462 eum
2973 5413 3096 5461 aliis
3125 5424 3221 5461 sex
3251 5408 3495 5460 melioris
3519 5407 3668 5478 notae,
3691 5408 3783 5478 nisi

2189 5470 2343 5550 quod
2374 5486 2523 5536 idem
2564 5485 2724 5536 Corb.
2771 5497 2868 5547 per
2915 5483 3314 5534 correctionem
3356 5493 3471 5543 pro,
3514 5470 3779 5550 cornice“;

2189 5541 2396 5620 corpus.
2429 5557 2612 5608 Minus
2646 5541 2789 5606 bene
2806 5571 2818 5614 ;
2861 5555 3044 5605 cordis
3076 5555 3226 5603 enim
3269 5541 3374 5602 hic“
3396 5548 3593 5600 mentio
3623 5541 3694 5620 ﬁt,
3723 5548 3779 5620 et)

2189 5611 2340 5692 quod
2367 5628 2481 5678 illic
2506 5629 2747 5677 animam
2772 5611 3051 5690 praecipua
3073 5625 3309 5688 quadam
3333 5623 3541 5672 ratione
3565 5611 3779 5692 residet?

2188 5686 2482 5750 docuerint
2522 5700 2710 5763 plures
2759 5686 3109 5762 philosophi}
3135 5697 3353 5760 Reliqui
3409 5686 3778 5763 autemiqffrure‘

2188 5770 2319 5821 edit.
2354 5754 2690 5821 contractius
2727 5754 2949 5829 habent,
2981 5754 3097 5818 ’τιἰεὶ
3135 5754 3389 5833 geminam
3425 5763 3503 5813 hic
3540 5754 3777 5814 intellig“

2187 5847 2427 5904 mortem,
2458 5854 2622 5892 unam
2651 5847 2884 5901 naturae,
2913 5840 3140 5892 alteram
3164 5838 3339 5904 culpa.
