3972 6174
216 315 316 368 (797
1231 308 1692 366 EXPOSITIONIS
1731 309 1799 365 IN
1839 311 2065 367 LUCAM
2103 310 2231 365 LIB.
2274 311 2386 366 νη.
3356 317 3493 370 1798

210 435 402 506 (Thrcn.,
441 447 505 497 ιν,
540 431 650 501 20),
690 450 718 479 ››
756 430 825 486 de
861 447 976 502 quo
1013 431 1156 486 dixit
1187 449 1199 487 :
1235 453 1262 480 «
1296 435 1358 487 In
1396 433 1597 488 umbra
1643 434 1766 503 ejus
1787 433 2169 518 Aterdictum
2215 437 2299 488 est
2337 434 2614 500 muneris,
2657 434 2758 488 sed
2797 434 3088 505 religionis
3124 439 3486 508 mysterium,

207 527 398 582 vivimus
445 525 495 578 in
540 523 800 594 gentibus
844 524 1046 596 (lbid.).
1098 548 1126 576 ››
1175 528 1236 582 In
1286 526 1489 581 umbra
1543 526 1765 582 alarum
1867 526 2120 600 1421
2145 528 2611 583 communionem
2636 528 2800 582 nobis
2818 544 2948 582 cum
2968 529 3232 599 gentibus
3251 534 3491 586 mortuis

207 623 297 690 ejus
333 617 548 690 speravit
589 617 767 671 David
811 619 981 687 (Psal.
1024 635 1130 686 va,
1173 620 1248 690 2),
1295 620 1354 673 in
1401 620 1602 674 umbra
1643 620 1765 690 ejus
1866 638 1979 675 non
2005 623 2280 676 futuram.
2319 623 2463 675 Nam
2505 638 2635 676 cum
2675 628 3030 700 sacramenta
3063 623 3321 678 vivorum
3354 626 3487 693 sint,

203 711 464 782 concupivit
487 715 539 764 et
563 710 706 764 sedit
731 711 974 765 Ecclesia
1002 713 1200 776 (Cant,
1229 729 1284 779 ιι,
1315 715 1386 782 3).
1863 731 1975 769 non
2007 715 2272 770 videntur
2302 715 2534 781 mortui,
2566 716 2663 786 qui
2695 716 2912 770 habent
2937 716 3133 771 vitam.

257 808 325 859 39.
355 804 401 858 Si
434 808 669 870 tantum,
708 804 949 859 Domine
975 806 1125 872 Jesu,
1167 805 1387 860 confert
1417 806 1617 860 umbra
1645 811 1760 875 tua,
1937 810 2084 879 (Cap.
2139 810 2198 862 X.
2253 840 2315 849 —
2367 810 2517 864 Vers.
2565 811 2640 879 3.)
2697 813 2826 865 Ecce
2872 826 2966 878 ego
3011 813 3166 866 mitto
3215 827 3307 866 vos
3354 815 3494 869 sicut

201 900 426 970 quantum
451 896 637 966 utique
667 897 870 951 veritas
895 897 1134 952 afferet?
1159 898 1652 961 Quemadmodum
1677 899 1760 953 vi-
1863 914 2030 968 agnos
2055 901 2201 953 inter
2225 900 2398 969 lupos.

198 1007 366 1055 vemus,
394 989 610 1060 quando
643 990 766 1060 jam
805 1007 918 1045 non
951 990 1165 1046 erimus
1206 992 1265 1045 in
1305 992 1535 1058 umbra,
1568 993 1664 1047 sed
1703 993 1760 1046 in
1934 993 2022 1045 44.
2051 992 2132 1045 Ad
2171 992 2532 1061 septuaginta
2569 991 2876 1062 discipulos
2907 992 3062 1060 dicit,
3091 993 3194 1048 hos
3223 1011 3362 1066 quos
3389 996 3490 1050 de-

197 1085 290 1154 ipsa
321 1083 452 1136 vita?
486 1103 512 1130 ι(
551 1083 708 1137 Nunc
747 1083 900 1138 enim
937 1084 1054 1138 vita
1091 1087 1288 1139 nostra
1325 1085 1652 1140 abscondita
1682 1090 1765 1140 est
1863 1083 2125 1154 signavit,
2167 1088 2224 1139 et
2253 1085 2407 1138 misit
2443 1085 2608 1139 binos
2644 1091 2777 1140 ante
2819 1087 3023 1140 faciem
3064 1104 3244 1141 suam.
3282 1089 3347 1142 Et
3379 1106 3491 1160 qua

197 1194 293 1230 cum
320 1176 515 1230 Christo
554 1176 615 1229 in
658 1177 790 1230 Deo.
837 1178 978 1232 Cum
1023 1183 1212 1232 autem
1249 1178 1518 1245 Christus,
1552 1179 1758 1249 inquit,
1863 1177 2082 1233 ratione
2117 1178 2284 1232 binos
2324 1177 2517 1232 misit?
2545 1178 2687 1241 Quia
2727 1179 2859 1233 bina
2903 1180 3070 1234 missa
3113 1187 3247 1236 sunt
3279 1182 3493 1236 anima-

193 1270 477 1341 apparuerit,
507 1269 621 1324 vita
663 1274 877 1339 nostra,
913 1277 1049 1326 tunc
1087 1276 1142 1327 et
1185 1288 1287 1327 nos
1316 1289 1446 1327 cum
1477 1288 1542 1327 eo
1582 1289 1759 1344 appa-
1863 1271 1936 1326 lia
1965 1270 2024 1325 in
2051 1287 2261 1338 arcam,
2294 1271 2399 1325 hoc
2426 1274 2529 1338 est,
2559 1287 2687 1325 cum
2715 1288 2873 1326 mare
2903 1274 3122 1328 femina
3147 1290 3160 1327 :
3189 1275 3489 1330 immunda

192 1363 391 1417 rebimus
423 1363 479 1417 in
524 1363 705 1434 gloria
746 1364 991 1435 (Coloss.,
1035 1381 1110 1434 ιιι,
1160 1368 1212 1432 3,
1255 1366 1328 1435 4).
1377 1387 1405 1416 ››
1439 1365 1626 1420 Dulcis
1667 1366 1762 1420 illa
1861 1381 1966 1436 per
2007 1381 2312 1419 numerum
2357 1363 2490 1435 (67),
2534 1365 2630 1418 sed
2680 1366 2951 1420 mundata
2999 1367 3259 1422 Ecclesia:
3297 1385 3486 1424 sacra-

191 1456 277 1510 vita
303 1461 392 1522 est,
421 1473 542 1527 qua:
579 1472 694 1511 non
733 1457 905 1512 habet
941 1463 1222 1527 mortem;
1253 1459 1376 1514 haec
1418 1462 1612 1514 autem
1644 1459 1761 1514 vita
1862 1462 2074 1512 mento.
2106 1457 2266 1521 Quod
2301 1458 2654 1528 completum
2684 1464 2768 1513 est
2806 1459 3031 1513 oraculo
3071 1462 3220 1530 quod
3262 1467 3491 1516 sanctus

190 1551 396 1619 corporis
423 1549 590 1604 habet
619 1555 867 1606 mortem
898 1552 1358 1622 praevaricatione
1387 1559 1605 1608 naturae
1632 1553 1761 1624 (65),
1864 1553 2057 1606 Petrus
2085 1551 2321 1622 accepit,
2359 1551 2578 1606 dicente
2615 1551 2720 1606 sibi
2757 1552 2966 1622 Spiritu
2997 1557 3191 1608 sancto
3223 1573 3234 1608 :
3267 1577 3294 1604 ‹‹
3328 1556 3488 1619 Quod

189 1659 286 1714 quae
306 1643 628 1714 plerumque
649 1644 824 1699 etiam
851 1645 1219 1700 desideratur.
1246 1646 1425 1700 Habet
1442 1647 1763 1717 etiamipsa
1863 1645 2006 1699 Deus
2050 1644 2364 1711 mundavit,
2407 1648 2469 1698 tu
2510 1661 2580 1698 ne
2625 1661 2929 1699 commune
2973 1645 3181 1701 dixeris
3222 1650 3386 1717 (Act.,
3432 1665 3486 1715 x,

189 1737 340 1789 anima
371 1736 698 1808 plerumque
746 1743 988 1792 mortem
1032 1738 1162 1794 labe
1207 1740 1420 1810 peccati
1450 1755 1462 1794 :
1497 1760 1525 1788 ‹‹
1557 1740 1760 1793 Anima
1866 1738 1972 1808 15).
2019 1759 2048 1788 ››
2097 1740 2163 1792 Et
2206 1738 2449 1792 advertit
2492 1737 2704 1792 dictum
2744 1755 2862 1794 esse
2907 1739 2976 1793 de
3025 1740 3316 1810 gentibus,
3358 1757 3486 1812 quae

187 1829 306 1882 enim
330 1845 443 1900 qum
476 1836 689 1900 peccat,
719 1831 838 1901 ipsa
869 1832 1146 1886 morietur
1170 1831 1407 1902 (Ezech.,
1439 1849 1590 1900 xvni,
1619 1833 1695 1902 4).
1729 1856 1756 1882 ››
1787 1813 1836 1882 Β
1861 1847 2150 1902 corporea
2196 1832 2378 1900 magis
2427 1832 2809 1902 generationis
2859 1834 3274 1888 successionem
3314 1851 3486 1904 quam

185 1923 293 1976 Cum
318 1928 492 1976 autem
527 1921 794 1978 ﬁrmitate
833 1924 1201 1980 beatitudinis
1231 1926 1495 1980 roborata
1525 1926 1760 1996 coeperit
1858 1925 2124 1995 spiritalis
2155 1925 2353 1995 gratia:
2382 1925 2785 1995 sequebantur.
2822 1927 2932 1980 Hos
2967 1927 3266 1983 mundavit
3295 1928 3484 1982 Domi-

184 2014 381 2070 obnoxia
412 2032 525 2070 non
573 2033 692 2071 esse
731 2021 978 2088 peccato,
1016 2019 1139 2089 jam
1183 2035 1294 2073 non
1340 2018 1447 2073 erit
1485 2019 1755 2085 mortalis,
1857 2034 1964 2072 nus
1994 2023 2052 2072 et
2075 2017 2352 2088 passionis
2379 2035 2494 2073 suae
2523 2018 2656 2074 fecit
2682 2019 2955 2074 haeredes.

184 2109 255 2162 sed
278 2110 430 2164 vitam
456 2115 654 2180 carpet
683 2116 980 2167 aeternam.
1929 2113 2015 2166 45.
2045 2111 2263 2166 Mittens
2287 2127 2426 2181 ergo
2451 2111 2755 2182 discipulos
2783 2112 2841 2167 in
2869 2129 3117 2168 messem
3146 2129 3330 2182 suam,
3360 2131 3486 2186 quae

235 2204 304 2257 40.
347 2204 424 2258 Ad
463 2205 617 2259 hanc
662 2205 858 2271 vitam,
906 2206 1127 2270 fratres,
1174 2206 1528 2274 festinemus,
1575 2206 1759 2261 incesti
1858 2205 1992 2258 licet
2029 2205 2200 2259 verbo
2246 2203 2347 2260 Dei
2391 2205 2576 2273 insita,
2623 2211 2819 2261 tamen
2859 2207 3096 2262 culturae
3141 2208 3391 2262 laborem
3434 2213 3492 2265 et

181 2295 225 2350 in
247 2298 444 2365 saeculo,
474 2298 612 2368 quia
641 2319 669 2345 «
711 2299 1152 2369 peregrinamur
1181 2316 1215 2353 a
1244 2300 1486 2355 Domino
1521 2301 1583 2369 (ll
1614 2303 1757 2363 Cor”
1859 2299 2163 2352 sollicitum
2192 2313 2399 2353 munus
2429 2299 2680 2369 operarii
2711 2299 3070 2371 requirebat;
3104 2317 3174 2356 ne
3203 2318 3334 2355 aves
3366 2303 3488 2357 caeli

181 2405 219 2454 ν,
251 2390 313 2460 6);
344 2411 367 2439 ››
397 2392 490 2462 qui
531 2392 691 2445 enim
727 2408 839 2445 non
878 2392 1281 2463 peregrinatur
1307 2409 1339 2447 a
1375 2409 1631 2464 corpore,
1662 2410 1755 2464 pe-
1861 2407 2056 2462 sparsa
2097 2392 2318 2446 semina
2357 2392 2716 2462 dissiparent,
2759 2393 2836 2446 ita
2877 2409 2890 2446 :
2925 2414 2953 2442 ‹‹
2999 2395 3138 2448 Ecce
3178 2410 3287 2464 ego
3329 2395 3491 2450 mitto

179 2484 456 2552 regrinatur
482 2501 513 2538 a
552 2485 816 2539 Domino.
858 2486 1030 2540 Multo
1065 2489 1257 2541 autem
1294 2487 1500 2541 melius
1533 2487 1760 2541 dissolvi
1859 2501 1957 2540 vos
1984 2485 2131 2540 sicut
2159 2501 2342 2555 agnos
2369 2484 2518 2540 inter
2545 2486 2726 2556 lupos.
2764 2508 2790 2534 ››

179 2590 202 2626 a
223 2591 445 2646 corpore,
475 2581 533 2631 et
567 2577 860 2631 adhaerere
884 2579 1032 2644 Deo;
1066 2584 1125 2633 ut
1154 2582 1210 2633 et
1244 2596 1346 2634 nos
1373 2595 1556 2634 unum
1584 2580 1760 2633 simus
1931 2579 2018 2632 46.
2059 2577 2352 2632 Contraria
2395 2583 2527 2632 sunt
2571 2578 2676 2632 ista
2715 2578 2822 2632 sibi
2868 2578 3148 2647 animalia,
3191 2584 3250 2634 ut
3277 2581 3384 2635 alia
3421 2581 3490 2636 ab

180 2669 294 2737 apud
325 2671 778 2742 omnipotentem
811 2672 1012 2738 Deum,
1045 2678 1102 2726 et
1138 2673 1498 2744 unigenitum
1533 2674 1632 2726 Dei
1673 2672 1758 2726 Fi-
1859 2671 1982 2725 aliis
2013 2671 2382 2726 devorentur.
2415 2671 2528 2726 Sed
2557 2671 2744 2726 bonus
2780 2677 2967 2742 pastor
2997 2673 3157 2743 lupos
3197 2673 3359 2745 gregi
3388 2691 3490 2728 suo

179 2759 283 2814 lium
320 2763 631 2831 videamus,
679 2781 781 2835 per
822 2767 1246 2820 resurrectionis
1285 2767 1525 2836 gloriam
1557 2766 1613 2819 in
1655 2782 1758 2819 na-
1862 2766 2068 2818 timere
2096 2781 2209 2818 non
2237 2764 2426 2830 novit;
2456 2764 2696 2836 ideoque
2725 2765 2815 2820 isti
2841 2765 3098 2836 discipuli
3128 2783 3243 2821 non
3271 2768 3329 2821 in
3353 2784 3493 2839 pras-

177 2856 286 2908 turae
315 2858 624 2913 claritatem
663 2860 938 2930 assumpti
979 2865 1037 2914 et
1078 2859 1417 2914 inviolabilis
1445 2859 1760 2915 concordia:
1861 2857 2015 2922 dam,
2045 2857 2146 2912 sed
2185 2858 2256 2912 ad
2297 2858 2541 2929 gratiam
2580 2858 2935 2929 diriguntur;
2979 2859 3296 2915 sollicitudo
3335 2861 3491 2915 enim

176 2950 454 3006 animorum
488 2952 710 3007 {cedere
749 2953 1095 3024 sempiterno
1144 2953 1430 3007 unitatem
1473 2953 1760 3008 diuturnae
1859 2951 1995 3005 boni
2026 2951 2267 3022 pastoris
2305 2951 2512 3017 efficit,
2545 2956 2608 3005 ut
2644 2952 2761 3022 lupi
2796 2953 2856 3006 in
2892 2968 3069 3022 agnos
3105 2954 3315 3008 audere
3348 2953 3492 3008 nihil

174 3045 288 3113 pacis
315 3046 550 3115 imitati;
600 3053 659 3099 ut
696 3048 1046 3117 compleatur
1080 3046 1136 3100 id
1174 3047 1326 3117 quod
1364 3047 1430 3101 de
1467 3047 1629 3101 nobis
1661 3049 1761 3102 Dei
1862 3044 2096 3114 possint.
2130 3044 2296 3099 Mittit
2325 3061 2462 3116 ergo
2492 3061 2670 3116 agnos
2696 3045 2844 3100 inter
2870 3047 3054 3117 lupos,
3083 3053 3146 3101 ut
3171 3047 3490 3118 complere-

174 3135 305 3192 Filius
341 3140 483 3193 Patri
525 3140 749 3194 orando
799 3140 1058 3210 promisit
1094 3157 1107 3194 :
1149 3161 1177 3190 «
1221 3142 1290 3195 Ut
1331 3144 1388 3194 et
1428 3141 1536 3210 ipsi
1578 3157 1759 3196 unum
1782 3173 1833 3211 ρ
1861 3143 1954 3192 tur
1987 3138 2123 3192 illud
2163 3155 2176 3192 :
2218 3142 2364 3194 Tunc
2401 3140 2519 3208 lupi
2553 3145 2604 3193 et
2652 3143 2785 3207 agni
2822 3141 2986 3196 simul
3018 3147 3315 3211 pascentur
3341 3143 3492 3205 (lsa.,

172 3231 273 3296 sint,
310 3232 444 3288 sicut
480 3237 540 3288 et
586 3249 685 3288 nos
724 3250 902 3288 unum
945 3249 1144 3288 sumus
1183 3234 1384 3303 (Joan.,
1423 3250 1548 3300 xvn,
1587 3236 1696 3305 22).
1733 3257 1760 3285 ››
1787 3231 1836 3247 “
1865 3246 1985 3297 LXV,
2015 3231 2126 3300 25).

223 3325 295 3379 41.
330 3327 442 3381 Non
481 3341 625 3398 ergo
655 3328 878 3397 paterni
921 3327 1136 3382 funeris
1176 3328 1464 3398 sepultura
1493 3328 1761 3398 prohibe—
1934 3325 2024 3377 47.
2058 3325 2124 3378 Et
2164 3325 2434 3394 quoniam
2480 3326 2740 3395 proxime
2772 3325 2841 3380 de
2869 3327 3037 3396 vulpe
3070 3327 3230 3381 nobis
3260 3344 3376 3382 non
3407 3329 3492 3384 in-

172 3419 258 3486 tur,
283 3419 372 3472 sed
397 3420 810 3476 necessitudini
843 3420 1066 3491 generis
1096 3421 1297 3475 divinae
1330 3421 1620 3491 religionis
1648 3423 1760 3492 pie-
1865 3420 2062 3487 gratus
2108 3421 2378 3472 tractatus
2409 3418 2604 3484 evasit,
2643 3419 2687 3471 si
2723 3419 3002 3488 judicium
3041 3424 3292 3475 vestrum
3327 3422 3495 3477 ﬁdele

172 3511 237 3562 tas
276 3514 616 3581 antefertur;
659 3513 796 3568 illud
840 3513 1200 3568 consortibus
1246 3515 1606 3585 relinquitur,
1658 3515 1765 3568 hoc
1865 3511 1924 3564 in
1948 3511 2132 3581 ﬁgura
2156 3511 2453 3565 minusculi
2476 3511 2784 3565 animantis
2803 3519 3067 3583 expertus
3088 3531 3214 3568 sum
3236 3516 3320 3580 (In
3340 3517 3492 3581 Luc.,

169 3605 430 3660 mandatur
459 3606 680 3661 electis.
721 3609 832 3660 Aut
870 3606 1004 3677 quia
1040 3607 1362 3678 sepulcrum
1395 3611 1600 3677 patens
1631 3613 1761 3678 gut-
1865 3620 1988 3674 cap.
2017 3602 2112 3675 Ix),
2144 3620 2424 3674 praesumo
2451 3604 2606 3675 quod
2634 3605 2922 3676 profunda
2949 3607 3211 3674 mysteria
3250 3625 3378 3678 quas
3407 3610 3494 3663 lu-

170 3698 242 3748 tur
283 3705 359 3752 est
402 3699 721 3771 impiorum
767 3700 936 3767 (Psal.
987 3715 1040 3768 v,
1095 3701 1200 3770 Η),
1245 3701 1522 3754 memoria
1563 3717 1763 3755 eorum
1865 3713 2063 3768 porum
2107 3697 2292 3769 specie
2329 3698 2609 3764 velantur,
2647 3698 2964 3753 studiorum
3001 3703 3323 3756 vestrorum
3363 3717 3494 3772 pos-

168 3787 406 3847 abolenda
435 3792 854 3864 praescribitur,
888 3808 1136 3864 quorum
1168 3793 1333 3848 simul
1365 3809 1493 3848 cum
1532 3810 1764 3864 corpore
1866 3789 1974 3844 sim
2003 3789 2226 3861 aperire
2259 3789 2550 3860 suffragio.
2584 3793 2645 3844 lu
2681 3791 2868 3861 specie
2899 3791 3155 3863 vulpium
3195 3793 3498 3847 haereticos

171 3883 399 3939 meritum
449 3885 692 3954 occidit;
746 3901 852 3940 nec
898 3889 1191 3941 revocatur
1241 3886 1312 3940 ab
1357 3887 1543 3941 officio
1592 3888 1766 3958 patris
1867 3882 2176 3954 signiﬁcari
2218 3900 2392 3955 supra
2428 3884 2831 3955 expressimus,
2873 3885 2970 3955 qui
3009 3885 3351 3956 promittunt
3394 3902 3493 3940 no-

168 3972 303 4044 lilius,
329 3979 428 4034 sed
465 3979 656 4034 fidelis
685 3995 719 4033 a
757 3978 962 4051 perfidi
993 3979 1398 4034 communione
1429 3981 1761 4035 secernitur.
1867 3976 2022 4031 mine
2055 3977 2211 4048 quod
2249 3977 2533 4033 Christum
2566 3985 2897 4050 sequantur,
2929 3979 3024 4033 sed
3063 3978 3250 4033 studio
3277 3978 3496 4032 fraudis

220 4070 293 4123 42.
335 4072 426 4126 Est
471 4073 635 4128 enim
679 4073 912 4144 propria
954 4073 1214 4143 quaedam
1259 4075 1551 4144 sepultura
1583 4074 1762 4143 justo-
1872 4069 2159 4140 abjurant.
2191 4071 2299 4125 Hos
2326 4088 2437 4125 non
2469 4071 2699 4142 suscipit
2727 4071 3022 4138 Dominus,
3041 4072 3142 4126 sed
3169 4089 3202 4126 a
3229 4088 3330 4127 suo
3360 4071 3497 4127 nido

164 4175 283 4232 rum,
305 4167 481 4235 qualis
507 4167 609 4220 illa
635 4165 704 4220 de
727 4183 840 4237 qua
871 4166 1083 4221 dictum
1109 4172 1228 4221 est:
1257 4187 1283 4217 «
1306 4169 1430 4223 Haec
1453 4167 1608 4221 enim
1629 4169 1762 4222 mit-
1867 4167 2023 4218 arcet
2059 4167 2116 4218 et
2153 4164 2450 4235 prohibet.
2481 4164 2622 4236 Lupi
2664 4164 2797 4236 quid
2841 4164 3163 4235 significare
3201 4165 3501 4220 videantur

167 4256 264 4309 lens
290 4257 389 4313 hoc
416 4263 790 4332 unguentum
819 4260 878 4314 in
910 4277 1110 4331 corpus
1140 4277 1357 4330 meum,
1385 4261 1455 4315 ad
1484 4261 1765 4331 sepelien-
1868 4257 2139 4312 debemus
2165 4259 2475 4313 advertere.

164 4347 268 4403 dum
295 4368 386 4407 me
411 4354 555 4409 fecit
582 4355 828 4422 (Matth.,
858 4370 1007 4419 xxvr,
1050 4353 1156 4424 l2);
1191 4376 1217 4403 ››
1250 4359 1305 4409 et
1331 4354 1462 4408 ideo
1493 4355 1590 4426 qui
1619 4355 1768 4409 bona
1940 4353 2026 4406 48.
2062 4353 2262 4407 Bestia:
2292 4367 2498 4422 nempe
2536 4357 2670 4406 sunt
2705 4368 2833 4423 quae
2867 4351 3208 4406 insidiantur
3237 4352 3497 4422 ovilibus,

166 4438 250 4496 ﬁde
293 4446 347 4500 in
397 4464 455 4502 se
509 4447 718 4518 sepelit
756 4447 1069 4515 Christum,
1113 4451 1176 4501 ut
1212 4464 1341 4502 cum
1380 4464 1450 4502 eo
1488 4453 1766 4519 resurgat,
1870 4444 2020 4499 circa
2064 4446 2378 4517 pastorales
2402 4448 2701 4499 versantur
2730 4461 2902 4509 casas,
2942 4445 3265 4499 habitacula
3294 4446 3497 4500 domo-

165 4532 346 4593 diaboli
373 4541 680 4611 perﬁdiam
709 4541 767 4595 in
798 4557 856 4596 se
891 4541 1129 4612 sepelire
1156 4558 1269 4595 non
1295 4541 1482 4596 debet.
1789 4541 1848 4612 Ι)
1872 4555 1998 4592 rum
2035 4538 2248 4593 intrare
2276 4540 2383 4608 (68)
2412 4555 2528 4592 non
2567 4537 2798 4606 audent,
2833 4554 3100 4592 somnum
3133 4554 3363 4605 canum,
3397 4538 3497 4593 ab-

219 4629 292 4684 43.
323 4633 416 4686 Est
446 4637 505 4689 et
541 4634 638 4688 illa
663 4634 1018 4706 prophetica,
1048 4637 1114 4688 ut
1149 4650 1317 4705 supra
1353 4635 1614 4705 sepulcra
1643 4651 1763 4690 ma-
1869 4633 2109 4686 sentiam
2162 4635 2260 4684 aut
2307 4631 2582 4685 desidiam
2637 4630 2882 4700 pastoris
2933 4632 3249 4702 explorant,
3307 4633 3500 4687 ovium

160 4718 316 4786 jorum
345 4727 452 4799 (66)
482 4728 752 4800 quaedam
787 4744 1086 4799 ponamus,
1118 4743 1247 4798 qua:
1276 4727 1453 4782 lector
1480 4729 1764 4799 agnoscis,
1870 4731 2065 4796 guttur
2094 4724 2387 4790 invadunt,
2417 4727 2479 4778 ut
2513 4724 2622 4779 cito
2650 4724 3015 4794 strangulent
3042 4742 3054 4780 :
3088 4726 3214 4795 feri,
3245 4743 3497 4797 rapaces,

166 4811 374 4874 inﬁdelis
402 4821 733 4894 intelligere
762 4839 873 4876 non
903 4822 1071 4876 debet
1103 4839 1116 4876 :
1145 4838 1258 4875 non
1288 4821 1440 4892 quod
1472 4821 1628 4876 cibus
1658 4822 1766 4875 im-
1867 4818 2152 4889 iidemque
2199 4823 2401 4871 natura
2449 4817 2701 4888 corporis
2747 4818 3045 4889 rigidiores
3068 4837 3084 4888 ;
3129 4827 3191 4874 ut
3239 4836 3296 4873 se
3334 4818 3500 4873 facile

167 4917 366 4974 Peretur
395 4922 498 4970 aut
537 4921 704 4986 potus
741 4916 892 4985 (Tob.
934 4932 1008 4982 IV,
1055 4916 1158 4985 18),
1193 4915 1288 4969 sed
1330 4931 1499 4968 sacrae
1529 4914 1764 4968 oblatio-
1868 4928 1985 4966 non
2027 4912 2243 4982 possint
2272 4910 2586 4981 inﬂectere,
2626 4911 2844 4981 impetu
2877 4912 3126 4982 quodam
3162 4929 3263 4966 suo
3301 4913 3499 4966 ferun-

167 5001 233 5056 nis
268 5008 589 5063 veneranda
630 5009 957 5064 communio
993 5009 1294 5062 reveletur.
1327 5008 1447 5061 Non
1499 5024 1636 5078 ergo
1678 5008 1765 5061 in-
1869 5011 1981 5071 tur,
2011 5008 2067 5059 et
2110 5003 2237 5059 ideo
2278 5021 2429 5075 saepe
2467 5004 2745 5059 luduntur
2784 5004 2916 5075 (69).
2961 5006 3103 5059 Tum
3139 5008 3412 5075 praeterea
3453 5004 3501 5057 si

219 5134 300 5194 (65)
339 5138 553 5190 Omnes
591 5138 720 5190 edit.
765 5153 831 5190 ac
869 5133 1121 5204 plerique
1163 5153 1318 5199 mss.,
1365 5143 1506 5189 sorte
1540 5144 1765 5188 natura.
1870 5151 1967 5202 per
1996 5136 2269 5186 binarium
2306 5135 2488 5184 mistio
2532 5139 2586 5186 et
2618 5137 2944 5198 compositio
2981 5136 3341 5198 signiﬁcatur,
3375 5149 3501 5198 quae

169 5204 336 5267 Aptius
365 5214 555 5260 tamen
581 5210 741 5261 Corb.
771 5223 901 5261 cum
941 5212 1061 5260 aliis
1099 5211 1456 5276 quibusdam,
1505 5209 1768 5272 prmari-
1871 5207 2167 5270 opponitur
2189 5206 2552 5269 simplicitati,
2588 5207 2747 5269 cujus
2783 5206 2956 5267 ﬁgura
2983 5211 3067 5254 est
3108 5207 3312 5255 unitas.
3356 5207 3502 5256 Hinc

171 5278 603 5330 cationeuaturae.
1873 5278 2030 5328 Philo
2072 5277 2198 5327 Jud.
2247 5277 2342 5326 lib.
2393 5291 2403 5324 :
2449 5277 2597 5339 Quod
2645 5278 2782 5325 Deus
2819 5278 2888 5324 sit
2931 5276 3131 5325 immut.
3176 5277 3269 5324 Καὶ
3317 5277 3406 5340 γὰρ
3447 5277 3502 5324 τὸ

220 5347 302 5407 (66)
347 5351 472 5400 Vet.
529 5353 658 5402 edit.
710 5354 768 5402 in
808 5366 1056 5415 corpore,
1103 5353 1434 5418 sepulturam
1487 5351 1768 5402 malorum.

1935 5363 2070 5412 ρατον
2117 5349 2278 5410 μονὰς,
2312 5348 2393 5395 καὶ
2431 5351 2461 5406 ἡ
2497 5348 2642 5409 μονὰς
2678 5347 2880 5410 ἄκρατον
2909 5363 2920 5374 ο
2961 5345 3015 5393 τὸ
3059 5346 3108 5394 δὲ
3144 5347 3200 5418 ὃς
3230 5358 3296 5412 τῷ
3328 5364 3501 5412 κεκρα-

176 5411 302 5468 Rom.
338 5435 468 5472 cum
511 5425 707 5486 paucis
747 5411 924 5484 mss,
945 5411 1274 5488 sepulturam
1313 5427 1600 5488 justo-rum.
1643 5423 1744 5472 Era

1933 5411 1998 5483 ὐῳ
2045 5422 2256 5485 (supple
2303 5420 2470 5480 ἔοικε),
2519 5420 2737 5483 ἑκάτερον
2782 5421 2872 5482 γὰρ
2923 5419 3016 5481 οὐχ
3054 5411 3277 5478 ἁπλοῦν)
3303 5419 3383 5467 ἅτε
3421 5411 3501 5468 καὶ

177 5494 325 5561 autem
356 5498 409 5543 et
433 5494 571 5545 Gill.
594 5496 646 5544 in
672 5496 940 5559 margine,
970 5510 1036 5546 ac
1065 5510 1194 5546 mss.
1228 5495 1670 5561 quatuordecim,
1712 5509 1745 5543 u

1280 5495 1670 5556 latuordecim,
1712 5499 1774 5543 ut
1872 5492 2118 5556 σύγκρισιν
2139 5493 2221 5540 καὶ
2240 5492 2473 5553 διάκρισιν
2503 5489 2848 5552 ἐπιδεχόμενον.

179 5556 220 5604 in
240 5563 390 5612 textu.
429 5566 630 5615 Paucis
653 5581 782 5617 vero
796 5556 1132 5631 interjectis,
1161 5556 1261 5617 ubi
1295 5567 1425 5618 edit.
1463 5580 1593 5617 cum
1624 5570 1774 5629 parte
1937 5566 2031 5627 (68)
2067 5564 2235 5614 Pauci
2277 5577 2430 5624 mss,
2465 5561 2775 5612 habitacula
2815 5565 3091 5623 pastorum
3127 5561 3355 5621 intrare,
3395 5566 3498 5614 etc.

181 5639 303 5694 mss,
344 5648 446 5698 quo
500 5641 669 5699 (mss,
725 5639 887 5701 quod)
931 5639 1074 5688 cibus
1122 5640 1441 5703 imperetur;
1491 5637 1584 5686 alii
1632 5637 1775 5686 bene
1937 5636 2031 5699 (69)
2107 5637 2232 5685 Mss.
2299 5635 2544 5698 aliquot,
2607 5645 2740 5696 saepe
2795 5631 3071 5703 laeduntur.
3141 5633 3337 5703 Melius
3393 5635 3503 5696 alii,

183 5703 330 5764 multi,
366 5708 512 5769 quod
554 5709 890 5772 impetretur;
928 5711 1040 5760 duo
1075 5702 1266 5769 etiam,
1298 5724 1401 5774 quo
1440 5707 1550 5758 cibo
1590 5707 1774 5771 imple-
1873 5720 2006 5770 saepe
2049 5707 2339 5764 luduntur;
2376 5711 2438 5755 ut
2481 5705 2614 5754 satis
2653 5703 2780 5753 inde
2818 5702 3114 5766 intelligas,
3157 5702 3306 5768 quod
3342 5703 3506 5764 infra,

183 5773 304 5820 retur
329 5783 419 5826 aut
443 5782 598 5840 potu.
1875 5791 2030 5826 num.
2078 5777 2159 5837 50,
2199 5777 2455 5826 scribitur
2504 5791 2518 5824 :
2561 5776 2667 5825 Hos
2715 5774 3006 5838 Scriptura:
3049 5786 3204 5824 verus
3249 5773 3510 5837 interpres

225 5841 304 5903 (67)
343 5847 629 5900 Immunda
675 5863 770 5916 per
808 5864 1106 5910 numerum,
1153 5853 1280 5904 ideo
1318 5851 1594 5913 dicuntur,
1644 5850 1774 5914 quia
1879 5847 2121 5898 Christus
2153 5847 2342 5896 illudit.
