3972 6174
515 279 648 330 1799
1976 280 2031 334 S.
2072 303 2083 334 Α

2216 276 2398 333 ROSII
3677 296 3783 350 {800

509 414 687 470 quem
719 398 938 470 priores
968 400 1263 455 hominem
1303 401 1573 469 viderint,
1611 418 1805 456 vocem
1845 403 1968 473 ejus
1997 419 2135 474 qua-
2161 401 2447 485 Adentur
2481 401 2797 456 humanam
2821 420 2839 472 ;
2873 407 2930 456 et
2962 402 3007 457 si
3036 403 3171 458 foris
3209 403 3376 459 homo
3401 407 3642 477 cernitur,
3669 413 3791 470 intus

508 493 642 547 dam
691 496 906 548 natura
953 494 1220 548 feruntur
1250 495 1299 548 vi
1345 496 1569 567 eripere
1601 513 1612 550 :
1653 496 1699 549 si
1741 499 1928 550 autem
1969 497 2142 551 homo
2243 493 2422 548 bestia
2451 494 2664 549 fremit.
2705 497 2772 550 Et
2809 495 2938 551 ideo
2975 512 3071 552 eos
3103 497 3267 567 lupos
3303 513 3415 552 esse
3452 517 3556 554 non
3595 503 3794 562 dubium

510 587 666 656 prius
712 603 809 641 eos
851 587 1076 657 viderit,
1125 589 1398 659 exagitari
1448 593 1864 644 memorantur.
1907 592 1972 644 Et
2010 590 2141 645 ideo
2243 593 2344 653 est,
2367 589 2524 658 juxta
2547 588 2769 643 Domini
2793 591 2924 659 Iesu
2953 589 3205 644 divinam
3233 593 3575 662 sententiam,
3597 598 3678 666 qui
3701 600 3792 655 ait:

511 680 826 735 cavendum
872 681 1014 735 mihi
1051 686 1134 736 est
1166 697 1239 735 ne
1269 681 1315 736 si
1346 682 1405 736 in
1440 682 1725 738 hodierno
1757 687 1996 737 tractatu
2024 684 2140 753 spi-
2248 703 2274 728 ‹‹
2310 681 2600 736 Attendite
2626 681 2782 736 vobis
2812 699 2846 736 a
2877 683 3036 737 falsis
3062 683 3375 755 prophetis,
3402 686 3490 756 qui
3519 689 3720 745 veniunt
3740 694 3798 748 ad

512 773 764 828 ritalium
816 774 1225 845 mysteriorum
1276 776 1462 846 gratia
1513 792 1626 830 non
1675 777 1922 846 potuerit
1967 776 2140 830 reful-
2244 790 2338 827 vos
2377 775 2434 828 in
2479 775 2684 828 vestitu
2718 775 2929 844 ovium,
2967 777 3119 830 intus
3149 781 3339 831 autem
3369 786 3491 832 sunt
3522 779 3629 851 lupi
3662 799 3797 854 rapa-

513 883 671 937 gere,
716 867 834 938 lupi
876 885 967 923 me
1007 868 1165 938 prius
1205 869 1410 923 vidisse
1453 869 1775 935 credantur,
1808 875 1862 924 et
1892 872 2142 926 solemne
2243 883 2364 936 ces;
2412 883 2476 921 ex
2527 868 2804 922 fructibus
2846 885 3043 924 eorum
3086 871 3430 940 cognoscetis
3473 888 3560 926 eos
3597 875 3800 944 (Matth.,

511 960 657 1014 vocis
685 961 981 1017 extorsisse
1011 961 1368 1032 suffragium.
2243 977 2333 1027 vn,
2373 965 2452 1027 l5,
2489 964 2592 1030 l6).
2625 983 2650 1011 ››
2679 962 2736 1016 Si
2768 963 2894 1033 quis
2921 979 3060 1033 ergo
3089 964 3280 1035 specie
3310 969 3573 1030 movetur,
3593 967 3801 1022 fructum

582 1056 670 1108 49.
718 1055 912 1109 Nonne
953 1055 1102 1127 lupis
1140 1055 1260 1108 istis
1299 1056 1552 1110 haretici
1583 1057 1950 1126 comparandi
1988 1063 2138 1124 sunt,
2241 1054 2574 1124 interroget.
2605 1055 2786 1110 Audis
2813 1056 3060 1126 aliquem
3090 1056 3442 1111 sacerdotem
3469 1057 3588 1126 dici,
3617 1061 3804 1130 rapinas

509 1147 608 1218 qui
670 1147 1020 1202 insidiantur
1073 1148 1315 1203 ovilibus
1379 1149 1619 1214 Christi,
1680 1149 1935 1205 fremunt
1994 1151 2142 1205 circa
2241 1146 2363 1217 ejus
2393 1147 2650 1218 agnoscis
2686 1149 2811 1218 (70).
2852 1149 3127 1204 Vestitum
3162 1149 3278 1203 ovis
3317 1149 3497 1216 habet,
3529 1151 3660 1205 facta
3692 1169 3805 1222 pra-

513 1238 770 1313 1422
821 1241 1010 1295 caulas
1064 1245 1342 1296 nocturno
1409 1243 1593 1314 magis
1657 1249 1913 1315 tempore
1969 1261 2142 1315 quam
2242 1241 2426 1296 donis.
2466 1242 2615 1296 Foris
2644 1241 2782 1310 ovis,
2818 1243 2972 1296 intus
3008 1243 3174 1313 lupus
3205 1247 3329 1298 est:
3359 1243 3452 1314 qui
3482 1245 3692 1299 modum
3712 1263 3805 1300 non

514 1334 758 1389 diurno?
799 1334 1038 1405 Semper
1074 1335 1226 1389 enim
1268 1335 1496 1406 perﬁdis
1528 1353 1640 1391 nox
1677 1343 1779 1404 est,
1821 1337 1916 1408 qui
1956 1339 2144 1393 lucem
2242 1334 2416 1389 habet
2459 1336 2808 1406 rapinarum,
2851 1336 2950 1406 qui
2988 1341 3258 1407 tanquam
3297 1337 3356 1391 in
3396 1343 3554 1392 nocte
3587 1337 3807 1409 Scythico

514 1427 720 1482 Christi
761 1444 920 1482 sava
961 1428 1182 1483 nebulis
1223 1429 1705 1501 interpretationis
1738 1430 2042 1499 obducere,
2086 1437 2144 1486 et
2244 1427 2494 1482 membra
2537 1431 2768 1483 duratus
2813 1430 2963 1499 gelu,
3013 1433 3283 1484 cruentus
3327 1447 3442 1497 ora,
3489 1431 3810 1486 circumvolat

512 1526 788 1592 quantum
827 1521 885 1574 in
928 1521 1063 1593 ipsis
1103 1528 1185 1577 est
1226 1523 1465 1591 fuscare,
1501 1527 1795 1578 conantur.
1840 1526 2145 1579 Versantur
2242 1538 2504 1592 quarens
2532 1537 2703 1591 quem
2733 1523 2986 1577 devoret.
3015 1523 3213 1578 Nonne
3242 1523 3400 1578 vobis
3425 1523 3634 1578 videtur
3653 1524 3809 1595 lupus,

512 1629 648 1684 ergo
675 1615 820 1668 circa
848 1614 1062 1685 caulas,
1093 1615 1308 1669 stabula
1337 1619 1528 1672 tamen
1551 1617 1757 1673 Christi
1786 1617 1996 1672 intrare
2027 1635 2142 1674 non
2243 1615 2342 1686 qui
2367 1615 2639 1669 humana
2677 1615 2830 1670 necis
2858 1616 3210 1670 insaturabili
3241 1616 3563 1672 crudelitate
3597 1617 3814 1671 fidelium

511 1707 738 1762 audent.
787 1709 853 1762 Et
898 1707 1026 1763 ideo
1071 1725 1183 1762 non
1233 1716 1531 1779 sanantur,
1577 1711 1712 1780 quia
1753 1710 1812 1764 in
1857 1712 2204 1780 stabulum_
2245 1713 2425 1762 morte
2455 1709 2803 1779 populorum
2837 1707 3055 1762 rabiem
3088 1724 3247 1764 suam
3280 1709 3502 1780 explere
3534 1708 3814 1764 desiderat?

512 1817 678 1854 suum
705 1817 818 1854 non
841 1801 961 1856 vult
987 1817 1084 1856 eos
1112 1802 1368 1858 Christus
1390 1775 1681 1869 inducere,
1701 1804 1758 1857 in
1781 1821 1894 1876 quo
1916 1809 2143 1860 curatus
2162 1775 2218 1846 Β
2315 1803 2400 1856 53.
2440 1775 2628 1855 Dlulat
2665 1801 2788 1867 iste,
2830 1817 2941 1855 non
2987 1805 3188 1856 tractat
3220 1775 3476 1873 (7t),_qui
3504 1808 3661 1873 negat
3693 1801 3815 1855 vocis

513 1897 596 1946 est
622 1893 713 1948 ille
746 1894 842 1966 qui
873 1895 940 1949 de
974 1895 1329 1950 Hierusalem
1365 1896 1714 1951 descendens
1745 1897 1940 1952 incidit
1968 1898 2028 1952 in
2057 1899 2138 1954 la-
2241 1899 2554 1960 auctorem,
2601 1899 2658 1948 et
2701 1893 2972 1964 sacrilego
3015 1909 3278 1949 sermone
3321 1895 3554 1950 bestiale
3597 1908 3818 1948 murmur

513 1993 705 2040 trones
745 2003 758 2041 :
801 2003 968 2057 quem
1012 1989 1341 2043 vulneribus
1379 1989 1644 2060 alligatis,
1688 1991 1875 2045 infuso
1919 1992 2043 2046 oleo
2087 1997 2143 2047 et
2243 1987 2612 2057 interstrepit,
2667 1987 2765 2058 qui
2814 2003 2930 2042 non
2980 1987 3282 2043 conﬁtetur
3330 1987 3622 2042 Dominum
3660 1988 3818 2041 Iesum

515 2079 668 2148 vino,
695 2080 1000 2150 imponens
1023 2081 1080 2135 in
1096 2081 1428 2152 jumentum
1451 2099 1616 2137 suum
1643 2085 2027 2140 Samaritanus
2048 2085 2142 2139 ille
2245 2077 2293 2150 1
2310 2077 2503 2151 423
2523 2082 2754 2134 aterna
2770 2080 3073 2151 prasulem
3091 2081 3240 2136 vita.
3254 2081 3582 2136 Audivimus
3599 2080 3710 2151 ejus
3725 2079 3820 2133 ulu-

515 2172 676 2227 duxit
705 2173 765 2226 in
798 2173 1100 2242 stabulum,
1142 2180 1199 2230 et
1237 2175 1553 2230 sanandum
1595 2177 1899 2232 stabulario
1938 2177 2138 2232 dereli-
2243 2173 2406 2241 latus,
2430 2189 2560 2227 cum
2591 2173 2648 2226 in
2675 2173 2874 2228 orbem
2901 2171 3008 2245 (72)
3039 2173 3256 2244 gladius
3284 2175 3618 2229 mitteretur.
3648 2173 3819 2226 Dentes

513 2266 637 2337 quit
677 2266 846 2337 (Luc.,
891 2284 943 2334 x,
989 2268 1204 2339 30-37).
1245 2270 1367 2324 Non
1408 2269 1693 2340 accipiunt
1729 2287 1868 2341 ergo
1909 2271 2139 2326 medici-
2245 2282 2494 2336 asperos,
2536 2283 2633 2320 ora
2676 2266 2894 2322 tumida
2937 2267 3300 2338 praferebat,
3339 2273 3396 2322 et
3439 2267 3660 2338 putabat
3695 2264 3822 2336 quod

512 2376 667 2425 nam,
700 2361 798 2431 qui
837 2360 1121 2415 medicum
1156 2378 1270 2416 non
1314 2363 1647 2433 requirunt;
1679 2364 1723 2418 si
1760 2364 1914 2418 enim
1954 2364 2138 2436 requi-
2243 2375 2436 2413 vocem
2478 2359 2744 2414 omnibus
2785 2360 3129 2428 abstulisset,
3162 2377 3340 2432 quam
3380 2362 3528 2415 solus
3569 2359 3818 2413 amiserat.

511 2456 724 2520 rerent,
755 2469 868 2507 non
896 2454 1262 2526 derogarent.
2246 2453 2310 2506 Et
2350 2452 2478 2508 ideo
2519 2457 2581 2507 ut
2618 2453 2718 2512 hos
2755 2454 2914 2524 lupos
2945 2453 3198 2525 effugere
3235 2454 3532 2525 possimus,
3562 2453 3707 2507 docet
3736 2452 3821 2505 Do-

585 2548 672 2600 50.
708 2547 1012 2618 Explorant
1047 2547 1288 2618 pastoris
1326 2548 1669 2616 absentiam,
1705 2554 1761 2604 et
1797 2549 1922 2604 ideo
1961 2556 2142 2621 pasto-
2245 2546 2432 2600 minus
2459 2547 2595 2617 quid
2628 2563 2957 2618 sequamur,
2990 2547 3182 2602 dicens
3215 2566 3228 2602 :

511 2655 602 2692 res
641 2639 1019 2695 Ecclesiarum
1051 2642 1132 2695 vel
1175 2657 1395 2712 necare,
1441 2643 1524 2697 vel
1565 2642 1623 2696 in
1669 2643 1931 2697 exsilium
1971 2660 2143 2715 agere
2318 2641 2492 2708 (Vers.
2525 2641 2601 2706 4.)
2644 2642 2825 2696 Nolite
2865 2647 3083 2712 portare
3121 2642 3414 2700 sacculum,
3453 2656 3618 2710 neque
3647 2653 3824 2710 peram,

509 2734 878 2803 contendunt,
897 2734 1033 2806 quia
1049 2735 1428 2805 prasentibus
1447 2735 1765 2806 pastoribus
1783 2753 1916 2791 oves
1931 2737 2145 2793 Christi
2245 2750 2417 2803 neque
2439 2734 2822 2788 calceamenta.

511 2827 803 2881 incursare
835 2844 951 2882 non
993 2831 1250 2898 possunt.
1295 2830 1545 2900 Spoliare
1577 2846 1713 2901 ergo
1753 2846 1987 2901 gregem
2032 2832 2138 2885 Do-
2316 2828 2401 2881 54.
2437 2827 2581 2890 Quid
2609 2828 2700 2892 sit,
2732 2827 3021 2882 sacculum
3049 2844 3162 2882 non
3193 2843 3311 2883 esse
3343 2826 3694 2899 portandum,
3720 2822 3825 2876 alibi

512 2919 653 2974 mini
686 2925 940 2991 raptores
967 2928 1266 2992 conantur,
1293 2923 1391 2992 qui
1415 2939 1688 2994 corporea
1714 2924 1960 2994 quadam
1986 2941 2144 2979 men-
2245 2920 2533 2975 evidenter
2576 2920 2878 2990 expressit;
2923 2921 3146 2992 scripsit
3183 2921 3344 2976 enim
3391 2921 3672 2976 Matthaus
3708 2931 3822 2987 quo-

507 3014 579 3068 tis
608 3013 931 3070 intentione
975 3015 1103 3069 duri
1142 3030 1207 3069 ac
1247 3015 1438 3086 rigidi,
1485 3033 1848 3088 nequaquam
1894 3018 2078 3072 solent
2113 3036 2144 3072 a
2245 3013 2398 3068 niam
2443 3013 2588 3068 dixit
2623 3013 2696 3068 ad
2724 3013 3024 3084 discipulos
3060 3015 3377 3070 Dominus:
3415 3036 3442 3064 «
3475 3013 3646 3068 Nolite
3685 3009 3828 3082 possi-

511 3123 615 3161 suo
644 3124 839 3162 errore
870 3107 1195 3162 deﬂectere.
1229 3111 1292 3163 Et
1319 3109 1450 3164 ideo
1479 3111 1780 3180 Apostolus
1808 3111 1884 3164 ait
1915 3127 1928 3164 :
1963 3133 1990 3158 ‹‹
2020 3113 2141 3166 Ha-
2163 3137 2218 3212 Ο
2245 3106 2377 3161 dere
2416 3123 2641 3172 aurum,
2685 3122 2870 3178 neque
2907 3112 3210 3178 argentum
3245 3109 3488 3178 (Matth,
3528 3123 3588 3173 x,
3623 3107 3689 3175 9).
3726 3124 3749 3151 ι)

508 3201 752 3254 reticum
799 3201 1094 3255 hominem
1140 3209 1262 3272 post
1305 3218 1544 3257 unam...
1577 3204 1996 3274 correptionem
2038 3205 2136 3259 de-
2167 3192 2218 3212 υ
2244 3199 2617 3270 prohibemur
2658 3216 2861 3254 aurum
2911 3201 3220 3271 pOSSidel‘e,
3254 3201 3394 3273 quid
3439 3201 3678 3272 eripere,
3715 3192 3826 3267 qum

511 3292 624 3346 vita
681 3293 842 3362 (Tia,
900 3310 976 3361 Ill,
1037 3297 1140 3363 l6),
1192 3318 1218 3342 ››
1273 3295 1455 3349 sciens
1501 3295 1637 3366 quia
1689 3296 1986 3352 subversus
2034 3303 2138 3366 est,
2239 3293 2506 3348 auferre?
2535 3293 2593 3348 Si
2615 3293 2770 3365 quod
2797 3294 3023 3361 habeas,
3055 3294 3269 3349 donare
3293 3293 3827 3366 praceperis,quem-

507 3385 609 3457 qui
657 3386 942 3456 ejusmodi
987 3392 1088 3441 est.
1145 3389 1254 3442 Hos
1297 3388 1600 3458 Scriptura
1649 3405 1816 3444 verus
1860 3390 2140 3463 interpres
2239 3385 2548 3442 admodum
2586 3389 2848 3458 congeris
2886 3387 3042 3459 quod
3081 3403 3194 3442 non
3230 3387 3488 3443 habebas
3522 3385 3666 3458 (73)?
3693 3404 3717 3431 «
3745 3379 3828 3444 Qui

507 3478 762 3533 Christus
787 3479 996 3548 illudit,
1027 3487 1085 3534 ut
1122 3480 1319 3536 inanes
1351 3498 1483 3536 suos
1517 3481 1575 3536 in
1607 3499 1815 3538 vanum
1847 3483 2141 3540 effundant
2241 3481 2510 3551 pradicas
2563 3497 2675 3535 non
2721 3481 3049 3551 furandum,
3098 3481 3305 3535 furaris
3330 3481 3358 3536 ?
3411 3481 3518 3545 Qui
3567 3477 3694 3534 dicis
3735 3487 3828 3528 non

506 3572 772 3644 impetus,
802 3579 859 3628 et
884 3590 1086 3629 nocere
1117 3591 1233 3630 nou
1265 3575 1504 3646 possint.
2239 3573 2662 3644 machandum,
2694 3575 3034 3630 macharis?
3074 3574 3180 3639 Qui
3225 3573 3535 3630 exsecraris
3570 3571 3728 3634 idola,
3766 3582 3829 3620 sa-

576 3669 664 3722 5l.
707 3666 812 3731 Qui
860 3667 905 3722 si
947 3684 1118 3740 quem
1162 3675 1389 3724 versuta
1433 3669 1834 3740 disputationis
1879 3689 1993 3726 sua
2037 3673 2140 3727 cir-
2239 3667 2533 3740 crilegium
2577 3667 2753 3723 facis?
2784 3669 2890 3732 Qui
2922 3668 2980 3722 in
3018 3669 3145 3740 lege
3186 3669 3474 3739 gloriaris,
3506 3682 3605 3738 per
3642 3675 3825 3735 prava-

505 3761 947 3832 cumscriptione
999 3763 1397 3833 pravenerint,
1447 3763 1664 3817 faciunt
1713 3764 2135 3834 obmutescere;
2239 3761 2567 3820 ricationem
2619 3761 2760 3832 legis
2809 3763 2991 3816 Deum
3041 3763 3399 3817 inhonoras?
3446 3763 3659 3816 Nomen
3701 3754 3829 3810 enim

504 3858 694 3909 mutus
721 3860 803 3909 est
831 3855 986 3910 enim
1016 3855 1112 3931 qui
1141 3856 1383 3910 Verbum
1411 3857 1507 3911 Dei
1537 3874 1651 3911 non
1681 3859 1880 3913 eadem
1909 3876 2023 3930 qua
2053 3865 2137 3914 est
2240 3855 2337 3910 Dei
2369 3872 2471 3926 per
2497 3871 2596 3910 vos
2625 3855 3056 3926 blasphematur
3086 3856 3280 3927 (Rom,
3315 3873 3374 3923 ιι,
3406 3855 3608 3923 21-24).
3636 3875 3662 3901 ››

505 3947 686 4016 gloria
713 3949 1034 4004 confitetur.
1059 3951 1204 4004 Cave
1233 3966 1370 4021 ergo
1400 3967 1470 4004 ne
1499 3950 1598 4004 tibi
1629 3968 1822 4006 vocem
1849 3953 2004 4008 tollat
2029 3953 2137 4008 ha-
2429 3950 2550 4004 Non
2593 3949 2670 4004 sic
2699 3949 2988 4020 apostolus
3025 3951 3242 4017 Petrus,
3273 3949 3373 4021 qui
3415 3949 3630 4020 primus
3669 3940 3828 3999 Domi-

509 4039 736 4108 reticus,
767 4040 814 4094 si
858 4041 1011 4112 prior
1040 4058 1169 4096 eum
1204 4059 1316 4096 non
1348 4043 1469 4114 ipse
1500 4043 1978 4114 deprehenderis;
2018 4063 2136 4102 ser-
2238 4044 2377 4100 nica
2424 4049 2720 4098 exsecutor
2769 4043 3096 4112 sententia,
3141 4049 3203 4098 ut
3253 4043 3582 4098 ostenderet
3631 4053 3737 4092 non
3783 4033 3829 4086 in

506 4132 589 4203 pit
619 4133 794 4200 enim,
840 4133 977 4187 dum
1021 4135 1158 4189 latet
1197 4135 1318 4205 ejus
1360 4137 1632 4206 perfidia;
1673 4139 1720 4191 si
1755 4143 1944 4194 autem
1981 4156 2135 4194 com-
2239 4155 2480 4194 vacuum
2517 4137 2740 4192 Domini
2773 4136 2954 4191 effusa
2989 4137 3276 4206 mandata,
3306 4153 3441 4191 cum
3474 4134 3830 4206 posceretura

509 4228 702 4280 menta
729 4225 1036 4297 impietatis
1066 4228 1190 4297 ejus
1216 4229 1841 4300 agnoveris,jacturam
1861 4233 1971 4303 pia
1989 4233 2138 4287 vocis
2238 4249 2528 4304 paupere,
2580 4235 2643 4285 ut
2689 4232 2740 4285 ei
2787 4230 3000 4302 aliquid
3046 4230 3303 4302 pecunia
3357 4229 3679 4301 largiretur,
3723 4221 3826 4276 ait:

508 4319 709 4374 timere
737 4337 850 4374 non
883 4321 1112 4392 poteris.
1141 4322 1284 4377 Cave
1316 4323 1491 4393 igitur
1525 4328 1764 4378 versuta
1795 4325 2134 4396 disputatio-
2243 4345 2268 4376 «
2295 4330 2606 4397 Argentum
2637 4329 2808 4396 atque
2831 4340 3038 4378 aurum
3069 4341 3186 4379 non
3220 4324 3406 4378 habeo
3437 4324 3599 4393 (Act,
3627 4334 3700 4385 ιιι,
3725 4315 3826 4384 6).»

501 4415 592 4468 nis
619 4431 841 4469 venena
869 4431 883 4470 :
913 4415 1166 4470 animam
1198 4421 1418 4486 petunt,
1449 4420 1648 4486 guttur
1674 4417 1966 4486 invadunt,
1997 4421 2132 4474 vita-
2239 4421 2333 4474 llle
2361 4419 2631 4490 gloriatur
2659 4417 2815 4490 quod
2841 4435 2959 4473 non
2984 4417 3192 4472 habeat
3217 4419 3524 4488 argentum
3554 4426 3726 4484 neque
3752 4421 3828 4460 all-

500 4509 646 4563 libus
687 4509 891 4564 vulnus
929 4509 1191 4581 affigunt.
1236 4511 1440 4564 Graves
1480 4515 1612 4564 sunt
1642 4528 1862 4566 morsus
1907 4513 2127 4567 hareti-
2153 4507 2212 4579 D
2235 4529 2363 4568 rum
2403 4529 2415 4566 :
2452 4512 2608 4567 vobis
2634 4511 2843 4583 pudori
2879 4514 2965 4566 est
2999 4511 3187 4565 minus
3220 4510 3409 4565 adhuc
3448 4507 3651 4564 habere
3685 4513 3828 4575 quam

500 4618 722 4670 corum,
777 4603 874 4673 qui
926 4603 1060 4673 ipsis
1109 4605 1397 4675 graviores
1449 4609 1508 4658 et
1557 4606 1872 4676 rapaciores
1917 4607 2132 4674 bestiis,
2235 4609 2484 4681 cupitis?
2530 4608 2624 4661 Est
2665 4623 2803 4678 ergo
2849 4609 2907 4659 et
2955 4604 3270 4676 pauperies
3297 4603 3566 4675 gloriosa,
3605 4598 3730 4672 quia
3760 4595 3825 4646 est

505 4695 726 4749 nullum
749 4695 1000 4749 avaritia
1028 4697 1204 4750 finem
1240 4698 1662 4769 impietatisque
1694 4705 1990 4755 noverunt.
2236 4709 2294 4759 et
2339 4703 2521 4770 beata,
2577 4702 2716 4756 sicut
2770 4699 3042 4770 scriptum
3093 4705 3178 4754 est
3229 4715 3241 4752 :
3298 4719 3325 4746 ‹‹
3378 4697 3537 4752 Beati
3584 4701 3826 4766 pauperes

571 4793 656 4844 52.
686 4789 796 4844 Nec
825 4805 920 4844 vos
957 4793 1178 4845 moveat
1208 4791 1360 4862 quod
1391 4791 1634 4847 formam
1668 4794 2022 4864 prateudere
2050 4795 2130 4848 vi-
2236 4797 2433 4869 spiritu
2481 4795 2723 4866 (Matth.,
2763 4812 2814 4861 v,
2859 4796 2932 4864 3).
2975 4815 3002 4844 »
3043 4795 3255 4849 Tamen
3296 4809 3411 4847 non
3453 4796 3569 4846 tam
3598 4789 3695 4843 hoc
3729 4781 3825 4853 glo-

557 4971 654 5033 (70)
699 4970 934 5022 Cuncta
973 4969 1100 5020 edit.
1147 4975 1201 5021 et
1249 4984 1379 5021 mss.
1426 4973 1696 5032 nonnulli,
1748 4975 1972 5038 rapinas
2020 4976 2136 5038 ejus
2235 4976 2434 5034 urbem,
2478 4976 2694 5027 scilicet
2741 4974 3133 5035 Mediolanum,
3177 4987 3288 5024 non
3334 4973 3586 5029 Romam,
3623 4969 3682 5015 ut
3716 4959 3824 5012 alibi

497 5054 604 5091 non
632 5042 893 5105 agnoscis.
929 5040 1286 5114 Alii_plures_
1308 5057 1373 5093 ac
1407 5043 1748 5114 probatiores
1785 5048 2132 5109 negationem
2235 5047 2380 5111 apud
2424 5052 2694 5099 auctores.
2725 5045 2923 5096 Melius
2962 5051 3169 5106 tamen,
3196 5044 3482 5114 inrorbem.
3511 5038 3721 5114 Etenim
3747 5042 3826 5114 per

501 5117 784 5176 respuunt,
813 5125 939 5176 qua
969 5111 1127 5162 nullo
1163 5111 1328 5163 modo
1357 5113 1576 5164 videtur
1614 5127 1735 5165 esse
1771 5116 2128 5167 admittenda.
2233 5130 2450 5176 vocem,
2481 5117 2714 5178 gladius,
2741 5116 3022 5166 crudelem
3067 5115 3219 5164 illam
3260 5113 3439 5178 legem
3481 5111 3726 5178 Auxentil
3760 5113 3824 5161 ιβ’

496 5185 603 5234 Hic
638 5198 799 5248 porro
843 5184 1189 5233 Auxentium
1228 5185 1479 5234 arianum
1521 5185 1796 5249 designari
1832 5201 1900 5238 ex
1939 5202 2005 5238 eo
2042 5190 2134 5237 in-
2233 5190 2350 5237 sius
2374 5177 2543 5237 manu
2573 5189 2856 5252 scriptam,
2891 5191 2948 5238 et
2975 5199 3055 5238 xn
3094 5186 3215 5236 Kal.
3253 5177 3414 5235 Febr.
3455 5177 3822 5252 promulgata?

491 5239 723 5320 telligas,
776 5255 927 5320 quod
975 5253 1170 5306 iisdem
1216 5256 1388 5306 ferme
1435 5256 1619 5306 verbis
1642 5239 1759 5306 Ville
1805 5258 2134 5310 describitur
2233 5261 2415 5309 innuit
2459 5239 2807 5322 Ambrosius,
2845 5239 2926 5311 'de
2968 5272 3076 5322 qua
3123 5258 3269 5308 idem
3316 5239 3542 5320 quoque
3582 5252 3642 5301 ds
3676 5239 3820 5322 Βαδίῇ

494 5329 557 5378 de
586 5327 746 5377 Basil.
773 5340 880 5377 non
919 5327 1061 5376 trad.
1088 5326 1185 5376 ubi
1213 5327 1468 5390 legimus,
1495 5329 1743 5377 Λαισπιῆ
1768 5329 1933 5392 ipsius
1959 5333 2054 5394 qui
2081 5346 2135 5382 se
2231 5344 2338 5380 non
2382 5332 2522 5381 trad.
2568 5320 2801 5392 scribit,
2841 5320 3140 5379 Aures—utiuti
3185 5327 3425 5392 gladium
3463 5322 3713 5394 voluntarii
3743 5320 3821 5394 ηεξ

491 5402 618 5452 dicit
641 5402 955 5464 episwpum,
983 5406 1112 5460 etc.,
1137 5401 1234 5450 ubi
1272 5388 1438 5450 etiam
1469 5401 1617 5465 quod
1653 5388 1874 5464 dicitur,
1919 5388 2133 5455 Minora
2231 5415 2408 5452 omnes
2447 5402 2602 5453 urbes
2642 5388 2854 5453 amata
2895 5401 3100 5452 Confer
3145 5388 3447 5461 utrumque
3489 5396 3665 5446 locum
3701 5388 3820 5465 inter

492 5471 612 5534 fecit
649 5453 707 5521 ἰὴ
739 5453 972 5534 Sci/(hia,
1017 5453 1142 5534 etei,
1191 5472 1406 5537 liquido
1447 5453 1740 5535 respondet
1775 5453 1957 5524 verbis
1992 5453 2132 5527 infra
2231 5486 2320 5533 se;
2353 5487 2594 5538 namque
2619 5474 2698 5524 illi
2725 5477 2920 5522 mutuo
2947 5485 3071 5523 sese
3095 5472 3295 5521 mirum
3331 5453 3390 5519 in
3419 5466 3637 5517 modum
3667 5453 3820 5519 θιΡΠ·

495 5543 705 5604 positis,
735 5541 976 5604 Scythico
999 5542 1235 5591 membra
1265 5543 1493 5593 duratus
1518 5543 1656 5606 gelu,
1684 5548 1788 5594 etc.
2231 5548 2359 5594 cant
2387 5549 2443 5594 et
2466 5544 2812 5594 confirmant.

559 5614 654 5672 (71)
685 5603 813 5660 Non
831 5617 1041 5670 tractat,
1075 5613 1182 5663 hoc
1217 5619 1318 5674 est,
1359 5603 1701 5678 Scripturam
1737 5628 1847 5665 non
1882 5617 2129 5680 exponit,
2296 5616 2390 5678 (73)
2419 5615 2512 5667 Sic
2534 5629 2666 5665 mss.
2695 5615 3012 5679 complures
3035 5628 3100 5664 ac
3127 5613 3368 5665 melioris
3391 5615 3552 5661 nota.
3580 5603 3681 5656 Alii
3704 5608 3820 5680 ueli-

496 5667 609 5743 quo
642 5667 809 5728 sensu
849 5681 955 5730 hoc
986 5667 1219 5733 verbum
1272 5667 1528 5735 P'atribus
1578 5687 1820 5736 maxime
1863 5667 2131 5738 familiare
2231 5667 2391 5746 nulli,
2419 5691 2470 5736 et
2517 5686 2648 5736 edit.
2690 5667 3110 5750 ant.,.congeris,
3141 5686 3282 5750 quod
3315 5681 3579 5748 possidere
3610 5667 3818 5739 P'M‘b“

496 5755 602 5800 est.
2228 5759 2322 5808 ris.
2355 5757 2512 5809 Rom.
2545 5759 2803 5809 resecatis
2832 5758 3008 5809 tribus
3036 5758 3246 5810 ultimis
3279 5755 3460 5808 verbis
3495 5752 3628 5816 p0“,
3651 5750 3818 5803 00"9“

557 5820 652 5882 (Β)
702 5819 830 5868 Mss.
874 5831 985 5867 non
1023 5824 1206 5884 pauci,
1235 5837 1340 5876 nec
1388 5827 1663 5878 inferioris
1711 5835 1886 5893 nota,
1917 5842 2032 5881 cum
2072 5830 2128 5880 in
2230 5831 2326 5889 ris,
2353 5830 2652 5893 subnectit,
2684 5832 2785 5895 Qui
2811 5830 3092 5896 pradicas,
3115 5834 3216 5882 etc.
