3972 6174
205 269 300 322 1801

1238 265 1708 322 EXPOSITIONIS
1748 269 1812 323 IN
1851 269 2074 324 LUCAM
2115 269 2242 323 LlB.
2286 269 2397 324 VII.

3357 279 3492 332 1802

200 390 340 444 riatur
374 388 569 453 Petrus,
615 386 770 456 quod
810 390 1114 458 argentum
1155 393 1212 442 et
1251 407 1455 444 aurum
1497 407 1612 446 non
1660 393 1755 446 ha-
1781 408 1839 480 Α
1863 409 2092 447 omnem
2140 392 2407 448 virtutem
2447 392 2685 459 inimici,
2729 396 2785 447 et
2825 394 2965 448 nihil
3007 397 3161 451 vobis
3199 399 3490 454 nocebunt

197 484 310 547 beat,
349 495 500 551 quam
541 479 688 550 quod
737 487 925 535 servet
976 483 1311 538 mandatum
1364 485 1609 550 Domini,
1661 486 1757 556 qui

195 574 452 646 pracepit:
481 572 703 627 «Nolite
726 575 1011 645 possidere
1043 593 1246 631 aurum
1275 578 1516 647 (Matth.,
1539 594 1591 645 x,
1622 579 1693 649 9);
1726 600 1754 626 )›

197 671 273 722 hoc
304 670 376 721 est
408 666 579 721 dicere
612 684 624 721 :
657 667 822 722 Vides
863 685 954 722 me
993 670 1196 724 Christi
1242 688 1360 726 esse
1400 672 1756 742 discipulum,

193 767 233 816 et
266 777 442 814 aurum
479 778 508 814 a
547 777 638 814 me
683 763 962 834 requiris?
995 763 1166 818 Aliud
1210 765 1374 819 nobis
1415 767 1596 820 multo
1635 783 1760 836 pre-

193 855 346 908 tiosius
371 870 500 908 auro
530 854 774 922 donavit,
809 860 870 910 ut
906 856 963 910 in
1001 858 1236 913 nomine
1268 861 1390 929 ejus
1429 875 1755 929 cperemur.

194 949 344 1018 Itaque
373 964 477 1001 non
508 947 688 1003 habeo
718 949 867 1020 quod
911 966 1024 1004 non
1065 951 1244 1018 dedit,
1280 952 1374 1006 sed
1417 953 1570 1022 quod
1604 952 1760 1008 dedit

191 1041 368 1095 habeo:
399 1062 423 1090 «
449 1044 507 1096 In
535 1043 765 1096 nomine
796 1043 1020 1099 Domini
1045 1046 1195 1115 Jesu,
1228 1062 1417 1116 surge,
1451 1049 1507 1100 et
1533 1045 1759 1100 ambula

188 1136 322 1204 (Act,
348 1151 416 1202 ιιι,
446 1137 519 1206 6).
550 1158 577 1184 ››

238 1260 308 1311 56.
337 1256 478 1311 Sicut
514 1273 649 1328 ergo
684 1257 780 1328 qui
819 1259 1022 1314 horrea
1059 1260 1178 1314 vult
1213 1261 1591 1330 congerendis
1629 1261 1759 1316 tedi-

185 1351 314 1404 ﬁcare
361 1351 675 1418 frumentis,
724 1352 1032 1407 Dominicse
1071 1354 1370 1408 sententia:
1416 1356 1758 1411 auctoritate

183 1443 566 1514 reprehenditur
596 1446 765 1511 (Luc.,
797 1462 894 1514 xu,
929 1449 1038 1516 ‘20),
1079 1447 1160 1501 ita
1196 1449 1294 1519 qui
1321 1449 1607 1503 sacculum
1636 1451 1759 1503 vult

182 1553 287 1590 auro
319 1553 507 1607 parare
553 1539 873 1609 condendo,
901 1556 1128 1595 naevum
1165 1542 1629 1612 reprehensionis
1671 1543 1754 1597 in-

181 1629 337 1684 currit.

1860 485 2030 556 (Luc.,
2063 503 2116 552 x,
2149 487 2257 556 19).
2285 509 2312 535 ››

1929 582 2017 633 59.
2065 580 2184 633 Non
2231 581 2414 651 virgas
2461 581 2518 634 in
2569 597 2741 635 manu
2776 582 3055 652 jubentur
3099 585 3298 638 tollere
3343 603 3485 658 apo-

1860 673 2021 737 stoli;
2091 673 2168 727 sic
2242 674 2397 728 enim
2468 675 2762 729 Matthteus
2829 676 3192 731 scribendum
3268 681 3489 748 putavit

1861 766 2103 835 (Matth.,
2132 783 2184 832 x,
2223 768 2328 838 10).
2373 769 2518 832 Quid
2561 772 2647 823 est
2689 772 2882 824 autem
2929 770 3108 842 virga,
3139 771 3247 825 nisi
3289 776 3489 843 praefe-

1859 860 2052 914 renda:
2083 861 2374 931 potestatis
2413 862 2523 932 (75)
2552 863 2797 933 insigne,
2838 866 2895 917 et
2932 865 3237 919 ulciscendi
3273 866 3485 921 instru-

1859 958 2119 1009 mentum
2156 955 2408 1010 doloris?
2448 957 2597 1027 Ergo
2624 957 2862 1011 humilis
2900 959 3125 1012 Domini
3157 961 3236 1029 [in
3268 961 3487 1015 humili-

1862 1055 1970 1104 tate
2012 1049 2169 1103 enim
2218 1052 2372 1118 (Isa.,
2424 1066 2532 1116 un,
2581 1050 2633 1120 8)
2663 1051 2939 1119 judicium
2978 1054 3096 1121 ejus
3138 1055 3492 1110 sublimatum

1859 1150 1932 1197 est
1985 1142 2152 1214 (76)],
2213 1142 2475 1210 humilis,
2529 1143 2798 1215 inquam,
2856 1145 3080 1200 Domini
3142 1155 3491 1218 praeceptum

1860 1235 2118 1308 discipuli
2157 1236 2278 1308 ejus
2322 1236 2662 1292 humilitatis
2710 1237 2913 1292 ofﬁciis
2943 1249 3355 1311 exsequuntur;
3392 1260 3490 1297 eos

1860 1329 2016 1384 enim
2052 1329 2206 1385 misit
2244 1331 2314 1385 ad
2354 1330 2754 1385 seminandam
2794 1332 2987 1398 ﬁdem,
3027 1333 3128 1404 qui
3167 1352 3281 1389 non
3323 1352 3492 1407 coge-

1859 1430 2006 1491 rent,
2047 1425 2144 1478 sed
2175 1424 2446 1478 docerent
2475 1441 2488 1478 :
2526 1441 2628 1480 nec
2665 1429 2970 1496 potestates
3000 1433 3328 1483 exsererent
3356 1431 3488 1500 (77),

1860 1517 1954 1571 sed
2021 1518 2336 1572 doctrinam
2390 1518 2730 1573 humilitatis
2794 1521 3133 1574 attollerent.
3187 1522 3303 1585 Quo
3365 1523 3489 1577 loco

1859 1610 2172 1665 humilitati
2222 1612 2442 1681 putavit
2485 1612 2655 1666 etiam
2706 1613 3040 1683 patientiam
3083 1615 3486 1685 cepulandam,

1859 1700 1992 1770 quia
2031 1700 2148 1770 ipse
2193 1717 2442 1772 quoque,
2482 1701 2647 1771 juxta
2701 1702 3096 1756 testimonium
3147 1703 3315 1770 Petri,
3357 1721 3489 1760 cum

333 1754 682 1861 Non‘pframf
718 1770 888 1861 ’δθςζίξθ
921 1755 1304 1861 θαιθξαῗηεηξας
1345 1757 1654 1861 υίίξθξξπίωῗ
1688 1756 1757 1810 de
1780 1779 1834 1849 B
1862 1789 2312 1858 malediceretur,
2344 1807 2459 1843 non
2491 1790 2871 1860 remaledixit,
2909 1807 3040 1844 cum
3076 1798 3486 1861 percuteretur,

180 1844 296 1898 corio
329 1846 530 1899 mortui
573 1847 880 1902 animantis
920 1848 1121 1902 conﬁci
1156 1850 1340 1904 solet:
1383 1850 1524 1904 nihil
1563 1855 1757 1904 autem

178 1938 221 1990 in
240 1937 379 1992 nobis
411 1940 688 1994 Dominus
715 1942 871 1995 Jesus
902 1943 1141 1997 mortale
1172 1944 1288 1996 vult
1329 1960 1470 1997 esse.
1500 1944 1755 2015 Denique

176 2031 224 2084 ad
259 2032 457 2102 Moysen
509 2033 648 2088 dicit
699 2051 712 2087 :
763 2036 989 2091 «Solve
1042 2037 1493 2092 calceamentum
1547 2038 1756 2108 pedum

175 2130 391 2194 tuorum;
429 2127 586 2181 locus
627 2127 784 2181 enim
822 2129 881 2181 in
923 2145 1037 2199 quo
1078 2134 1210 2196 stas,
1252 2136 1401 2184 terra
1439 2137 1631 2185 sancta
1674 2137 1759 2185 est

172 2218 346 2284 ($2011.,
382 2235 454 2286 III,
484 2222 556 2289 5).
597 2243 624 2269 ››
653 2222 883 2276 Mortale
913 2222 1090 2293 igitur
1119 2229 1289 2294 atque
1319 2228 1616 2279 terrenum
1645 2226 1753 2278 cal-

173 2317 478 2367 ceamentum
519 2313 766 2385 jubetur
817 2316 1062 2382 solvere,
1115 2333 1246 2370 cum
1301 2318 1630 2372 mitteretur
1686 2319 1755 2372 ad

173 2407 400 2477 populum
431 2408 790 2463 liberandum
813 2426 826 2475 ;
850 2409 1022 2479 hujus
1043 2410 1198 2464 enim
1223 2411 1482 2464 minister
1502 2413 1756 2465 muneris

173 2500 334 2555 timere
371 2501 511 2555 nihil
552 2502 745 2568 debet,
790 2519 895 2557 nec
936 2521 967 2557 a
1012 2510 1274 2575 suscepto
1317 2505 1526 2571 ofﬁcio,
1559 2505 1756 2559 mortis

176 2595 381 2662 periculo
434 2596 739 2650 retardari.
793 2599 917 2668 Ipse
972 2597 1129 2651 enim
1177 2614 1308 2651 cum
1365 2598 1756 2653 defensionem

173 2687 385 2755 fratrum,
433 2690 544 2744 hoc
596 2693 682 2744 est
724 2691 1073 2757 Judaeorum,
1114 2691 1461 2746 voluntarius
1513 2692 1750 2763 recepis-

172 2785 256 2848 set,
300 2784 601 2838 calumniae
641 2782 899 2856 1424
943 2790 1160 2839 terrore
1211 2790 1504 2840 revocatus
1553 2791 1636 2840 est
1686 2785 1754 2839 ab

172 2872 373 2945 incepto,
433 2881 488 2930 et
533 2877 689 2948 fugit
741 2894 805 2931 ex
855 2880 1094 2949 Egypto
1148 2879 1368 2950 (Exod,
1418 2896 1475 2945 ιι,
1528 2879 1632 2949 15).
1690 2880 1755 2932 Et

171 2966 266 3022 ideo
303 2986 423 3025 cum
459 2970 741 3026 Dominus
784 2970 1055 3026 affectum
1102 2973 1225 3042 ejus
1262 2973 1578 3044 probasset,
1619 2989 1752 3025 con-

169 3060 394 3118 ditionem
454 3070 650 3119 antem
715 3065 947 3119 vidisset
1006 3065 1322 3131 inﬁrmam,
1387 3065 1564 3120 animi
1634 3066 1756 3136 ejus

170 3157 445 3230 mentisque
496 3158 801 3230 vestigium
859 3160 1194 3214 mortalibus
1249 3160 1484 3214 vinculis
1536 3146 1830 3220 censuitC

170 3252 473 3307 eruendum.

220 3369 289 3421 58.
317 3368 472 3433 Quod
502 3370 550 3423 si
579 3384 754 3439 quem
793 3373 985 3426 movet
1019 3387 1130 3440 qua
1167 3371 1389 3425 ratione
1422 3371 1483 3425 in
1510 3372 1753 3442 Egypto

167 3459 356 3516 calceati
391 3463 675 3534 jubentur
728 3463 898 3518 edere
951 3480 1168 3534 agnum
1216 3465 1435 3537 (Εωοάυ
1488 3481 1583 3533 xu,
1639 3469 1752 3535 ll);

165 3555 364 3622 apostoli
397 3563 594 3613 autem
625 3557 748 3612 sine
782 3559 1180 3614 calceamentis
1217 3558 1288 3612 ad
1326 3559 1754 3630 praedicandum

165 3645 490 3719 Evangelium
534 3651 885 3723 diriguntur,
927 3653 974 3706 is
1004 3652 1368 3708 considerare
1413 3652 1586 3706 debet
1619 3653 1755 3724 quia

165 3739 208 3792 in
240 3743 463 3816 [Egypto
519 3746 769 3817 positus,
823 3745 993 3801 debet
1048 3747 1234 3801 adhuc
1286 3762 1508 3800 morsus
1557 3763 1754 3801 cavere

166 3840 430 3908 Serpentis;
462 3841 648 3894 multa
679 3838 831 3893 enim
858 3856 1076 3894 venena
1105 3841 1164 3893 in
1191 3841 1454 3911 Egypto,
1483 3843 1542 3893 et
1570 3840 1666 3910 qui
1695 3840 1753 3893 in

164 3932 266 3998 typo
302 3934 507 4002 pascha
558 3933 822 3999 celebrat,
869 3937 1066 4004 patere
1109 3937 1300 4004 potest
1351 3934 1599 4000 vulneri;
1653 3934 1753 4004 qui

164 4027 318 4078 autem
349 4027 617 4082 minister
655 4030 741 4081 est
776 4027 1050 4093 veritatis,
1094 4027 1324 4081 hebetat
1358 4043 1581 4081 venena
1619 4027 1750 4097 (74),

163 4130 250 4169 non
277 4121 534 4191 trepidat.
567 4119 822 4191 Denique
864 4120 1172 4175 momordit
1207 4122 1442 4176 Paulum
1478 4121 1668 4192 vipera
1697 4121 1756 4176 in

161 4205 308 4264 Melita
331 4213 556 4280 insulta,
588 4217 647 4268 et
673 4213 924 4282 videntes
955 4214 1302 4285 pendentem
1325 4214 1394 4269 de
1424 4231 1602 4269 manu
1633 4215 1754 4285 ejus

161 4301 370 4371 viperam
399 4308 602 4362 incolae
640 4308 747 4362 loci
784 4307 935 4362 illius
973 4308 1255 4378 putabant
1297 4325 1430 4362 eum
1473 4326 1592 4363 esse
1624 4325 1751 4363 mo-

162 4393 364 4453 riturum
425 4418 439 4454 :
515 4401 613 4456 sed
680 4401 777 4455 ubi
836 4401 1177 4455 inoffensum
1244 4404 1391 4456 stare
1455 4402 1750 4469 viderunt,

1859 1900 1975 1938 non
2034 1883 2372 1954 repercussit
2424 1886 2466 1954 (I
2524 1887 2692 1947 Petr.,
2754 1901 2822 1949 ll,
2881 1887 2992 1953 23).
3049 1886 3155 1938 Hoc
3211 1889 3298 1939 est
3353 1903 3492 1957 ergo

1859 1977 2046 2030 dicere
2103 1993 2116 2030 :
2172 1977 2491 2031 Imitatores
2552 1979 2664 2032 mei
2734 1981 2954 2045 estote,
3015 1978 3245 2033 ultionis
3307 1980 3492 2035 studia

1859 2069 2142 2140 deponite,
2195 2070 2553 2125 insolentiam
2601 2071 3050 2138 verberantium,
3098 2089 3214 2127 non
3267 2073 3492 2144 injuriae

1860 2163 2152 2230 relatione,
2191 2164 2290 2218 sed
2338 2164 2809 2234 magnanimitate
2854 2165 3147 2236 patientiae
3191 2167 3490 2222 verberate

1859 2258 1986 2328 (78).
2029 2259 2201 2311 Nemo
2245 2257 2419 2311 debet
2467 2259 2623 2329 quod
2674 2259 2791 2329 ipse
2829 2259 2888 2312 in
2931 2259 3045 2313 alio
3089 2260 3485 2330 reprehendit,

1859 2350 2063 2405 imitari
2102 2368 2114 2404 :
2148 2352 2414 2422 graviora
2451 2351 2878 2407 contumacibus
2916 2359 3217 2408 mansueto
3249 2356 3486 2410 vulnera

1857 2445 2054 2498 refert.
2097 2445 2209 2498 Hoc
2245 2461 2441 2515 pugno
2481 2447 2824 2515 repercussit
2865 2447 3135 2500 Dominus
3177 2448 3484 2501 verberan-

1859 2541 1992 2604 tem,
2014 2537 2257 2592 dicendo
2290 2561 2299 2590 :
2329 2561 2356 2587 «
2381 2539 2483 2602 Qui
2512 2545 2563 2593 te
2597 2539 2841 2609 percutit
2866 2539 2923 2592 in
2952 2539 3267 2606 maxillam,
3293 2540 3486 2611 praebe

1856 2631 1934 2684 illi
1962 2634 2020 2684 et
2047 2631 2284 2685 alteram
2316 2633 2557 2700 (Matth.,
2587 2649 2640 2699 v,
2675 2635 2782 2701 39).
2820 2656 2844 2680 ››
2878 2633 2962 2686 Fit
2988 2633 3143 2686 enim
3178 2637 3244 2687 ut
3265 2633 3486 2704 judicio

1855 2741 1957 2778 suo
1988 2723 2106 2794 ipse
2150 2741 2208 2777 se
2252 2725 2504 2792 damnet,
2536 2729 2594 2778 et
2633 2725 2886 2795 quodam
2926 2726 3157 2780 stimulo
3195 2727 3282 2780 sui
3327 2743 3486 2782 com-

1857 2820 2146 2887 pungatur
2175 2817 2428 2883 affectus,
2451 2818 2551 2888 qui
2577 2819 2814 2872 relatam
2845 2818 2950 2873 sibi
2983 2819 3351 2875 sedulitatem
3380 2837 3486 2892 pro

1857 2910 2061 2981 injuria
2089 2928 2258 2981 quam
2285 2911 2418 2965 fecit
2442 2911 2770 2966 adverterit.

1928 3007 2014 3058 60.
2072 3005 2247 3058 Habet
2301 3008 2488 3058 tamen
2534 3022 2671 3076 quos
2713 3008 2770 3059 et
2817 3021 2946 3059 cum
2994 3006 3156 3077 virga
3204 3007 3485 3078 apostolos

1857 3099 2096 3164 miserit,
2139 3098 2285 3152 sicut
2327 3099 2531 3152 Paulus
2576 3099 2925 3166 testiﬁcatur,
2973 3099 3166 3154 dicens
3209 3117 3222 3154 :
3270 3121 3297 3149 ‹‹
3338 3100 3487 3165 Quid

1857 3192 2041 3259 vultis,
2075 3193 2132 3246 in
2179 3191 2336 3262 virga
2369 3192 2586 3246 veniam
2629 3192 2702 3245 ad
2741 3208 2861 3260 vos,
2893 3209 2965 3246 an
3006 3192 3064 3246 in
3110 3193 3388 3248 charitate
3428 3195 3488 3248 et

1855 3281 2057 3352 spiritu
2122 3281 2577 3335 mansuetudinis
2639 3282 2675 3346 (l
2727 3284 2870 3344 Cor.,
2927 3297 3013 3348 iv,
3071 3282 3202 3351 2t)?
3249 3303 3275 3331 »
3336 3283 3489 3337 Hanc

1854 3371 2078 3442 virgam
2122 3371 2296 3425 etiam
2338 3370 2632 3425 Timotheo
2672 3370 2828 3424 dedit
2873 3371 3190 3441 Apostolus,
3235 3372 3427 3427 dicens
3470 3389 3484 3427 :

1860 3486 1887 3515 «
1924 3469 2131 3536 Argue,
2173 3465 2424 3530 obsecra,
2468 3464 2704 3534 increpa
2753 3465 2821 3534 (II
2872 3466 3030 3527 Tim,
3072 3480 3145 3530 ιν,
3189 3464 3263 3536 2).
3305 3486 3333 3515 »
3373 3468 3487 3520 Aut

1852 3559 2089 3612 fortasse
2120 3562 2252 3611 ante
2283 3556 2610 3628 passionem
2647 3556 2894 3622 Domini,
2924 3573 3053 3628 quae
3086 3555 3342 3630 1425
3376 3575 3482 3614 nu-

1856 3652 2101 3705 tantium
2133 3652 2476 3722 populorum
2518 3650 2692 3704 corda
2719 3649 2981 3716 ﬁrmavit,
3012 3652 3328 3705 necessaria
3363 3653 3486 3707 sola

1856 3744 2026 3799 fuerit
2051 3744 2450 3811 mansuetudo,
2480 3749 2606 3814 post
2635 3742 2955 3813 passionem
2995 3744 3286 3798 correctio.
3319 3747 3482 3800 Certe

1855 3838 2102 3893 mulceat
2150 3837 2438 3905 Dominus,
2483 3837 2741 3907 increpet
2788 3838 2991 3890 Paulus
3034 3859 3044 3889 :
3097 3837 3332 3891 suadeat
3384 3838 3484 3908 qui

1853 3937 2036 4004 potest
2062 3937 2290 4002 pectora
2317 3931 2492 3984 etiam
2534 3930 2678 3984 dura
2719 3930 2974 3995 mollire;
3004 3934 3212 4001 arguat
3238 3930 3335 4001 qui
3363 3947 3483 3986 non

1852 4029 2042 4098 potest
2075 4025 2344 4079 universa
2386 4024 2646 4078 suadere.
2691 4025 2918 4094 Virgam
2959 4023 3136 4094 igitur
3177 4025 3378 4079 Paulus
3413 4039 3484 4080 ex

1854 4121 2109 4175 doctrina
2150 4119 2292 4190 legis
2327 4121 2733 4188 assumpserat.
2778 4119 3017 4188 Legerat
3061 4118 3216 4172 enim
3256 4135 3269 4172 :
3319 4140 3347 4168 α
3375 4119 3482 4184 Qui

1852 4214 2036 4286 parcit
2075 4213 2298 4281 baculo,
2339 4211 2459 4266 odit
2501 4212 2680 4265 ﬁlium
2723 4228 2890 4266 suum
2928 4213 3132 4282 (Prov.,
3163 4229 3278 4279 xm,
3306 4215 3419 4281 24).
3451 4235 3481 4264 ››

1854 4309 2096 4379 Legerat
2123 4308 2296 4361 etiam
2324 4306 2459 4378 quia
2492 4322 2710 4376 agnum
2745 4305 3185 4375 manducantes,
3217 4306 3484 4362 baculum

1855 4401 1911 4455 in
1937 4401 2198 4455 manibus
2225 4399 2437 4453 habere
2465 4401 2751 4470 praecepto
2773 4398 3109 4469 prophetico
3133 4398 3485 4468 jubebantur

160 4487 300 4545 Deum
330 4510 447 4548 esse
486 4493 775 4564 dicebant,
813 4495 904 4548 cui
932 4511 1216 4550 venenum
1249 4512 1452 4550 nocere
1497 4513 1608 4550 non
1651 4513 1748 4567 po-
1772 4516 1831 4588 D
1856 4496 2074 4565 (Emod.,
2119 4510 2216 4563 xu,
2255 4495 2361 4562 11).
2391 4494 2461 4546 Et
2496 4492 2626 4545 ideo
2669 4491 2934 4544 Dominus
2970 4491 3031 4544 in
3065 4491 3252 4544 Veteri
3289 4493 3480 4547 Testa-

161 4585 277 4636 terat
325 4586 491 4654 (Act.,
552 4605 738 4656 xxvm,
792 4589 934 4659 3-6).
983 4591 1050 4644 Et
1098 4593 1162 4644 ut
1206 4590 1344 4643 scias
1391 4590 1499 4644 hoc
1548 4583 1816 4644 verum_
1854 4594 2047 4644 mento
2086 4588 2204 4642 ait:
2251 4608 2278 4635 «
2308 4585 2554 4639 Visitabo
2595 4584 2652 4637 in
2695 4584 2856 4655 virga
2903 4583 3233 4654 iniquitates
3277 4601 3480 4640 eorum

161 4688 272 4744 esse,
303 4679 418 4750 ipse
458 4682 730 4736 Dominus
763 4682 844 4736 ait
873 4699 885 4736 :
923 4703 949 4730 ‹‹
978 4685 1115 4738 Ecce
1145 4683 1279 4738 dedi
1315 4683 1474 4738 vobis
1502 4686 1746 4754 potesta-

163 4769 250 4822 tem
267 4773 510 4829 calcandi
533 4792 706 4846 supra
731 4779 1019 4847 serpentes
1053 4782 1109 4832 et
1134 4777 1478 4847 scorpiones,
1504 4780 1559 4831 et
1579 4793 1750 4848 supra

207 4891 284 4963 (74)
333 4895 540 4948 Omnes
586 4897 715 4947 edit.
755 4911 820 4948 ac
865 4912 996 4948 mss.
1043 4899 1270 4963 aliquot,
1320 4901 1476 4949 evitat
1528 4912 1746 4949 venena.

159 4956 322 5012 Melius
345 4967 437 5015 alii
467 4968 662 5030 majori
698 4982 932 5019 numero
956 4973 1010 5019 et
1045 4956 1390 5034 antiquitate,
1435 4968 1653 5027 hebetat,
1692 4967 1748 5018 id

158 5035 236 5090 est,
260 5037 515 5099 retundit,
540 5043 780 5102 superat,
813 5045 916 5090 etc.

206 5104 284 5165 (i5)
325 5107 478 5158 Rom.
519 5109 670 5170 edit.,
712 5112 822 5162 nisi
861 5110 1191 5175 proferenda
1231 5110 1520 5174 potestatis.
1565 5111 1748 5160 Minus

160 5179 409 5246 commode
435 5195 448 5241 ;
480 5194 591 5230 non
621 5183 768 5232 enim
794 5183 866 5233 ad
896 5182 1293 5246 proferendam,
1324 5182 1378 5231 id
1413 5187 1512 5243 est,
1545 5181 1749 5244 ampli-

160 5241 398 5299 ﬁcandam
423 5255 769 5315 potestatem,
805 5241 911 5303 sed
939 5241 1007 5302 ad
1044 5267 1167 5303 eam
1206 5241 1615 5316 praeferendam,
1637 5241 1748 5304 hoc

159 5318 223 5363 est
243 5319 650 5381 signiﬁcandam
689 5328 855 5390 atque
893 5325 1298 5386 ostentandam,
1324 5327 1603 5389 virgarum
1638 5326 1746 5376 fas-

161 5394 231 5435 ces
248 5392 482 5456 antiquis
511 5396 920 5459 magistratibus
947 5397 1191 5459 praeferri
1221 5401 1650 5448 consueverant.

190 5459 286 5530 (73)
325 5462 533 5532 Omnes
572 5465 701 5516 edit.
745 5481 810 5518 ac
847 5481 1014 5532 prOpe
1057 5481 1251 5518 omnes
1290 5481 1440 5529 mss.,
1480 5468 1748 5530 judicium

162 5534 245 5599 {ius
286 5531 548 5583 sublatum
594 5541 683 5586 est.
737 5537 899 5588 Corb.
949 5543 1218 5599 tamen...,
1263 5537 1604 5588 sublimatum
1655 5542 1746 5588 est.

164 5592 355 5672 italiae;
398 5619 639 5670 namque
677 5609 733 5657 in
786 5610 948 5672 epist.
996 5608 1065 5658 ad
1114 5592 1347 5659 Vercell.
1393 5608 1539 5658 idem
1591 5609 1750 5660 locus

165 5671 221 5746 {fa
256 5674 496 5746 refertur,
535 5679 798 5740 judicium
821 5671 961 5742 ’ejus
1003 5680 1293 5730 exaltatum
1333 5685 1406 5729 est
1444 5695 1460 5727 :
1499 5679 1590 5729 cui
1629 5680 1749 5730 lec—

166 5739 269 5814 tioni
314 5745 457 5797 {avet
503 5739 677 5801 versio
729 5739 966 5802 Arabica
1016 5751 1325 5802 secundum
1375 5752 1576 5814 Interp.
1631 5752 1747 5809 lat.;

165 5804 300 5862 habet
341 5819 488 5867 enim
533 5826 582 5870 et
627 5821 738 5882 illa,
779 5823 1047 5885 judicium
1087 5826 1200 5884 ejus
1242 5821 1409 5871 altum
1459 5804 1552 5870 esi.
1603 5804 1748 5870 Hinc

455 5897 726 5967 PATROL.
772 5901 899 5968 XV.
948 5903 1126 5986 (XIV,
1174 5921 1327 5968 rans
1374 5901 1479 5982 II.)

1852 4683 2020 4753 (Psat.
2070 4696 2325 4746 LXXXVIII,
2378 4681 2489 4744 33).
2540 4700 2567 4727 »
2622 4679 2682 4731 In
2729 4677 2887 4731 Novo
2934 4680 3124 4731 autem
3174 4695 3233 4731 se
3289 4678 3479 4749 ipsum

1851 4776 2077 4842 obtulit,
2123 4780 2185 4828 ut
2226 4773 2547 4844 ignosceret
2586 4770 2863 4826 universis
2903 4771 3096 4825 dicens
3143 4789 3154 4826 :
3202 4793 3230 4820 ‹‹
3280 4772 3336 4826 Si
3384 4789 3477 4827 me

1848 4904 2035 4949 autem
2059 4896 2405 4961 promanavit
2440 4908 2505 4944 ea
2545 4895 2849 4955 diversitas,
2891 4894 3042 4958 quod
3077 4895 3308 4944 verbum
3341 4895 3477 4958 ᾐρθη,

1848 4984 1958 5035 quo
2003 4982 2134 5018 usos
2176 4967 2431 5016 videmus
2483 4965 2650 5026 LXX,
2701 4965 2929 5028 perinde
2969 4969 3025 5015 et
3068 4965 3384 5023 exaltatum,
3424 4971 3479 5014 et

1848 5055 1945 5106 per
1973 5039 2235 5090 sublatum
2267 5038 2422 5088 reddi
2451 5042 2648 5099 potest.
2680 5037 2819 5106 Heb.
2849 5049 2998 5093 vero,
3040 5037 3159 5098 Syr.
3203 5049 3273 5106 ac)
3309 5036 3473 5099 Vulg.

1848 5105 1960 5162 Lat.
1993 5110 2311 5174 praeferunt,
2339 5108 2401 5156 de
2416 5107 2626 5170 judicio
2654 5105 2893 5156 sublatus
2920 5106 3051 5165 (sive
3079 5105 3280 5167 raptus)
3310 5109 3401 5154 est.

1913 5185 2008 5244 (77)
2050 5181 2178 5231 Mss.
2229 5192 2339 5228 non
2384 5179 2563 5241 pauci,
2605 5181 2770 5240 atque
2811 5188 3004 5226 omnes
3045 5175 3196 5236 edit.,
3239 5189 3330 5225 nec
3373 5181 3478 5227 vim

1847 5255 2111 5317 potestatis
2137 5254 2469 5311 exercerent;
2495 5250 2674 5308 Rom.,
2711 5251 2995 5296 emeret-ent.
3027 5247 3112 5296 Ex
3139 5246 3260 5295 aliis
3291 5253 3478 5298 autem

1848 5337 1976 5374 mss.
2022 5323 2208 5385 plures
2252 5320 2474 5380 habent,
2517 5333 2607 5368 nec
2653 5323 2927 5381 potestates
2967 5324 3302 5380 exercerent;
3336 5321 3479 5369 anti-

1849 5398 2132 5461 quiores...
2166 5396 2450 5440 (mererent.

1911 5468 2004 5528 (78)
2054 5465 2198 5515 Edit.
2247 5476 2457 5522 omnes,
2495 5461 2642 5512 sed...
2685 5464 3008 5522 supportate.
3049 5459 3176 5509 Mss.
3221 5472 3412 5510 omnes
3447 5474 3480 5511 θ

1849 5537 2138 5595 contrario,
2166 5534 2314 5584 sed...
2344 5531 2631 5582 verberate.
2663 5531 3010 5594 Elegantius,
3041 5530 3318 5594 siquidem
3341 5531 3482 5580 illud

1848 5610 1956 5659 hoc
1979 5607 2102 5657 loco
2129 5604 2492 5669 signiﬁcatur,
2528 5600 2678 5666 quod
2713 5601 2806 5650 lib.
2836 5613 2894 5661 v,
2921 5614 3073 5649 num.
3113 5602 3196 5658 76,
3234 5601 3480 5651 clariori-

1849 5680 1954 5730 bus
1994 5677 2176 5728 verbis
2219 5674 2565 5738 eXprimitur,
2597 5671 2684 5720 his
2725 5669 2982 5720 videlicet
3019 5685 3029 5718 :
3079 5672 3262 5720 Nonne
3297 5671 3353 5733 ﬁt
3389 5685 3485 5735 per

1847 5750 2183 5814 patientiam,
2212 5752 2268 5797 ut
2298 5743 2594 5796 reverberes
2617 5741 2997 5793 verberantem.

3083 5901 3156 5960 57
