3972 6174
540 263 554 310 Ἰ
568 260 666 312 803

1997 256 2050 305 S.
2096 251 2184 307 ΑΜ
2193 250 2410 306 BROSll

3698 256 3801 306 1803

534 380 808 451 quaeritis,
840 379 1005 433 sinite
1045 379 1145 432 hos
1171 378 1326 433 abire
1354 381 1553 444 (Joun.,
1584 393 1736 445 xvui,
1769 379 1841 446 8).
1873 400 1898 425 ››
1931 379 1997 431 Et
2021 376 2151 430 alibi
2174 387 2234 460 Α
2255 374 2425 428 domo
2453 373 2523 427 ad
2553 373 2788 426 domum
2823 371 2950 441 quis
2994 384 3138 438 vaga
3180 366 3438 422 facilitate
3466 367 3735 439 demigret;
3757 381 3806 428 ut

530 474 705 529 habes
733 473 867 544 quia
896 488 1025 526 cum
1055 471 1294 542 apostoli
1325 471 1519 542 ignem
1551 471 1620 527 de
1649 472 1787 526 coelo
1816 477 2008 542 petere
2036 473 2154 525 vel-

531 568 674 634 lant,
717 571 780 620 ut
823 571 1192 620 consumeret
1231 566 1628 632 Samaritanos,
1672 565 1771 637 qui
1815 567 2008 620 Jesum
2047 566 2154 619 Do-

533 661 759 715 minum
801 660 952 714 intra
992 660 1275 714 civitatem
1321 675 1480 712 suam
1523 660 1772 729 recipere
1803 659 2154 713 noluerunt:

536 777 565 802 ιι
602 756 917 810 Conversus
962 753 1276 823 increpavit
1328 752 1473 821 illos,
1518 773 1544 801 ››
1581 756 1633 807 et
1680 752 1758 806 ait
1797 769 1809 806 :
1859 774 1886 802 ‹‹
1924 752 2158 806 Nescitis

532 848 692 918 cujus
719 847 948 917 spiritus
973 845 1138 914 estis;
1179 845 1348 900 Filius
1388 845 1543 900 enim
1574 847 1824 899 hominis
1856 863 1973 900 non
2005 845 2155 901 venit

533 942 750 996 animas
785 940 1024 1011 perdere
1065 940 1391 1005 hominum,
1424 940 1523 994 sed
1561 939 1737 994 salvas
1770 939 1957 996 facere
1983 940 2153 1008 (Luc.,

532 1051 604 1105 1x,
638 1038 724 1102 55,
754 1034 866 1104 56).
901 1055 928 1083 ››

605 1151 692 1202 61.
725 1146 1095 1202 Perfectiores
1125 1161 1261 1215 ergo
1291 1145 1411 1200 sine
1440 1146 1601 1216 virga
1630 1145 1975 1216 diriguntur,
2006 1147 2156 1200 infir-

533 1241 740 1296 miores
773 1255 901 1294 cum
937 1238 1137 1292 baculo
1175 1238 1536 1292 manducant.
1579 1238 1687 1294 Sed
1719 1245 1774 1293 et
1810 1240 2016 1293 Paulus
2045 1238 2157 1292 vir-

534 1350 666 1405 gam
694 1332 923 1404 quidem
953 1331 1224 1397 minatur,
1255 1332 1353 1386 sed
1383 1333 1442 1385 in
1471 1331 1672 1403 spiritu
1707 1333 2156 1386 mansuetudinis

530 1428 718 1481 visitat
747 1424 1163 1496 delinquentes.
1211 1425 1465 1495 Denique
1514 1431 1573 1480 ut
1620 1426 1762 1480 scias
1799 1426 1998 1480 mitem
2035 1443 2154 1480 esse

532 1521 842 1587 doctorem,
896 1533 1098 1572 eorum
1152 1519 1411 1588 ipsorum
1467 1535 1611 1588 quos
1657 1520 1866 1589 arguit,
1917 1519 2154 1573 consulit

529 1614 882 1669 voluntatem
913 1627 924 1665 :
959 1632 988 1659 «
1012 1610 1161 1674 Quid
1196 1611 1378 1680 vultis,
1407 1611 1614 1682 inquit,
1656 1612 1714 1666 in
1741 1612 1901 1684 virga
1931 1612 2155 1667 veniam

528 1707 599 1761 ad
650 1722 766 1771 vos,
815 1721 888 1758 an
933 1705 988 1757 in
1036 1703 1309 1758 charitate
1356 1709 1412 1757 et
1458 1705 1658 1774 spiritu
1701 1705 2154 1759 mansuetudinis

527 1801 570 1869 (Ι
613 1800 758 1860 Cor.,
783 1814 862 1866 1v,
897 1797 1027 1862 2t)?
1058 1820 1084 1846 ››
1125 1797 1309 1852 Semel
1349 1797 1567 1868 virgam
1608 1797 1762 1864 dixit,
1809 1797 1894 1852 bis
1930 1799 2155 1853 mitiora

528 1892 788 1962 subjecit,
829 1890 1100 1960 adjiciens
1134 1891 1631 1945 mansuetudinem
1672 1891 1952 1946 charitati.
1994 1893 2153 1947 Prius

526 1990 714 2039 tamen
742 1983 989 2037 minatus
1020 1986 1104 2036 est
1135 1983 1372 2053 virgam,
1402 1984 1502 2038 sed
1535 1985 1791 2038 exhibuit
1821 1989 2149 2040 mansuetu-

527 2079 741 2147 dinem,
771 2093 902 2130 nam
935 2077 992 2130 in
1022 2077 1272 2130 secunda
1311 2077 1547 2147 epistola
1585 2079 1654 2133 ad
1686 2079 1909 2134 eosdem
1950 2081 2151 2136 Corin-

527 2172 677 2226 thios
715 2170 965 2224 scribens
993 2171 1112 2224 ait:
1152 2192 1180 2219 ς(
1209 2171 1433 2225 Testem
1473 2172 1652 2226 Deum
1694 2173 1894 2227 invoco
1934 2175 1990 2228 in
2031 2175 2149 2229 ani-

529 2283 680 2320 mam
733 2280 937 2333 meam,
980 2263 1132 2335 quod
1176 2281 1414 2334 parcens
1463 2265 1616 2319 vobis
1669 2283 1781 2321 non
1829 2267 1958 2322 veni
2007 2269 2154 2322 ultra

525 2359 864 2415 Corinthum
894 2357 961 2428 (ll
991 2360 1133 2420 Cor.,
1161 2374 1199 2424 ι,
1228 2361 1337 2426 23).
1369 2380 1395 2407 ››
1429 2359 1572 2414 Audi
1597 2376 1712 2430 qua
1739 2361 1964 2416 ratione
1985 2367 2150 2433 puta-

525 2453 666 2508 verit
713 2468 831 2507 esse
874 2450 1226 2522 parcendum
1276 2469 1288 2504 :
1339 2473 1366 2499 «
1411 2453 1487 2506 Ne
1540 2453 1776 2521 iterum,
1833 2454 2040 2526 inquit,
2092 2457 2150 2509 in

522 2545 748 2602 tristitia
792 2545 1046 2600 venirem
1084 2544 1157 2598 ad
1198 2561 1296 2599 vos
1335 2547 1397 2614 (ll
1444 2545 1588 2610 σον..
1637 2564 1695 2615 11,
1744 2551 1814 2612 l).
1860 2569 1888 2596 ››
1933 2548 2154 2620 Abjecit

519 2641 764 2712 virgam,
797 2645 854 2694 et
885 2638 1151 2694 affectum
1177 2639 1468 2694 charitatis
1499 2641 1826 2712 assumpsit.

595 2755 768 2823 (Vers.
799 2754 873 2820 4.)
910 2753 977 2805 Et
1015 2753 1273 2805 neminem
1298 2752 1669 2807 salutaveritis
1697 2755 1756 2807 in
1786 2756 1899 2808 via.

593 2868 681 2920 62.
715 2865 966 2918 Fortasse
995 2862 1336 2933 quibusdam
1364 2863 1473 2917 hoc
1495 2863 1702 2918 durum
1737 2869 1792 2919 et
1813 2866 2148 2938 superbum,

522 2976 627 3015 nec
659 2956 939 3013 mansueti
983 2962 1038 3010 et
1080 2955 1312 3010 humilis
1347 2957 1578 3011 Domini
1622 2964 1905 3029 praecepto
1945 2976 2149 3015 conve-

519 3054 646 3109 nire
676 3052 949 3118 videatur,
978 3048 1134 3121 quod
1160 3049 1254 3103 ille
1293 3051 1390 3120 qui
1421 3050 1594 3104 etiam
1624 3051 1994 3108 accubitionis
2029 3055 2150 3108 loco

517 3145 792 3220 praecepit
817 3160 940 3198 esse
971 3143 1315 3211 cedendum,
1347 3144 1455 3198 hoc
1491 3143 1614 3199 loco
1642 3146 1878 3201 mandet
1908 3146 2149 3219 discipu-
2170 3129 2224 3203 Ο

517 3241 585 3295 lis
617 3257 630 3294 :
660 3241 938 3298 Neminem
963 3237 1333 3291 salutaveritis
1371 3239 1432 3289 in
1471 3240 1564 3292 via
1595 3240 1767 3305 (Luc.,
1799 3255 1852 3305 x,
1883 3239 1972 3311 4);
2015 3257 2146 3296 cum

520 3335 626 3388 ista
655 3329 976 3388 communis
1006 3329 1080 3383 sit
1119 3345 1251 3384 usus
1291 3329 1506 3400 gratiae.
1541 3330 1629 3386 Sic
1655 3331 1950 3389 inferiores
1982 3352 2143 3407 supe-

519 3427 738 3484 riorum
763 3424 872 3478 sibi
901 3424 1156 3478 favorem
1191 3423 1501 3478 conciliare
1527 3431 1962 3481 consueverunt.
1998 3430 2144 3484 Gen-

515 3520 643 3574 tiles
689 3533 920 3590 quoqua
973 3533 1104 3571 cum
1153 3516 1484 3574 Christianis
1536 3517 1751 3573 habent
1807 3520 2144 3591 hujusmodi

516 3612 832 3668 ofﬁciorum
883 3609 1241 3665 commercia.
1295 3609 1595 3675 Quomodo
1652 3613 1929 3668 Dominus
1994 3615 2146 3671 hunc

519 3722 685 3762 usum
713 3704 1084 3760 humanitatis
1108 3703 1339 3758 avellit?

588 3813 677 3865 63.
708 3808 821 3866 Sed
863 3808 1159 3864 considera
1183 3823 1300 3862 non
1326 3808 1436 3864 hoc
1463 3827 1587 3865 esse
1614 3811 1796 3866 solum
1827 3829 1840 3865 :
1871 3816 2147 3870 Neminem

515 3904 924 3968 salutaveritis;
957 3901 1056 3956 sed
1093 3918 1208 3956 non
1246 3901 1450 3956 frustra
1487 3903 1768 3971 additum,
1795 3907 1859 3960 In
1889 3909 2001 3960 via.
2033 3907 2141 3962 De-

516 3998 691 4068 nique
740 4001 796 4050 et
849 3994 1077 4049 Elisaeus
1122 3995 1204 4063 (IV
1249 3997 1400 4063 Reg.,
1450 4012 1523 4062 iv,
1576 3995 1666 4069 29)
1710 4013 1842 4052 cum
1892 3999 2146 4054 mitteret

517 4105 741 4147 servum
770 4104 960 4154 suum,
989 4093 1050 4140 ut
1090 4086 1358 4142 baculum
1395 4088 1518 4158 ejus
1555 4095 1791 4159 poneret
1819 4108 1992 4162 supra
2019 4109 2142 4147 cor-

519 4199 624 4255 pus
648 4181 901 4236 defuncti
935 4180 1119 4250 pueri,
1148 4179 1439 4235 mandavit
1469 4181 1518 4236 ei
1560 4197 1633 4236 ne
1677 4183 1735 4236 in
1779 4183 1866 4237 via
1897 4185 2144 4257 aliquem

517 4276 815 4339 salutaret;
846 4271 1212 4327 festinantem
1249 4273 1408 4329 enim
1449 4290 1584 4328 eum
1609 4275 1851 4346 jubebat
1883 4294 2142 4350 pergere,

519 4375 582 4425 ut
604 4366 961 4424 celebrandae
987 4366 1420 4420 resurrectionis
1445 4373 1853 4439 exsequeretur
1869 4370 2141 4438 ofﬁcium,

2257 471 2547 521 servemus
2597 465 2772 520 etiam
2813 463 3080 533 hospitali
3128 462 3186 515 in
3240 476 3425 514 amore
3466 465 3804 533 constantiam,

2259 576 2364 614 nec
2392 560 2654 614 coalitam
2691 557 2956 613 amicitias
2997 554 3462 610 necessitudinem
3489 555 3635 610 facile
3669 559 3807 612 resol-

2258 671 2474 723 vamus,
2507 659 2570 708 ut
2607 653 2756 724 pacis
2785 650 3152 723 prmferamus
3191 649 3470 716 nuntium,
3506 655 3560 703 ut
3592 649 3694 720 ipsa
3715 652 3808 721 pri-

2258 763 2385 802 mus
2423 747 2712 818 ingressus
2738 745 2894 816 pacis
2933 741 3334 798 benedictione
3373 740 3690 796 celebretur:
3717 744 3814 798 cibo

2256 846 2506 912 potuque
2531 839 2719 895 oblato
2745 843 3009 910 oportere
3038 853 3139 892 nos
3171 852 3293 892 esse
3323 838 3619 903 contentos,
3643 836 3815 891 vexilla

2255 934 2391 989 ﬁdei
2439 951 2557 990 non
2611 932 2950 1005 premenda,
3004 937 3060 987 et
3114 931 3276 1001 regni
3331 928 3560 985 cmlestis
3607 929 3816 999 Evange-

2256 1029 2396 1083 lium
2431 1027 2876 1100 praedicandum,
2918 1025 3314 1080 excutiendum
3355 1024 3421 1077 de
3463 1021 3680 1093 pedibus
3719 1025 3816 1093 pul-

2257 1139 2471 1188 verem,
2517 1122 2563 1175 si
2608 1121 2736 1192 quis
2773 1119 3133 1191 recipiendos
3178 1117 3419 1172 civitatis
3464 1115 3691 1187 hospitio
3733 1132 3822 1174 non

2256 1215 2560 1286 putaverit.

2327 1312 2413 1364 65.
2467 1310 2642 1379 (Vers.
2696 1307 2901 1376 13-21.)
2954 1307 3126 1360 Docet
3178 1303 3350 1360 etiam
3404 1301 3635 1374 graviori
3681 1317 3827 1372 poena:

2256 1403 2531 1458 obnoxios
2579 1402 2703 1456 fore
2758 1401 2856 1472 qui
2906 1399 3278 1471 Evangelium
3337 1413 3452 1451 non
3503 1395 3826 1466 sequendum,

2257 1514 2431 1570 quam
2475 1496 2572 1568 qui
2610 1497 2799 1566 legem
2837 1494 3219 1565 judicaverint
3264 1507 3385 1547 esse
3426 1488 3744 1555 solvendam,
3781 1503 3831 1540 eo

2257 1590 2412 1661 quod
2438 1591 2614 1661 Tyrus
2652 1594 2707 1644 et
2753 1588 2925 1643 Sidon
2970 1587 3018 1641 si
3056 1589 3215 1641 tanta
3251 1583 3635 1656 operationum
3670 1579 3830 1634 coales-

2257 1685 2400 1738 tium
2445 1672 2724 1738 vidissent.
2754 1681 3043 1748 miracula,
3089 1695 3203 1734 non
3249 1675 3634 1749 despexissent
3681 1688 3832 1727 reme-

2174 1759 2229 1830 Β
2257 1777 2415 1832 dium
2441 1776 2814 1848 poenitentiae.
2842 1776 3016 1829 Istam
3045 1789 3272 1845 quoque
3305 1771 3392 1826 vel
3417 1768 3747 1824 afﬂuentiam
3765 1766 3833 1818 vel

2253 1871 2614 1927 insolentiam
2646 1869 2980 1924 saecularem
3011 1883 3201 1939 neque
3232 1865 3443 1920 ccelesti
3474 1860 3687 1918 muneri
3709 1875 3837 1913 com-

2253 1965 2586 2037 parandam,
2622 1980 2808 2035 neque
2852 1979 3046 2017 rursus
3089 1962 3211 2016 sine
3251 1957 3509 2014 remedio
3536 1953 3836 2023 derelinqui,

2253 2076 2385 2114 cum
2425 2058 2728 2129 unicuique
2772 2058 2843 2112 sit
2872 2056 3183 2112 subsidium
3221 2051 3551 2124 paenitendi.
3592 2051 3842 2103 Postremo

2251 2153 2436 2226 aperit
2473 2152 2698 2206 caeleste
2747 2151 3102 2222 mysterium,
3148 2147 3301 2220 quod
3344 2143 3618 2218 placuerit
3658 2143 3755 2196 Deo
3797 2141 3843 2192 ut

2253 2246 2503 2318 parvulis
2564 2245 2750 2315 magis
2802 2261 2975 2315 quam
3032 2241 3410 2313 prudentibus
3463 2238 3622 2292 istius
3681 2231 3846 2288 mundi

2253 2356 2417 2394 suam
2469 2339 2711 2410 gratiam
2763 2339 3062 2393 revelaret.
3116 2334 3274 2400 Quod
3340 2331 3626 2404 apostolus
3676 2326 3846 2382 Paulus

2253 2435 2398 2504 stylo
2451 2433 2709 2504 pleniore
2758 2431 2992 2502 digessit
3041 2429 3235 2484 dicens
3280 2445 3294 2482 :
3347 2447 3373 2478 α
3403 2426 3606 2480 Nonne
3651 2422 3850 2477 stultam

2255 2527 2390 2581 fecit
2416 2528 2560 2582 Deus
2602 2511 2941 2597 sapientiam
2971 2524 3139 2594 hujus
3167 2521 3415 2577 mundi?
3441 2521 3585 2575 Nam
3614 2514 3850 2588 quoniam

2252 2621 2310 2675 in
2343 2621 2438 2675 Dei
2468 2620 2748 2692 sapientia
2777 2636 2895 2674 non
2936 2618 3202 2690 cognovit
3244 2616 3336 2670 hic
3376 2613 3630 2669 mundus
3662 2627 3756 2682 per
3783 2601 3850 2662 sa-

2251 2715 2527 2786 pientiam
2572 2715 2772 2781 Deum,
2819 2712 3035 2784 placuit
3082 2712 3195 2765 Deo
3245 2727 3352 2781 per
3395 2706 3692 2762 stultitiam
3731 2717 3852 2773 pra:-

2251 2807 2549 2864 dicationis
2596 2806 2775 2861 salvos
2825 2807 3007 2861 facere
3061 2804 3363 2860 credentes
3417 2805 3463 2874 (Ι
3513 2803 3658 2863 Cor.,
3706 2815 3740 2864 1,
3787 2797 3855 2860 ῗθ,

2248 2904 2362 2973 21).
2403 2924 2428 2951 η

2322 2998 2408 3050 66.
2450 2995 2758 3050 Parvulum
2800 3009 2936 3065 ergo
2976 2993 3344 3063 accipiamus,
3392 2990 3496 3062 qui
3537 3005 3598 3044 se
3643 2985 3860 3041 exaltare

2248 3105 2362 3144 non
2408 3088 2646 3156 noverit,
2689 3093 2745 3142 et
2786 3085 3090 3158 phaleratis
3132 3084 3503 3140 sermonibus
3543 3084 3720 3136 artem
3767 3091 3858 3130 sua

2243 3183 2456 3254 jactare
2472 3181 2813 3252 prudentiae,
2833 3179 2988 3251 quod
3011 3178 3339 3250 philosophi
3361 3176 3631 3249 plerique
3650 3171 3862 3228 faciunt.

2247 3277 2517 3331 Parvulus
2546 3277 2666 3329 erat
2702 3274 2798 3345 qui
2829 3273 2967 3328 dixit
2998 3290 3011 3326 :
3045 3293 3072 3323 ‹‹
3103 3272 3365 3340 Domine,
3406 3288 3526 3324 non
3561 3273 3645 3323 est
3679 3265 3860 3321 exalta-

2247 3375 2369 3425 tum
2401 3385 2498 3424 cor
2524 3384 2738 3437 meum,
2778 3383 2966 3439 neque
3003 3366 3132 3420 elati
3173 3371 3306 3420 sunt
3347 3365 3508 3420 oculi
3539 3362 3677 3430 mei,
3704 3371 3866 3428 neque

2249 3463 2534 3518 ambulavi
2560 3463 2619 3516 in
2649 3461 2894 3532 magnis,
2921 3476 3107 3530 neque
3132 3459 3191 3513 in
3218 3458 3586 3514 mirabilibus
3613 3468 3775 3525 super
3793 3464 3865 3504 me

2248 3557 2414 3628 (Psal.
2451 3572 2606 3622 cxxx,
2642 3556 2712 3625 1).
2743 3575 2770 3603 ››
2817 3555 2885 3608 Et
2926 3557 2983 3607 ut
3022 3553 3192 3607 scires
3226 3552 3539 3623 parvulum
3586 3549 3737 3603 hunc
3773 3558 3869 3598 non

2247 3653 2436 3717 aetate,
2496 3666 2613 3704 non
2666 3665 2832 3703 sensu
2878 3647 3070 3716 fuisse,
3119 3646 3216 3701 sed
3270 3645 3615 3700 humilitate
3663 3656 3777 3705 sua,
3824 3641 3868 3689 et

2248 3744 2498 3814 quadam
2529 3741 2903 3797 declinatione
2926 3739 3239 3812 jactantim,
3263 3739 3495 3794 addidit
3523 3755 3537 3792 :
3569 3759 3599 3788 ‹‹
3618 3735 3727 3792 Sed
3747 3729 3871 3788 exal-

2245 3837 2361 3892 tavi
2393 3837 2644 3891 animam
2678 3851 2867 3890 meam
2897 3834 3084 3904 (Ibid.,
3117 3834 3194 3905 2).
3226 3855 3252 3882 »
3291 3833 3472 3886 Vides
3500 3846 3680 3902 quam
3706 3823 3866 3882 excel-

2246 3948 2339 3985 sus
2374 3930 2550 3985 fuerit
2591 3929 2682 3984 hic
2731 3928 3024 4000 parvulus,
3067 3931 3283 3998 quanto
3317 3927 3609 3980 virtutum
3642 3917 3872 3977 sublimis

2244 4025 2490 4080 vertice?
2539 4023 2699 4078 Tales
2746 4038 2850 4076 nos
2897 4021 3162 4093 parvulos
3213 4020 3335 4074 vult
3391 4035 3523 4075 esse
3572 4013 3870 4089 Apostolus,

2243 4135 2377 4174 cum
2405 4118 2542 4173 dicit
2575 4135 2588 4171 :
2622 4139 2649 4166 ‹‹
2678 4117 2732 4171 Si
2773 4117 2899 4187 quis
2939 4115 3162 4170 videtur
3197 4115 3435 4186 sapiens
3469 4129 3597 4168 esse
3625 4112 3771 4166 inter
3795 4119 3876 4159 vos

2243 4213 2303 4267 iu
2329 4212 2437 4267 hoc
2464 4210 2692 4280 saeculo,
2720 4209 2924 4264 stultus
2949 4210 3066 4278 ﬁat,
3101 4211 3164 4262 ut
3199 4208 3272 4263 sit
3298 4208 3578 4279 sapiens;
3610 4198 3875 4275 sapientis

2245 4306 2399 4361 enim
2427 4305 2596 4376 hujus
2632 4303 2819 4358 saeculi
2860 4303 3098 4357 stultitia
3139 4308 3222 4357 est
3259 4302 3419 4373 apud
3468 4303 3652 4356 Deum
3685 4299 3726 4368 (Ι
3750 4297 3874 4353 ϐοτη

2244 4417 2320 4467 ιιι,
2349 4403 2435 4467 l8,
2471 4399 2582 4470 19).
2621 4419 2646 4446 ››

517 4479 589 4519 ne
617 4459 1340 4569 confabulatione‘alicuj‘us
1370 4460 1552 4563 .obvii,
1585 4461 1856 4569 mandato
1886 4466 2140 4520 reﬂecte-
2163 4497 2221 4569 D
2308 4459 2611 4561 '67.'(Ve,'.s.
2653 4494 2763 4559 22.)
2804 4490 3224 4549 pulcherrimus
3261 4489 3646 4544 connectitur
3678 4487 3747 4540 de
3780 4481 3876 4536 ﬁde

515 4562 675 4612 ratur
702 4572 735 4609 a
761 4571 1022 4610 munere.
1050 4555 1201 4624 Ergo
1229 4555 1286 4608 et
1327 4553 1417 4608 hic
1444 4571 1558 4609 non
1588 4556 1945 4612 salutationis
1975 4559 2139 4614 sedu-

513 4649 645 4706 litas
684 4649 983 4702 aufertur:
1024 4647 1122 4703 sed
1160 4647 1515 4702 obstaculum
1553 4648 1933 4720 impediendae
1969 4652 2138 4707 devo-

513 4742 684 4800 tionis
708 4741 988 4810 aboletur,
1021 4743 1102 4810 ut,
1138 4741 1368 4811 quando
1395 4741 1582 4796 divina
1608 4744 1968 4814 mandantur,
1997 4761 2139 4816 pau-

513 4837 689 4909 lisper
713 4839 1144 4907 sequestrantur
1171 4835 1440 4889 humana.
1471 4836 1712 4890 Pulchra
1738 4841 1823 4891 est
1849 4839 2138 4906 salutatio,

511 4930 612 4986 sed
640 4929 933 5001 pulchrior
961 4931 1182 4982 matura
1209 4928 1488 4982 exsecutio
1517 4929 1834 4985 divinorum
1856 4931 1984 5002 (79),
2012 4949 2140 5003 qua:

510 5041 613 5096 per
661 5039 884 5078 moram
931 5037 1083 5093 saepe
1134 5021 1301 5076 traxit
1342 5021 1640 5077 oﬁ‘ensam.
1684 5025 1812 5079 Ideo
1852 5030 2040 5079 autem
2087 5031 2142 5081 et

510 5119 747 5174 honesta
782 5116 1181 5188 prohibentur,
1223 5131 1292 5169 ne
1332 5116 1605 5170 solemnis
1649 5118 1834 5188 gratia
1881 5116 2138 5191 1426

508 5212 746 5285 obrepat
764 5210 958 5275 ofﬁcii,
982 5212 1040 5262 et
1060 5207 1340 5279 impediat
1363 5209 1771 5279 ministerium,
1793 5211 1954 5281 cujus
1973 5229 2139 5267 mora

510 5305 676 5377 culpa
707 5306 800 5360 sit.

578 5409 666 5463 64.
712 5408 885 5479 (Vers.
934 5409 1008 5478 8.)
1055 5407 1179 5460 Jam
1227 5406 1369 5460 illud
1416 5406 1590 5459 virtus
1631 5406 1741 5459 alia
1778 5408 1907 5479 (80),
1951 5425 2022 5463 ne
2064 5410 2138 5464 de

569 5529 664 5590 (79)
694 5527 839 5578 Edit.
882 5527 1103 5577 Amerb.
1138 5539 1268 5577 cum
1309 5538 1440 5575 mss.
1483 5537 1595 5576 non
1629 5526 1842 5590 paucis,
1882 5527 1971 5578 sed
2010 5528 2136 5591 put-

505 5596 700 5653 chrior,
731 5611 835 5660 quo
862 5599 1129 5648 maturior
1152 5598 1414 5648 exsecutio
1447 5597 1773 5647 divinorum.
1815 5597 1963 5659 Era.,
2001 5599 2130 5650 Gill.

504 5678 568 5715 ac
596 5666 775 5726 Rom.,
811 5666 900 5715 sed
927 5679 986 5716 co
1009 5667 1305 5729 pulchrior,
1331 5681 1437 5732 quo
1455 5673 1835 5732 praeceptorum
1863 5670 2132 5719 maturior

504 5735 760 5784 exsecutio
787 5734 1107 5785 divinorum.
1145 5738 1252 5786 Alii
1291 5751 1424 5788 mss.
1453 5739 1549 5801 qui
1579 5743 1632 5790 et
1671 5743 1820 5790 notia
1861 5740 2134 5803 probatio-

507 5807 602 5865 τις,
624 5807 685 5852 ιιι
709 5803 766 5850 in
793 5806 966 5850 textu.

2244 4588 2418 4656 locus,
2451 4585 2676 4657 quando
2715 4584 2912 4638 omnia
2949 4583 3053 4637 sibi
3083 4583 3287 4637 tradita
3321 4582 3470 4636 dicit
3500 4599 3536 4635 a
3569 4583 3736 4634 Patre
3767 4589 3872 4629 suo.

2245 4681 2386 4736 Cum
2413 4681 2598 4734 omnia
2637 4677 2800 4749 legis,
2831 4677 3285 4748 omnipotentem
3320 4675 3623 4747 agnoscis,
3658 4688 3771 4726 non
3793 4670 3875 4722 de-

2243 4775 2513 4840 colorem,
2545 4789 2658 4826 non
2687 4772 3036 4842 degenerem
3065 4770 3277 4839 Patris;
3306 4785 3451 4823 cum
3481 4767 3702 4823 tradita
3729 4762 3877 4832 legis,

2244 4867 2448 4922 Filium
2497 4864 2804 4932 conﬁteris,
2853 4863 2942 4920 cui
2993 4880 3094 4934 per
3147 4868 3419 4918 naturam
3468 4862 3678 4917 omnia
3731 4857 3880 4912 unius

2243 4956 2572 5012 substantiae
2591 4956 2724 5026 jure
2764 4954 2880 5008 sint
2917 4953 3167 5026 propria,
3199 4968 3315 5008 non
3347 4953 3514 5007 dono
3550 4950 3758 5005 collata
3790 4957 3877 5016 per

2244 5045 2508 5118 gratiam.
2538 5042 2777 5098 Addidit
2808 5059 2820 5097 :

2309 5135 2495 5207 (Ibid.)
2541 5136 2702 5192 Nemo
2751 5134 2854 5188 scit
2893 5135 3013 5202 quis
3065 5137 3142 5188 est
3186 5131 3395 5193 Filius,
3446 5132 3565 5185 nisi
3618 5130 3798 5187 Pater,
3837 5127 3879 5174 et

2239 5228 2358 5296 quis
2385 5231 2462 5280 est
2487 5227 2668 5287 Pater,
2708 5225 2815 5279 nisi
2842 5223 3032 5286 Filius,
3060 5227 3110 5276 et
3151 5224 3242 5276 cui
3265 5221 3512 5275 voluerit
3541 5220 3718 5276 Filius
3743 5229 3877 5269 reve-

2239 5316 2373 5371 lare.

2307 5407 2395 5461 68.
2431 5404 2613 5468 Quem
2643 5403 2832 5458 locum
2860 5402 2919 5456 in
2948 5401 3018 5456 iis
3042 5417 3183 5472 quos
3221 5399 3290 5454 de
3315 5397 3465 5453 Fide
3498 5396 3702 5468 scripsi
3729 5392 3877 5448 libel-

2299 5526 2394 5588 (80)
2435 5525 2640 5576 Omnes
2682 5523 2834 5585 adit.,
2867 5521 2964 5572 illa
3004 5519 3256 5572 moralia.
3301 5518 3529 5570 Omnes
3569 5509 3879 5588 mss.,_illud

2233 5586 2472 5660 (unicus,
2503 5595 2618 5659 illa)
2643 5597 2814 5646 virtus
2841 5595 2980 5645 alia.
3006 5593 3162 5643 Idem
3190 5594 3273 5643 est
3307 5593 3510 5641 autem
3544 5604 3613 5640 ac
3651 5589 3697 5637 si
3732 5586 3879 5660 lege—

2234 5659 2402 5729 retur,
2441 5667 2576 5716 illud
2618 5667 2682 5716 de
2715 5680 2821 5731 quo
2855 5667 2971 5729 jam
3018 5664 3247 5724 dicemus
3293 5661 3373 5711 ad
3420 5661 3599 5711 aliam
3643 5659 3877 5707 virtutem

2234 5738 2570 5801 referendum
2595 5744 2684 5788 est.
