3972 6174
133 328 216 380 1805

1131 320 1587 375 EXPOSITIUNIS
1627 321 1692 375 IN
1731 321 1954 376 LUCAM
2001 323 2122 376 LIB.
2167 323 2278 376 VII.

3241 328 3375 379 1806

130 450 181 513 lis,
211 442 407 498 memini
439 459 545 496 non
583 457 706 494 esse
743 442 1096 512 prmteritum
1145 443 1262 508 (lib.
1299 461 1351 496 iv
1397 448 1464 499 De
1498 445 1647 503 Fide,
1674 459 1731 528 Α
1753 445 2040 515 paradiso,
2075 447 2181 500 hoc
2211 451 2312 514 est,
2348 446 2416 499 de
2451 446 2757 499 Jerusalem
2800 446 2888 500 illa
2918 448 3126 500 caelesti
3163 449 3376 518 ejectus

122 559 204 611 cap.
233 541 293 609 6).
330 539 389 591 Ut
430 535 561 590 scias
601 541 796 591 autem
849 536 983 606 quia
1031 537 1174 590 sicut
1218 537 1386 590 Filius
1424 539 1650 592 Patrem

119 635 267 705 quibus
290 631 392 685 vult
419 630 635 696 revelat,
667 630 841 683 etiam
869 631 1031 684 Pater
1060 630 1270 685 revelat
1297 631 1504 702 quibus
1530 631 1651 686 vult

119 730 279 793 Filium,
302 725 419 779 audi
443 711 714 779 dicentem
746 724 934 794 ipsum
961 725 1274 779 Dominum
1299 727 1490 780 Jesum
1516 742 1650 780 cum

116 823 299 876 laudaret
320 821 548 885 Petrum,
582 818 734 889 quod
765 833 897 871 eum
925 818 1128 872 Filium
1163 820 1259 873 Dei
1289 835 1408 874 esse
1435 820 1652 874 confes-

113 933 176 969 sus
194 916 250 968 sit
275 935 284 967 ε
311 934 332 960 ‹‹
359 913 549 966 Beatus
575 928 653 977 es,
689 912 884 966 Simon
914 912 1173 981 Barjona.
1204 913 1338 983 quia
1376 930 1490 967 non
1517 930 1650 968 caro

115 1015 150 1061 et
167 1006 353 1076 sanguis
377 1005 630 1060 revelavit
659 1005 783 1070 tibi,
806 1005 900 1059 sed
934 1006 1098 1060 Pater
1119 1023 1278 1062 meus
1301 1007 1400 1077 qui
1424 1007 1483 1061 in
1502 1006 1652 1061 coelis

112 1109 166 1155 est
186 1102 386 1166 (Matth.,
413 1116 516 1167 xvr,
553 1100 660 1169 l7).
691 1122 719 1149 »

158 1191 358 1264 1427
400 1195 482 1246 69.
519 1193 690 1262 (Vers.
732 1193 844 1260 25.)
886 1193 1148 1247 Adhaeret
1188 1193 1276 1247 his
1316 1193 1505 1258 lectio,
1539 1210 1651 1263 qua

109 1289 394 1357 exponuntur
435 1287 491 1339 hi
538 1286 646 1356 (8i)
696 1287 793 1356 qui
838 1285 943 1340 sibi
995 1286 1310 1357 legisperiti
1358 1287 1648 1354 videntur,

109 1383 172 1451 qui
193 1381 334 1434 verba
370 1380 508 1449 legis
548 1385 767 1448 tenent,
811 1379 926 1433 vim
967 1380 1112 1450 legis
1147 1381 1444 1451 ignorant;
1486 1385 1542 1435 et
1582 1397 1652 1435 ex

107 1477 188 1544 ipso
217 1474 379 1545 primo
410 1474 543 1542 legis
578 1473 821 1544 capitulo
857 1474 1022 1528 docet
1061 1489 1180 1527 esse
1218 1475 1361 1543 legis
1397 1474 1649 1545 ignaros,

108 1568 285 1638 probans
323 1567 462 1638 quod
507 1568 566 1621 in
621 1568 900 1638 principio
950 1567 1141 1622 statim
1185 1569 1274 1622 lex
1320 1574 1376 1621 et
1421 1569 1651 1622 Patrem

106 1669 142 1714 et
175 1662 338 1715 Filium
384 1661 786 1732 praedicaverit,
819 1661 1226 1715 incarnationis
1269 1678 1494 1732 quoque
1541 1663 1648 1715 Do-

103 1756 266 1809 minicm
299 1756 705 1810 annuntiaverit
732 1759 1176 1824 sacramentum,
1219 1756 1410 1810 dicens
1440 1773 1452 1810 :
1491 1775 1517 1807 ‹‹
1557 1757 1648 1810 Di-

1751 537 1929 592 Adam
1976 538 2452 608 praevaricationis
2499 539 2863 610 prolapsione
2911 539 3226 607 descendit,
3271 542 3377 596 hoc

1754 634 1856 697 est,
1898 633 1965 685 de
2005 633 2270 686 vitalibus
2315 632 2386 686 ad
2433 632 2654 686 intirma
2701 633 3034 702 demigrans
3077 635 3182 702 (8‘2)
3227 651 3240 688 :
3288 637 3374 689 cui

1750 741 1867 779 non
1917 725 2048 792 loci,
2104 726 2205 780 sed
2253 743 2482 780 morum
2527 727 2763 781 mutatio
2811 732 3030 782 natura:
3081 744 3198 782 suae
3245 730 3381 782 fecit

1750 819 2034 873 exsilium.
2077 821 2266 889 Longe
2308 821 2464 874 enim
2505 824 2761 874 mutatus
2791 821 2862 874 ab
2904 821 2998 875 illo
3039 821 3240 889 Adam,
3282 823 3378 892 qui

1750 913 2021 967 inoffensa
2061 914 2418 969 beatitudine
2467 914 2792 981 fruebatur,
2846 915 2939 968 ubi
2987 916 3046 968 in
3095 917 3379 971 saecularia

1752 1009 1976 1076 peccata
2016 1006 2265 1075 deﬂuxit,
2314 1007 2512 1061 incidit
2552 1007 2609 1060 in
2658 1009 2899 1062 latrones
2934 1026 2946 1062 :
2981 1010 3037 1062 in
3077 1026 3220 1080 quos
3266 1028 3376 1065 non

1752 1099 2065 1164 incidisset,
2111 1101 2217 1154 nisi
2257 1101 2345 1154 his
2385 1100 2637 1154 mandati
2677 1102 2915 1156 caelestis
2961 1102 3155 1158 devius
3197 1123 3255 1159 se
3296 1105 3376 1159 fe-

1753 1193 1916 1248 cisset
1952 1193 2282 1248 obnoxium.
2312 1194 2416 1257 Qui
2446 1198 2579 1248 sunt
2606 1194 2698 1248 isti
2730 1194 3002 1263 latrones,
3046 1197 3154 1250 nisi
3187 1200 3380 1269 angeli

1754 1286 1936 1340 noctis
1962 1293 2129 1358 atque
2150 1287 2540 1354 tenebrarum,
2563 1288 2660 1358 qui
2681 1304 2738 1341 se
2761 1305 3177 1360 nonnunquam
3208 1295 3380 1346 trans-

1751 1379 2005 1450 figurant
2063 1381 2122 1434 in
2177 1381 2412 1450 angelos
2461 1381 2634 1448 lucis,
2697 1381 2797 1434 sed
2848 1398 3209 1452 perseverare
3266 1403 3379 1439 non

1753 1475 2034 1544 possunt?
2061 1474 2126 1527 Hi
2164 1480 2295 1528 ante
2341 1474 2646 1546 dispoliant
2679 1491 2808 1544 quae
2851 1477 3168 1546 accepimus
3210 1478 3378 1532 indu-

1754 1570 1946 1620 menta
1982 1567 2179 1636 gratim
2211 1567 2500 1638 spiritalis,
2535 1573 2591 1621 et
2619 1568 2694 1621 sic
2731 1569 2962 1623 vulnera
3000 1569 3257 1644 1428
3299 1573 3384 1627 in-

1751 1659 1898 1715 ferre
1928 1665 2309 1729 consuerunt;
2342 1678 2473 1714 nam
2509 1662 2553 1716 si
2596 1662 2934 1716 intemerata
2975 1679 3104 1733 quae
3147 1667 3382 1736 sumpsi-

1753 1770 1880 1808 mus
1908 1755 2244 1810 indumenta
2273 1771 2586 1822 servemus,
2629 1756 2824 1826 plagas
2849 1756 3134 1811 latronum
3167 1761 3380 1814 sentire

104 1850 202 1918 liges
243 1848 526 1903 Dominum
584 1849 763 1903 Deum
813 1853 1092 1904 tuum.....
1149 1871 1176 1899 ››
1227 1851 1310 1916 Et,
1363 1871 1390 1897 ‹‹
1441 1846 1728 1920 DiligesB
1755 1865 1867 1902 non
1912 1865 2234 1918 possumus.
2279 1850 2421 1903 Cave
2465 1865 2601 1919 ergo
2646 1850 2755 1920 (Cf.
2795 1853 2942 1920 Aug.
2988 1850 3088 1905 lib.
3129 1868 3142 1904 ι
3179 1852 3381 1907 Contra

104 1944 351 2011 proximum
376 1947 534 1998 tuum
562 1943 708 1998 sicut
737 1946 790 1997 te
817 1943 1007 2014 ipsum
1030 1943 1235 2014 (Deut.,
1265 1959 1342 2009 vr,
1373 1947 1432 2009 5;
1460 1946 1650 2005 Leuit,

103 2052 175 2103 nx,
199 2039 282 2106 l8).
308 2059 333 2086 »

149 2134 213 2183 70.
249 2132 399 2192 (Vers.
433 2133 540 2198 28.)
586 2131 745 2185 Unde
793 2130 1067 2184 Dominus
1109 2129 1186 2184 ait
1231 2129 1305 2184 ad
1349 2129 1647 2200 legisperi-

101 2229 182 2276 tum
210 2241 221 2275 :
245 2227 339 2279 Hoc
363 2227 468 2292 fac,
501 2230 552 2279 et
587 2227 748 2279 vives.
787 2229 854 2278 At
898 2224 991 2278 ille
1033 2223 1127 2294 qui
1170 2223 1417 2277 nesciret
1456 2223 1646 2293 proxi-

102 2332 210 2369 mum
238 2334 410 2385 suum,
447 2318 587 2389 quia
627 2334 742 2371 non
781 2317 1043 2372 credebat
1077 2316 1137 2370 in
1179 2317 1492 2382 Christum,
1531 2333 1648 2370 res-

101 2409 275 2477 pondit:
303 2411 421 2476 Quis
446 2418 524 2466 est
569 2427 714 2466 meus
745 2413 1066 2481 promi-mus?
1106 2411 1304 2480 Itaque
1334 2410 1430 2480 qui
1465 2409 1651 2464 Chris-

102 2509 182 2555 tum
208 2504 371 2570 nescit,
397 2505 578 2559 nescit
616 2510 670 2558 et
709 2505 916 2575 legem.
951 2503 1250 2567 Quomodo
1281 2503 1436 2557 enim
1466 2506 1651 2574 potest

101 2596 195 2650 scire
216 2597 396 2667 legem,
434 2615 567 2653 cum
610 2598 910 2652 veritatem
952 2597 1200 2668 ignoret,
1240 2613 1368 2651 cum
1415 2598 1504 2652 lex
1545 2614 1647 2651 an-

104 2691 266 2744 nuntiet
284 2693 594 2747 veritatem.

146 2784 274 2838 (Veis.
302 2789 402 2855 30.)
432 2789 606 2841 Homo
646 2785 872 2855 quidam
915 2801 982 2839 ea:
1020 2786 1320 2840 Jerusalem
1359 2786 1644 2840 descende-

101 2877 219 2930 batin
235 2881 435 2942 Iericho,
468 2887 517 2934 et
548 2880 742 2933 incidit
767 2882 824 2932 in
853 2880 1107 2933 latrones.

145 2975 207 3024 7t.
235 2973 291 3026 Ut
313 2989 438 3027 eum
465 2974 663 3028 locum
690 2973 788 3044 qui
816 2973 1142 3043 propositus
1177 2977 1262 3026 est
1297 2971 1482 3038 nobis,
1522 2972 1643 3041 pla-

100 3062 183 3117 nius
211 3067 461 3138 possimus
498 3067 811 3133 absolvere,
849 3072 1100 3120 veterem
1145 3065 1387 3119 civitatis
1428 3065 1648 3119 Jericho

96 3163 342 3226 repetamus
373 3161 699 3216 historiam.
739 3160 1099 3215 Meminimus
1140 3160 1331 3230 itaque
1373 3159 1525 3228 quod
1555 3160 1644 3213 Je-

97 3251 226 3317 richo,
261 3256 388 3309 sicut
421 3255 676 3326 legimus
719 3254 777 3308 in
815 3254 960 3308 libro
1006 3254 1104 3324 qui
1151 3252 1480 3307 inscribitur
1516 3216 1722 3306 JesuC

93 3341 212 3410 Nave,
237 3363 427 3418 magna
459 3349 662 3403 civitas
688 3348 882 3414 fuerit,
912 3347 1228 3401 muralibus
1269 3350 1432 3416 septa
1460 3346 1644 3416 parie-

93 3435 215 3504 tibus,
238 3457 350 3510 qua
376 3458 490 3496 non
531 3442 686 3496 ferro
711 3441 924 3511 pervia,
957 3456 1074 3494 non
1113 3440 1276 3494 arieti
1312 3442 1500 3509 posset
1528 3455 1648 3493 esse

93 3533 384 3596 penetrabilis
431 3538 631 3600 (Josue,
673 3550 746 3601 γι,
787 3539 868 3602 1);
918 3533 979 3587 in
1019 3549 1084 3588 ea
1126 3533 1321 3587 Rahab
1367 3532 1647 3586 habitasse

95 3627 378 3683 meretricem
424 3645 555 3700 quas
607 3628 995 3699 exploratores
1039 3642 1184 3697 quos
1224 3627 1430 3681 direxit
1468 3627 1646 3689 Jesus,

94 3712 276 3788 hospitio
321 3724 556 3794 recepit,
609 3721 841 3776 consilio
895 3720 1186 3789 instruxit,
1236 3720 1649 3791 postulantibus

95 3808 245 3866 civibus
269 3815 456 3870 abiisse
487 3815 808 3886 respondit,
844 3813 1142 3869 abscondit
1181 3813 1242 3867 in
1278 3817 1426 3869 tecto
1457 3831 1470 3867 :
1503 3819 1560 3868 et
1589 3818 1648 3868 ut

93 3915 131 3953 se
157 3920 359 3978 suosque
388 3910 548 3964 urbis
579 3907 792 3962 excidio
827 3911 1021 3978 posset
1055 3907 1292 3978 eripere,
1329 3923 1557 3961 coccum
1587 3906 1648 3961 in

91 3992 274 4054 fenestra
295 4002 485 4073 ligavit
511 4003 711 4073 (Iosue,
740 4018 798 4068 ιι,
828 4002 972 4070 4-21)
1003 4019 1015 4054 :
1046 4000 1205 4055 urbis
1240 4003 1433 4054 autem
1474 4000 1648 4070 ipsius

91 4086 494 4165 inexpugnabiles
539 4112 738 4150 muros
778 4101 995 4165 septem
1032 4094 1298 4148 tubarum
1335 4093 1648 4148 sacerdota-

92 4181 185 4237 lium
205 4203 320 4243 sono
347 4195 402 4245 et
427 4191 626 4262 populi
649 4189 949 4260 jubilantis
982 4188 1206 4243 ululatu
1244 4203 1493 4250 consono
1523 4203 1642 4242 cor-

91 4278 214 4334 ruisse
238 4282 419 4350 (Iosue,
447 4301 524 4352 v1,
557 4286 666 4352 20).

135 4374 197 4424 72.
215 4375 391 4431 Videte
413 4375 907 4450 quemadmodum
938 4375 1328 4447 unusquisque
1353 4375 1644 4446 prOprium

95 4473 220 4522 servet
243 4470 485 4526 ofﬁcium
521 4489 533 4526 :
571 4470 962 4540 exploratores
991 4469 1277 4536 excubias,
1311 4470 1646 4540 mysterium

95 4563 317 4632 meretrix,
373 4566 547 4620 ﬁdem
604 4564 808 4630 victor,
859 4564 1202 4635 religionem
1247 4563 1529 4618 sacerdos.
1583 4563 1644 4616 Hi

94 4653 339 4714 fericulum
377 4677 482 4730 pro
521 4659 694 4713 laude
735 4674 849 4712 non
885 4661 1188 4712 metuunt:
1225 4657 1321 4710 illa
1357 4662 1649 4727 susceptos

93 4756 160 4796 nec
189 4748 234 4802 in
262 4753 518 4820 periculis
545 4752 767 4824 prodit;
795 4751 900 4806 iste
945 4751 1216 4805 sollicitus
1249 4750 1426 4805 ﬁdem
1459 4751 1648 4822 magis

92 4848 259 4896 Servare
306 4861 477 4916 quam
532 4846 794 4912 vincere,
842 4845 1160 4900 meretricis
1211 4844 1367 4914 prius
1417 4844 1649 4898 mandat

92 4930 294 5004 salutem,
375 4957 549 5011 quam
632 4939 918 4995 excidium
1001 4937 1269 5005 civitatis;
1359 4937 1648 5007 religionis

93 5029 233 5081 autem
275 5031 522 5104 insignia
567 5049 729 5087 arma
780 5036 912 5086 sunt
958 5030 1284 5086 sacerdotis.
1333 5031 1456 5084 lam
1506 5029 1647 5084 illud

93 5117 177 5181 quis
222 5139 320 5179 non
375 5127 608 5197 plenum
659 5132 822 5197 putet
875 5141 996 5194 esse
1051 5124 1331 5191 miraculi,
1377 5123 1530 5193 quod
1583 5139 1648 5177 ex

95 5209 175 5263 tota
203 5217 323 5272 urbe
358 5236 531 5275 nemo
563 5223 819 5276 servatus
861 5226 966 5289 est,
1009 5218 1113 5273 nisi
1153 5233 1328 5289 quem
1375 5217 1647 5272 meretrix

101 5298 327 5364 liberavit?

147 5399 209 5450 η.
245 5403 359 5459 Haec
396 5406 662 5478 simplicis
709 5407 941 5461 historia
987 5405 1240 5461 veritatis
1279 5411 1360 5460 est
1399 5421 1412 5459 :
1445 5421 1570 5476 quae
1605 5403 1650 5457 si

41 5495 50 5570 ι
105 5487 218 5544 altius
259 5499 658 5568 consideretur,
721 5500 1054 5554 admiranda
1116 5499 1303 5570 signat
1360 5498 1646 5569 mysteria.

104 5575 264 5642 Iericho
296 5593 443 5647 enim
484 5593 662 5665 figura
697 5595 860 5649 istius
891 5593 1093 5648 mundi
1132 5599 1234 5658 est,
1268 5593 1325 5646 in
1365 5607 1538 5662 quam
1578 5591 1650 5644 de

242 5731 381 5803 Rom.
408 5737 535 5787 edit.
563 5739 700 5801 sola,
727 5753 838 5803 qua
864 5738 1225 5802 exploduntur
1255 5738 1328 5795 hi,
1358 5739 1459 5788 etc.

148 5797 218 5860 βξ)
243 5802 432 5857 Omnes
460 5807 579 5859 edit.
613 5797 825 5860 etmss.
865 5797 1095 5873 aliquot,
1135 5809 1208 5858 ad
1241 5807 1459 5872 inferna
1492 5806 1651 5857 demi-

107 5873 239 5919 9mns.
274 5876 370 5925 Alii
407 5878 586 5940 plures
622 5881 996 5944 potioresque,
1037 5878 1108 5928 ad
1146 5877 1376 5940 inﬁrma.
1420 5875 1648 5932 Melius;

1750 1943 1860 1996 Jul.
1885 1943 2094 2012 Pelag.,
2121 1959 2248 2013 cap.
2275 1945 2327 2011 3)
2352 1959 2424 1996 ne
2450 1946 2583 1996 ante
2605 1942 2858 2011 nuderis,
2879 1944 3022 1997 sicut
3045 1944 3226 1998 Adam
3251 1952 3380 2000 ante

1752 2035 2000 2091 nudatus
2039 2043 2144 2103 est,
2183 2036 2438 2091 mandati
2479 2036 2720 2091 ccelestis
2761 2036 3024 2092 custodia
3055 2038 3380 2108 destitutus,

1753 2133 1810 2182 et
1851 2133 2050 2184 exutus
2100 2129 2232 2184 ﬁdei
2281 2130 2638 2197 vestimento,
2695 2135 2750 2185 et
2793 2130 2870 2184 sic
2919 2131 3125 2186 lethale
3174 2134 3378 2189 vulnus

1751 2225 1968 2294 accepit
1997 2244 2007 2277 :
2045 2224 2104 2277 in
2132 2240 2246 2294 quo
2279 2239 2450 2278 omne
2484 2239 2666 2294 genus
2705 2224 2998 2280 occidisset
3037 2226 3378 2294 humanum,

1752 2317 1856 2370 nisi
1916 2317 2306 2372 Samaritanus
2365 2317 2458 2372 ille
2520 2310 2902 2387 descendens,
2963 2320 3198 2374 vulnera
3260 2322 3382 2392 ejus

1749 2410 1954 2464 acerba
1980 2415 2252 2464 curasset.

1820 2505 1908 2558 74.
1964 2505 2084 2558 Non
2131 2503 2437 2558 mediocris
2483 2504 2587 2558 iste
2638 2505 3046 2573 Samaritanus,
3101 2507 3199 2576 qui
3248 2525 3380 2563 eum

1749 2613 1920 2668 quem
1947 2597 2230 2665 sacerdos,
2262 2613 2434 2668 quem
2463 2598 2658 2652 Levita
2683 2598 3041 2669 despexerat,
3069 2616 3181 2654 non
3208 2601 3381 2656 etiam

1747 2691 1868 2760 ipse
1912 2690 2189 2761 despexit.
2239 2692 2352 2745 Nec
2381 2691 2652 2746 vocabulo
2684 2695 2850 2745 secta!
2881 2692 3176 2762 despicias,
3210 2710 3381 2765 quem

1748 2784 1904 2838 verbi
1933 2784 2404 2854 interpretatione
2432 2785 2761 2852 miraberis;
2793 2786 3140 2841 Samaritani
3167 2788 3381 2842 etenim

1748 2877 2019 2932 vocabulo
2068 2883 2257 2932 custos
2302 2877 2673 2948 signiﬁcatur.
2730 2879 2839 2932 Hoc
2885 2879 3063 2934 habet
3108 2880 3383 2952 interpre-

1753 2971 1908 3026 tatio.
1952 2972 2020 3024 Et
2060 2972 2187 3041 quis
2232 2977 2316 3025 est
2358 2977 2560 3037 custos,
2602 2971 2710 3025 nisi
2753 2972 2846 3025 ille
2896 2971 2966 3026 de
3012 2990 3126 3043 quo
3167 2974 3382 3029 dictum

1749 3067 1832 3117 est
1877 3081 1891 3117 :
1939 3086 1966 3113 «
1995 3065 2328 3120 Custodiens
2377 3065 2640 3135 parvulos
2689 3065 2964 3119 Dominus
3014 3067 3182 3137 (Psal.
3233 3083 3378 3138 cxxv,

1750 3159 1843 3227 6)?
1873 3181 1900 3208 ››
1938 3162 2132 3229 Itaque
2164 3159 2307 3213 sicut
2339 3159 2566 3213 Judaaus
2601 3159 2743 3213 alius
2783 3158 2843 3212 in
2881 3160 3092 3227 littera,
3135 3161 3282 3215 alius
3318 3162 3380 3216 in

1748 3253 1981 3322 spiritu,
2031 3253 2108 3305 ita
2156 3257 2214 3307 et
2257 3252 2684 3321 Samaritanus,
2732 3252 2875 3307 alius
2919 3253 3085 3323 foris,
3137 3255 3279 3310 alius
3322 3255 3382 3309 in

1750 3346 1987 3400 occulto.
2019 3345 2118 3399 Hic
2145 3350 2282 3417 ergo
2309 3345 2694 3400 Samaritanus
2723 3347 3072 3402 descendens
3101 3348 3227 3419 quis
3255 3349 3381 3404 est?

1749 3438 2012 3495 Scilicet:
2056 3458 2085 3490 ι(
2115 3439 2220 3502 Qui
2257 3439 2550 3494 descendit
2580 3440 2650 3494 de
2683 3441 2842 3507 ccelo,
2887 3446 2946 3494 et
2986 3441 3084 3511 qui
3127 3442 3382 3497 ascendit

1749 3531 1809 3586 in
1847 3531 2073 3600 oculum,
2108 3531 2282 3586 Filius
2310 3532 2560 3587 hominis
2601 3533 2701 3603 qui
2748 3538 2834 3588 est
2883 3533 2944 3586 in
2986 3533 3124 3588 ccelo
3178 3538 3380 3603 (Joan.,

1747 3641 1825 3692 III,
1869 3626 1992 3694 l3)?
2027 3645 2055 3675 »
2099 3625 2311 3680 Videns
2350 3625 2710 3693 semivivum,
2753 3642 2926 3696 quem
2966 3643 3140 3682 nemo
3179 3631 3380 3698 potue-

1748 3724 1838 3773 rat
1874 3721 2007 3773 ante
2048 3734 2280 3784 curare,
2323 3718 2469 3774 sicut
2507 3719 2664 3773 illam
2705 3735 2834 3790 quae
2874 3736 3041 3774 cursu
3084 3721 3382 3792 sanguinis

1748 3811 2066 3883 proﬂuens,
2116 3812 2177 3866 in
2224 3810 2462 3866 medicis
2506 3816 2840 3882 erogaverat
2888 3828 3059 3867 omne
3103 3813 3375 3884 patrimo-

1747 3906 1909 3960 nium
1951 3921 2117 3960 suum
2150 3923 2163 3960 ε
2195 3925 2223 3956 α
2253 3905 2417 3960 Venit
2457 3921 2617 3960 secus
2658 3921 2794 3960 eum
2835 3907 3008 3975 (Luc.,
3051 3922 3162 3977 vui,
3207 3908 3317 3977 44),
3347 3926 3377 3958 ι)

1746 3999 1854 4054 hoc
1898 4004 2001 4068 est,
2058 3999 2240 4054 factus
2289 4001 2374 4054 est
2427 3999 2835 4070 compassionis
2886 4003 3098 4054 nostrae
3146 4015 3376 4072 suscep-

1745 4093 1902 4147 tione
1958 4092 2271 4160 ﬁnitimus,
2328 4096 2386 4148 et
2438 4091 2839 4148 misericordiae
2891 4094 3185 4149 collatione
3242 4094 3376 4149 vici-

1745 4202 1853 4240 nus
1860 4228 1872 4241 .

1821 4281 1994 4350 (Vers.
2049 4280 2159 4350 34.)
2205 4283 2275 4335 Ει
2323 4280 2576 4350 alligavit
2621 4281 2850 4336 uulnera
2891 4282 3027 4350 ejus,
3079 4283 3378 4349 infundens

1745 4374 1921 4428 oleum
1950 4380 1999 4428 et
2031 4376 2241 4428 vinum.

1821 4471 1906 4521 75.
1971 4468 2140 4521 Multa
2200 4467 2622 4522 medicamenta
2683 4466 2936 4521 medicus
3002 4468 3179 4521 habet
3235 4469 3374 4535 iste,

1749 4560 1953 4631 quibus
2000 4575 2199 4614 sanare
2238 4560 2547 4614 consuevit.
2592 4560 2787 4613 Sermo
2829 4560 2951 4629 ejus
2995 4559 3377 4616 medicamen-

1748 4657 1872 4708 tum
1926 4660 2032 4707 est.
2095 4653 2251 4707 Alius
2304 4653 2424 4721 ejus
2479 4667 2669 4705 sermo
2723 4652 3067 4723 constringit
3119 4655 3373 4722 vulnera,

1751 4747 1893 4802 alius
1927 4749 2049 4801 oleo
2091 4747 2259 4813 fovet,
2297 4746 2438 4799 alius
2480 4745 2677 4799 vinum
2712 4745 2981 4801 infundit.
3023 4747 3377 4819 Constringit

1750 4840 1985 4894 vulnera
2047 4838 2357 4893 austeriore
2422 4843 2748 4909 prmeepto,
2815 4839 2968 4894 fovet
3033 4840 3374 4895 remissione

1749 4932 1994 5004 peccati,
2045 4931 2188 4986 sicut
2235 4932 2367 4986 vino
2425 4932 2762 5002 compungit
2813 4933 3238 4988 denuntiatione
3287 4935 3377 5003 ju-

1748 5026 1901 5081 dicii.

1823 5119 2008 5188 (lbid.)
2037 5121 2106 5173 Et
2136 5121 2413 5188 imposuit,
2444 5119 2650 5190 inquit,
2687 5123 2741 5172 in
2754 5121 3063 5188 jumentum
3089 5136 3265 5175 suum.

1819 5216 1906 5267 76.
1951 5212 2097 5266 Audi
2143 5211 2430 5282 quomodo
2470 5216 2526 5266 te
2566 5214 2828 5282 imponat
2875 5233 2886 5267 :
2935 5235 2962 5263 ι(
3007 5214 3103 5267 Hic
3144 5221 3377 5283 peccata

1750 5311 1944 5361 nostra
1981 5310 2192 5376 portat,
2242 5312 2300 5360 et
2333 5322 2438 5376 pro
2479 5307 2645 5361 nobis
2683 5307 2840 5361 dolet
2878 5308 3028 5375 (Isa.,
3061 5323 3172 5373 Lm,
3216 5311 3299 5377 4);
3345 5332 3373 5360 ››

1750 5405 1807 5456 et
1834 5403 2030 5471 pastor
2054 5399 2326 5470 imposuit
2341 5416 2505 5454 ovem
2531 5401 2738 5454 lassam
2759 5416 2930 5470 super
2956 5400 3224 5455 humeros
3246 5417 3377 5456 suos

1753 5495 1927 5564 (Luc.,
1973 5510 2061 5561 xv,
2107 5495 2178 5562 ὅ).
2230 5494 2406 5547 Homo
2449 5492 2601 5547 enim
2640 5494 2906 5563 jumento
2955 5493 3157 5548 similis
3195 5494 3379 5549 factus

1752 5593 1866 5656 est;
1895 5591 1952 5642 et
1987 5587 2119 5642 ideo
2159 5603 2330 5656 supra
2364 5587 2695 5655 jumentum
2737 5602 2902 5640 suum
2950 5603 3050 5641 nos
3087 5587 3377 5658 imposuit,

1752 5735 1814 5780 ut
1835 5731 2099 5782 nimirum
2139 5730 2411 5789 vitalibus,
2438 5729 2672 5791 inﬁrma,
2702 5743 2802 5780 seu
2827 5731 3174 5782 inﬁrmitates
3199 5746 3378 5798 oppo-

1751 5807 1974 5852 nantur.
2205 5819 2214 5829 ι
