3972 6174
623 310 756 363 1807

2069 300 2125 355 S.
2167 298 2478 355 AMBROSII

3777 313 3886 366 l808

617 446 690 484 ne
720 445 820 484 nos
846 444 1096 483 essemus
1125 427 1268 482 sicut
1293 442 1475 498 equus
1501 431 1557 481 et
1584 425 1806 494 mulus;
1846 427 1907 478 ut
1936 439 2039 495 per
2074 422 2250 477 nostri
2272 435 2330 506 Α
2351 422 2492 476 Nam
2538 420 2671 476 licet
2719 419 2930 492 ubique
2980 419 3054 475 sis
3097 436 3343 490 semper,
3385 426 3437 476 et
3478 427 3616 478 stans
3654 425 3702 481 in
3740 431 3884 488 medio

617 522 871 594 corporis
912 521 1363 594 assumptionem
1412 520 1773 576 inﬁrmitates
1812 520 2024 574 nostra
2064 515 2249 572 carnis

619 616 892 672 aboleret.

688 714 775 763 77.
815 707 1072 779 Denique
1109 707 1272 762 duxit
1313 724 1418 763 nos
1454 707 1513 761 in
1553 706 1856 772 stabulum,
1887 704 1985 776 qui
2022 719 2250 759 eramus

610 803 894 872 jumenta.
936 803 1032 855 Est
1074 805 1267 855 autem
1306 801 1613 865 stabulum,
1643 800 1700 853 in
1748 815 1860 870 quo
1908 797 2040 852 fessi
2075 797 2248 868 longo

618 895 823 951 itinere
861 895 1167 950 succedere
1207 895 1413 949 solent.
1455 893 1619 948 Duxit
1659 892 1850 962 itaque
1875 891 1933 945 in
1965 890 2250 944 stabulum

620 989 911 1058 Dominus,
949 1008 977 1038 ‹‹
1007 987 1116 1052 Qui
1144 988 1376 1042 suscitat
1403 1004 1434 1040 ει
1467 989 1616 1041 terra
1643 985 1901 1056 inopem,
1935 990 1993 1038 et
2022 984 2090 1038 de
2117 989 2252 1040 ster-

619 1098 748 1138 core
777 1081 946 1153 erigit
970 1096 1287 1152 pauperem
1317 1081 1478 1149 (Psal.
1514 1095 1642 1146 cm,
1676 1081 1750 1149 7).
1780 1099 1807 1131 »

690 1179 778 1230 78.
822 1177 892 1230 Et
915 1191 1104 1230 curam
1139 1176 1247 1242 egit
1278 1174 1494 1244 (Ibid);
1529 1190 1603 1228 ne
1645 1189 1802 1244 ager
1843 1190 1913 1230 ea
1937 1189 2064 1244 qua
2094 1187 2251 1227 acce-

622 1275 803 1341 perat,
869 1283 1236 1339 nequaquam
1295 1273 1578 1338 pracepta
1641 1273 1892 1322 servaret
1957 1267 2085 1338 (83).
2145 1265 2253 1321 Sed

624 1380 737 1417 non
787 1362 1018 1416 vacabat
1070 1359 1428 1416 Samaritana
1487 1360 1619 1415 huic
1671 1360 1770 1414 diu
1827 1360 1885 1414 in
1933 1359 2103 1414 terris
2154 1359 2250 1414 de-

622 1472 755 1528 gere
825 1471 836 1507 :
906 1453 1270 1509 redeundum
1333 1470 1400 1508 eo
1463 1457 1607 1522 erat,
1676 1453 1826 1508 unde
1881 1452 2255 1509 descenderat

625 1550 821 1620 Itaque
852 1564 866 1602 :

695 1643 871 1712 (Vers.
900 1643 1010 1710 35.)
1041 1642 1227 1696 Altero
1256 1641 1362 1696 die.

696 1738 782 1790 79.
828 1734 961 1798 Quis
997 1739 1080 1788 est
1118 1735 1223 1788 iste
1258 1734 1404 1788 alter
1444 1733 1586 1805 dies,
1623 1733 1731 1788 nisi
1761 1733 1905 1789 forte
1932 1734 2026 1790 ille
2061 1734 2252 1789 Domi-

2351 520 2630 583 nostrum,
2660 530 2770 569 non
2801 514 3052 569 cernatis
3081 530 3116 568 a
3143 513 3327 582 nobis,
3365 515 3466 570 erit
3502 522 3674 573 tamen
3705 526 3883 595 tempus

2350 624 2463 680 quo
2503 608 2768 662 universa
2801 623 2932 662 caro
2970 614 3027 662 te
3061 607 3295 679 aspiciat
3324 613 3689 667 revertentem.
3716 614 3887 672 Beddes

2350 718 2487 773 ergo
2527 702 2678 774 quod
2715 700 2908 756 debes.
2943 701 3101 756 Beati
3141 701 3347 772 quibus
3375 717 3431 756 es
3457 702 3685 759 debitori
3709 707 3892 764 Utinam

2350 812 2451 850 nos
2490 796 2666 850 simus
2710 795 2906 850 idonei
2947 794 3260 850 debitores!
3295 794 3510 850 utinam
3551 799 3688 867 quod
3727 803 3893 871 accepi-

2351 905 2514 957 mus,
2565 889 2845 961 possimus
2885 889 3202 958 exsolvere;
3249 903 3354 943 nec
3392 906 3492 944 nos
3529 893 3620 943 aut
3658 892 3896 947 sacerdotii

2349 987 2448 1037 aut
2489 982 2795 1038 ministerii
2842 998 3053 1036 munus
3098 981 3361 1037 extollat!
3403 981 3682 1046 Quomodo
3720 983 3895 1052 reddes,

2350 1075 2586 1132 Domine
2638 1077 2804 1132 Jesn?
2852 1074 3164 1131 Promisisti
3220 1073 3451 1146 quidem
3501 1075 3560 1130 in
3610 1077 3731 1131 calo
3773 1077 3904 1132 bouis

2352 1170 2635 1241 copiosam
2681 1186 2799 1225 esse
2845 1168 3174 1224 mercedem
3226 1169 3466 1239 (Matth,
3502 1185 3553 1235 v,
3597 1170 3694 1240 12).
3737 1169 3905 1224 Reddes

2353 1266 2548 1317 tamen
2587 1267 2646 1317 et
2693 1279 2824 1318 cum
2856 1262 2998 1318 dicis
3040 1279 3052 1316 :
3103 1283 3131 1312 «
3175 1264 3355 1332 Euge,
3400 1261 3548 1316 bene
3595 1277 3758 1328 serve,
3798 1279 3908 1334 quo-

2352 1357 2509 1412 niam
2557 1373 2730 1428 super
2780 1372 2964 1429 pauca
3008 1355 3193 1410 ﬁdelis
3246 1355 3425 1423 fuisti,
3473 1371 3638 1426 super
3680 1354 3832 1409 multa
3872 1361 3911 1410 te

2353 1451 2724 1519 constituam,
2761 1449 2912 1505 intra
2951 1450 3008 1504 in
3046 1448 3321 1521 gaudium
3361 1448 3581 1504 Domini
3614 1448 3692 1503 tui
3726 1449 3916 1517 (Matth,

2355 1560 2488 1614 xxv,
2521 1546 2630 1614 21).
2670 1566 2698 1594 ››
3345 1598 3349 1600 ν

2425 1639 2512 1693 84.
2558 1639 2706 1709 Ergo
2737 1636 3010 1708 quoniam
3043 1652 3214 1692 nemo
3253 1636 3439 1708 magis
3479 1636 3755 1708 proximus
3791 1653 3918 1708 quam

2354 1732 2452 1804 qui
2495 1731 2731 1786 vulnera
2774 1733 2970 1786 nostra
3013 1731 3249 1798 curavit,
3282 1730 3600 1802 diligamus
3641 1747 3761 1785 eum
3801 1731 3918 1801 quasi

626 1829 768 1883 nica
806 1827 1261 1895 resurrectionis,
1294 1828 1364 1882 de
1402 1843 1514 1898 quo
1554 1827 1767 1882 dictum
1807 1831 1892 1882 est
1923 1844 1936 1882 :
1987 1851 2015 1878 ‹‹
2045 1829 2141 1883 Hic
2172 1802 2331 1882 estB
2356 1825 2671 1889 dominum,
2723 1824 3034 1896 diligamus
3074 1840 3207 1880 eum
3246 1824 3410 1897 quasi
3449 1823 3786 1896 proximum,
3818 1823 3921 1877 nihil

631 1922 750 1977 dies
777 1937 948 1993 quem
985 1922 1118 1975 fecit
1147 1921 1421 1976 Dominus
1449 1922 1616 1990 (Psai.
1647 1937 1814 1989 cxvn,
1843 1921 1968 1993 24?)
2003 1943 2029 1971 υ

700 2015 884 2086 (lbid.)
910 2016 1149 2069 Protulit
1187 2016 1323 2070 duos
1359 2016 1632 2078 denarios,
1663 2022 1714 2070 et
1743 2015 1897 2070 dedit
1931 2016 2253 2080 stabulario,

628 2117 679 2164 et
705 2112 784 2163 ait
811 2127 827 2162 :
859 2111 1058 2165 Curam
1081 2109 1234 2163 illius
1259 2109 1414 2163 habe.

699 2200 956 2274 1429
999 2203 1086 2255 80.
1131 2200 1238 2264 Qui
1265 2207 1396 2256 sunt
1434 2201 1523 2256 isti
1559 2202 1671 2256 duo
1702 2201 1944 2270 denarii,
1975 2202 2084 2256 nisi
2111 2203 2256 2258 forte

626 2296 736 2350 duo
762 2296 1139 2360 Testamenta,
1163 2279 1292 2364 qua
1314 2294 1630 2366 imaginem
1653 2295 1712 2348 in
1741 2311 1798 2349 se
1824 2296 2036 2351 habent
2059 2297 2256 2352 aterni

627 2387 780 2459 regis
807 2402 1150 2457 expressam,
1183 2402 1426 2456 quorum
1453 2388 1634 2458 pretio
1660 2387 1899 2442 vulnera
1927 2393 2123 2444 nostra
2153 2406 2253 2445 cu-

626 2480 868 2536 rantur?
897 2478 1199 2551 Redempti
1230 2479 1387 2534 enim
1422 2497 1622 2534 sumus
1657 2479 1910 2552 pretioso
1941 2483 2254 2553 sanguine,

627 2578 689 2628 ut
713 2575 932 2628 ultima
957 2573 1156 2629 mortis
1188 2573 1378 2628 ulcera
1402 2574 1731 2630 vitaremus.

697 2669 785 2722 81.
827 2668 936 2721 Hos
973 2683 1114 2739 ergo
1149 2666 1292 2722 duos
1317 2667 1582 2723 denarios
1619 2669 1769 2739 (licet
1794 2670 1998 2725 horum
2030 2685 2256 2741 quoque

627 2761 901 2816 librorum
927 2766 1172 2832 quatuor
1202 2761 1413 2816 formas
1443 2778 1560 2817 non
1597 2763 1910 2819 absurdum
1939 2765 2013 2818 sit
2045 2763 2255 2818 intelli-

628 2855 782 2926 gere)
834 2853 1040 2926 accipit
1091 2853 1450 2910 stabularius.
1509 2854 1685 2919 Quis?
1734 2856 1830 2911 ille
1872 2856 2108 2912 forsitan
2155 2857 2255 2928 qui

625 2949 704 3002 ait
749 2965 763 3003 :
817 2969 847 2998 ι(
893 2947 1124 3003 ᾹΞειίωο
1175 2953 1236 3002 ut
1283 2951 1552 3018 stercora,
1598 2951 1663 3002 ut
1705 2949 1990 3004 Christum
2033 2949 2257 3005 lucrifa-

2353 1920 2506 1975 enim
2541 1922 2656 1973 tam
2689 1918 3038 1990 proximum,
3082 1934 3256 1990 quam
3301 1923 3476 1989 caput
3515 1917 3776 1972 membris
3803 1933 3814 1970 :

2357 2029 2557 2085 gamus
2582 2012 2757 2069 etiam
2787 2029 2920 2067 eum
2954 2011 3054 2083 qui
3086 2012 3347 2066 imitator
3387 2015 3474 2066 est
3497 2011 3702 2066 Christi
3735 2027 3748 2065 :
3782 2009 3926 2080 diliga-

2355 2123 2485 2162 mus
2511 2123 2645 2162 eum
2674 2107 2771 2178 qui
2800 2106 3008 2178 inopia
3037 2105 3268 2160 alterius
3298 2105 3557 2176 corporis
3587 2105 3792 2159 unitate
3816 2118 3924 2156 com-

2355 2201 2589 2272 patitur.
2635 2201 2758 2255 Non
2803 2200 2959 2254 enim
3007 2199 3271 2271 cognatio
3316 2198 3457 2254 facit
3505 2198 3834 2270 proximum,
3864 2195 3929 2250 sed

2359 2293 2775 2361 misericordia,
2822 2293 2954 2365 quia
3007 2291 3410 2348 misericordia
3462 2291 3764 2347 secundum
3813 2298 3931 2342 natu-

2356 2403 2515 2456 ram;
2559 2387 2702 2442 nihil
2747 2386 2902 2442 enim
2944 2391 3062 2442 tam
3106 2387 3431 2442 secundum
3475 2390 3776 2451 naturam,
3813 2397 3938 2453 quam

2349 2481 2550 2552 juvare
2580 2485 2906 2536 consortem
2937 2485 3177 2535 natura.

2427 2577 2516 2629 85.
2556 2575 2728 2644 (Vers.
2763 2574 2976 2645 38-42.)
3025 2573 3246 2628 Dictum
3298 2576 3390 2628 est
3431 2573 3617 2644 igitur
3662 2571 3733 2626 de
3773 2566 3941 2624 miseri-

2357 2668 2573 2735 cordia,
2607 2668 2706 2722 sed
2748 2683 2864 2722 non
2894 2684 3008 2722 una
3048 2674 3132 2723 est
3165 2667 3356 2721 forma
3391 2666 3648 2721 virtutis.
3695 2663 3946 2733 Subjicitur

2357 2762 2590 2817 Martha
2654 2761 2916 2833 exemplo
2979 2765 3037 2815 et
3094 2760 3278 2816 Maria
3341 2778 3355 2814 :
3429 2759 3675 2816 alterius
3737 2755 3949 2829 operibus

2358 2861 2580 2910 actuosa
2615 2854 2859 2922 devotio,
2901 2855 3134 2910 alterius
3179 2853 3461 2925 religiosa
3513 2852 3726 2908 mentis
3762 2848 3950 2905 intentio

2360 2949 2461 3004 Dei
2495 2948 2685 3015 verbo,
2733 2964 2863 3020 qua
2904 2949 2951 3002 si
2980 2963 3112 3003 cum
3148 2947 3258 3002 ﬁde
3304 2951 3629 3019 congruat,
3673 2945 3833 3002 etiam
3856 2940 3954 3013 ipsis

627 3041 770 3096 ciam
800 3041 1084 3112 (Philipp,
1114 3056 1191 3107 ιιι,
1215 3041 1352 3112 8);»
1377 3057 1493 3112 quo
1521 3058 1717 3097 curam
1745 3043 1984 3099 haberet
2009 3043 2256 3098 hominis
2358 3041 2623 3113 operibus
2675 3041 3024 3111 antefertur,
3077 3041 3239 3111 juxta
3293 3041 3462 3113 quod
3521 3040 3794 3111 scriptum
3840 3039 3907 3090 est
3944 3050 3953 3084 :

626 3134 929 3242 vulnerati.
986 3133 1338 3242 stabularius
1389 3133 1579 3242 itaque
1629 3135 1723 3190 ille
1772 3140 1854 3191 est
1905 3138 2003 3208 qui
2049 3137 2188 3192 dixit
2239 3153 2332 3242 :C
2357 3138 2539 3192 Maria
2579 3138 2837 3206 optimam
2863 3141 3076 3205 partem
3110 3136 3216 3190 sibi
3247 3135 3444 3206 elegit,
3480 3151 3606 3206 qua
3645 3150 3753 3189 non
3790 3131 3959 3242 aufere-

632 3248 660 3277 ι(
705 3226 851 3282 Misit
891 3241 983 3281 me
1026 3225 1278 3282 Christus
1319 3228 1705 3298 evangelizare
1749 3231 1787 3300 (l
1826 3232 1969 3293 Cor.,
2014 3247 2052 3300 ι,
2097 3233 2181 3285 17.
2227 3251 2254 3276 ι)
2284 3225 2332 3242 ν
2360 3235 2450 3284 tur
2468 3230 2574 3285 illi.
2603 3228 2940 3284 Studeamus
2967 3228 3146 3299 igitur
3174 3233 3232 3282 et
3260 3245 3373 3284 nos
3401 3228 3631 3283 habere
3661 3225 3809 3298 quod
3837 3236 3960 3278 nemo

629 3319 929 3376 Stabularii
973 3323 1104 3375 sunt
1147 3320 1230 3375 illi
1270 3321 1478 3392 quibus
1519 3321 1724 3377 dicitur
1753 3341 1765 3377 :
1798 3344 1826 3373 «
1859 3325 1937 3378 Ite
1972 3324 2030 3378 in
2062 3324 2258 3379 orbem
2360 3323 2524 3377 nobis
2560 3323 2736 3393 possit
2767 3322 3012 3392 auferre,
3045 3320 3306 3394 1430
3339 3339 3471 3378 non
3503 3328 3574 3377 ut
3601 3315 3960 3394 perfunctorie,

632 3413 958 3468 universum
982 3455 996 3481 ,
1052 3416 1110 3468 et
1169 3413 1481 3485 pradicate
1549 3417 1917 3488 Evangelium
1983 3417 2259 3473 universa
2360 3417 2456 3471 sed
2484 3415 2725 3487 diligens
2761 3415 3049 3471 audientia
3076 3414 3406 3483 deferatur;
3438 3417 3638 3471 solent
3664 3414 3814 3468 enim
3837 3410 3960 3464 etiam

627 3510 928 3572 creatura;
984 3512 1040 3562 et
1089 3507 1188 3578 qui
1232 3507 1538 3564 crediderit
1586 3513 1644 3564 et
1687 3510 2007 3582 baptizatus
2062 3513 2254 3582 fuerit,
2361 3510 2538 3580 ipsius
2582 3509 2802 3564 semina
2842 3508 2998 3564 verbi
3035 3508 3277 3563 caelestis
3319 3509 3582 3577 auferri,
3607 3508 3656 3564 si
3689 3522 3840 3564 secus
3860 3504 3960 3558 viam

628 3599 720 3654 hic
749 3600 934 3655 salvus
962 3600 1071 3656 erit
1095 3600 1314 3672 (Mare,
1349 3617 1460 3669 xvx,
1504 3606 1590 3674 15,
1635 3606 1741 3675 16),
1777 3626 1804 3653 ››
1833 3604 2018 3660 salvus
2057 3605 2258 3677 utique
2360 3604 2474 3658 sint
2512 3603 2791 3659 seminata
2828 3603 3001 3673 (Luc.,
3038 3618 3150 3666 vni,
3186 3603 3292 3674 12).
3321 3607 3484 3675 Agat
3514 3607 3574 3658 te
3619 3602 3764 3657 sicut
3793 3598 3960 3654 Mariam

627 3709 660 3746 a
706 3697 911 3762 morte,
951 3694 1138 3748 salvus
1183 3711 1216 3748 α
1260 3696 1493 3750 vulnere
1543 3697 1696 3768 quod
1740 3696 1973 3752 infixum
2019 3699 2260 3754 estala-
2361 3697 2706 3752 desiderium
2755 3696 3049 3768 sapientia
3093 3696 3235 3767 (85);
3284 3696 3404 3751 hoc
3451 3696 3624 3752 enim
3662 3695 3862 3766 majus,
3896 3690 3960 3743 hot

628 3786 913 3842 tronibus.
963 3787 1164 3843 Beatus
1207 3788 1301 3842 ille
1347 3789 1708 3858 stabularius,
1739 3791 1839 3862 qui
1880 3791 2114 3846 alterius
2143 3792 2259 3847 vul-
2359 3789 2664 3861 perfectius
2693 3805 2834 3861 Opus
2877 3805 2891 3843 :
2935 3803 3040 3844 nec
3083 3788 3398 3844 ministerii
3448 3807 3596 3845 cura
3635 3787 3960 3860 cognitionem

626 3895 770 3935 nera
799 3896 1000 3960 curare
1027 3885 1231 3952 potest.
1268 3882 1465 3936 Beatus
1491 3883 1586 3938 ille
1617 3884 1708 3938 cui
1733 3883 1867 3938 dicit
1892 3885 2052 3940 Jesus
2082 3901 2096 3939 :
2357 3883 2515 3938 verbi
2562 3882 2800 3939 calestis
2839 3886 3078 3950 avertat,
3121 3899 3225 3938 nec
3273 3899 3506 3955 arguas
3553 3901 3681 3952 eos,
3728 3888 3784 3938 et
3821 3878 3959 3935 otioso

699 3975 877 4046 (Vers.
919 3976 1030 4046 35.)
1068 3974 1430 4045 Quodcunque
1469 3979 1951 4046 supererogaveris,
1994 3983 2259 4034 reuertens
2352 3977 2574 4048 judices
2598 4019 2611 4045 ,
2679 3993 2822 4048 quos
2893 3976 3080 4031 videas
3152 3975 3396 4032 studere
3482 3977 3815 4049 sapientia;
3874 3972 3960 4024 han

629 4067 859 4122 reddam
884 4068 1004 4121 tibi.

699 4162 787 4214 82.
843 4160 1026 4213 Bonus
1069 4159 1454 4232 dispensator,
1502 4162 1602 4233 qui
1649 4161 1821 4218 etiam
1861 4168 2254 4236 supererogat.

631 4253 817 4308 Bonus
859 4251 1217 4325 dispensator
1253 4255 1480 4324 Paulus,
1524 4254 1685 4326 cujus
1728 4273 2019 4312 sermones
2058 4261 2115 4312 et
2143 4259 2260 4329 epi-

628 4347 789 4403 stola
842 4346 1013 4401 veluti
1067 4345 1118 4402 ei
1173 4346 1377 4403 rationi
1422 4364 1597 4420 quam
1641 4355 1953 4422 acceperat,
2001 4352 2256 4421 superef-

625 4440 832 4496 fluunt.
855 4441 1211 4496 Moderatum
1237 4442 1459 4497 Domini
1485 4443 1820 4499 mandatum
1845 4462 2025 4517 prope
2053 4447 2258 4500 immo-

2360 4070 2513 4126 enim
2581 4069 2690 4125 sibi
2751 4069 3171 4125 cohabitantem
3237 4069 3546 4127 Salomon
3606 4071 3708 4127 ille
3768 4065 3960 4142 paciﬁca

2356 4164 2608 4219 adscivit.

2425 4259 2513 4313 86.
2544 4258 2657 4312 Nec
2686 4257 2898 4313 Martha
2922 4262 3113 4312 tamen
3141 4258 3201 4313 in
3236 4257 3406 4314 bono
3440 4256 3790 4315 ministerio
3831 4262 3960 4322 reprt

2356 4350 2658 4417 henditur;
2703 4351 2802 4406 sed
2843 4351 3034 4420 Maria,
3069 4351 3223 4423 quod
3267 4353 3608 4408 meliorem
3649 4354 3872 4424 partem
3911 4341 3960 4397 sil

2357 4445 2619 4516 elegerit,
2645 4445 2992 4513 antefertur;
3020 4446 3179 4499 Jesus
3209 4445 3380 4500 enim
3427 4446 3650 4502 multis
3682 4441 3960 4504 abundant

627 4533 828 4588 derato
878 4535 1070 4590 labore
1121 4536 1333 4590 mentis
1388 4540 1446 4590 et
1499 4537 1750 4607 corporis
1803 4544 2136 4608 exsecutus,
2193 4538 2534 4610 utDmulta
2573 4537 2841 4609 largitur,
2880 4544 2938 4593 et
2974 4539 3106 4594 ideo
3147 4538 3484 4609 sapientior
3513 4540 3847 4610 judicatur;
3890 4528 3960 4602 qui

627 4627 839 4682 multos
867 4627 936 4682 ab
979 4628 1322 4698 agritudine
1362 4630 1517 4699 gravi
1561 4630 1827 4701 spiritalis
1863 4631 2096 4703 alloquii
2138 4632 2254 4687 dis-

627 4720 961 4790 pensatione
1045 4721 1340 4776 relevaret.
1429 4723 1616 4777 Bonus
1697 4739 1835 4794 ergo
1917 4725 2256 4781 stabularius

626 4811 833 4867 stabuli
867 4813 989 4883 ejus
1016 4811 1075 4867 in
1110 4829 1223 4884 quo
1260 4816 1494 4885 agnovit
1538 4816 1696 4870 asina
1735 4833 1992 4888 praesepe
2036 4818 2256 4874 Domini

625 4906 734 4976 sui,
763 4910 820 4961 et
844 4906 903 4960 in
928 4922 1039 4978 quo
1067 4922 1206 4977 grex
1235 4907 1519 4964 clauditur
1550 4925 1835 4981 agnorum
1860 4929 1873 4977 ;
1904 4927 1976 4966 ne
2003 4911 2254 4967 fremen-

623 4998 776 5055 tibus
805 4999 877 5054 ad
906 4999 1092 5054 caulas
1136 5000 1434 5071 rapacibus
1480 5001 1646 5072 lupis,
1679 5002 1859 5059 facilis
1890 5004 1951 5058 in
1989 5005 2157 5059 ovilia
2185 5005 2257 5060 sit

624 5092 904 5147 incursus.

694 5188 783 5242 83.
844 5185 1102 5257 Spondet
1166 5203 1307 5258 ergo
1377 5187 1700 5244 mercedem
1761 5206 1821 5245 se
1874 5191 2252 5247 redditurum.

621 5279 860 5345 Quando
891 5279 1212 5348 reverteris,
1242 5281 1481 5336 Domine
1510 5283 1638 5354 (84),
1673 5283 1780 5338 nisi
1811 5284 1870 5339 in
1896 5284 2097 5355 judicii
2124 5285 2256 5340 die?

681 5424 778 5488 (83)
836 5423 1021 5474 Verbo
1068 5429 1325 5486 servaret,
1375 5425 1723 5491 subjungunt
1776 5428 2034 5479 nonnulli
2097 5442 2255 5491 mss.,

617 5496 676 5543 in
725 5507 828 5558 quo
875 5496 1091 5559 agnovit
1138 5497 1297 5547 asina
1344 5511 1573 5562 praesepe
1619 5497 1824 5549 domini
1881 5501 1984 5551 sui.
2036 5499 2254 5563 Quibus

620 5567 846 5637 insuper
879 5567 1068 5630 adjicit
1094 5580 1244 5618 unus
1286 5581 1317 5619 θ
1345 5568 1524 5632 Colb.,
1564 5575 1611 5620 et
1652 5570 1744 5620 ubi
1781 5571 1844 5621 de
1890 5577 2038 5621 terra
2072 5573 2256 5637 inopes

620 5634 968 5695 suscitantur,
992 5641 1041 5686 et
1079 5637 1147 5687 de
1185 5643 1415 5689 stercore
1451 5653 1655 5703 pauper
1693 5640 1922 5703 erigitur
1949 5657 1965 5691 :
1993 5646 2131 5692 certe
2163 5634 2256 5693 ubi

623 5711 801 5773 greges
832 5703 1160 5773 clauduntur
1199 5721 1493 5771 agnorum;
1528 5723 1595 5759 ne
1629 5711 1970 5773 frementibus
2005 5713 2079 5762 ad
2117 5726 2256 5764 cau-

730 5772 1017 5848 rapacibus
1043 5766 1372 5848 tupisfdciii:
1389 5780 1446 5828 in
1463 5766 1712 5832 ovilia'sit
1736 5783 2020 5845 ingressus.
2046 5783 2254 5836 Verum

625 5835 818 5888 isthac
860 5844 914 5888 et
952 5855 982 5890 e
1020 5835 1239 5906 proprio
1276 5847 1400 5899 loco
1434 5851 1646 5914 avulsa,
1689 5855 1741 5902 et
1780 5835 2105 5906 a'dulterinis
2151 5835 2255 5907 ali;

2355 4631 2504 4702 quod
2545 4631 2863 4702 principale
2905 4632 3168 4698 advertit,
3209 4631 3426 4702 elegit.
3469 4633 3756 4704 Denique
3793 4628 3960 4700 apostﬂ

2357 4724 2641 4796 optimum
2665 4741 2781 4780 non
2806 4728 3153 4795 putaverunt
3177 4724 3539 4797 relinquere
3572 4727 3676 4782 Dei
3698 4723 3960 4780 verbumu

2357 4818 2682 4873 ministrare
2704 4817 2912 4873 mensis
2932 4819 3102 4889 (Act.,
3125 4833 3201 4886 vi,
3221 4819 3292 4886 2).
3319 4818 3454 4874 Sed
3472 4823 3809 4892 utrumque
3827 4823 3960 4871 munt

2357 4911 2649 4982 sapientia
2685 4913 2798 4978 est;
2831 4927 2964 4966 nam
3005 4915 3062 4966 et
3099 4910 3454 4981 Stephanus
3505 4914 3726 4985 plenus
3757 4909 3960 4981 sapient

2356 5005 2615 5060 minister
2640 5005 2851 5059 electus
2881 5009 2966 5060 est
2992 5005 3179 5074 (lbid.,
3205 5004 3280 5074 5).
3315 5005 3398 5060 Et
3428 5005 3577 5063 ideo
3615 5007 3722 5079 qui
3752 5003 3960 5060 ministr

2356 5098 2574 5153 doctori
2605 5097 2822 5153 deferat
2848 5115 2861 5154 :
2892 5101 2950 5153 et
2987 5097 3434 5153 ministrantem
3481 5099 3698 5155 doctor
3735 5097 3928 5152 invitet
3958 5119 3959 5130 ι

2355 5195 2662 5261 provocet;
2699 5208 2875 5246 unum
2912 5191 3069 5247 enim
3100 5195 3184 5246 est
3207 5206 3439 5262 corpus
3480 5193 3786 5260 Ecclesia,
3815 5181 3960 5246 etsid

2355 5300 2515 5339 versa
2538 5285 2819 5355 membra,
2845 5286 3091 5340 alterum
3121 5285 3299 5340 altero
3350 5293 3525 5357 eget.
3563 5289 3695 5344 Non
3738 5286 3914 5357 potest
3945 5276 3960 5331 ὁ

2355 5433 2490 5494 quot
2512 5429 2744 5481 vocibus
2764 5430 3093 5496 interpolata
3118 5442 3239 5481 esse
3273 5444 3355 5481 ex
3399 5433 3477 5483 iis
3516 5448 3657 5499 qua
3703 5445 3815 5482 non
3857 5425 3959 5478 mul

2352 5506 2476 5566 post
2504 5502 2892 5565 subjiciuntur,
2920 5503 3302 5565 intelligimus.

2413 5575 2510 5638 (8t)
2540 5575 2697 5626 Rom.
2737 5575 2865 5624 edit.
2907 5575 3041 5634 sola,
3084 5573 3317 5638 Spondet
3375 5590 3518 5641 ergo
3565 5591 3625 5628 se
3671 5583 3960 5627 reversum:

2356 5645 2575 5707 Quando
2605 5646 2902 5702 reverteris,
2931 5646 3172 5706 Domine,
3197 5649 3306 5694 etc.

2417 5717 2512 5780 (85)
2545 5715 2806 5780 Quinque
2829 5728 2982 5774 mss.,
3011 5715 3288 5766 Laudatur
3326 5728 3476 5779 ergo
3504 5717 3570 5766 in
3598 5716 3789 5768 Maria
3823 5708 3960 5764 desiit

2353 5788 2496 5838 rium
2521 5788 2812 5851 sapientiae.
2841 5786 3013 5850 Unus,
3047 5789 3211 5838 Aeuat
3238 5791 3283 5836 te
3314 5787 3474 5838 sicut
3505 5789 3781 5849 nariam,
3802 5793 3898 5838 etc.
