3972 6174
167 245 296 297 1809
1197 247 1659 308 EXPOSITIONIS
1694 252 1759 306 lN

1876 252 2029 309 ICAM
2069 255 2193 310 LIB.
2229 249 2347 309 'Vll.
3387 261 3521 315 1810

157 380 281 462 cere
322 366 519 420 oculus
561 369 758 462 manui
786 385 800 423 :
837 371 1022 441 Opera
1061 377 1162 427 tua
1200 388 1318 428 non
1358 374 1650 442 desidero;
1691 380 1790 430 aut
1811 389 1871 462 Α
1891 379 1975 431 est
1999 377 2206 432 ostium
2233 378 2386 449 quod
2417 383 2679 450 apertum
2709 379 2847 434 vidit
2870 381 3146 445 Joannes;
3176 381 3314 436 vidit
3341 384 3515 451 enim,

151 459 362 512 iterum
390 466 558 532 caput
602 461 856 531 pedibus,
890 467 992 517 aut
1030 465 1285 521 auricula
1315 484 1373 523 se
1415 484 1627 539 negare
1667 486 1788 525 esse
1813 459 1944 524 "et
1975 470 2114 524 dixit
2147 490 2158 524 :
2198 491 2228 519 ‹‹
2259 473 2385 526 Post
2421 472 2543 526 haec
2581 472 2711 538 vidi,
2750 475 2808 526 et
2841 488 2971 527 ecce
3011 474 3222 528 ostium
3249 480 3514 546 apertum

150 551 225 605 de
268 568 535 624 corpore;
581 571 716 609 nam
764 557 868 611 etsi
899 557 1008 612 alia
1045 559 1400 631 principalia,
1447 567 1636 617 tamen
1678 563 1787 618 alia
1886 564 1945 618 in
1974 565 2132 632 coelo,
2163 571 2219 619 et
2249 582 2355 620 vox
2383 565 2566 636 prima
2595 583 2770 636 quam
2795 565 2982 620 audivi
3009 571 3282 638 tanquam
3314 568 3511 624 tubam

150 646 489 701 necessaria.
520 647 812 718 Sapientia
850 650 909 705 in
937 652 1142 722 capite,
1176 658 1334 708 actus
1373 654 1430 709 in
1471 655 1780 712 manibus:
1884 657 2213 729 loquentem
2270 675 2521 726 mecum,
2569 665 2626 714 et
2681 660 2964 714 dicentem
3016 679 3026 713 :
3079 661 3332 716 Ascende
3378 663 3510 731 huc,

153 758 178 784 α
224 737 384 792 Oculi
422 739 620 810 (enim)
659 742 932 814 sapientis
973 743 1031 799 in
1073 746 1255 816 capite
1300 747 1422 817 ejus
1467 748 1683 818 (Eccle.,
1723 767 1781 815 ιι,
1885 755 1944 807 et
1971 752 2269 808 ostendam
2299 753 2402 807 tibi
2423 769 2550 824 quae
2577 758 2836 824 oporteat
2867 754 2987 808 tieri
3021 755 3239 825 (Apoc.,
3269 771 3342 821 iv,
3380 759 3449 822 t).
3481 779 3509 805 n

151 833 272 898 l4);
305 853 334 881 ›ι
368 833 503 903 quia
530 834 628 889 ille
655 851 786 891 vere
818 837 988 908 sapit,
1018 839 1176 909 cujus
1203 841 1429 895 animus
1468 842 1525 896 in
1564 841 1783 898 Christo
1881 848 2155 916 Apertum
2216 852 2302 901 est
2356 846 2532 917 igitur
2585 847 2794 902 ostium
2843 848 3067 917 Joanni,
3116 852 3380 919 apertum
3428 855 3514 904 est

146 928 252 986 est,
296 931 356 980 et
394 927 556 998 cujus
594 928 830 984 interior
871 932 1066 986 oculus
1111 933 1352 1004 erigitur
1396 935 1467 990 ad
1512 952 1777 1007 superna.

145 1019 211 1072 Et
239 1018 372 1074 ideo
403 1036 416 1074 :
452 1041 480 1072 α
511 1022 796 1092 Sapientis
840 1025 988 1079 oculi
1017 1025 1076 1080 in
1114 1027 1294 1097 capite
1327 1028 1534 1099 ipsius;
1566 1052 1592 1078 ››
1623 1031 1779 1085 stulti

142 1117 344 1168 autem
372 1114 436 1168 in
460 1115 751 1172 calcaneo.

211 1209 368 1277 (Cap.
400 1209 489 1265 XI.
519 1241 587 1250 —
629 1212 780 1266 Vers.
821 1216 901 1282 5.)
939 1215 1069 1281 Quis
1103 1219 1343 1270 vestrum
1375 1218 1578 1274 habens
1630 1236 1772 1274 ami-

138 1317 279 1364 cum,
313 1303 418 1357 ibit
451 1304 526 1358 ad
550 1306 706 1360 illum
730 1307 910 1362 media
941 1315 1112 1370 nocte,
1147 1314 1199 1364 et
1234 1310 1368 1366 dicit
1393 1311 1482 1366 illi
1508 1331 1525 1366 :
1565 1312 1772 1376 Amice,

137 1397 420 1452 commoda
446 1399 582 1453 mihi
606 1404 711 1454 tres
735 1415 920 1470 panes.

206 1491 303 1545 87.
343 1490 497 1547 Alius
539 1495 812 1565 praecepti
864 1496 1020 1550 locus
1062 1501 1168 1564 est,
1222 1502 1284 1552 ut
1327 1499 1597 1555 omnibus
1645 1517 1770 1556 mo-

137 1584 355 1638 mentis
381 1601 501 1639 non
529 1586 712 1641 solum
751 1587 969 1657 diebus,
998 1591 1098 1645 sed
1140 1591 1314 1646 etiam
1344 1593 1610 1649 noctibus
1643 1611 1767 1649 ora-

1883 939 2090 994 ostium
2119 941 2325 1008 Paulo;
2355 944 2417 994 ut
2448 941 2608 996 nobis
2635 957 2830 1012 panes,
2861 958 3002 1012 quos
3029 941 3346 1012 ederemus,
3371 943 3511 998 acci-

1878 1037 2096 1104 perent.
2156 1034 2536 1089 Perseveravit
2591 1035 2798 1089 ostium
2860 1036 3091 1106 pulsans
3144 1038 3504 1108 opportune,

1878 1125 2240 1197 importune,
2299 1131 2363 1181 ut
2416 1131 2614 1198 gentes
2678 1128 2952 1182 mundani
3019 1129 3264 1184 tramitis
3320 1129 3508 1185 labore

1878 1223 2117 1289 vexatas,
2153 1221 2446 1276 alimonia:
2472 1221 2711 1276 caelestis
2741 1222 3003 1277 ubertate
3033 1227 3342 1278 recrearet.

1947 1317 2035 1368 90.
2089 1316 2235 1386 Ergo
2281 1316 2656 1386 praeceptivus
2706 1316 2860 1370 locus
2903 1316 3232 1387 frequenter
3282 1318 3502 1383 orandi,

1875 1424 2003 1478 spes
2047 1407 2414 1479 impetrandi,
2454 1407 2598 1463 ratio
2639 1408 3038 1479 persuadendi,
3076 1409 3235 1479 prius
3267 1410 3323 1464 in
3357 1427 3500 1480 prae-

1871 1506 2035 1573 cepto
2063 1502 2316 1573 ponitur,
2347 1506 2471 1572 post
2500 1501 2556 1556 in
2585 1502 2864 1574 exemplo.
2895 1502 3008 1578 Qui
3029 1501 3183 1558 enim
3217 1504 3504 1573 promittit

1873 1593 2111 1667 aliquid,
2156 1611 2316 1665 spem
2359 1595 2528 1651 debet
2571 1595 2776 1650 atl‘erre
2822 1595 3112 1666 promissi;
3167 1600 3228 1649 ut
3271 1596 3504 1651 monitis

137 1677 214 1732 tio
271 1677 587 1733 deferatur.
646 1680 814 1736 Vides
863 1683 1017 1737 enim
1064 1685 1219 1756 quod
1274 1685 1378 1741 iste
1428 1687 1527 1758 qui
1581 1689 1822 1760 mediai
1874 1687 2199 1743 obedientia
2225 1687 2530 1755 deferatur,
2563 1689 2848 1760 promissis
2875 1690 3034 1755 fides,
3073 1705 3200 1760 quae
3229 1688 3500 1744 humanm

132 1775 305 1826 nocte
337 1773 603 1842 perrexit,
633 1779 744 1830 tres
775 1792 950 1846 panes
985 1777 1056 1831 ab
1086 1778 1271 1834 amico
1303 1795 1408 1834 suo
1451 1782 1767 1852 postulans,
1791 1759 1847 1830 Β
1871 1783 2345 1853 contemplatione
2401 1759 2624 1853 pietatis
2687 1784 2746 1838 in
2806 1783 2989 1854 majus
3049 1759 3280 1838 aeternae
3337 1800 3498 1854 spem

132 1869 188 1919 et
212 1865 276 1920 in
307 1865 432 1936 ipsa
456 1868 687 1938 petendi
715 1870 1035 1926 intentione
1059 1873 1381 1942 persistens,
1407 1891 1521 1930 non
1544 1875 1771 1931 defrau-

133 1959 308 2014 detur
333 1961 527 2015 oratis.
557 1962 663 2025 Qui
691 1970 824 2018 sunt
861 1964 951 2019 isti
1001 1968 1116 2021 tres
1144 1983 1343 2038 panes,
1374 1967 1479 2023 nisi
1511 1970 1768 2040 mysterii

131 2053 383 2107 celestis
432 2055 815 2111 alimentum?
863 2057 1022 2122 Quod
1086 2059 1134 2113 si
1194 2060 1395 2132 diligas
1459 2063 1766 2119 Dominum

132 2146 321 2201 Deum
349 2151 534 2214 tuum,
560 2165 674 2203 non
697 2149 881 2204 solum
917 2151 1040 2218 tibi,
1073 2153 1175 2207 sed
1198 2154 1372 2209 etiam
1395 2156 1519 2210 aliis
1548 2157 1768 2228 poteris

131 2241 402 2295 emereri.
431 2242 565 2305 Quis
599 2245 793 2297 autem
835 2245 1075 2300 amicior
1109 2247 1294 2316 nobis,
1329 2265 1502 2320 quam
1539 2251 1637 2321 qui
1664 2268 1767 2322 pro

131 2333 302 2387 nobis
341 2350 546 2405 corpus
582 2352 751 2390 suum
791 2338 1062 2393 tradidit?
1088 2341 1172 2394 Ab
1217 2341 1322 2396 hoc
1365 2343 1556 2398 media
1600 2350 1765 2400 nocte

131 2443 314 2496 panes
348 2429 518 2482 David
555 2429 739 2500 petiit,
771 2437 827 2486 et
867 2433 1114 2504 accepit;
1153 2435 1314 2504 petiit
1347 2436 1502 2490 enim
1535 2439 1766 2508 quando

130 2519 364 2576 dicebat
395 2537 409 2576 :
444 2544 471 2570 «
499 2522 678 2578 Media
717 2529 880 2580 nocte
921 2527 1224 2598 surgebam
1263 2529 1334 2584 ad
1375 2529 1762 2587 conﬁtendum

129 2613 227 2668 tibi
257 2616 436 2682 (Psal.
465 2632 645 2683 cxviu,
669 2620 847 2685 62);»
877 2619 1004 2674 ideo
1029 2622 1244 2676 meruit
1274 2621 1376 2676 hos
1412 2640 1587 2695 panes
1623 2641 1765 2697 quos

128 2709 402 2778 apposuit
430 2710 588 2765 nobis
617 2711 884 2767 edendos.
914 2714 1081 2768 Petiit
1104 2731 1234 2770 cum
1263 2716 1401 2771 dicit
1435 2739 1444 2770 :
1481 2739 1508 2766 ‹‹
1541 2719 1762 2774 Lavabo

129 2818 226 2870 per
271 2801 532 2873 singulas
579 2809 776 2860 noctes
816 2806 1027 2861 lectum
1068 2824 1261 2864 meum
1304 2811 1468 2878 (Psal.
1517 2828 1586 2878 γι,
1615 2816 1700 2881 ⁸7);
1735 2834 1762 2863 ››

128 2910 320 2966 neque
349 2897 503 2952 enim
529 2899 720 2954 timuit
745 2917 818 2955 ne
845 2901 1120 2956 excitaret
1150 2903 1559 2972 dormientem,
1587 2922 1762 2977 quem

128 2989 229 3043 scit
259 3005 496 3061 semper
521 2991 868 3064 vigilantem.

1870 1875 2096 1946 pietatis
2127 1875 2396 1946 acquirit;
2441 1876 2489 1930 si
2525 1880 2721 1930 tamen
2764 1892 2931 1947 aequa
2969 1880 3293 1947 poscantur,
3326 1893 3397 1930 ne
3440 1875 3499 1931 in

1868 1973 2165 2040 peccatum
2231 1973 2478 2024 vertatur
2544 1970 2748 2024 oratio.
2819 1971 2930 2023 Nec
2993 1969 3219 2024 erubuit
3279 1969 3498 2040 aliquid

1869 2063 2074 2133 saepius
2117 2063 2423 2133 postulare,
2468 2079 2540 2117 ne
2583 2065 2668 2118 vel
2710 2063 2972 2118 diffidere
3013 2062 3082 2118 de
3126 2063 3345 2118 Domini
3390 2064 3496 2118 mi-

1870 2156 2170 2211 sericordia
2214 2156 2521 2220 videretur,
2568 2158 2656 2212 vel
2698 2162 3032 2228 arroganter
3075 2156 3294 2225 dolere,
3338 2157 3494 2228 quod

1869 2267 1984 2305 non
2031 2250 2212 2321 prima
2266 2266 2434 2320 prece
2475 2249 2686 2321 aliquid
2741 2250 3148 2321 impetraverit.
3198 2251 3497 2321 «Propter

1867 2344 1996 2410 hoc,
2026 2343 2228 2414 inquit,
2272 2349 2359 2397 ter
2393 2343 2696 2398 Dominum
2728 2344 2921 2414 rogavi
2954 2345 3019 2408 (ll
3049 2346 3194 2406 Cor.,
3222 2360 3316 2410 xu,
3347 2344 3432 2414 8);
3466 2363 3492 2392 υ

1867 2441 1925 2491 et
1949 2436 2197 2492 ostendit
2223 2437 2377 2508 quod
2412 2437 2746 2508 frequenter
2788 2438 2936 2491 Deus
2976 2437 3102 2491 ideo
3139 2453 3254 2491 non
3284 2452 3489 2491 conce-

1867 2530 1961 2584 dat
1985 2535 2194 2596 oratus,
2224 2530 2373 2600 quod
2399 2529 2620 2584 inutilia
2638 2529 2880 2600 judicet,
2913 2546 3041 2601 quae
3069 2546 3170 2584 nos
3197 2529 3490 2601 profutura

1865 2623 2188 2678 credamus.

1938 2717 2112 2785 (Vers.
2147 2720 2249 2783 l7.)
2283 2719 2448 2772 Omne
2471 2732 2698 2784 regnum
2733 2720 2790 2770 in
2819 2719 3052 2787 seipsum
3080 2717 3312 2771 divisum
3343 2716 3489 2769 deso-

1865 2811 2090 2870 labitur,
2119 2816 2168 2864 et
2195 2811 2382 2865 domus
2407 2826 2574 2880 supra
2608 2811 2821 2864 domum
2850 2811 3023 2866 cadet.

1935 2907 2022 2958 91.
2055 2904 2234 2959 Causa
2273 2903 2406 2959 dicti
2447 2904 2616 2974 hujus
2653 2920 2717 2958 ea
2749 2907 2852 2972 est,
2891 2905 3038 2975 quod
3082 2904 3138 2958 in
3179 2903 3491 2958 Beelzebub

1862 2998 2121 3069 principe
2147 2997 2557 3052 daemoniorum
2597 2997 2805 3068 ejicere
2847 2998 3137 3053 daemonia
3173 2997 3490 3063 dicebatur,

192 3085 295 3139 88.
341 3085 409 3138 Et
453 3084 578 3140 ideo
630 3087 968 3158 scriptorum
1021 3106 1327 3157 memores,
1381 3091 1641 3148 noctibus
1698 3100 1762 3148 ac
1784 3127 1838 3200 Ο
1866 3097 1927 3146 ut
1963 3091 2288 3147 ostenderet
2331 3095 2431 3159 (86)
2477 3107 2719 3161 regnum
2762 3108 2930 3146 suum
2969 3091 3327 3146 individuum
3371 3107 3491 3145 esse

127 3177 335 3232 diebus
371 3179 613 3234 orationi
657 3181 953 3250 instantes,
990 3184 1235 3254 peccatis
1271 3186 1483 3242 nostris
1532 3187 1760 3242 veniam

127 3272 512 3342 postulemus.
553 3274 691 3328 Nam
723 3275 769 3329 si
809 3275 907 3330 ille
947 3279 1062 3330 tam
1106 3283 1355 3346 sanctus,
1382 3283 1439 3334 et
1465 3281 1563 3350 qui
1596 3282 1761 3352 regni

127 3371 254 3420 erat
303 3365 732 3422 necessitatibus
779 3375 1085 3440 occupatus
1135 3371 1343 3443 septies
1391 3372 1446 3426 in
1497 3374 1589 3429 die
1637 3376 1760 3429 lau-

127 3459 261 3516 dem
299 3460 537 3515 Domino
572 3461 788 3517 dicebat
825 3464 993 3532 (Psal.
1045 3480 1228 3533 cxvul,
1281 3468 1423 3534 164),
1469 3469 1762 3523 matutinis

129 3559 180 3608 et
220 3553 567 3625 vespertinis
603 3555 890 3612 sacrificiis
927 3573 1155 3629 semper
1191 3559 1466 3624 intentus,
1497 3561 1634 3632 quid
1661 3579 1764 3616 nos

125 3648 316 3704 facere
371 3651 614 3720 oportet,
658 3651 756 3722 qui
806 3667 871 3706 eo
915 3652 1160 3723 amplius
1209 3669 1416 3724 rogare
1457 3653 1761 3721 debemus,

128 3758 238 3812 quo
297 3742 656 3813 frequentius
705 3745 888 3800 carnis
937 3763 1001 3800 ac
1053 3747 1260 3802 mentis
1317 3747 1626 3818 fragilitate
1671 3749 1764 3804 de-

126 3836 473 3908 linquimus;
531 3841 596 3892 ut
648 3838 720 3892 de
771 3840 858 3894 via
909 3839 1090 3906 lassis,
1143 3844 1198 3895 et
1237 3840 1397 3896 istius
1442 3843 1545 3896 aevi
1597 3858 1764 3898 cursu

126 3947 186 3985 ac
237 3931 374 3986 vita:
425 3931 598 4003 hujus
649 3932 910 3988 anfractu
966 3934 1213 4005 graviter
1271 3935 1544 4006 fatigatis,
1601 3936 1764 4007 panis

129 4025 459 4082 refectionis
501 4025 694 4082 deesse
737 4042 854 4082 non
900 4027 1094 4098 possit,
1142 4027 1239 4098 qui
1290 4028 1537 4084 hominis
1591 4029 1765 4085 corda

129 4120 438 4175 conﬁrmet
451 4121 479 4174 ?

193 4217 290 4269 89.
340 4213 454 4268 Nec
495 4214 677 4268 solum
715 4215 902 4270 media
945 4221 1114 4271 nocte
1156 4216 1446 4283 Dominus,
1491 4217 1588 4272 sed
1638 4233 1760 4271 om-

129 4307 298 4363 nibus
345 4306 593 4380 1431
640 4325 819 4379 prope
860 4309 1020 4364 docet
1064 4309 1419 4382 vigilandum
1466 4326 1588 4365 esse
1638 4327 1761 4365 mo-

129 4401 377 4468 mentis;
418 4400 574 4456 venit
614 4401 769 4456 enim
809 4405 867 4456 et
912 4403 1251 4473 vespertina,
1296 4407 1353 4458 et
1391 4403 1661 4473 secunda,
1707 4407 1764 4458 et

1863 3188 2034 3258 atque
2067 3188 2432 3256 perpetuum.
2474 3185 2785 3258 Meritoque
2823 3185 2994 3240 etiam
3033 3185 3215 3240 Pilato
3251 3201 3488 3256 respon—

1863 3279 1978 3334 dit:
2003 3300 2029 3331 α
2054 3282 2318 3351 Regnum
2348 3295 2545 3334 meum
2572 3296 2686 3334 non
2718 3284 2801 3334 est
2821 3279 2890 3334 de
2912 3279 3018 3334 hoc
3050 3278 3263 3334 mundo
3290 3279 3490 3349 (Joan.,

1862 3389 2015 3441 xvm,
2046 3375 2155 3442 36).
2187 3396 2214 3422 ››
2246 3374 2309 3426 Et
2355 3372 2480 3427 ideo
2523 3374 2621 3444 qui
2660 3390 2774 3428 non
2821 3373 2881 3427 in
2927 3373 3149 3429 Christo
3190 3388 3352 3443 spem
3390 3388 3489 3442 ge-

1863 3469 2018 3532 runt,
2046 3466 2147 3520 sed
2190 3465 2249 3520 in
2277 3465 2533 3537 principe
2578 3467 3001 3522 daemoniorum
3041 3466 3166 3538 ejici
3204 3466 3493 3521 daemones

1865 3559 2192 3630 epinantur,
2244 3575 2341 3614 eos
2391 3559 2554 3630 regni
2603 3564 2774 3631 negat
2813 3577 2932 3615 esse
2981 3559 3290 3631 perpetui:
3337 3559 3492 3630 quod

1864 3657 2081 3726 spectat
2132 3652 2204 3707 ad
2257 3653 2532 3724 populum
2589 3653 2954 3719 Judaeorum,
3012 3653 3111 3724 qui
3167 3651 3493 3724 hujusmodi

1865 3746 2218 3818 passionibus
2247 3747 2353 3815 (87)
2384 3747 2453 3800 ad
2488 3746 2840 3801 daemonium
2877 3746 3242 3817 ejiciendum,
3277 3746 3490 3800 daemo-

1866 3841 1944 3895 nii
1973 3840 2203 3895 arcessit
2237 3839 2534 3894 auxilium.
2569 3841 2710 3894 Nam
2747 3840 3234 3911 quemadmodum
3280 3842 3488 3910 potest,

1866 3951 1996 3989 cum
2043 3934 2184 3988 ﬁdes
2223 3933 2528 4001 scindatur,
2575 3950 2820 4004 regnum
2863 3950 3100 3989 manere
3146 3932 3493 3988 indivisum?

1864 4027 2089 4083 Etenim
2121 4044 2253 4082 cum
2283 4027 2340 4081 in
2380 4027 2506 4098 lege
2540 4028 2613 4082 sit
2648 4028 2893 4099 populus
2927 4028 3272 4093 Judteorum,
3304 4025 3491 4084 Chris-

1866 4125 1954 4176 tus
1999 4137 2229 4192 quoque
2278 4121 2596 4176 secundum
2643 4137 2873 4176 carnem
2917 4138 2986 4178 ex
3029 4122 3157 4192 lege
3208 4120 3279 4175 sit
3323 4135 3492 4192 gene-

1865 4220 2052 4284 ratus;
2107 4214 2397 4286 quomodo
2456 4230 2701 4286 regnum
2756 4218 2939 4286 potest
2995 4215 3320 4270 Iudaeorum
3377 4230 3495 4268 esse

1865 4315 2231 4380 perpetuum,
2275 4308 2426 4380 quod
2478 4325 2544 4364 ex
2587 4309 2714 4379 lege
2760 4314 2878 4374 est;
2921 4325 3052 4363 cum
3097 4309 3339 4380 populus
3377 4308 3496 4378 ipse

1867 4402 2081 4457 dividat
2115 4403 2327 4474 legem,
2369 4403 2596 4474 quando
2627 4420 2659 4457 a
2687 4403 2828 4474 legis
2856 4404 3068 4474 populo
3110 4401 3363 4459 Christus
3393 4418 3492 4455 ne-

130 4495 302 4549 tertia
352 4493 562 4565 vigilia,
607 4497 666 4549 et
710 4495 937 4566 pulsare
985 4495 1279 4551 consuevit
1318 4514 1331 4550 :
1380 4517 1408 4545 ‹‹
1449 4497 1608 4552 Beati
1657 4497 1841 4570 ita-D
1868 4501 2052 4568 gatur,
2085 4496 2184 4566 qui
2230 4513 2299 4550 ex
2343 4497 2470 4566 lege
2515 4497 2794 4550 debetur?
2833 4499 2916 4551 lta
2955 4513 3022 4550 ex
3061 4501 3217 4566 parte
3264 4512 3321 4548 se
3358 4493 3496 4548 ﬁdes

131 4605 239 4660 que
275 4588 427 4644 servi
469 4587 572 4658 illi,
609 4605 752 4660 quos
792 4605 924 4644 cum
968 4589 1187 4645 venerit
1215 4589 1488 4645 Dominus
1528 4591 1759 4646 invene-

133 4683 204 4736 rit
234 4682 538 4754 vigilantes
573 4681 742 4751 (Luc.,
780 4699 876 4749 xu,
914 4684 1024 4753 37).
1057 4706 1084 4732 η
1125 4683 1179 4738 Si
1211 4700 1347 4754 ergo
1379 4683 1670 4738 desideras
1701 4687 1766 4737 ut

133 4776 309 4831 virtus
351 4776 451 4831 Dei
491 4775 808 4847 praecingat
845 4793 905 4830 se
945 4780 1000 4831 et
1038 4776 1325 4832 ministret
1359 4776 1482 4842 tibi,
1523 4775 1762 4847 vigilan-

136 4869 273 4925 dum
302 4874 390 4926 est
425 4885 685 4940 semper;
721 4869 917 4926 multa:
955 4870 1114 4924 enim
1154 4869 1376 4926 insidiae
1411 4873 1546 4924 sunt
1579 4869 1765 4937 bonis,

137 4968 192 5017 et
233 4963 423 5036 gravis
461 4964 712 5035 corporis
751 4980 1001 5031 somnus,
1041 4963 1172 5035 quia
1214 4963 1258 5018 si
1302 4963 1553 5018 dormire
1599 4978 1767 5018 mens

137 5057 388 5128 ceperit,
419 5057 672 5129 vigorem
703 5074 819 5112 sua:
848 5057 1071 5112 virtutis
1105 5057 1333 5112 amittit.
1372 5056 1560 5111 Excita
1588 5055 1768 5127 igitur

141 5167 402 5206 somnum
453 5156 639 5219 tuum,
696 5157 757 5207 ut
807 5152 999 5223 pulses
1057 5151 1266 5206 ostium
1320 5149 1552 5217 Christi,
1613 5148 1769 5220 quod

142 5246 347 5316 aperiri
406 5245 516 5300 sibi
576 5245 748 5300 etiam
810 5246 1014 5300 Paulus
1072 5244 1357 5316 exposcit,
1416 5260 1533 5299 non
1587 5244 1771 5299 solum

145 5339 274 5410 suis,
321 5339 419 5394 sed
475 5339 649 5394 etiam
703 5338 898 5410 populi
951 5337 1305 5393 orationibus
1357 5337 1662 5393 obsecrans
1712 5353 1770 5392 se

141 5431 353 5502 juvari,
405 5436 472 5488 ut
519 5431 807 5504 aperiatur
861 5430 1072 5487 ostium
1121 5431 1228 5486 sibi
1281 5431 1356 5487 ad
1409 5431 1769 5504 loquendum

149 5527 475 5596 mysterium
504 5525 710 5582 Christi
740 5526 985 5596 (Coloss.,
1023 5542 1097 5592 1v,
1129 5525 1202 5597 3).
1242 5526 1310 5580 Et
1351 5525 1590 5581 fortasse
1631 5526 1773 5580 illud

212 5671 304 5730 (86)
335 5671 493 5722 Rom.
541 5670 676 5722 edit.
721 5671 863 5730 sola,
907 5671 1085 5722 Causa
1124 5671 1255 5722 dicti
1296 5671 1476 5734 hujus,
1517 5670 1774 5734 quoniam

148 5742 289 5790 Iesus
316 5743 372 5791 in
400 5742 743 5793 Beelzebub...
771 5741 1064 5804 dicebatur,
1086 5746 1160 5792 est
1188 5741 1481 5798 ostendere,
1511 5745 1619 5792 etc.

214 5814 302 5876 (87)
336 5815 548 5867 Eadem
595 5816 727 5866 edit.
774 5815 930 5867 Rom.
968 5818 1316 5879 expunxerat
1362 5824 1546 5876 voces,
1590 5811 1776 5876 hujus-

1863 4589 2108 4644 Judaicae
2138 4589 2320 4660 plebis
2342 4589 2665 4659 impugnat,
2699 4595 2754 4643 et
2780 4587 3175 4660 impugnando
3203 4587 3495 4655 dividitur,

1868 4687 1928 4738 et
1951 4682 2257 4737 dividendo
2299 4681 2640 4736 dissolvitur.
2673 4683 2739 4738 Et
2773 4682 2901 4736 ideo
2941 4697 3187 4753 regnum
3233 4681 3496 4736 Ecclesiae

1868 4775 2122 4831 manebit
2147 4775 2209 4829 in
2237 4779 2538 4845 aeternum,
2561 4775 2694 4847 quia
2727 4773 2984 4848 1432
3013 4775 3305 4830 individua
3336 4775 3496 4840 ﬁdes,

1869 4885 2074 4940 corpus
2126 4871 2211 4923 est
2264 4884 2443 4923 unum
2489 4885 2502 4922 :
2557 4889 2584 4917 ‹‹
2632 4869 2786 4923 L'nus
2834 4868 2987 4924 enim
3040 4869 3332 4934 Dominus,
3386 4884 3500 4921 una

1870 4962 2032 5028 ﬁdes,
2065 4977 2244 5016 unum
2272 4961 2574 5032 baptisma,
2609 4979 2754 5016 unus
2774 4964 2916 5018 Deus
2944 4967 3002 5016 et
3028 4967 3192 5032 pater
3216 4961 3499 5026 omnium,

1871 5055 1968 5127 qui
2013 5070 2185 5127 super
2235 5071 2454 5124 omnes,
2503 5061 2559 5110 et
2604 5072 2706 5126 per
2750 5073 2972 5123 omnes,
3020 5059 3078 5110 et
3124 5055 3182 5109 in
3236 5053 3503 5109 omnibus

1875 5150 2113 5220 (Ephes.,
2147 5165 2218 5216 iv,
2247 5153 2300 5218 5,
2335 5151 2411 5216 6).
2450 5169 2472 5200 ι

1947 5246 2034 5298 92.
2069 5243 2298 5307 Quanta
2324 5243 2417 5297 hic
2446 5243 2712 5315 sacrilegi
2748 5243 2954 5299 furoris
2982 5243 3260 5312 amentia,
3292 5247 3353 5297 ut
3376 5258 3506 5297 cum

1878 5336 1981 5392 Dei
2027 5336 2200 5391 Filius
2245 5337 2316 5391 ad
2361 5337 2691 5392 immundos
2736 5337 2966 5408 spiritus
3008 5335 3412 5404 conterendos,
3453 5343 3508 5390 et

1877 5431 1952 5486 ad
1978 5430 2278 5487 manubias
2316 5431 2596 5486 mundani
2634 5431 2907 5504 principis
2944 5430 3288 5487 auferendas
3318 5445 3506 5484 susce-

1881 5526 2029 5598 perit
2080 5542 2344 5594 carnem,
2396 5531 2452 5581 et
2496 5525 2858 5582 destruenda:
2919 5525 3188 5597 nequitiae
3244 5523 3511 5596 spiritalis

1881 5671 2023 5722 modi
2050 5671 2402 5736 passionibus.
2431 5671 2505 5723 Et
2532 5673 2676 5723 infra
2717 5687 2836 5737 pro,
2871 5686 2934 5722 ea:
2968 5671 3072 5736 lege
3108 5671 3177 5723 sit
3214 5675 3514 5736 generatus,

1883 5755 1990 5864 1‘1an
2018 5756 2133 5863 nqn
2163 5757 2226 5795 ea:
2252 5744 2360 5808 lege
2383 5748 2473 5806 est,
2505 5745 2724 5811 propria
2759 5743 3082 5796 auctoritate
3117 5744 3393 5808 posuerat,
3420 5741 3518 5796 sub

1937 5827 2017 5878 gs,
2045 5826 2076 5866 e
2101 5825 2151 5865 ο.
