3926 6168
589 214 721 269 1811

2012 216 2106 270 HS.
2144 214 2464 272 AMBBOSII
2560 270 2565 274 .

3727 233 3827 288 l8l2

587 340 918 397 hominibus
970 357 1199 416 quoque
1252 344 1476 401 dederit
1523 348 1891 416 potestatem,
1954 328 2210 398 dividens
2231 344 2439 428 Aante
2466 343 2627 398 arida
2667 347 2852 412 erant,
2883 347 3079 414 postea
3117 360 3221 416 per
3256 345 3579 416 baptismum
3609 367 3715 409 rore
3734 358 3828 427 Spi-

586 435 766 506 spolia
804 436 949 507 ejus,
986 437 1139 508 quod
1181 438 1409 510 insigne
1449 442 1535 494 est
1564 438 1991 509 triumphantis,
2034 436 2209 509 aliqui

586 529 694 585 sibi
728 529 1131 602 adjumentum
1170 549 1232 588 ac
1275 532 1540 604 prmsidia
1579 532 1877 588 diabolicae
1916 532 2210 603 potestatis

585 623 919 693 adsciscunt,
952 641 1084 681 cum
1124 626 1184 681 in
1223 626 1402 698 digito
1431 627 1548 695 Dei,
1582 627 1672 681 vel
1713 632 1866 681 certe
1898 627 2209 681 secundum

581 718 913 773 Mattheum
969 720 1030 774 in
1083 720 1286 791 spiritu
1340 722 1441 776 Dei
1492 721 1781 776 daemones
1833 719 2211 775 excludantur

586 812 828 883 (Matth,
850 829 944 880 xu,
966 814 1086 885 28)!
1113 815 1271 870 Unde
1299 814 1639 886 intelligitur
1656 814 2013 869 individuum
2035 815 2210 886 quod-

588 906 718 961 dam
762 908 917 962 velut
952 924 1154 979 corpus
1198 925 1318 965 esse
1355 909 1666 964 divinitatis
1697 914 1755 964 et
1790 924 2035 980 regnum
2071 910 2207 979 (88);

585 1016 716 1056 cum
744 1001 995 1058 Christus
1022 1003 1121 1057 Dei
1159 1003 1390 1058 dextera
1415 1003 1507 1057 sit.
1550 1004 1793 1074 Spiritus
1821 1007 2012 1057 autem
2045 1002 2210 1072 digiti

587 1095 835 1167 speciem
891 1097 1043 1152 velut
1088 1097 1255 1151 unius
1303 1097 1621 1152 secundum
1670 1097 2024 1152 divinitatem
2080 1112 2207 1152 cor-

585 1190 741 1262 poris
794 1191 999 1246 seriem
1051 1190 1305 1245 videatur
1349 1191 1690 1262 exprimere.
1735 1194 1934 1247 Nonne
1986 1192 2213 1247 videtur

584 1282 946 1339 individuum
1002 1300 1122 1339 esse
1177 1301 1446 1356 regnum,
1500 1302 1630 1341 cum
1684 1286 1841 1341 velut
1891 1302 2097 1357 corpus
2142 1286 2213 1341 sit

550 1382 563 1393 ‘
587 1377 933 1432 indivisum?
972 1366 1001 1427 (ὲ
1033 1378 1255 1433 Habitat
1288 1379 1464 1445 enim,
1497 1383 1563 1433 ut
1591 1379 1805 1451 legisti,
1846 1380 2213 1452 corporaliter

589 1470 888 1543 plenitudo
937 1470 1249 1535 divinitatis
1296 1472 1356 1527 in
1402 1472 1623 1529 Christo
1661 1474 1901 1545 (001038.,
1944 1490 2006 1543 ιι,
2057 1473 2134 1537 9).
2181 1488 2229 1524 ῆι

593 1565 754 1629 Quod
805 1565 1002 1636 utique
1047 1570 1104 1621 et
1145 1566 1215 1621 de
1254 1567 1417 1622 Patre
1461 1583 1674 1639 negare
1717 1584 1831 1623 non
1875 1569 2106 1639 poteris,
2156 1572 2226 1623 et)

589 1656 660 1712 de
688 1658 897 1730 Spiritu
926 1675 1138 1731 negare
1166 1677 1283 1716 non
1315 1660 1508 1715 debes.
1545 1662 1658 1718 Nec
1692 1661 1795 1716 tibi
1822 1662 2212 1717 membrorum

586 1753 1020 1824 comparatione
1065 1759 1389 1810 nostrorum
1428 1755 1612 1827 portio
1651 1755 1915 1827 quaedam
1956 1722 2292 1810 videaturB

586 1846 849 1902 facienda
894 1848 1148 1916 virtutis;
1195 1848 1501 1904 individua
1539 1850 1697 1904 enim
1742 1849 1823 1904 rei
1869 1866 1982 1904 non
2029 1855 2214 1920 potest

588 1955 711 1995 esse
755 1940 977 2008 divisio,
1016 1946 1073 1996 et
1115 1942 1242 1997 ideo
1280 1942 1350 1997 ad
1397 1943 1646 1998 formam
1688 1943 1936 2012 unitatis,
1984 1959 2099 1998 non
2140 1943 2213 1998 ad

587 2034 1009 2091 distinctionem
1036 2036 1329 2106 potestatis
1354 2037 1648 2092 referenda
1674 2036 1839 2109 digiti
1866 2038 2213 2108 nuncupatio

588 2132 689 2196 est,
741 2145 873 2184 cum
917 2131 975 2184 et
1027 2129 1256 2184 dextera
1306 2130 1404 2185 Dei
1454 2130 1605 2185 dicat
1653 2153 1663 2184 :
1709 2151 1735 2181 «
1778 2132 1896 2203 Ego
1947 2134 2003 2186 et
2047 2133 2214 2186 Pater

586 2239 765 2279 unum
810 2240 1007 2277 sumus
1044 2223 1245 2293 (Joan.,
1283 2238 1336 2291 κ,
1378 2224 1491 2295 30).
1530 2246 1556 2273 ››
1593 2224 1703 2280 Sed
1747 2225 1877 2281 licet
1914 2225 2214 2281 individua

588 2317 874 2383 divinitas,
907 2317 1173 2372 distincta
1200 2334 1442 2388 persona
1468 2324 1570 2373 est.
2034 2372 2040 2377 ,

658 2415 744 2467 93.
789 2411 1008 2482 Digitus
1042 2417 1236 2466 tamen
1278 2428 1408 2467 cum
1453 2412 1662 2467 dicitur
1696 2412 1960 2484 Spiritus,
2006 2430 2208 2484 opera-

584 2506 730 2560 toria
768 2505 945 2560 virtus
992 2505 1361 2575 signiﬁcatur,
1405 2506 1561 2576 quod
1608 2506 1931 2562 divinorum
1970 2523 2211 2578 operum

586 2600 731 2654 sicut
771 2601 935 2653 Pater
977 2601 1035 2653 et
1069 2599 1259 2666 Filius,
1307 2599 1384 2653 ita
1427 2605 1483 2655 et
1518 2600 1761 2670 Spiritus
1805 2604 2031 2655 sanctus
2075 2617 2208 2671 ope-

585 2696 742 2748 rator
786 2693 873 2747 sit.
928 2691 1100 2746 David
1151 2692 1305 2747 enim
1349 2693 1484 2747 dicit
1530 2709 1544 2748 :
1588 2714 1617 2743 «
1667 2694 1949 2758 Quoniam
2007 2694 2210 2749 videbo

585 2788 752 2843 cmlos
807 2802 983 2858 opera
1040 2786 1350 2857 digitorum
1403 2793 1633 2841 tuorum
1684 2789 1851 2857 (Psal.
1894 2804 2005 2855 Vill,
2054 2789 2131 2859 4).
2180 2809 2208 2838 ››

584 2884 650 2938 Et
693 2882 754 2935 in
794 2879 1081 2936 tricesimo
1117 2881 1364 2936 secundo
1402 2882 1620 2951 psalmo
1651 2899 1662 2935 :
1707 2903 1734 2931 «
1764 2882 1831 2935 Et
1862 2882 2061 2953 spiritu
2099 2883 2212 2937 oris

587 2976 708 3048 ejus
728 2975 916 3032 omnis
946 2974 1120 3028 virtus
1143 2991 1339 3029 eorum
1365 2976 1533 3043 (Psal.
1561 2991 1728 3042 xxxu,
1754 2977 1829 3048 6).
1862 2998 1889 3026 »
1919 2978 1984 3030 Et
2010 2978 2214 3031 Paulus

585 3071 667 3127 ait
693 3086 706 3124 :
734 3090 763 3119 «
789 3070 918 3123 Haec
945 3067 1143 3122 omnia
1168 3075 1359 3123 autem
1391 3074 1663 3139 operatur
1691 3085 1838 3123 unus
1865 3073 2036 3141 atque
2064 3070 2211 3125 idem
2234 3094 2291 3170 Ο

588 3162 852 3235 Spiritus,
902 3161 1156 3215 dividens
1199 3162 1439 3233 singulis
1485 3166 1653 3233 prout
1693 3164 1811 3217 vult
1846 3164 1889 3233 (Ι
1932 3166 2076 3228 Cor.,
2117 3182 2209 3233 xu,

592 3260 701 3323 Η).
731 3277 759 3305 ››
788 3256 858 3309 Et
883 3254 938 3310 id
969 3271 1098 3309 cum
1128 3254 1303 3310 dicit:

660 3351 837 3420 (Vers.
868 3350 979 3417 20.)
1014 3349 1167 3417 Quod
1183 3351 1235 3404 si
1260 3351 1318 3404 in
1344 3351 1557 3420 Spiritu
1587 3352 1685 3405 Dei
1707 3366 1800 3419 ego
1831 3352 1986 3420 ejicio
2013 3352 2209 3407 damo-

583 3446 698 3510 nia,
728 3445 969 3515 profecto
992 3447 1241 3514 pervenit
1263 3445 1323 3498 in
1343 3458 1435 3499 vos
1463 3460 1684 3513 regnum
1713 3447 1825 3499 Dei.

657 3540 747 3594 94.
795 3538 981 3594 Simul
1027 3537 1273 3593 ostendit
1325 3538 1688 3609 imperialem
1738 3539 2047 3610 quamdam
2093 3555 2211 3595 esse

586 3632 767 3688 sancti
792 3632 1036 3704 Spiritus
1065 3634 1425 3703 potestatem,
1453 3631 1512 3686 in
1549 3648 1661 3703 quo
1691 3648 1934 3703 regnum
1979 3639 2063 3688 est
2091 3635 2207 3689 Dei.

585 3727 698 3783 Nos
717 3742 964 3799 quoque,
987 3725 1045 3780 in
1076 3725 1279 3797 quibus
1304 3725 1522 3781 habitat
1542 3725 1808 3798 Spiritus,
1834 3727 2088 3799 regalem
2115 3727 2213 3783 do—

584 3837 744 3877 mum
795 3820 1095 3876 habemus.
1143 3820 1302 3875 Unde
1350 3823 1407 3874 et
1453 3821 1514 3875 in
1558 3820 1964 3891 posterioribus
2010 3822 2151 3876 dixit
2193 3840 2206 3877 :

588 3937 616 3965 «
656 3917 919 3988 Regnum
956 3914 1056 3969 Dei
1096 3913 1244 3968 intra
1281 3929 1380 3968 vos
1421 3918 1505 3968 est
1549 3913 1720 3983 (Luc.,
1759 3931 1883 3983 xvn,
1929 3916 2038 3987 21).
2072 3935 2099 3965 »
2144 3919 2214 3973 Et

585 4008 715 4065 ideo
762 4008 1093 4077 divinitatis,
1146 4010 1206 4062 et
1247 4006 1667 4076 dominationis,
1718 4014 1773 4063 et
1822 4008 2211 4080 imperatoriae

586 4102 897 4175 majestatis
939 4105 1260 4157 consortem
1303 4100 1584 4155 debemus
1622 4101 1906 4157 aestimare
1938 4102 2212 4174 Spiritum

587 4201 880 4264 sanctum;
911 4196 1046 4267 quia
1077 4216 1105 4245 ‹‹
1138 4194 1412 4250 Dominus
1451 4199 1535 4249 est
1578 4194 1851 4265 Spiritus;
1885 4196 1979 4250 ubi
2021 4202 2209 4252 autem

590 4288 832 4362 Spiritus
860 4288 1115 4356 Domini,
1144 4288 1221 4343 ibi
1247 4288 1474 4344 libertas
1504 4290 1565 4358 (Il
1594 4288 1736 4352 Cor.,
1770 4306 1848 4356 ru,
1885 4291 1989 4359 t7).
2020 4312 2046 4338 ››

657 4384 829 4454 (Vers.
883 4383 999 4453 24.)
1055 4382 1188 4437 Cum
1246 4383 1559 4437 immundus
1611 4384 1833 4452 spiritus
1894 4386 2087 4439 emierit
2147 4387 2211 4441 de

583 4481 825 4543 homine,
874 4478 1122 4533 ambulat
1158 4492 1264 4546 per,
1308 4477 1420 4531 loca
1468 4476 1630 4530 arida
1681 4492 1800 4546 quae
1852 4492 1961 4532 non
2014 4467 2562 4549 habentDplicium,
2607 4483 2662 4531 et
2707 4476 3029 4531 remedium
3074 4476 3537 4532 demonstratur.
3582 4475 3727 4532 Unde
3762 4470 3886 4524 etiam

582 4588 802 4642 aquam,
830 4586 1073 4641 quaerens
1100 4572 1356 4641 requiem,
1396 4575 1446 4625 et
1469 4585 1574 4625 non
1602 4574 1897 4626 inveniens.

654 4667 740 4719 95.
772 4666 886 4720 Hoc
916 4665 985 4719 de
1022 4664 1350 4719 Iudaeorum
1388 4664 1555 4734 plebe
1597 4664 1811 4719 dictum
1847 4664 2060 4737 ambigi
2090 4683 2209 4722 non

584 4761 785 4831 potest,
814 4774 988 4829 quam
1012 4757 1284 4813 Dominus
1315 4775 1349 4812 a
1376 4774 1558 4829 regno
1584 4774 1687 4813 suo
1716 4759 1773 4813 in
1817 4759 2209 4830 superioribus

580 4852 917 4926 segregavit.
951 4851 1110 4907 Unde
1138 4867 1336 4906 omnes
1365 4868 1591 4923 quoque
1617 4852 1914 4929 haereticos
1942 4856 1999 4907 et
2027 4854 2205 4909 schis-

584 4947 817 5003 maticos
852 4963 884 5001 a
918 4962 1101 5018 regno
1144 4945 1263 5013 Dei,
1292 4947 1349 5000 et
1380 4945 1449 5000 ab
1482 4945 1722 5001 Ecclesia
1755 4946 2012 5018 intellige
2042 4964 2205 5019 sepa-

582 5043 749 5092 ratos.
781 5037 847 5092 Et
872 5036 1002 5092 ideo
1024 5051 1137 5089 non
1164 5035 1283 5103 Dei,
1308 5035 1405 5091 sed
1436 5034 1722 5089 immundi
1750 5035 1979 5107 spiritus
2009 5053 2207 5093 omnes

577 5126 1065 5183 schismaticorum
1093 5125 1602 5197 haereticorumque
1635 5124 1852 5196 liquido
1880 5126 2052 5180 claret
2084 5142 2204 5182 esse

577 5220 908 5273 conventus.
963 5217 1160 5288 Itaque
1204 5214 1263 5268 in
1310 5230 1428 5269 uno
1483 5214 1718 5269 homine
1766 5214 1937 5268 totius
1989 5215 2206 5271 Judaici

577 5307 768 5378 populi
810 5305 1164 5377 comparatio
1202 5309 1306 5372 est,
1338 5320 1372 5357 a
1413 5320 1528 5375 quo
1568 5301 1825 5376 1433
1872 5319 1975 5373 per
2013 5304 2202 5375 legem

576 5397 806 5467 spiritus
834 5395 1169 5451 immundus
1206 5394 1440 5448 exierat.
1474 5393 1579 5447 Sed
1610 5394 1746 5465 quia
1787 5393 1848 5447 in
1880 5394 2204 5449 nationibus

578 5490 635 5541 et
681 5487 946 5558 gentibus
995 5503 1101 5559 per
1152 5485 1327 5541 ﬁdem
1376 5483 1585 5541 Christi
1639 5484 1900 5556 requiem
1953 5484 2203 5555 reperire

577 5591 691 5651 non
745 5576 933 5647 potuit
984 5575 1318 5649 (immundis
1378 5573 1534 5629 enim
1597 5571 1889 5644 spiritibus
1948 5572 2202 5627 Christus

579 5662 904 5739 incendium
949 5669 1050 5733 est,
1090 5665 1188 5737 qui
1237 5664 1297 5720 in
1343 5662 1665 5736 pectoribUs
1705 5661 2029 5735 gentilium,
2070 5678 2199 5735 quae

638 5778 734 5842 (88)
765 5778 893 5830 Mss.
927 5780 1154 5844 aliquot,
1179 5779 1320 5831 velut
1347 5764 1586 5844 corporis
1609 5793 1718 5832 esse
1746 5779 2044 5832 diuinitatis
2068 5793 2325 5847 regnum.

2311 436 2453 492 ritus
2497 437 2674 492 sancti
2712 438 3138 505 humescebant,
3170 438 3361 508 jacula
3410 441 3669 501 adversarii
3702 447 3831 520 ignita
3898 440 3899 455 ¹

2311 530 2720 601 restrinxerat),
2750 531 2879 586 ideo
2917 547 3212 603 regressus
3243 531 3315 586 ad
3346 533 3548 603 plebem
3578 544 3649 593 est
3668 541 3833 598 Judae-

2310 642 2460 693 rum,
2497 642 2627 696 quae
2671 626 2880 680 forensi
2922 630 2982 679 et
3028 626 3410 697 perfunctoria
3448 630 3608 699 specie
3649 641 3835 706 compta,

2311 718 2504 774 animo
2536 724 2732 774 manet
2758 719 3033 774 interiore
3058 719 3345 789 pollutior.
3374 720 3549 791 Neque
3574 725 3706 779 enim
3732 731 3836 783 sacri

2310 813 2478 867 fontis
2511 812 2730 883 irriguo
2756 819 2852 868 aut
2894 812 3177 880 abluebat,
3208 819 3308 868 aut
3341 813 3691 886 restinguebat
3719 821 3837 875 ardo-

2310 923 2453 973 rem,
2485 906 2805 977 meritoque
2831 907 2904 962 ad
2932 923 3053 962 eam
3085 907 3318 978 spiritus
3344 908 3545 963 redibat
3562 910 3840 979 immundus,

2311 1000 2598 1055 adducens
2658 1017 2855 1055 secum
2903 1007 3121 1072 septem
3182 1001 3415 1072 spiritus
3466 1004 3735 1074 nequiores
3776 1025 3843 1075 se,

2311 1094 2577 1165 quoniam
2610 1094 2669 1149 in
2700 1094 3063 1150 hebdomade
3093 1095 3234 1167 legis
3274 1101 3329 1150 et
3360 1102 3557 1151 octava:
3583 1101 3844 1169 mysterium

2311 1188 2586 1261 sacrilega
2618 1192 2812 1243 mente
2853 1188 3161 1245 commisit.
3203 1191 3400 1261 Itaque
3434 1194 3495 1245 ut
3534 1191 3677 1246 nobis
3710 1195 3850 1248 mulli-

2312 1282 2555 1353 plicatur
2598 1284 2945 1354 septiformis
2997 1283 3237 1355 Spiritus
3285 1285 3482 1355 gratia,
3531 1286 3603 1339 ita
3646 1286 3737 1340 illis
3771 1287 3847 1341 im-
3898 1340 3899 1345 η

2312 1377 2659 1431 mundorum
2722 1377 3027 1449 spirituum
3079 1377 3265 1432 omnis
3317 1377 3624 1434 cumulatur
3667 1380 3853 1451 injuria;

2311 1470 2648 1525 universitas
2695 1470 2849 1525 enim
2896 1471 3005 1526 hoc
3050 1488 3290 1527 numero
3334 1472 3621 1544 aliquoties
3663 1490 3854 1546 compre-

2313 1563 2604 1632 henditur,
2626 1569 2864 1637 propter
2883 1566 3037 1637 quod
3063 1565 3302 1637 septimo
3322 1566 3416 1621 die
3436 1567 3694 1622 conclusis
3712 1569 3861 1623 mundi

2314 1658 2600 1728 operibus,
2642 1659 2923 1730 requievit
2956 1662 3103 1715 Deus
3131 1661 3304 1728 (Gen.,
3332 1676 3389 1728 ιι,
3416 1662 3489 1730 2).
3518 1660 3642 1715 Ideo
3666 1666 3717 1716 et
3737 1681 3760 1708 «
3779 1666 3856 1715 ste-

2314 1751 2435 1807 rilis
2466 1758 2685 1824 septem
2711 1753 2955 1825 peperit,
2987 1756 3045 1808 et
3072 1755 3346 1825 populosa
3388 1753 3448 1808 in
3487 1753 3611 1809 ﬁliis
3642 1753 3862 1809 inﬁrmata
3897 1751 3899 1825 j

2314 1851 2401 1901 est
2444 1846 2483 1917 (Ι
2528 1848 2683 1917 Reg.,
2725 1864 2785 1915 ιι,
2833 1847 2906 1918 5).
2948 1868 2976 1898 n
3025 1848 3282 1920 Denique
3331 1850 3396 1903 ut
3435 1848 3570 1903 scias
3608 1848 3858 1920 Synagoge

2312 1940 2589 2012 populum
2626 1940 2957 2009 deformari,
2996 1941 3092 1996 ubi
3130 1941 3393 1997 Ecclesiae
3421 1941 3700 1997 beatitudo
3719 1941 3861 1996 lauda-

2313 2040 2427 2100 tur,
2461 2033 2701 2104 subjecit
2731 2052 2746 2089 :

2386 2129 2556 2196 (Vers.
2602 2130 2690 2195 29,
2734 2129 2846 2199 30.)
2889 2129 3176 2185 Generatio
3221 2128 3353 2193 haec,
3394 2131 3664 2198 generatio
3695 2144 3866 2199 nequam

2313 2226 2424 2287 est;
2457 2224 2672 2291 signum
2711 2225 2924 2292 quzrit,
2969 2227 3021 2277 et
3060 2225 3276 2292 signum
3318 2238 3429 2278 non
3472 2223 3685 2278 dubitur
3710 2225 3767 2284 ei,
3795 2225 3864 2275 nisi

2311 2316 2526 2383 signum
2552 2319 2701 2371 Jonav
2722 2318 3013 2387 propheta.
3043 2319 3186 2373 Nam
3214 2318 3361 2371 sicut
3394 2319 3561 2372 Jonas
3595 2318 3697 2385 fuit
3717 2319 3871 2386 signum
3898 2316 3899 2389 ξ

2310 2412 2591 2473 Niniuitis,
2623 2413 2705 2464 ita
2725 2413 2828 2465 erit
2858 2416 2910 2466 et
2938 2412 3109 2466 Filius
3138 2410 3388 2466 hominis.

2381 2507 2470 2558 96.
2520 2506 2580 2559 In
2623 2504 2730 2559 hoc
2778 2521 3006 2577 quoque
3058 2505 3392 2561 Iudaeorum
3437 2506 3602 2578 plebe
3646 2505 3870 2570 damnata,

2312 2597 2573 2652 Ecclesiae
2611 2600 2951 2669 mysterium
2990 2599 3284 2655 evidenter
3321 2600 3679 2671 exprimitur,
3706 2616 3807 2670 qua
3835 2599 3870 2650 in

2314 2691 2572 2745 Ninivitis
2600 2708 2703 2763 per
2746 2693 3165 2763 paenitentiam,
3195 2700 3250 2748 et
3284 2694 3349 2748 in
3390 2694 3593 2766 regina
3620 2694 3785 2748 Austri
3808 2708 3871 2763 per

2313 2785 2563 2839 studium
2620 2785 3000 2857 percipiendae
3058 2787 3361 2858 sapientiae
3427 2787 3500 2842 de
3555 2788 3717 2843 totius
3772 2785 3876 2839 orbis

2313 2877 2520 2933 finibus
2561 2885 2985 2951 congregatur,
3029 2884 3094 2933 ut
3140 2880 3359 2951 paciﬁci
3411 2881 3721 2937 Salomonis
3757 2879 3877 2933 verba

2312 2976 2632 3042 cognoscat.
2662 2973 2882 3044 Regina
2908 2973 3095 3044 plane,
3126 2975 3289 3044 cujus
3326 2991 3579 3047 regnum
3615 2981 3694 3030 est
3722 2973 3875 3028 indivi-

2314 3082 2461 3133 sum,
2501 3067 2571 3120 de
2613 3066 2847 3121 diversis
2891 3072 2947 3122 et
2995 3066 3343 3122 distantibus
3389 3069 3619 3141 populis
3657 3069 3711 3123 in
3751 3081 3877 3121 unum

2313 3175 2515 3231 corpus
2545 3176 2872 3231 assurgens.
2903 3162 3095 3231 Itaque
3125 3180 3152 3211 (ι
3184 3160 3624 3217 Sacramentum
3653 3163 3748 3216 hoc
3773 3175 3882 3227 mag-

2311 3270 2451 3308 num
2478 3258 2626 3308 est...
2660 3254 2732 3308 de
2762 3254 2983 3308 Christo
3019 3259 3075 3309 et
3119 3255 3369 3309 Ecclesia
3408 3257 3645 3327 (Ephes.,
3672 3271 3720 3321 v,
3745 3252 3837 3317 321;
3860 3274 3878 3299 ιδ

2313 3347 2413 3402 sed
2439 3353 2633 3401 tamen
2664 3348 2769 3401 hoc
2796 3348 2979 3418 majus
3009 3352 3113 3416 est,
3143 3349 3277 3419 quia
3323 3349 3471 3404 illud
3509 3350 3569 3404 in
3604 3350 3769 3421 ﬁgura
3790 3350 3881 3399 ante

2311 3441 2629 3513 praecessit;
2662 3458 2815 3495 nunc
2847 3446 3038 3496 autem
3076 3441 3317 3513 plenum
3363 3443 3425 3497 in
3470 3443 3705 3498 veritate
3728 3446 3876 3511 myste-

2312 3535 2464 3590 rium
2508 3542 2621 3606 est;
2669 3535 2781 3589 illic
2825 3535 2980 3591 enim
3024 3536 3357 3592 Salomonis
3394 3541 3589 3610 typus,
3624 3537 3710 3591 hic
3743 3538 3878 3589 autem

2313 3629 2566 3685 Christus
2594 3629 2652 3683 in
2681 3645 2781 3684 suo
2810 3645 3051 3701 corpore
3082 3634 3183 3685 est.
3224 3632 3307 3686 Ex
3346 3631 3579 3686 duobus
3618 3630 3773 3702 igitur
3791 3641 3880 3680 con-

2314 3726 2424 3777 stat
2453 3722 2717 3791 Ecclesia,
2767 3729 2827 3777 ut
2871 3727 2972 3777 aut
3012 3740 3251 3795 peccare
3295 3725 3541 3793 nescias,
3575 3729 3671 3778 aut
3706 3733 3881 3795 peccare

2313 3817 2567 3886 desinas;
2596 3817 2933 3889 poenitentia
2957 3817 3109 3871 enim
3140 3817 3426 3873 delictum
3454 3822 3697 3886 amovet,
3721 3813 3880 3885 sapien-

2311 3912 2388 3966 tia
2413 3916 2591 3967 cavet.
2627 3913 2739 3966 Hoc
2764 3912 2826 3965 in
2854 3911 3144 3983 mysterio.

2382 4009 2472 4061 97.
2508 4006 2793 4061 Caeterum
2834 4006 2990 4061 Jonas
3038 4004 3268 4076 signum
3318 4010 3389 4061 ut
3435 4010 3606 4079 typus
3645 4000 3882 4060 Dominicis

2311 4100 2604 4173 passionis,
2649 4099 2729 4154 ita
2773 4099 2945 4154 etiam
2989 4100 3266 4170 gravium,
3315 4117 3455 4172 quas
3489 4101 3669 4156 Judmi
3707 4092 3886 4153 commi-

2313 4200 2524 4264 serant,
2555 4193 2872 4250 testiﬁcatio
2898 4198 3265 4265 peccatorum
3294 4204 3410 4249 est.
3440 4195 3623 4252 Simul
3650 4192 3881 4248 advertere

2314 4290 2462 4352 licet,
2503 4295 2561 4344 et
2594 4289 2913 4361 majestatis
2943 4289 3257 4357 oraculum,
3293 4292 3355 4345 et
3386 4289 3618 4362 pietatis
3655 4284 3899 4362 indicium.)

2315 4400 2566 4456 namque
2593 4382 2966 4437 Ninivitarum
3002 4384 3265 4454 exemplo
3309 4387 3373 4438 et
3400 4382 3763 4439 denuntiatur
3788 4389 3883 4441 sup-

2309 4571 2487 4626 Judaai
2520 4570 2729 4626 debent
2755 4586 2868 4624 non
2889 4571 3194 4641 desperare
3220 4570 3672 4643 indulgentiam,
3692 4567 3735 4620 si
3760 4561 3884 4619 velint

2310 4682 2480 4737 agere
2519 4664 2935 4737 paenitentiam.

2383 4761 2556 4830 (Vers.
2610 4762 2720 4827 33.)
2774 4762 2937 4817 Nemo
2984 4760 3255 4814 lucernam
3313 4760 3571 4815 accendit
3620 4763 3666 4811 et
3713 4757 3762 4808 in
3796 4750 3899 4833 abs-3

2308 4855 2521 4910 condito
2554 4856 2732 4924 ponit,
2762 4869 2931 4924 neque
2961 4854 3058 4908 sub
3095 4854 3297 4915 modio,
3345 4855 3447 4910 sed
3486 4868 3653 4923 supra
3687 4844 3899 4929 camth1

2308 4949 2479 5002 brum.
3898 4976 3899 5021 ι

2379 5040 2465 5092 98.
2511 5040 2659 5108 Ergo
2696 5037 2830 5108 quia
2872 5036 2931 5090 in
2976 5036 3375 5107 superioribus
3422 5033 3712 5091 Ecclesiam

2308 5142 2473 5199 gogm
2492 5126 2763 5198 praetulit,
2787 5126 3047 5181 hortatur
3064 5142 3169 5180 nos
3189 5130 3253 5181 ut
3272 5127 3457 5182 ﬁdem
3478 5126 3664 5197 potius
3681 5124 3877 5177 nostrain

2305 5217 2377 5271 ad
2430 5216 2731 5272 Ecclesium
2789 5217 3230 5286 transferamus;
3291 5218 3535 5272 lucerna
3584 5214 3724 5269 enim
3774 5204 3899 5269 tidesi

2304 5311 2408 5375 est,
2447 5307 2611 5377 juxta
2656 5305 2806 5376 quod
2849 5306 3121 5377 scriptum
3161 5311 3291 5361 est:
3337 5327 3366 5355 «
3399 5306 3648 5360 Lucerna
3688 5295 3899 5370 pedibus;

2298 5397 2447 5453 meis
2483 5396 2718 5451 verbum
2758 5403 2943 5463 tuum,
2983 5397 3217 5452 Domine
3259 5396 3438 5467 (Psal.
3479 5410 3655 5459 CXVIII,
3698 5387 3827 5455 t05);
3852 5388 3899 5455 »ξ

2301 5486 2538 5541 verbum
2569 5485 2723 5540 enim
2754 5486 2847 5540 Dei
2873 5485 3017 5540 ﬁdes
3041 5492 3239 5541 nostra
3265 5489 3379 5554 est,
3406 5484 3635 5540 verbum
3666 5478 3752 5533 Dei
3778 5475 3867 5535 lux:

2302 5576 2537 5631 lucerna
2579 5579 2665 5631 est
2704 5574 2865 5643 fides,
2910 5595 2939 5624 ‹‹
2976 5576 3111 5629 Erat
3152 5576 3247 5629 lux
3280 5590 3441 5642 vera,
3477 5588 3596 5646 quae
3636 5561 3870 5625 illuminat

2304 5681 2535 5720 omnem
2588 5664 2886 5720 hominem
2940 5665 3261 5720 venientem
3316 5664 3375 5719 in
3440 5663 3583 5718 hunc
3635 5653 3899 5720 mundum)
