  <div class='ocr_page' id='page_1' title='image "/cluster/home/n/w/nwhite01/storage/ocr_20150623/15/hvd.32044048207278/288.png"; bbox 0 0 3972 6174; ppageno 0'>
   <div class='ocr_carea' id='block_1_1' title="bbox 81 303 242 355">
    <p class='ocr_par' dir='ltr' id='par_1_1' title="bbox 81 303 242 355">
     <span class='ocr_line' id='line_1_1' title="bbox 81 303 242 355; baseline -0.025 0"><span class='ocrx_word' id='word_1_1' title='bbox 81 338 84 340; x_wconf 97' lang='grc'><strong>-</strong></span> <span class='ocrx_word' id='word_1_2' title='bbox 140 303 242 355; x_wconf 84' lang='grc'><strong>1813</strong></span> 
     </span>
    </p>
   </div>
   <div class='ocr_carea' id='block_1_2' title="bbox 1181 291 2337 348">
    <p class='ocr_par' dir='ltr' id='par_1_2' title="bbox 1181 291 2337 348">
     <span class='ocr_line' id='line_1_2' title="bbox 1181 291 2337 348; baseline 0.001 -1"><span class='ocrx_word' id='word_1_3' title='bbox 1181 292 1645 347; x_wconf 79' lang='grc' dir='ltr'><strong>ΕΧΡο81Τ1οΝ18</strong></span> <span class='ocrx_word' id='word_1_4' title='bbox 1684 291 1751 346; x_wconf 83' lang='grc' dir='ltr'>ΙΝ</span> <span class='ocrx_word' id='word_1_5' title='bbox 1793 293 2015 348; x_wconf 84' lang='lat' dir='ltr'><strong>LUCAM</strong></span> <span class='ocrx_word' id='word_1_6' title='bbox 2058 294 2182 348; x_wconf 78' lang='lat' dir='ltr'><strong>LIB.</strong></span> <span class='ocrx_word' id='word_1_7' title='bbox 2227 295 2337 348; x_wconf 90' lang='lat' dir='ltr'><strong>Vll.</strong></span> 
     </span>
    </p>
   </div>
   <div class='ocr_carea' id='block_1_3' title="bbox 3307 295 3443 350">
    <p class='ocr_par' dir='ltr' id='par_1_3' title="bbox 3307 295 3443 350">
     <span class='ocr_line' id='line_1_3' title="bbox 3307 295 3443 350; baseline 0.007 -3"><span class='ocrx_word' id='word_1_8' title='bbox 3307 295 3443 350; x_wconf 75' lang='grc'><strong>1814</strong></span> 
     </span>
    </p>
   </div>
   <div class='ocr_carea' id='block_1_4' title="bbox 131 421 3440 506">
    <p class='ocr_par' dir='ltr' id='par_1_4' title="bbox 131 421 3440 506">
     <span class='ocr_line' id='line_1_4' title="bbox 131 421 3440 506; baseline -0.002 -24"><span class='ocrx_word' id='word_1_9' title='bbox 131 429 292 497; x_wconf 82' lang='lat' dir='ltr'><strong>(Joan.,</strong></span> <span class='ocrx_word' id='word_1_10' title='bbox 330 440 365 490; x_wconf 82' lang='lat'><strong>1,</strong></span> <span class='ocrx_word' id='word_1_11' title='bbox 411 425 484 490; x_wconf 89' lang='lat'><strong>9).</strong></span> <span class='ocrx_word' id='word_1_12' title='bbox 514 443 540 470; x_wconf 69' lang='grc' dir='ltr'>»ι</span> <span class='ocrx_word' id='word_1_13' title='bbox 581 423 834 477; x_wconf 83' lang='lat' dir='ltr'><strong>Lucerna</strong></span> <span class='ocrx_word' id='word_1_14' title='bbox 863 425 1066 486; x_wconf 80' lang='lat' dir='ltr'><strong>autem</strong></span> <span class='ocrx_word' id='word_1_15' title='bbox 1113 425 1299 478; x_wconf 88' lang='lat' dir='ltr'><strong>lucere</strong></span> <span class='ocrx_word' id='word_1_16' title='bbox 1345 439 1459 476; x_wconf 90' lang='lat' dir='ltr'><strong>non</strong></span> <span class='ocrx_word' id='word_1_17' title='bbox 1499 426 1703 492; x_wconf 81' lang='lat' dir='ltr'><strong>potest,</strong></span> <span class='ocrx_word' id='word_1_18' title='bbox 1730 423 1982 506; x_wconf 78' lang='lat' dir='ltr'><strong>Alocus,</strong></span> <span class='ocrx_word' id='word_1_19' title='bbox 2013 430 2075 478; x_wconf 87' lang='lat' dir='ltr'><strong>ut</strong></span> <span class='ocrx_word' id='word_1_20' title='bbox 2115 425 2389 495; x_wconf 88' lang='lat' dir='ltr'><strong>quoniam</strong></span> <span class='ocrx_word' id='word_1_21' title='bbox 2428 439 2530 478; x_wconf 90' lang='lat' dir='ltr'><strong>nos</strong></span> <span class='ocrx_word' id='word_1_22' title='bbox 2565 423 2634 479; x_wconf 91' lang='lat' dir='ltr'><strong>ad</strong></span> <span class='ocrx_word' id='word_1_23' title='bbox 2665 424 2913 479; x_wconf 89' lang='lat' dir='ltr'><strong>studium</strong></span> <span class='ocrx_word' id='word_1_24' title='bbox 2953 421 3326 493; x_wconf 81' lang='lat' dir='ltr'><strong>simplicitatis</strong></span> <span class='ocrx_word' id='word_1_25' title='bbox 3351 421 3440 477; x_wconf 91' lang='lat' dir='ltr'><strong>in-</strong></span> 
     </span>
    </p>
   </div>
   <div class='ocr_carea' id='block_1_5' title="bbox 131 514 1706 588">
    <p class='ocr_par' dir='ltr' id='par_1_5' title="bbox 131 514 1706 588">
     <span class='ocr_line' id='line_1_5' title="bbox 131 514 1706 588; baseline -0.003 -15"><span class='ocrx_word' id='word_1_26' title='bbox 131 520 215 575; x_wconf 84' lang='lat' dir='ltr'><strong>nisi</strong></span> <span class='ocrx_word' id='word_1_27' title='bbox 253 515 469 572; x_wconf 80' lang='lat' dir='ltr'><strong>aliunde</strong></span> <span class='ocrx_word' id='word_1_28' title='bbox 520 517 716 570; x_wconf 87' lang='lat' dir='ltr'><strong>lumen</strong></span> <span class='ocrx_word' id='word_1_29' title='bbox 777 516 1076 588; x_wconf 90' lang='lat' dir='ltr'><strong>acceperit.</strong></span> <span class='ocrx_word' id='word_1_30' title='bbox 1133 514 1390 588; x_wconf 75' lang='grc'><strong>1434</strong></span> <span class='ocrx_word' id='word_1_31' title='bbox 1441 517 1567 570; x_wconf 69' lang='lat' dir='ltr'><strong>Haec</strong></span> <span class='ocrx_word' id='word_1_32' title='bbox 1623 518 1706 569; x_wconf 92' lang='lat' dir='ltr'><strong>est</strong></span> 
     </span>
    </p>
   </div>
   <div class='ocr_carea' id='block_1_6' title="bbox 127 609 1709 682">
    <p class='ocr_par' dir='ltr' id='par_1_6' title="bbox 127 609 1709 682">
     <span class='ocr_line' id='line_1_6' title="bbox 127 609 1709 682; baseline -0.003 -14"><span class='ocrx_word' id='word_1_33' title='bbox 127 615 320 668; x_wconf 88' lang='lat' dir='ltr'><strong>lucerna</strong></span> <span class='ocrx_word' id='word_1_34' title='bbox 343 626 464 682; x_wconf 66' lang='lat' dir='ltr'><strong>qua:</strong></span> <span class='ocrx_word' id='word_1_35' title='bbox 491 610 836 678; x_wconf 81' lang='lat' dir='ltr'><strong>accenditur,</strong></span> <span class='ocrx_word' id='word_1_36' title='bbox 872 609 1046 664; x_wconf 89' lang='lat' dir='ltr'><strong>virtus</strong></span> <span class='ocrx_word' id='word_1_37' title='bbox 1077 609 1288 664; x_wconf 85' lang='lat' dir='ltr'><strong>scilicet</strong></span> <span class='ocrx_word' id='word_1_38' title='bbox 1313 612 1522 664; x_wconf 77' lang='lat' dir='ltr'><strong>nostrae</strong></span> <span class='ocrx_word' id='word_1_39' title='bbox 1555 625 1709 664; x_wconf 85' lang='lat' dir='ltr'><strong>mcn-</strong></span> 
     </span>
    </p>
   </div>
   <div class='ocr_carea' id='block_1_7' title="bbox 130 702 1703 774">
    <p class='ocr_par' dir='ltr' id='par_1_7' title="bbox 130 702 1703 774">
     <span class='ocr_line' id='line_1_7' title="bbox 130 702 1703 774; baseline -0.003 -14"><span class='ocrx_word' id='word_1_40' title='bbox 130 709 181 761; x_wconf 87' lang='lat' dir='ltr'><strong>tis</strong></span> <span class='ocrx_word' id='word_1_41' title='bbox 205 708 254 759; x_wconf 89' lang='lat' dir='ltr'><strong>et</strong></span> <span class='ocrx_word' id='word_1_42' title='bbox 277 719 483 770; x_wconf 88' lang='lat' dir='ltr'><strong>sensus,</strong></span> <span class='ocrx_word' id='word_1_43' title='bbox 511 709 572 757; x_wconf 90' lang='lat' dir='ltr'><strong>ut</strong></span> <span class='ocrx_word' id='word_1_44' title='bbox 601 718 714 757; x_wconf 90' lang='lat' dir='ltr'><strong>una</strong></span> <span class='ocrx_word' id='word_1_45' title='bbox 755 703 852 756; x_wconf 90' lang='lat' dir='ltr'><strong>illa</strong></span> <span class='ocrx_word' id='word_1_46' title='bbox 889 702 1066 773; x_wconf 82' lang='lat' dir='ltr'><strong>possit</strong></span> <span class='ocrx_word' id='word_1_47' title='bbox 1091 719 1216 774; x_wconf 71' lang='lat' dir='ltr'><strong>quae</strong></span> <span class='ocrx_word' id='word_1_48' title='bbox 1247 703 1509 774; x_wconf 87' lang='lat' dir='ltr'><strong>perierat,</strong></span> <span class='ocrx_word' id='word_1_49' title='bbox 1543 719 1703 772; x_wconf 90' lang='lat' dir='ltr'><strong>repe-</strong></span> 
     </span>
    </p>
   </div>
   <div class='ocr_carea' id='block_1_8' title="bbox 127 796 1708 868">
    <p class='ocr_par' dir='ltr' id='par_1_8' title="bbox 127 796 1708 868">
     <span class='ocr_line' id='line_1_8' title="bbox 127 796 1708 868; baseline -0.004 -13"><span class='ocrx_word' id='word_1_50' title='bbox 127 800 205 855; x_wconf 88' lang='lat' dir='ltr'><strong>riri</strong></span> <span class='ocrx_word' id='word_1_51' title='bbox 229 801 382 866; x_wconf 64' lang='lat' dir='ltr'><strong>(Luc,</strong></span> <span class='ocrx_word' id='word_1_52' title='bbox 411 813 497 863; x_wconf 83' lang='lat' dir='ltr'><strong>xv,</strong></span> <span class='ocrx_word' id='word_1_53' title='bbox 531 797 605 867; x_wconf 93' lang='lat'><strong>8).</strong></span> <span class='ocrx_word' id='word_1_54' title='bbox 633 797 810 851; x_wconf 89' lang='lat' dir='ltr'><strong>Nemo</strong></span> <span class='ocrx_word' id='word_1_55' title='bbox 841 813 979 868; x_wconf 90' lang='lat' dir='ltr'><strong>ergo</strong></span> <span class='ocrx_word' id='word_1_56' title='bbox 1008 797 1180 850; x_wconf 85' lang='lat' dir='ltr'><strong>ﬁdem</strong></span> <span class='ocrx_word' id='word_1_57' title='bbox 1207 796 1312 850; x_wconf 88' lang='lat' dir='ltr'><strong>sub</strong></span> <span class='ocrx_word' id='word_1_58' title='bbox 1346 798 1474 867; x_wconf 83' lang='lat' dir='ltr'><strong>lege</strong></span> <span class='ocrx_word' id='word_1_59' title='bbox 1504 796 1708 850; x_wconf 90' lang='lat' dir='ltr'><strong>consti-</strong></span> 
     </span>
    </p>
   </div>
   <div class='ocr_carea' id='block_1_9' title="bbox 127 889 1703 958">
    <p class='ocr_par' dir='ltr' id='par_1_9' title="bbox 127 889 1703 958">
     <span class='ocr_line' id='line_1_9' title="bbox 127 889 1703 958; baseline -0.003 -11"><span class='ocrx_word' id='word_1_60' title='bbox 127 899 246 958; x_wconf 87' lang='lat' dir='ltr'><strong>tuat;</strong></span> <span class='ocrx_word' id='word_1_61' title='bbox 277 893 362 945; x_wconf 83' lang='lat' dir='ltr'><strong>lux</strong></span> <span class='ocrx_word' id='word_1_62' title='bbox 393 891 548 944; x_wconf 90' lang='lat' dir='ltr'><strong>enim</strong></span> <span class='ocrx_word' id='word_1_63' title='bbox 582 889 728 945; x_wconf 88' lang='lat' dir='ltr'><strong>intra</strong></span> <span class='ocrx_word' id='word_1_64' title='bbox 768 907 1101 945; x_wconf 85' lang='lat' dir='ltr'><strong>mensuram</strong></span> <span class='ocrx_word' id='word_1_65' title='bbox 1145 894 1251 953; x_wconf 86' lang='lat' dir='ltr'><strong>est,</strong></span> <span class='ocrx_word' id='word_1_66' title='bbox 1283 891 1433 944; x_wconf 90' lang='lat' dir='ltr'><strong>ultra</strong></span> <span class='ocrx_word' id='word_1_67' title='bbox 1476 906 1703 944; x_wconf 90' lang='lat' dir='ltr'><strong>mensu-</strong></span> 
     </span>
    </p>
   </div>
   <div class='ocr_carea' id='block_1_10' title="bbox 124 983 1708 1056">
    <p class='ocr_par' dir='ltr' id='par_1_10' title="bbox 124 983 1708 1056">
     <span class='ocr_line' id='line_1_10' title="bbox 124 983 1708 1056; baseline -0.003 -14"><span class='ocrx_word' id='word_1_68' title='bbox 124 1003 219 1042; x_wconf 88' lang='lat' dir='ltr'><strong>ram</strong></span> <span class='ocrx_word' id='word_1_69' title='bbox 243 985 428 1056; x_wconf 86' lang='lat' dir='ltr'><strong>gratia,</strong></span> <span class='ocrx_word' id='word_1_70' title='bbox 458 983 550 1038; x_wconf 81' lang='lat' dir='ltr'><strong>lex</strong></span> <span class='ocrx_word' id='word_1_71' title='bbox 587 984 914 1050; x_wconf 80' lang='lat' dir='ltr'><strong>obumbrat,</strong></span> <span class='ocrx_word' id='word_1_72' title='bbox 946 984 1133 1054; x_wconf 90' lang='lat' dir='ltr'><strong>gratia</strong></span> <span class='ocrx_word' id='word_1_73' title='bbox 1157 983 1448 1038; x_wconf 84' lang='lat' dir='ltr'><strong>clariﬁcat.</strong></span> <span class='ocrx_word' id='word_1_74' title='bbox 1485 986 1552 1039; x_wconf 79' lang='lat' dir='ltr'><strong>Et</strong></span> <span class='ocrx_word' id='word_1_75' title='bbox 1580 983 1708 1038; x_wconf 91' lang='lat' dir='ltr'><strong>ideo</strong></span> 
     </span>
    </p>
   </div>
   <div class='ocr_carea' id='block_1_11' title="bbox 125 1076 1705 1148">
    <p class='ocr_par' dir='ltr' id='par_1_11' title="bbox 125 1076 1705 1148">
     <span class='ocr_line' id='line_1_11' title="bbox 125 1076 1705 1148; baseline -0.003 -14"><span class='ocrx_word' id='word_1_76' title='bbox 125 1094 265 1134; x_wconf 90' lang='lat' dir='ltr'><strong>nemo</strong></span> <span class='ocrx_word' id='word_1_77' title='bbox 291 1077 459 1132; x_wconf 86' lang='lat' dir='ltr'><strong>ﬁdem</strong></span> <span class='ocrx_word' id='word_1_78' title='bbox 491 1093 652 1132; x_wconf 91' lang='lat' dir='ltr'><strong>suam</strong></span> <span class='ocrx_word' id='word_1_79' title='bbox 693 1076 844 1130; x_wconf 91' lang='lat' dir='ltr'><strong>intra</strong></span> <span class='ocrx_word' id='word_1_80' title='bbox 876 1093 1210 1131; x_wconf 85' lang='lat' dir='ltr'><strong>mensuram</strong></span> <span class='ocrx_word' id='word_1_81' title='bbox 1259 1077 1404 1148; x_wconf 90' lang='lat' dir='ltr'><strong>legis</strong></span> <span class='ocrx_word' id='word_1_82' title='bbox 1435 1077 1705 1142; x_wconf 84' lang='lat' dir='ltr'><strong>includat,</strong></span> 
     </span>
    </p>
   </div>
   <div class='ocr_carea' id='block_1_12' title="bbox 125 1170 1709 1242">
    <p class='ocr_par' dir='ltr' id='par_1_12' title="bbox 125 1170 1709 1242">
     <span class='ocr_line' id='line_1_12' title="bbox 125 1170 1709 1242; baseline -0.003 -14"><span class='ocrx_word' id='word_1_83' title='bbox 125 1174 197 1228; x_wconf 85' lang='lat' dir='ltr'><strong>sed</strong></span> <span class='ocrx_word' id='word_1_84' title='bbox 242 1172 305 1226; x_wconf 90' lang='lat' dir='ltr'><strong>ad</strong></span> <span class='ocrx_word' id='word_1_85' title='bbox 355 1171 660 1226; x_wconf 85' lang='lat' dir='ltr'><strong>Ecclesiam</strong></span> <span class='ocrx_word' id='word_1_86' title='bbox 723 1171 1016 1237; x_wconf 83' lang='lat' dir='ltr'><strong>conferat,</strong></span> <span class='ocrx_word' id='word_1_87' title='bbox 1077 1170 1137 1224; x_wconf 89' lang='lat' dir='ltr'><strong>in</strong></span> <span class='ocrx_word' id='word_1_88' title='bbox 1187 1187 1297 1242; x_wconf 88' lang='lat' dir='ltr'><strong>qua</strong></span> <span class='ocrx_word' id='word_1_89' title='bbox 1361 1170 1709 1241; x_wconf 83' lang='lat' dir='ltr'><strong>septiformis</strong></span> 
     </span>
    </p>
   </div>
   <div class='ocr_carea' id='block_1_13' title="bbox 122 1263 1704 1338">
    <p class='ocr_par' dir='ltr' id='par_1_13' title="bbox 122 1263 1704 1338">
     <span class='ocr_line' id='line_1_13' title="bbox 122 1263 1704 1338; baseline -0.002 -18"><span class='ocrx_word' id='word_1_90' title='bbox 122 1266 319 1338; x_wconf 83' lang='lat' dir='ltr'><strong>Spiritus</strong></span> <span class='ocrx_word' id='word_1_91' title='bbox 344 1266 561 1319; x_wconf 80' lang='lat' dir='ltr'><strong>relucet</strong></span> <span class='ocrx_word' id='word_1_92' title='bbox 591 1265 796 1336; x_wconf 89' lang='lat' dir='ltr'><strong>gratia,</strong></span> <span class='ocrx_word' id='word_1_93' title='bbox 831 1281 1003 1336; x_wconf 93' lang='lat' dir='ltr'><strong>quam</strong></span> <span class='ocrx_word' id='word_1_94' title='bbox 1033 1263 1296 1335; x_wconf 87' lang='lat' dir='ltr'><strong>princeps</strong></span> <span class='ocrx_word' id='word_1_95' title='bbox 1323 1264 1418 1318; x_wconf 89' lang='lat' dir='ltr'><strong>ille</strong></span> <span class='ocrx_word' id='word_1_96' title='bbox 1445 1264 1704 1318; x_wconf 89' lang='lat' dir='ltr'><strong>sacerdo-</strong></span> 
     </span>
    </p>
   </div>
   <div class='ocr_carea' id='block_1_14' title="bbox 121 1357 1709 1430">
    <p class='ocr_par' dir='ltr' id='par_1_14' title="bbox 121 1357 1709 1430">
     <span class='ocr_line' id='line_1_14' title="bbox 121 1357 1709 1430; baseline -0.001 -17"><span class='ocrx_word' id='word_1_97' title='bbox 121 1365 216 1413; x_wconf 87' lang='lat' dir='ltr'><strong>tum</strong></span> <span class='ocrx_word' id='word_1_98' title='bbox 237 1359 445 1430; x_wconf 78' lang='lat' dir='ltr'><strong>fulgore</strong></span> <span class='ocrx_word' id='word_1_99' title='bbox 485 1374 750 1429; x_wconf 68' lang='lat' dir='ltr'><strong>supernae</strong></span> <span class='ocrx_word' id='word_1_100' title='bbox 799 1357 1108 1413; x_wconf 81' lang='lat' dir='ltr'><strong>divinitatis</strong></span> <span class='ocrx_word' id='word_1_101' title='bbox 1137 1357 1442 1424; x_wconf 84' lang='lat' dir='ltr'><strong>illuminat,</strong></span> <span class='ocrx_word' id='word_1_102' title='bbox 1477 1374 1548 1412; x_wconf 90' lang='lat' dir='ltr'><strong>ne</strong></span> <span class='ocrx_word' id='word_1_103' title='bbox 1579 1373 1709 1411; x_wconf 90' lang='lat' dir='ltr'><strong>eam</strong></span> 
     </span>
    </p>
   </div>
   <div class='ocr_carea' id='block_1_15' title="bbox 123 1453 813 1524">
    <p class='ocr_par' dir='ltr' id='par_1_15' title="bbox 123 1453 813 1524">
     <span class='ocr_line' id='line_1_15' title="bbox 123 1453 813 1524; baseline -0.001 -18"><span class='ocrx_word' id='word_1_104' title='bbox 123 1453 233 1524; x_wconf 85' lang='lat' dir='ltr'><strong>legis</strong></span> <span class='ocrx_word' id='word_1_105' title='bbox 257 1453 452 1507; x_wconf 89' lang='lat' dir='ltr'><strong>umbra</strong></span> <span class='ocrx_word' id='word_1_106' title='bbox 473 1453 813 1524; x_wconf 84' lang='lat' dir='ltr'><strong>restinguat.</strong></span> 
     </span>
    </p>
   </div>
   <div class='ocr_carea' id='block_1_16' title="bbox 172 1546 1705 1618">
    <p class='ocr_par' dir='ltr' id='par_1_16' title="bbox 172 1546 1705 1618">
     <span class='ocr_line' id='line_1_16' title="bbox 172 1546 1705 1618; baseline -0.001 -17"><span class='ocrx_word' id='word_1_107' title='bbox 172 1549 244 1601; x_wconf 93' lang='lat'><strong>99.</strong></span> <span class='ocrx_word' id='word_1_108' title='bbox 282 1547 529 1618; x_wconf 86' lang='lat' dir='ltr'><strong>Denique</strong></span> <span class='ocrx_word' id='word_1_109' title='bbox 560 1548 791 1601; x_wconf 92' lang='lat' dir='ltr'><strong>lucerna</strong></span> <span class='ocrx_word' id='word_1_110' title='bbox 818 1546 915 1600; x_wconf 91' lang='lat' dir='ltr'><strong>illa</strong></span> <span class='ocrx_word' id='word_1_111' title='bbox 944 1563 1117 1618; x_wconf 81' lang='lat' dir='ltr'><strong>quam</strong></span> <span class='ocrx_word' id='word_1_112' title='bbox 1151 1546 1450 1601; x_wconf 84' lang='lat' dir='ltr'><strong>matutinis</strong></span> <span class='ocrx_word' id='word_1_113' title='bbox 1476 1561 1705 1617; x_wconf 90' lang='lat' dir='ltr'><strong>vesper-</strong></span> 
     </span>
    </p>
   </div>
   <div class='ocr_carea' id='block_1_17' title="bbox 121 1639 1710 1712">
    <p class='ocr_par' dir='ltr' id='par_1_17' title="bbox 121 1639 1710 1712">
     <span class='ocr_line' id='line_1_17' title="bbox 121 1639 1710 1712; baseline 0 -18"><span class='ocrx_word' id='word_1_114' title='bbox 121 1641 322 1712; x_wconf 88' lang='lat' dir='ltr'><strong>tinisque</strong></span> <span class='ocrx_word' id='word_1_115' title='bbox 365 1640 740 1711; x_wconf 86' lang='lat' dir='ltr'><strong>temporibus,</strong></span> <span class='ocrx_word' id='word_1_116' title='bbox 785 1641 894 1695; x_wconf 87' lang='lat' dir='ltr'><strong>ritu</strong></span> <span class='ocrx_word' id='word_1_117' title='bbox 941 1641 1115 1694; x_wconf 86' lang='lat' dir='ltr'><strong>veteri</strong></span> <span class='ocrx_word' id='word_1_118' title='bbox 1155 1640 1505 1707; x_wconf 73' lang='lat' dir='ltr'><strong>Iudaeorum,</strong></span> <span class='ocrx_word' id='word_1_119' title='bbox 1550 1639 1710 1710; x_wconf 90' lang='lat' dir='ltr'><strong>prin-</strong></span> 
     </span>
    </p>
   </div>
   <div class='ocr_carea' id='block_1_18' title="bbox 120 1733 1706 1808">
    <p class='ocr_par' dir='ltr' id='par_1_18' title="bbox 120 1733 1706 1808">
     <span class='ocr_line' id='line_1_18' title="bbox 120 1733 1706 1808; baseline -0.002 -18"><span class='ocrx_word' id='word_1_120' title='bbox 120 1752 222 1808; x_wconf 84' lang='lat' dir='ltr'><strong>ceps</strong></span> <span class='ocrx_word' id='word_1_121' title='bbox 259 1735 607 1790; x_wconf 87' lang='lat' dir='ltr'><strong>sacerdotum</strong></span> <span class='ocrx_word' id='word_1_122' title='bbox 653 1733 874 1789; x_wconf 87' lang='lat' dir='ltr'><strong>solebat</strong></span> <span class='ocrx_word' id='word_1_123' title='bbox 923 1735 1236 1789; x_wconf 87' lang='lat' dir='ltr'><strong>accendere</strong></span> <span class='ocrx_word' id='word_1_124' title='bbox 1287 1735 1502 1802; x_wconf 62' lang='grc' dir='ltr'><strong>(Εωοάη</strong></span> <span class='ocrx_word' id='word_1_125' title='bbox 1545 1751 1706 1798; x_wconf 83' lang='lat' dir='ltr'><strong>xxvn,</strong></span> 
     </span>
    </p>
   </div>
   <div class='ocr_carea' id='block_1_19' title="bbox 1809 514 3435 588">
    <p class='ocr_par' dir='ltr' id='par_1_19' title="bbox 1809 514 3435 588">
     <span class='ocr_line' id='line_1_19' title="bbox 1809 514 3435 588; baseline 0.001 -20"><span class='ocrx_word' id='word_1_126' title='bbox 1809 517 1968 582; x_wconf 87' lang='lat' dir='ltr'><strong>vitat,</strong></span> <span class='ocrx_word' id='word_1_127' title='bbox 2009 517 2295 588; x_wconf 85' lang='lat' dir='ltr'><strong>superﬂua</strong></span> <span class='ocrx_word' id='word_1_128' title='bbox 2332 517 2659 572; x_wconf 66' lang='lat' dir='ltr'><strong>Iudaeorum</strong></span> <span class='ocrx_word' id='word_1_129' title='bbox 2697 520 2753 570; x_wconf 91' lang='lat' dir='ltr'><strong>et</strong></span> <span class='ocrx_word' id='word_1_130' title='bbox 2793 520 3029 570; x_wconf 87' lang='lat' dir='ltr'><strong>terrena</strong></span> <span class='ocrx_word' id='word_1_131' title='bbox 3068 514 3435 581; x_wconf 85' lang='lat' dir='ltr'><strong>condemnet,</strong></span> 
     </span>
    </p>
   </div>
   <div class='ocr_carea' id='block_1_20' title="bbox 1808 609 3437 681">
    <p class='ocr_par' dir='ltr' id='par_1_20' title="bbox 1808 609 3437 681">
     <span class='ocr_line' id='line_1_20' title="bbox 1808 609 3437 681; baseline -0.001 -18"><span class='ocrx_word' id='word_1_132' title='bbox 1808 609 1904 681; x_wconf 89' lang='lat' dir='ltr'><strong>qui</strong></span> <span class='ocrx_word' id='word_1_133' title='bbox 1945 611 2254 666; x_wconf 89' lang='lat' dir='ltr'><strong>secundum</strong></span> <span class='ocrx_word' id='word_1_134' title='bbox 2293 627 2496 681; x_wconf 90' lang='lat' dir='ltr'><strong>corpus</strong></span> <span class='ocrx_word' id='word_1_135' title='bbox 2534 609 2910 680; x_wconf 91' lang='lat' dir='ltr'><strong>intelligendo</strong></span> <span class='ocrx_word' id='word_1_136' title='bbox 2950 625 3076 679; x_wconf 86' lang='lat' dir='ltr'><strong>quae</strong></span> <span class='ocrx_word' id='word_1_137' title='bbox 3107 609 3249 678; x_wconf 80' lang='lat' dir='ltr'><strong>legis</strong></span> <span class='ocrx_word' id='word_1_138' title='bbox 3288 614 3437 674; x_wconf 91' lang='lat' dir='ltr'><strong>sunt,</strong></span> 
     </span>
    </p>
   </div>
   <div class='ocr_carea' id='block_1_21' title="bbox 1809 701 3437 776">
    <p class='ocr_par' dir='ltr' id='par_1_21' title="bbox 1809 701 3437 776">
     <span class='ocr_line' id='line_1_21' title="bbox 1809 701 3437 776; baseline 0 -20"><span class='ocrx_word' id='word_1_139' title='bbox 1809 704 1956 758; x_wconf 91' lang='lat' dir='ltr'><strong>vitro</strong></span> <span class='ocrx_word' id='word_1_140' title='bbox 1999 710 2054 758; x_wconf 91' lang='lat' dir='ltr'><strong>et</strong></span> <span class='ocrx_word' id='word_1_141' title='bbox 2092 705 2274 758; x_wconf 90' lang='lat' dir='ltr'><strong>catino</strong></span> <span class='ocrx_word' id='word_1_142' title='bbox 2315 709 2548 776; x_wconf 91' lang='lat' dir='ltr'><strong>propter</strong></span> <span class='ocrx_word' id='word_1_143' title='bbox 2581 704 2945 775; x_wconf 84' lang='lat' dir='ltr'><strong>fragilitatem</strong></span> <span class='ocrx_word' id='word_1_144' title='bbox 2977 703 3062 757; x_wconf 91' lang='lat' dir='ltr'><strong>sui</strong></span> <span class='ocrx_word' id='word_1_145' title='bbox 3095 718 3207 756; x_wconf 92' lang='lat' dir='ltr'><strong>non</strong></span> <span class='ocrx_word' id='word_1_146' title='bbox 3239 701 3437 756; x_wconf 89' lang='lat' dir='ltr'><strong>imme-</strong></span> 
     </span>
    </p>
   </div>
   <div class='ocr_carea' id='block_1_22' title="bbox 1809 795 3443 869">
    <p class='ocr_par' dir='ltr' id='par_1_22' title="bbox 1809 795 3443 869">
     <span class='ocr_line' id='line_1_22' title="bbox 1809 795 3443 869; baseline -0.002 -17"><span class='ocrx_word' id='word_1_147' title='bbox 1809 799 1920 852; x_wconf 89' lang='lat' dir='ltr'><strong>rito</strong></span> <span class='ocrx_word' id='word_1_148' title='bbox 1949 804 2383 869; x_wconf 85' lang='lat' dir='ltr'><strong>comparantur;</strong></span> <span class='ocrx_word' id='word_1_149' title='bbox 2418 803 2475 854; x_wconf 90' lang='lat' dir='ltr'><strong>et</strong></span> <span class='ocrx_word' id='word_1_150' title='bbox 2511 815 2580 852; x_wconf 91' lang='lat' dir='ltr'><strong>ea</strong></span> <span class='ocrx_word' id='word_1_151' title='bbox 2611 799 2679 852; x_wconf 91' lang='lat' dir='ltr'><strong>de</strong></span> <span class='ocrx_word' id='word_1_152' title='bbox 2709 797 2917 869; x_wconf 91' lang='lat' dir='ltr'><strong>quibus</strong></span> <span class='ocrx_word' id='word_1_153' title='bbox 2947 796 3108 851; x_wconf 85' lang='lat' dir='ltr'><strong>nobis</strong></span> <span class='ocrx_word' id='word_1_154' title='bbox 3138 795 3331 850; x_wconf 91' lang='lat' dir='ltr'><strong>nullus</strong></span> <span class='ocrx_word' id='word_1_155' title='bbox 3359 799 3443 849; x_wconf 90' lang='lat' dir='ltr'><strong>est</strong></span> 
     </span>
    </p>
   </div>
   <div class='ocr_carea' id='block_1_23' title="bbox 1811 889 3441 962">
    <p class='ocr_par' dir='ltr' id='par_1_23' title="bbox 1811 889 3441 962">
     <span class='ocr_line' id='line_1_23' title="bbox 1811 889 3441 962; baseline -0.002 -16"><span class='ocrx_word' id='word_1_156' title='bbox 1811 908 1966 960; x_wconf 91' lang='lat' dir='ltr'><strong>usus,</strong></span> <span class='ocrx_word' id='word_1_157' title='bbox 2013 892 2353 957; x_wconf 79' lang='lat' dir='ltr'><strong>observant;</strong></span> <span class='ocrx_word' id='word_1_158' title='bbox 2395 909 2462 946; x_wconf 93' lang='lat' dir='ltr'><strong>ea</strong></span> <span class='ocrx_word' id='word_1_159' title='bbox 2499 895 2693 946; x_wconf 88' lang='lat' dir='ltr'><strong>autem</strong></span> <span class='ocrx_word' id='word_1_160' title='bbox 2733 891 2791 946; x_wconf 89' lang='lat' dir='ltr'><strong>in</strong></span> <span class='ocrx_word' id='word_1_161' title='bbox 2831 891 3036 962; x_wconf 90' lang='lat' dir='ltr'><strong>quibus</strong></span> <span class='ocrx_word' id='word_1_162' title='bbox 3077 895 3286 945; x_wconf 77' lang='lat' dir='ltr'><strong>nostrae</strong></span> <span class='ocrx_word' id='word_1_163' title='bbox 3325 889 3441 960; x_wconf 88' lang='lat' dir='ltr'><strong>spei</strong></span> 
     </span>
    </p>
   </div>
   <div class='ocr_carea' id='block_1_24' title="bbox 1810 983 3442 1057">
    <p class='ocr_par' dir='ltr' id='par_1_24' title="bbox 1810 983 3442 1057">
     <span class='ocr_line' id='line_1_24' title="bbox 1810 983 3442 1057; baseline -0.002 -18"><span class='ocrx_word' id='word_1_164' title='bbox 1810 985 2024 1039; x_wconf 88' lang='lat' dir='ltr'><strong>fructus</strong></span> <span class='ocrx_word' id='word_1_165' title='bbox 2069 990 2170 1048; x_wconf 83' lang='lat' dir='ltr'><strong>est,</strong></span> <span class='ocrx_word' id='word_1_166' title='bbox 2228 987 2556 1057; x_wconf 88' lang='lat' dir='ltr'><strong>negligunt;</strong></span> <span class='ocrx_word' id='word_1_167' title='bbox 2609 989 2666 1040; x_wconf 92' lang='lat' dir='ltr'><strong>et</strong></span> <span class='ocrx_word' id='word_1_168' title='bbox 2704 985 2834 1040; x_wconf 92' lang='lat' dir='ltr'><strong>ideo</strong></span> <span class='ocrx_word' id='word_1_169' title='bbox 2883 987 3177 1056; x_wconf 88' lang='lat' dir='ltr'><strong>peccatum</strong></span> <span class='ocrx_word' id='word_1_170' title='bbox 3231 983 3442 1052; x_wconf 87' lang='lat' dir='ltr'><strong>grande</strong></span> 
     </span>
    </p>
   </div>
   <div class='ocr_carea' id='block_1_25' title="bbox 1811 1077 3439 1149">
    <p class='ocr_par' dir='ltr' id='par_1_25' title="bbox 1811 1077 3439 1149">
     <span class='ocr_line' id='line_1_25' title="bbox 1811 1077 3439 1149; baseline -0.002 -17"><span class='ocrx_word' id='word_1_171' title='bbox 1811 1079 2200 1146; x_wconf 89' lang='lat' dir='ltr'><strong>committunt,</strong></span> <span class='ocrx_word' id='word_1_172' title='bbox 2249 1080 2387 1134; x_wconf 90' lang='lat' dir='ltr'><strong>dum</strong></span> <span class='ocrx_word' id='word_1_173' title='bbox 2443 1079 2681 1133; x_wconf 90' lang='lat' dir='ltr'><strong>meliora</strong></span> <span class='ocrx_word' id='word_1_174' title='bbox 2731 1077 3082 1149; x_wconf 86' lang='lat' dir='ltr'><strong>despiciunt,</strong></span> <span class='ocrx_word' id='word_1_175' title='bbox 3146 1081 3202 1131; x_wconf 90' lang='lat' dir='ltr'><strong>et</strong></span> <span class='ocrx_word' id='word_1_176' title='bbox 3249 1081 3439 1131; x_wconf 87' lang='lat' dir='ltr'><strong>tamen</strong></span> 
     </span>
    </p>
   </div>
   <div class='ocr_carea' id='block_1_26' title="bbox 1810 1169 3440 1243">
    <p class='ocr_par' dir='ltr' id='par_1_26' title="bbox 1810 1169 3440 1243">
     <span class='ocr_line' id='line_1_26' title="bbox 1810 1169 3440 1243; baseline -0.002 -18"><span class='ocrx_word' id='word_1_177' title='bbox 1810 1173 1945 1243; x_wconf 90' lang='lat' dir='ltr'><strong>ipsis</strong></span> <span class='ocrx_word' id='word_1_178' title='bbox 1995 1174 2208 1243; x_wconf 89' lang='lat' dir='ltr'><strong>peccati</strong></span> <span class='ocrx_word' id='word_1_179' title='bbox 2260 1173 2495 1227; x_wconf 85' lang='lat' dir='ltr'><strong>abolitio</strong></span> <span class='ocrx_word' id='word_1_180' title='bbox 2546 1172 2916 1243; x_wconf 81' lang='lat' dir='ltr'><strong>promittitur,</strong></span> <span class='ocrx_word' id='word_1_181' title='bbox 2963 1171 3007 1224; x_wconf 90' lang='lat' dir='ltr'><strong>si</strong></span> <span class='ocrx_word' id='word_1_182' title='bbox 3049 1169 3440 1226; x_wconf 83' lang='lat' dir='ltr'><strong>misericordia</strong></span> 
     </span>
    </p>
   </div>
   <div class='ocr_carea' id='block_1_27' title="bbox 1811 1269 2349 1338">
    <p class='ocr_par' dir='ltr' id='par_1_27' title="bbox 1811 1269 2349 1338">
     <span class='ocr_line' id='line_1_27' title="bbox 1811 1269 2349 1338; baseline 0 -18"><span class='ocrx_word' id='word_1_183' title='bbox 1811 1271 2191 1338; x_wconf 86' lang='lat' dir='ltr'><strong>consequatur</strong></span> <span class='ocrx_word' id='word_1_184' title='bbox 2225 1269 2349 1334; x_wconf 86' lang='lat'><strong>(90).</strong></span> 
     </span>
    </p>
   </div>
   <div class='ocr_carea' id='block_1_28' title="bbox 1887 1377 3437 1451">
    <p class='ocr_par' dir='ltr' id='par_1_28' title="bbox 1887 1377 3437 1451">
     <span class='ocr_line' id='line_1_28' title="bbox 1887 1377 3437 1451; baseline -0.007 -11"><span class='ocrx_word' id='word_1_185' title='bbox 1887 1377 2141 1451; x_wconf 83' lang='grc'><strong>1435</strong></span> <span class='ocrx_word' id='word_1_186' title='bbox 2179 1382 2298 1434; x_wconf 85' lang='grc'><strong>103.</strong></span> <span class='ocrx_word' id='word_1_187' title='bbox 2329 1378 2503 1447; x_wconf 90' lang='lat' dir='ltr'><strong>(Vers.</strong></span> <span class='ocrx_word' id='word_1_188' title='bbox 2536 1380 2643 1448; x_wconf 75' lang='grc'><strong>42.)</strong></span> <span class='ocrx_word' id='word_1_189' title='bbox 2681 1379 2928 1432; x_wconf 89' lang='lat' dir='ltr'><strong>Breviter</strong></span> <span class='ocrx_word' id='word_1_190' title='bbox 2959 1381 3149 1432; x_wconf 83' lang='lat' dir='ltr'><strong>autem</strong></span> <span class='ocrx_word' id='word_1_191' title='bbox 3180 1378 3313 1431; x_wconf 87' lang='lat' dir='ltr'><strong>vitia</strong></span> <span class='ocrx_word' id='word_1_192' title='bbox 3341 1392 3437 1432; x_wconf 89' lang='lat' dir='ltr'><strong>eo-</strong></span> 
     </span>
    </p>
   </div>
   <div class='ocr_carea' id='block_1_29' title="bbox 1811 1471 3440 1545">
    <p class='ocr_par' dir='ltr' id='par_1_29' title="bbox 1811 1471 3440 1545">
     <span class='ocr_line' id='line_1_29' title="bbox 1811 1471 3440 1545; baseline -0.001 -19"><span class='ocrx_word' id='word_1_193' title='bbox 1811 1488 1938 1526; x_wconf 92' lang='lat' dir='ltr'><strong>rum</strong></span> <span class='ocrx_word' id='word_1_194' title='bbox 1982 1473 2161 1526; x_wconf 91' lang='lat' dir='ltr'><strong>multa</strong></span> <span class='ocrx_word' id='word_1_195' title='bbox 2200 1473 2558 1545; x_wconf 85' lang='lat' dir='ltr'><strong>perstringit,</strong></span> <span class='ocrx_word' id='word_1_196' title='bbox 2592 1471 2689 1543; x_wconf 88' lang='lat' dir='ltr'><strong>qui</strong></span> <span class='ocrx_word' id='word_1_197' title='bbox 2728 1471 2990 1526; x_wconf 90' lang='lat' dir='ltr'><strong>viliorum</strong></span> <span class='ocrx_word' id='word_1_198' title='bbox 3025 1471 3310 1525; x_wconf 90' lang='lat' dir='ltr'><strong>fructuum</strong></span> <span class='ocrx_word' id='word_1_199' title='bbox 3343 1471 3440 1525; x_wconf 85' lang='lat' dir='ltr'><strong>de-</strong></span> 
     </span>
    </p>
   </div>
   <div class='ocr_carea' id='block_1_30' title="bbox 1809 1564 3438 1632">
    <p class='ocr_par' dir='ltr' id='par_1_30' title="bbox 1809 1564 3438 1632">
     <span class='ocr_line' id='line_1_30' title="bbox 1809 1564 3438 1632; baseline -0.002 -12"><span class='ocrx_word' id='word_1_200' title='bbox 1809 1564 1970 1620; x_wconf 89' lang='lat' dir='ltr'><strong>cimis</strong></span> <span class='ocrx_word' id='word_1_201' title='bbox 2009 1566 2365 1621; x_wconf 88' lang='lat' dir='ltr'><strong>conferendis</strong></span> <span class='ocrx_word' id='word_1_202' title='bbox 2397 1583 2566 1621; x_wconf 90' lang='lat' dir='ltr'><strong>omne</strong></span> <span class='ocrx_word' id='word_1_203' title='bbox 2599 1565 2851 1620; x_wconf 90' lang='lat' dir='ltr'><strong>studium</strong></span> <span class='ocrx_word' id='word_1_204' title='bbox 2898 1564 3198 1619; x_wconf 88' lang='lat' dir='ltr'><strong>intendant</strong></span> <span class='ocrx_word' id='word_1_205' title='bbox 3229 1581 3394 1618; x_wconf 90' lang='lat' dir='ltr'><strong>suum</strong></span> <span class='ocrx_word' id='word_1_206' title='bbox 3421 1583 3438 1632; x_wconf 90' lang='lat'><strong>;</strong></span> 
     </span>
    </p>
   </div>
   <div class='ocr_carea' id='block_1_31' title="bbox 1810 1657 3438 1731">
    <p class='ocr_par' dir='ltr' id='par_1_31' title="bbox 1810 1657 3438 1731">
     <span class='ocr_line' id='line_1_31' title="bbox 1810 1657 3438 1731; baseline -0.002 -17"><span class='ocrx_word' id='word_1_207' title='bbox 1810 1675 1916 1714; x_wconf 89' lang='lat' dir='ltr'><strong>nec</strong></span> <span class='ocrx_word' id='word_1_208' title='bbox 1960 1660 2141 1714; x_wconf 88' lang='lat' dir='ltr'><strong>ullum</strong></span> <span class='ocrx_word' id='word_1_209' title='bbox 2181 1660 2352 1714; x_wconf 85' lang='lat' dir='ltr'><strong>futuri</strong></span> <span class='ocrx_word' id='word_1_210' title='bbox 2386 1660 2585 1731; x_wconf 82' lang='lat' dir='ltr'><strong>judicii</strong></span> <span class='ocrx_word' id='word_1_211' title='bbox 2636 1662 2878 1728; x_wconf 90' lang='lat' dir='ltr'><strong>metum,</strong></span> <span class='ocrx_word' id='word_1_212' title='bbox 2915 1676 3018 1713; x_wconf 89' lang='lat' dir='ltr'><strong>nec</strong></span> <span class='ocrx_word' id='word_1_213' title='bbox 3056 1659 3307 1729; x_wconf 88' lang='lat' dir='ltr'><strong>aliquam</strong></span> <span class='ocrx_word' id='word_1_214' title='bbox 3345 1657 3438 1711; x_wconf 89' lang='lat' dir='ltr'><strong>Dei</strong></span> 
     </span>
    </p>
   </div>
   <div class='ocr_carea' id='block_1_32' title="bbox 1811 1749 3436 1824">
    <p class='ocr_par' dir='ltr' id='par_1_32' title="bbox 1811 1749 3436 1824">
     <span class='ocr_line' id='line_1_32' title="bbox 1811 1749 3436 1824; baseline -0.002 -16"><span class='ocrx_word' id='word_1_215' title='bbox 1811 1753 2059 1808; x_wconf 87' lang='lat' dir='ltr'><strong>habeant</strong></span> <span class='ocrx_word' id='word_1_216' title='bbox 2087 1754 2447 1821; x_wconf 85' lang='lat' dir='ltr'><strong>charitatem,</strong></span> <span class='ocrx_word' id='word_1_217' title='bbox 2478 1769 2606 1807; x_wconf 91' lang='lat' dir='ltr'><strong>cum</strong></span> <span class='ocrx_word' id='word_1_218' title='bbox 2638 1769 2814 1824; x_wconf 90' lang='lat' dir='ltr'><strong>opera</strong></span> <span class='ocrx_word' id='word_1_219' title='bbox 2840 1751 2960 1806; x_wconf 90' lang='lat' dir='ltr'><strong>sine</strong></span> <span class='ocrx_word' id='word_1_220' title='bbox 2989 1751 3099 1806; x_wconf 84' lang='lat' dir='ltr'><strong>fide</strong></span> <span class='ocrx_word' id='word_1_221' title='bbox 3128 1767 3267 1804; x_wconf 89' lang='lat' dir='ltr'><strong>vana</strong></span> <span class='ocrx_word' id='word_1_222' title='bbox 3296 1749 3436 1818; x_wconf 91' lang='lat' dir='ltr'><strong>sint;</strong></span> 
     </span>
    </p>
   </div>
   <div class='ocr_carea' id='block_1_33' title="bbox 117 1803 1703 1918">
    <p class='ocr_par' dir='ltr' id='par_1_33' title="bbox 117 1803 1703 1900">
     <span class='ocr_line' id='line_1_33' title="bbox 117 1803 1703 1900; baseline -0.001 -16"><span class='ocrx_word' id='word_1_223' title='bbox 117 1803 200 1899; x_wconf 79' lang='lat' dir='ltr'><strong>2t),</strong></span> <span class='ocrx_word' id='word_1_224' title='bbox 234 1831 372 1883; x_wconf 86' lang='lat' dir='ltr'><strong>velut</strong></span> <span class='ocrx_word' id='word_1_225' title='bbox 411 1829 516 1882; x_wconf 89' lang='lat' dir='ltr'><strong>sub</strong></span> <span class='ocrx_word' id='word_1_226' title='bbox 560 1829 748 1883; x_wconf 91' lang='lat' dir='ltr'><strong>modio</strong></span> <span class='ocrx_word' id='word_1_227' title='bbox 785 1829 892 1882; x_wconf 89' lang='lat' dir='ltr'><strong>sita</strong></span> <span class='ocrx_word' id='word_1_228' title='bbox 932 1827 1072 1900; x_wconf 86' lang='lat' dir='ltr'><strong>legis</strong></span> <span class='ocrx_word' id='word_1_229' title='bbox 1107 1829 1372 1897; x_wconf 86' lang='lat' dir='ltr'><strong>evanuit;</strong></span> <span class='ocrx_word' id='word_1_230' title='bbox 1415 1833 1472 1883; x_wconf 91' lang='lat' dir='ltr'><strong>et</strong></span> <span class='ocrx_word' id='word_1_231' title='bbox 1511 1827 1703 1882; x_wconf 87' lang='lat' dir='ltr'><strong>civitas</strong></span> 
     </span>
    </p>
   </div>
   <div class='ocr_carea' id='block_1_34' title="bbox 1814 1803 3441 1918">
    <p class='ocr_par' dir='ltr' id='par_1_34' title="bbox 1814 1803 3441 1918">
     <span class='ocr_line' id='line_1_34' title="bbox 1814 1803 3441 1918; baseline -0.001 -18"><span class='ocrx_word' id='word_1_232' title='bbox 1814 1851 2157 1918; x_wconf 68' lang='lat' dir='ltr'><strong>praetereunt</strong></span> <span class='ocrx_word' id='word_1_233' title='bbox 2197 1848 2349 1902; x_wconf 90' lang='lat' dir='ltr'><strong>enim</strong></span> <span class='ocrx_word' id='word_1_234' title='bbox 2386 1803 2765 1918; x_wconf 60' lang='lat' dir='ltr'><strong>jddiciumret</strong></span> <span class='ocrx_word' id='word_1_235' title='bbox 2800 1847 3135 1900; x_wconf 88' lang='lat' dir='ltr'><strong>cbaritatem</strong></span> <span class='ocrx_word' id='word_1_236' title='bbox 3179 1844 3315 1909; x_wconf 89' lang='lat' dir='ltr'><strong>Dei;</strong></span> <span class='ocrx_word' id='word_1_237' title='bbox 3352 1845 3441 1914; x_wconf 89' lang='lat' dir='ltr'><strong>ju-</strong></span> 
     </span>
    </p>
   </div>
   <div class='ocr_carea' id='block_1_35' title="bbox 120 1921 1704 1993">
    <p class='ocr_par' dir='ltr' id='par_1_35' title="bbox 120 1921 1704 1993">
     <span class='ocr_line' id='line_1_35' title="bbox 120 1921 1704 1993; baseline 0 -17"><span class='ocrx_word' id='word_1_238' title='bbox 120 1923 190 1976; x_wconf 89' lang='lat' dir='ltr'><strong>illa</strong></span> <span class='ocrx_word' id='word_1_239' title='bbox 221 1923 536 1993; x_wconf 83' lang='lat' dir='ltr'><strong>Jerusalem,</strong></span> <span class='ocrx_word' id='word_1_240' title='bbox 580 1939 707 1993; x_wconf 74' lang='lat' dir='ltr'><strong>quae</strong></span> <span class='ocrx_word' id='word_1_241' title='bbox 743 1923 799 1975; x_wconf 91' lang='lat' dir='ltr'><strong>in</strong></span> <span class='ocrx_word' id='word_1_242' title='bbox 838 1922 1004 1976; x_wconf 89' lang='lat' dir='ltr'><strong>terris</strong></span> <span class='ocrx_word' id='word_1_243' title='bbox 1034 1927 1137 1988; x_wconf 91' lang='lat' dir='ltr'><strong>est,</strong></span> <span class='ocrx_word' id='word_1_244' title='bbox 1177 1939 1304 1993; x_wconf 67' lang='lat' dir='ltr'><strong>quae</strong></span> <span class='ocrx_word' id='word_1_245' title='bbox 1335 1921 1541 1977; x_wconf 88' lang='lat' dir='ltr'><strong>occidit</strong></span> <span class='ocrx_word' id='word_1_246' title='bbox 1574 1939 1704 1992; x_wconf 90' lang='lat' dir='ltr'><strong>pro-</strong></span> 
     </span>
    </p>
   </div>
   <div class='ocr_carea' id='block_1_36' title="bbox 118 2015 1703 2088">
    <p class='ocr_par' dir='ltr' id='par_1_36' title="bbox 118 2015 1703 2088">
     <span class='ocr_line' id='line_1_36' title="bbox 118 2015 1703 2088; baseline -0.001 -17"><span class='ocrx_word' id='word_1_247' title='bbox 118 2016 306 2088; x_wconf 87' lang='lat' dir='ltr'><strong>phetas,</strong></span> <span class='ocrx_word' id='word_1_248' title='bbox 340 2018 501 2088; x_wconf 89' lang='lat' dir='ltr'><strong>quasi</strong></span> <span class='ocrx_word' id='word_1_249' title='bbox 545 2017 604 2069; x_wconf 90' lang='lat' dir='ltr'><strong>in</strong></span> <span class='ocrx_word' id='word_1_250' title='bbox 647 2016 900 2070; x_wconf 88' lang='lat' dir='ltr'><strong>convalle</strong></span> <span class='ocrx_word' id='word_1_251' title='bbox 941 2015 1106 2070; x_wconf 86' lang='lat' dir='ltr'><strong>ﬂetus</strong></span> <span class='ocrx_word' id='word_1_252' title='bbox 1153 2016 1340 2086; x_wconf 87' lang='lat' dir='ltr'><strong>posita</strong></span> <span class='ocrx_word' id='word_1_253' title='bbox 1386 2015 1703 2082; x_wconf 88' lang='lat' dir='ltr'><strong>delitescit;</strong></span> 
     </span>
    </p>
   </div>
   <div class='ocr_carea' id='block_1_37' title="bbox 119 2109 1703 2181">
    <p class='ocr_par' dir='ltr' id='par_1_37' title="bbox 119 2109 1703 2181">
     <span class='ocr_line' id='line_1_37' title="bbox 119 2109 1703 2181; baseline -0.001 -17"><span class='ocrx_word' id='word_1_254' title='bbox 119 2111 187 2164; x_wconf 88' lang='lat' dir='ltr'><strong>illa</strong></span> <span class='ocrx_word' id='word_1_255' title='bbox 217 2114 389 2165; x_wconf 86' lang='lat' dir='ltr'><strong>autem</strong></span> <span class='ocrx_word' id='word_1_256' title='bbox 422 2109 744 2165; x_wconf 82' lang='lat' dir='ltr'><strong>Jerusalem</strong></span> <span class='ocrx_word' id='word_1_257' title='bbox 782 2126 910 2180; x_wconf 78' lang='lat' dir='ltr'><strong>quae</strong></span> <span class='ocrx_word' id='word_1_258' title='bbox 946 2110 1004 2163; x_wconf 92' lang='lat' dir='ltr'><strong>in</strong></span> <span class='ocrx_word' id='word_1_259' title='bbox 1040 2109 1179 2164; x_wconf 70' lang='lat' dir='ltr'><strong>caelo</strong></span> <span class='ocrx_word' id='word_1_260' title='bbox 1219 2114 1324 2177; x_wconf 88' lang='lat' dir='ltr'><strong>est,</strong></span> <span class='ocrx_word' id='word_1_261' title='bbox 1353 2110 1413 2164; x_wconf 90' lang='lat' dir='ltr'><strong>in</strong></span> <span class='ocrx_word' id='word_1_262' title='bbox 1452 2125 1565 2181; x_wconf 87' lang='lat' dir='ltr'><strong>qua</strong></span> <span class='ocrx_word' id='word_1_263' title='bbox 1597 2110 1703 2163; x_wconf 92' lang='lat' dir='ltr'><strong>mi-</strong></span> 
     </span>
    </p>
   </div>
   <div class='ocr_carea' id='block_1_38' title="bbox 118 2203 1706 2270">
    <p class='ocr_par' dir='ltr' id='par_1_38' title="bbox 118 2203 1706 2270">
     <span class='ocr_line' id='line_1_38' title="bbox 118 2203 1706 2270; baseline 0 -14"><span class='ocrx_word' id='word_1_264' title='bbox 118 2204 212 2258; x_wconf 83' lang='lat' dir='ltr'><strong>litat</strong></span> <span class='ocrx_word' id='word_1_265' title='bbox 245 2204 373 2258; x_wconf 83' lang='lat' dir='ltr'><strong>fidcs</strong></span> <span class='ocrx_word' id='word_1_266' title='bbox 402 2208 626 2270; x_wconf 90' lang='lat' dir='ltr'><strong>nostra,</strong></span> <span class='ocrx_word' id='word_1_267' title='bbox 668 2204 724 2257; x_wconf 93' lang='lat' dir='ltr'><strong>in</strong></span> <span class='ocrx_word' id='word_1_268' title='bbox 771 2203 863 2256; x_wconf 91' lang='lat' dir='ltr'><strong>illo</strong></span> <span class='ocrx_word' id='word_1_269' title='bbox 903 2203 1180 2258; x_wconf 88' lang='lat' dir='ltr'><strong>altissimo</strong></span> <span class='ocrx_word' id='word_1_270' title='bbox 1221 2203 1480 2258; x_wconf 91' lang='lat' dir='ltr'><strong>omnium</strong></span> <span class='ocrx_word' id='word_1_271' title='bbox 1520 2203 1706 2257; x_wconf 89' lang='lat' dir='ltr'><strong>locata</strong></span> 
     </span>
    </p>
   </div>
   <div class='ocr_carea' id='block_1_39' title="bbox 120 2296 1707 2367">
    <p class='ocr_par' dir='ltr' id='par_1_39' title="bbox 120 2296 1707 2367">
     <span class='ocr_line' id='line_1_39' title="bbox 120 2296 1707 2367; baseline 0 -15"><span class='ocrx_word' id='word_1_272' title='bbox 120 2302 302 2367; x_wconf 88' lang='lat' dir='ltr'><strong>monte,</strong></span> <span class='ocrx_word' id='word_1_273' title='bbox 344 2299 452 2353; x_wconf 90' lang='lat' dir='ltr'><strong>hoc</strong></span> <span class='ocrx_word' id='word_1_274' title='bbox 494 2305 604 2366; x_wconf 88' lang='lat' dir='ltr'><strong>est,</strong></span> <span class='ocrx_word' id='word_1_275' title='bbox 659 2299 717 2351; x_wconf 93' lang='lat' dir='ltr'><strong>in</strong></span> <span class='ocrx_word' id='word_1_276' title='bbox 755 2297 1011 2364; x_wconf 90' lang='lat' dir='ltr'><strong>Christo,</strong></span> <span class='ocrx_word' id='word_1_277' title='bbox 1059 2296 1300 2353; x_wconf 86' lang='lat' dir='ltr'><strong>Ecclesia</strong></span> <span class='ocrx_word' id='word_1_278' title='bbox 1348 2314 1465 2351; x_wconf 89' lang='lat' dir='ltr'><strong>non</strong></span> <span class='ocrx_word' id='word_1_279' title='bbox 1522 2301 1707 2367; x_wconf 90' lang='lat' dir='ltr'><strong>potest</strong></span> 
     </span>
    </p>
   </div>
   <div class='ocr_carea' id='block_1_40' title="bbox 118 2390 1706 2461">
    <p class='ocr_par' dir='ltr' id='par_1_40' title="bbox 118 2390 1706 2461">
     <span class='ocr_line' id='line_1_40' title="bbox 118 2390 1706 2461; baseline -0.001 -17"><span class='ocrx_word' id='word_1_280' title='bbox 118 2391 319 2446; x_wconf 86' lang='lat' dir='ltr'><strong>tenebris</strong></span> <span class='ocrx_word' id='word_1_281' title='bbox 347 2398 401 2446; x_wconf 93' lang='lat' dir='ltr'><strong>et</strong></span> <span class='ocrx_word' id='word_1_282' title='bbox 441 2390 626 2445; x_wconf 88' lang='lat' dir='ltr'><strong>ruinis</strong></span> <span class='ocrx_word' id='word_1_283' title='bbox 669 2391 837 2461; x_wconf 87' lang='lat' dir='ltr'><strong>hujus</strong></span> <span class='ocrx_word' id='word_1_284' title='bbox 874 2390 1072 2445; x_wconf 90' lang='lat' dir='ltr'><strong>mundi</strong></span> <span class='ocrx_word' id='word_1_285' title='bbox 1113 2391 1419 2457; x_wconf 88' lang='lat' dir='ltr'><strong>abscondi;</strong></span> <span class='ocrx_word' id='word_1_286' title='bbox 1465 2390 1563 2444; x_wconf 90' lang='lat' dir='ltr'><strong>sed</strong></span> <span class='ocrx_word' id='word_1_287' title='bbox 1602 2390 1706 2444; x_wconf 86' lang='lat' dir='ltr'><strong>fu]-</strong></span> 
     </span>
    </p>
   </div>
   <div class='ocr_carea' id='block_1_41' title="bbox 119 2483 1705 2555">
    <p class='ocr_par' dir='ltr' id='par_1_41' title="bbox 119 2483 1705 2555">
     <span class='ocr_line' id='line_1_41' title="bbox 119 2483 1705 2555; baseline -0.001 -17"><span class='ocrx_word' id='word_1_288' title='bbox 119 2500 224 2552; x_wconf 75' lang='lat' dir='ltr'><strong>gens</strong></span> <span class='ocrx_word' id='word_1_289' title='bbox 248 2486 483 2540; x_wconf 89' lang='lat' dir='ltr'><strong>candore</strong></span> <span class='ocrx_word' id='word_1_290' title='bbox 514 2483 648 2538; x_wconf 87' lang='lat' dir='ltr'><strong>solis</strong></span> <span class='ocrx_word' id='word_1_291' title='bbox 675 2485 897 2551; x_wconf 59' lang='lat' dir='ltr'><strong>aeterni,</strong></span> <span class='ocrx_word' id='word_1_292' title='bbox 927 2485 1052 2538; x_wconf 91' lang='lat' dir='ltr'><strong>luce</strong></span> <span class='ocrx_word' id='word_1_293' title='bbox 1085 2501 1184 2538; x_wconf 90' lang='lat' dir='ltr'><strong>nos</strong></span> <span class='ocrx_word' id='word_1_294' title='bbox 1214 2483 1412 2555; x_wconf 77' lang='lat' dir='ltr'><strong>gratiae</strong></span> <span class='ocrx_word' id='word_1_295' title='bbox 1435 2483 1705 2554; x_wconf 85' lang='lat' dir='ltr'><strong>spiritalis</strong></span> 
     </span>
    </p>
   </div>
   <div class='ocr_carea' id='block_1_42' title="bbox 119 2578 374 2633">
    <p class='ocr_par' dir='ltr' id='par_1_42' title="bbox 119 2578 374 2633">
     <span class='ocr_line' id='line_1_42' title="bbox 119 2578 374 2633; baseline 0.012 -3"><span class='ocrx_word' id='word_1_296' title='bbox 119 2578 374 2633; x_wconf 86' lang='lat' dir='ltr'><strong>illuminat.</strong></span> 
     </span>
    </p>
   </div>
   <div class='ocr_carea' id='block_1_43' title="bbox 171 2672 1700 2742">
    <p class='ocr_par' dir='ltr' id='par_1_43' title="bbox 171 2672 1700 2742">
     <span class='ocr_line' id='line_1_43' title="bbox 171 2672 1700 2742; baseline 0.001 -18"><span class='ocrx_word' id='word_1_297' title='bbox 171 2674 315 2741; x_wconf 85' lang='lat' dir='ltr'><strong>(Vers.</strong></span> <span class='ocrx_word' id='word_1_298' title='bbox 352 2676 458 2742; x_wconf 88' lang='lat'><strong>39.)</strong></span> <span class='ocrx_word' id='word_1_299' title='bbox 514 2675 673 2730; x_wconf 87' lang='lat' dir='ltr'><strong>Nunc</strong></span> <span class='ocrx_word' id='word_1_300' title='bbox 725 2689 834 2735; x_wconf 87' lang='lat' dir='ltr'><strong>vos,</strong></span> <span class='ocrx_word' id='word_1_301' title='bbox 882 2673 1165 2734; x_wconf 56' lang='lat' dir='ltr'><strong>Pharisaei,</strong></span> <span class='ocrx_word' id='word_1_302' title='bbox 1210 2674 1365 2742; x_wconf 80' lang='lat' dir='ltr'><strong>prius</strong></span> <span class='ocrx_word' id='word_1_303' title='bbox 1415 2672 1561 2741; x_wconf 86' lang='lat' dir='ltr'><strong>quod</strong></span> <span class='ocrx_word' id='word_1_304' title='bbox 1609 2673 1700 2725; x_wconf 84' lang='lat' dir='ltr'><strong>de-</strong></span> 
     </span>
    </p>
   </div>
   <div class='ocr_carea' id='block_1_44' title="bbox 120 2767 1131 2830">
    <p class='ocr_par' dir='ltr' id='par_1_44' title="bbox 120 2767 1131 2830">
     <span class='ocr_line' id='line_1_44' title="bbox 120 2767 1131 2830; baseline 0.003 -13"><span class='ocrx_word' id='word_1_305' title='bbox 120 2769 219 2830; x_wconf 74' lang='lat' dir='ltr'><strong>foris</strong></span> <span class='ocrx_word' id='word_1_306' title='bbox 242 2772 308 2821; x_wconf 76' lang='lat' dir='ltr'><strong>est</strong></span> <span class='ocrx_word' id='word_1_307' title='bbox 332 2769 516 2822; x_wconf 80' lang='lat' dir='ltr'><strong>calicis</strong></span> <span class='ocrx_word' id='word_1_308' title='bbox 551 2771 600 2821; x_wconf 86' lang='lat' dir='ltr'><strong>ct</strong></span> <span class='ocrx_word' id='word_1_309' title='bbox 625 2769 797 2821; x_wconf 75' lang='lat' dir='ltr'><strong>catini</strong></span> <span class='ocrx_word' id='word_1_310' title='bbox 831 2767 1131 2820; x_wconf 77' lang='lat' dir='ltr'><strong>mundatis.</strong></span> 
     </span>
    </p>
   </div>
   <div class='ocr_carea' id='block_1_45' title="bbox 175 2858 1700 2931">
    <p class='ocr_par' dir='ltr' id='par_1_45' title="bbox 175 2858 1700 2931">
     <span class='ocr_line' id='line_1_45' title="bbox 175 2858 1700 2931; baseline 0 -19"><span class='ocrx_word' id='word_1_311' title='bbox 175 2864 269 2914; x_wconf 83' lang='grc'><strong>100.</strong></span> <span class='ocrx_word' id='word_1_312' title='bbox 304 2861 466 2915; x_wconf 85' lang='lat' dir='ltr'><strong>Vides</strong></span> <span class='ocrx_word' id='word_1_313' title='bbox 507 2876 751 2931; x_wconf 92' lang='lat' dir='ltr'><strong>corpora</strong></span> <span class='ocrx_word' id='word_1_314' title='bbox 792 2864 986 2914; x_wconf 91' lang='lat' dir='ltr'><strong>nostra</strong></span> <span class='ocrx_word' id='word_1_315' title='bbox 1029 2864 1391 2914; x_wconf 78' lang='lat' dir='ltr'><strong>terrenarum</strong></span> <span class='ocrx_word' id='word_1_316' title='bbox 1427 2863 1484 2912; x_wconf 92' lang='lat' dir='ltr'><strong>et</strong></span> <span class='ocrx_word' id='word_1_317' title='bbox 1526 2858 1700 2929; x_wconf 89' lang='lat' dir='ltr'><strong>fragi-</strong></span> 
     </span>
    </p>
   </div>
   <div class='ocr_carea' id='block_1_46' title="bbox 121 2953 1699 3025">
    <p class='ocr_par' dir='ltr' id='par_1_46' title="bbox 121 2953 1699 3025">
     <span class='ocr_line' id='line_1_46' title="bbox 121 2953 1699 3025; baseline 0.002 -22"><span class='ocrx_word' id='word_1_318' title='bbox 121 2953 224 3007; x_wconf 88' lang='lat' dir='ltr'><strong>lium</strong></span> <span class='ocrx_word' id='word_1_319' title='bbox 268 2954 628 3025; x_wconf 83' lang='lat' dir='ltr'><strong>expressione</strong></span> <span class='ocrx_word' id='word_1_320' title='bbox 678 2954 926 3025; x_wconf 87' lang='lat' dir='ltr'><strong>signari,</strong></span> <span class='ocrx_word' id='word_1_321' title='bbox 973 2970 1101 3024; x_wconf 73' lang='lat' dir='ltr'><strong>quae</strong></span> <span class='ocrx_word' id='word_1_322' title='bbox 1146 2953 1305 3007; x_wconf 89' lang='lat' dir='ltr'><strong>brevi</strong></span> <span class='ocrx_word' id='word_1_323' title='bbox 1353 2955 1510 3024; x_wconf 89' lang='lat' dir='ltr'><strong>lapsu</strong></span> <span class='ocrx_word' id='word_1_324' title='bbox 1557 2969 1699 3022; x_wconf 79' lang='lat' dir='ltr'><strong>prae-</strong></span> 
     </span>
    </p>
   </div>
   <div class='ocr_carea' id='block_1_47' title="bbox 120 3046 1702 3120">
    <p class='ocr_par' dir='ltr' id='par_1_47' title="bbox 120 3046 1702 3120">
     <span class='ocr_line' id='line_1_47' title="bbox 120 3046 1702 3120; baseline 0 -22"><span class='ocrx_word' id='word_1_325' title='bbox 120 3046 302 3116; x_wconf 86' lang='lat' dir='ltr'><strong>cipitata</strong></span> <span class='ocrx_word' id='word_1_326' title='bbox 340 3049 725 3120; x_wconf 87' lang='lat' dir='ltr'><strong>franguntur;</strong></span> <span class='ocrx_word' id='word_1_327' title='bbox 768 3053 824 3102; x_wconf 91' lang='lat' dir='ltr'><strong>et</strong></span> <span class='ocrx_word' id='word_1_328' title='bbox 862 3046 1026 3101; x_wconf 83' lang='lat' dir='ltr'><strong>facile</strong></span> <span class='ocrx_word' id='word_1_329' title='bbox 1059 3063 1127 3101; x_wconf 91' lang='lat' dir='ltr'><strong>ea</strong></span> <span class='ocrx_word' id='word_1_330' title='bbox 1171 3063 1297 3118; x_wconf 62' lang='lat' dir='ltr'><strong>qua:</strong></span> <span class='ocrx_word' id='word_1_331' title='bbox 1334 3063 1494 3102; x_wconf 91' lang='lat' dir='ltr'><strong>mens</strong></span> <span class='ocrx_word' id='word_1_332' title='bbox 1525 3046 1702 3101; x_wconf 89' lang='lat' dir='ltr'><strong>voluit</strong></span> 
     </span>
    </p>
   </div>
   <div class='ocr_carea' id='block_1_48' title="bbox 121 3140 1702 3213">
    <p class='ocr_par' dir='ltr' id='par_1_48' title="bbox 121 3140 1702 3213">
     <span class='ocr_line' id='line_1_48' title="bbox 121 3140 1702 3213; baseline 0.001 -21"><span class='ocrx_word' id='word_1_333' title='bbox 121 3140 294 3195; x_wconf 79' lang='lat' dir='ltr'><strong>interna</strong></span> <span class='ocrx_word' id='word_1_334' title='bbox 317 3159 416 3213; x_wconf 88' lang='lat' dir='ltr'><strong>per</strong></span> <span class='ocrx_word' id='word_1_335' title='bbox 440 3159 648 3196; x_wconf 84' lang='lat' dir='ltr'><strong>sensus</strong></span> <span class='ocrx_word' id='word_1_336' title='bbox 675 3146 731 3194; x_wconf 91' lang='lat' dir='ltr'><strong>et</strong></span> <span class='ocrx_word' id='word_1_337' title='bbox 760 3144 917 3211; x_wconf 86' lang='lat' dir='ltr'><strong>ge’sta</strong></span> <span class='ocrx_word' id='word_1_338' title='bbox 943 3141 1197 3212; x_wconf 89' lang='lat' dir='ltr'><strong>corporis</strong></span> <span class='ocrx_word' id='word_1_339' title='bbox 1223 3141 1409 3211; x_wconf 90' lang='lat' dir='ltr'><strong>prodi,</strong></span> <span class='ocrx_word' id='word_1_340' title='bbox 1440 3142 1584 3194; x_wconf 88' lang='lat' dir='ltr'><strong>sicut</strong></span> <span class='ocrx_word' id='word_1_341' title='bbox 1609 3140 1702 3194; x_wconf 90' lang='lat' dir='ltr'><strong>illa</strong></span> 
     </span>
    </p>
   </div>
   <div class='ocr_carea' id='block_1_49' title="bbox 122 3234 1702 3303">
    <p class='ocr_par' dir='ltr' id='par_1_49' title="bbox 122 3234 1702 3303">
     <span class='ocr_line' id='line_1_49' title="bbox 122 3234 1702 3303; baseline 0.001 -17"><span class='ocrx_word' id='word_1_342' title='bbox 122 3250 216 3303; x_wconf 67' lang='lat' dir='ltr'><strong>qua:</strong></span> <span class='ocrx_word' id='word_1_343' title='bbox 252 3237 377 3290; x_wconf 82' lang='lat' dir='ltr'><strong>calix</strong></span> <span class='ocrx_word' id='word_1_344' title='bbox 424 3235 673 3290; x_wconf 90' lang='lat' dir='ltr'><strong>interius</strong></span> <span class='ocrx_word' id='word_1_345' title='bbox 711 3234 983 3300; x_wconf 89' lang='lat' dir='ltr'><strong>continet,</strong></span> <span class='ocrx_word' id='word_1_346' title='bbox 1025 3234 1158 3288; x_wconf 87' lang='lat' dir='ltr'><strong>foris</strong></span> <span class='ocrx_word' id='word_1_347' title='bbox 1196 3236 1402 3289; x_wconf 89' lang='lat' dir='ltr'><strong>lucent.</strong></span> <span class='ocrx_word' id='word_1_348' title='bbox 1446 3235 1600 3289; x_wconf 91' lang='lat' dir='ltr'><strong>Unde</strong></span> <span class='ocrx_word' id='word_1_349' title='bbox 1646 3239 1702 3289; x_wconf 90' lang='lat' dir='ltr'><strong>et</strong></span> 
     </span>
    </p>
   </div>
   <div class='ocr_carea' id='block_1_50' title="bbox 122 3327 1702 3398">
    <p class='ocr_par' dir='ltr' id='par_1_50' title="bbox 122 3327 1702 3398">
     <span class='ocr_line' id='line_1_50' title="bbox 122 3327 1702 3398; baseline 0.002 -20"><span class='ocrx_word' id='word_1_350' title='bbox 122 3327 160 3379; x_wconf 90' lang='lat' dir='ltr'><strong>in</strong></span> <span class='ocrx_word' id='word_1_351' title='bbox 192 3329 586 3398; x_wconf 86' lang='lat' dir='ltr'><strong>posterioribus</strong></span> <span class='ocrx_word' id='word_1_352' title='bbox 627 3346 744 3384; x_wconf 91' lang='lat' dir='ltr'><strong>non</strong></span> <span class='ocrx_word' id='word_1_353' title='bbox 791 3328 1029 3382; x_wconf 91' lang='lat' dir='ltr'><strong>dubium</strong></span> <span class='ocrx_word' id='word_1_354' title='bbox 1073 3332 1157 3382; x_wconf 92' lang='lat' dir='ltr'><strong>est</strong></span> <span class='ocrx_word' id='word_1_355' title='bbox 1199 3329 1470 3384; x_wconf 89' lang='lat' dir='ltr'><strong>vocabulo</strong></span> <span class='ocrx_word' id='word_1_356' title='bbox 1514 3328 1702 3382; x_wconf 89' lang='lat' dir='ltr'><strong>calicis</strong></span> 
     </span>
    </p>
   </div>
   <div class='ocr_carea' id='block_1_51' title="bbox 120 3422 1699 3493">
    <p class='ocr_par' dir='ltr' id='par_1_51' title="bbox 120 3422 1699 3493">
     <span class='ocr_line' id='line_1_51' title="bbox 120 3422 1699 3493; baseline 0.001 -20"><span class='ocrx_word' id='word_1_357' title='bbox 120 3422 390 3490; x_wconf 84' lang='lat' dir='ltr'><strong>passionem</strong></span> <span class='ocrx_word' id='word_1_358' title='bbox 431 3422 690 3493; x_wconf 87' lang='lat' dir='ltr'><strong>corporis</strong></span> <span class='ocrx_word' id='word_1_359' title='bbox 729 3422 1001 3476; x_wconf 90' lang='lat' dir='ltr'><strong>declarari</strong></span> <span class='ocrx_word' id='word_1_360' title='bbox 1034 3423 1204 3486; x_wconf 82' lang='lat' dir='ltr'><strong>(Luc.,</strong></span> <span class='ocrx_word' id='word_1_361' title='bbox 1254 3438 1383 3488; x_wconf 72' lang='grc' dir='ltr'>χχιι,</span> <span class='ocrx_word' id='word_1_362' title='bbox 1418 3422 1526 3491; x_wconf 75' lang='grc'><strong>42),</strong></span> <span class='ocrx_word' id='word_1_363' title='bbox 1571 3438 1699 3475; x_wconf 92' lang='lat' dir='ltr'><strong>cum</strong></span> 
     </span>
    </p>
   </div>
   <div class='ocr_carea' id='block_1_52' title="bbox 121 3513 1698 3587">
    <p class='ocr_par' dir='ltr' id='par_1_52' title="bbox 121 3513 1698 3587">
     <span class='ocr_line' id='line_1_52' title="bbox 121 3513 1698 3587; baseline 0.003 -22"><span class='ocrx_word' id='word_1_364' title='bbox 121 3513 221 3568; x_wconf 88' lang='lat' dir='ltr'><strong>dicit</strong></span> <span class='ocrx_word' id='word_1_365' title='bbox 252 3518 509 3572; x_wconf 90' lang='lat' dir='ltr'><strong>Dominus</strong></span> <span class='ocrx_word' id='word_1_366' title='bbox 546 3535 558 3570; x_wconf 91' lang='lat'>:</span> <span class='ocrx_word' id='word_1_367' title='bbox 592 3537 618 3564; x_wconf 62' lang='grc' dir='ltr'><strong>κ(</strong></span> <span class='ocrx_word' id='word_1_368' title='bbox 653 3515 900 3571; x_wconf 89' lang='lat' dir='ltr'><strong>Calicem</strong></span> <span class='ocrx_word' id='word_1_369' title='bbox 943 3531 1116 3587; x_wconf 77' lang='lat' dir='ltr'><strong>quem</strong></span> <span class='ocrx_word' id='word_1_370' title='bbox 1155 3515 1294 3570; x_wconf 91' lang='lat' dir='ltr'><strong>mihi</strong></span> <span class='ocrx_word' id='word_1_371' title='bbox 1325 3518 1492 3570; x_wconf 89' lang='lat' dir='ltr'><strong>Pater</strong></span> <span class='ocrx_word' id='word_1_372' title='bbox 1526 3515 1698 3582; x_wconf 90' lang='lat' dir='ltr'><strong>dedit,</strong></span> 
     </span>
    </p>
   </div>
   <div class='ocr_carea' id='block_1_53' title="bbox 118 3608 1702 3680">
    <p class='ocr_par' dir='ltr' id='par_1_53' title="bbox 118 3608 1702 3680">
     <span class='ocr_line' id='line_1_53' title="bbox 118 3608 1702 3680; baseline -0.001 -19"><span class='ocrx_word' id='word_1_373' title='bbox 118 3624 201 3662; x_wconf 89' lang='lat' dir='ltr'><strong>non</strong></span> <span class='ocrx_word' id='word_1_374' title='bbox 233 3611 302 3664; x_wconf 87' lang='lat' dir='ltr'><strong>vis</strong></span> <span class='ocrx_word' id='word_1_375' title='bbox 337 3617 399 3665; x_wconf 89' lang='lat' dir='ltr'><strong>ut</strong></span> <span class='ocrx_word' id='word_1_376' title='bbox 432 3611 635 3665; x_wconf 88' lang='lat' dir='ltr'><strong>bibam</strong></span> <span class='ocrx_word' id='word_1_377' title='bbox 675 3610 833 3663; x_wconf 90' lang='lat' dir='ltr'><strong>illum</strong></span> <span class='ocrx_word' id='word_1_378' title='bbox 880 3612 1080 3680; x_wconf 88' lang='lat' dir='ltr'><strong>(Joan.,</strong></span> <span class='ocrx_word' id='word_1_379' title='bbox 1127 3625 1280 3674; x_wconf 86' lang='lat' dir='ltr'><strong>xvm,</strong></span> <span class='ocrx_word' id='word_1_380' title='bbox 1332 3609 1455 3678; x_wconf 86' lang='lat' dir='ltr'><strong>ll)?</strong></span> <span class='ocrx_word' id='word_1_381' title='bbox 1494 3631 1520 3656; x_wconf 83' lang='lat'>»</span> <span class='ocrx_word' id='word_1_382' title='bbox 1556 3608 1702 3661; x_wconf 87' lang='lat' dir='ltr'><strong>Bibit</strong></span> 
     </span>
    </p>
   </div>
   <div class='ocr_carea' id='block_1_54' title="bbox 120 3701 1700 3776">
    <p class='ocr_par' dir='ltr' id='par_1_54' title="bbox 120 3701 1700 3776">
     <span class='ocr_line' id='line_1_54' title="bbox 120 3701 1700 3776; baseline 0.001 -24"><span class='ocrx_word' id='word_1_383' title='bbox 120 3703 238 3757; x_wconf 84' lang='lat' dir='ltr'><strong>enim</strong></span> <span class='ocrx_word' id='word_1_384' title='bbox 283 3721 478 3776; x_wconf 92' lang='lat' dir='ltr'><strong>corpus</strong></span> <span class='ocrx_word' id='word_1_385' title='bbox 533 3721 724 3770; x_wconf 89' lang='lat' dir='ltr'><strong>suum,</strong></span> <span class='ocrx_word' id='word_1_386' title='bbox 774 3703 873 3774; x_wconf 91' lang='lat' dir='ltr'><strong>qui</strong></span> <span class='ocrx_word' id='word_1_387' title='bbox 931 3704 1279 3774; x_wconf 89' lang='lat' dir='ltr'><strong>corporalem</strong></span> <span class='ocrx_word' id='word_1_388' title='bbox 1337 3701 1700 3772; x_wconf 86' lang='lat' dir='ltr'><strong>fragilitatem</strong></span> 
     </span>
    </p>
   </div>
   <div class='ocr_carea' id='block_1_55' title="bbox 119 3796 1700 3868">
    <p class='ocr_par' dir='ltr' id='par_1_55' title="bbox 119 3796 1700 3868">
     <span class='ocr_line' id='line_1_55' title="bbox 119 3796 1700 3868; baseline 0.003 -23"><span class='ocrx_word' id='word_1_389' title='bbox 119 3797 304 3864; x_wconf 77' lang='lat' dir='ltr'><strong>spiritali</strong></span> <span class='ocrx_word' id='word_1_390' title='bbox 358 3797 632 3853; x_wconf 90' lang='lat' dir='ltr'><strong>absorbet</strong></span> <span class='ocrx_word' id='word_1_391' title='bbox 684 3797 924 3860; x_wconf 75' lang='lat' dir='ltr'><strong>affectu,</strong></span> <span class='ocrx_word' id='word_1_392' title='bbox 983 3801 1041 3851; x_wconf 87' lang='lat' dir='ltr'><strong>et</strong></span> <span class='ocrx_word' id='word_1_393' title='bbox 1100 3797 1258 3868; x_wconf 90' lang='lat' dir='ltr'><strong>quasi</strong></span> <span class='ocrx_word' id='word_1_394' title='bbox 1317 3796 1375 3850; x_wconf 92' lang='lat' dir='ltr'><strong>in</strong></span> <span class='ocrx_word' id='word_1_395' title='bbox 1441 3800 1700 3850; x_wconf 89' lang='lat' dir='ltr'><strong>mentem</strong></span> 
     </span>
    </p>
   </div>
   <div class='ocr_carea' id='block_1_56' title="bbox 121 3889 1702 3964">
    <p class='ocr_par' dir='ltr' id='par_1_56' title="bbox 121 3889 1702 3964">
     <span class='ocr_line' id='line_1_56' title="bbox 121 3889 1702 3964; baseline 0.002 -24"><span class='ocrx_word' id='word_1_396' title='bbox 121 3889 436 3964; x_wconf 82' lang='lat' dir='ltr'><strong>animumque</strong></span> <span class='ocrx_word' id='word_1_397' title='bbox 465 3890 851 3957; x_wconf 81' lang='lat' dir='ltr'><strong>transfundit;</strong></span> <span class='ocrx_word' id='word_1_398' title='bbox 877 3897 937 3945; x_wconf 91' lang='lat' dir='ltr'><strong>ut</strong></span> <span class='ocrx_word' id='word_1_399' title='bbox 962 3889 1326 3945; x_wconf 91' lang='lat' dir='ltr'><strong>interioribus</strong></span> <span class='ocrx_word' id='word_1_400' title='bbox 1353 3889 1702 3944; x_wconf 82' lang='lat' dir='ltr'><strong>exteriorum</strong></span> 
     </span>
    </p>
   </div>
   <div class='ocr_carea' id='block_1_57' title="bbox 119 3982 1698 4056">
    <p class='ocr_par' dir='ltr' id='par_1_57' title="bbox 119 3982 1698 4056">
     <span class='ocr_line' id='line_1_57' title="bbox 119 3982 1698 4056; baseline 0.001 -20"><span class='ocrx_word' id='word_1_401' title='bbox 119 3982 425 4041; x_wconf 80' lang='lat' dir='ltr'><strong>imbecillitas</strong></span> <span class='ocrx_word' id='word_1_402' title='bbox 464 3985 786 4041; x_wconf 90' lang='lat' dir='ltr'><strong>hauriatur.</strong></span> <span class='ocrx_word' id='word_1_403' title='bbox 818 3985 1016 4038; x_wconf 89' lang='lat' dir='ltr'><strong>Cernis</strong></span> <span class='ocrx_word' id='word_1_404' title='bbox 1048 3983 1223 4056; x_wconf 89' lang='lat' dir='ltr'><strong>igitur</strong></span> <span class='ocrx_word' id='word_1_405' title='bbox 1253 3983 1404 4055; x_wconf 89' lang='lat' dir='ltr'><strong>quod</strong></span> <span class='ocrx_word' id='word_1_406' title='bbox 1443 4000 1546 4037; x_wconf 91' lang='lat' dir='ltr'><strong>nos</strong></span> <span class='ocrx_word' id='word_1_407' title='bbox 1584 4000 1698 4038; x_wconf 91' lang='lat' dir='ltr'><strong>non</strong></span> 
     </span>
    </p>
   </div>
   <div class='ocr_carea' id='block_1_58' title="bbox 121 4078 1703 4151">
    <p class='ocr_par' dir='ltr' id='par_1_58' title="bbox 121 4078 1703 4151">
     <span class='ocr_line' id='line_1_58' title="bbox 121 4078 1703 4151; baseline 0.003 -24"><span class='ocrx_word' id='word_1_408' title='bbox 121 4079 345 4134; x_wconf 83' lang='lat' dir='ltr'><strong>exteriora</strong></span> <span class='ocrx_word' id='word_1_409' title='bbox 374 4081 551 4151; x_wconf 88' lang='lat' dir='ltr'><strong>hujus</strong></span> <span class='ocrx_word' id='word_1_410' title='bbox 575 4079 764 4133; x_wconf 92' lang='lat' dir='ltr'><strong>calicis</strong></span> <span class='ocrx_word' id='word_1_411' title='bbox 795 4083 892 4132; x_wconf 92' lang='lat' dir='ltr'><strong>aut</strong></span> <span class='ocrx_word' id='word_1_412' title='bbox 922 4078 1116 4145; x_wconf 89' lang='lat' dir='ltr'><strong>catini,</strong></span> <span class='ocrx_word' id='word_1_413' title='bbox 1144 4078 1241 4132; x_wconf 91' lang='lat' dir='ltr'><strong>sed</strong></span> <span class='ocrx_word' id='word_1_414' title='bbox 1274 4078 1548 4132; x_wconf 88' lang='lat' dir='ltr'><strong>interiora</strong></span> <span class='ocrx_word' id='word_1_415' title='bbox 1573 4094 1703 4132; x_wconf 91' lang='lat' dir='ltr'><strong>con-</strong></span> 
     </span>
    </p>
   </div>
   <div class='ocr_carea' id='block_1_59' title="bbox 119 4155 1704 4243">
    <p class='ocr_par' dir='ltr' id='par_1_59' title="bbox 119 4155 1704 4243">
     <span class='ocr_line' id='line_1_59' title="bbox 119 4155 1704 4243; baseline 0.002 -22"><span class='ocrx_word' id='word_1_416' title='bbox 119 4155 368 4227; x_wconf 78' lang='lat' dir='ltr'><strong>taminant.</strong></span> <span class='ocrx_word' id='word_1_417' title='bbox 419 4176 488 4228; x_wconf 88' lang='lat' dir='ltr'><strong>Et</strong></span> <span class='ocrx_word' id='word_1_418' title='bbox 535 4173 662 4228; x_wconf 91' lang='lat' dir='ltr'><strong>ideo</strong></span> <span class='ocrx_word' id='word_1_419' title='bbox 709 4172 868 4243; x_wconf 90' lang='lat' dir='ltr'><strong>quasi</strong></span> <span class='ocrx_word' id='word_1_420' title='bbox 915 4171 1098 4226; x_wconf 88' lang='lat' dir='ltr'><strong>bonus</strong></span> <span class='ocrx_word' id='word_1_421' title='bbox 1146 4174 1462 4243; x_wconf 57' lang='lat' dir='ltr'><strong>praeceptor</strong></span> <span class='ocrx_word' id='word_1_422' title='bbox 1511 4171 1704 4226; x_wconf 90' lang='lat' dir='ltr'><strong>docuit</strong></span> 
     </span>
    </p>
   </div>
   <div class='ocr_carea' id='block_1_60' title="bbox 121 4265 1697 4336">
    <p class='ocr_par' dir='ltr' id='par_1_60' title="bbox 121 4265 1697 4336">
     <span class='ocr_line' id='line_1_60' title="bbox 121 4265 1697 4336; baseline 0.001 -19"><span class='ocrx_word' id='word_1_423' title='bbox 121 4267 562 4332; x_wconf 80' lang='lat' dir='ltr'><strong>quemadmodum</strong></span> <span class='ocrx_word' id='word_1_424' title='bbox 586 4266 762 4321; x_wconf 90' lang='lat' dir='ltr'><strong>nostri</strong></span> <span class='ocrx_word' id='word_1_425' title='bbox 788 4266 1062 4320; x_wconf 91' lang='lat' dir='ltr'><strong>mundare</strong></span> <span class='ocrx_word' id='word_1_426' title='bbox 1089 4265 1338 4336; x_wconf 85' lang='lat' dir='ltr'><strong>corporis</strong></span> <span class='ocrx_word' id='word_1_427' title='bbox 1367 4266 1697 4335; x_wconf 87' lang='lat' dir='ltr'><strong>contagium</strong></span> 
     </span>
    </p>
   </div>
   <div class='ocr_carea' id='block_1_61' title="bbox 120 4355 673 4429">
    <p class='ocr_par' dir='ltr' id='par_1_61' title="bbox 120 4355 673 4429">
     <span class='ocr_line' id='line_1_61' title="bbox 120 4355 673 4429; baseline 0.007 -19"><span class='ocrx_word' id='word_1_428' title='bbox 120 4355 394 4429; x_wconf 84' lang='lat' dir='ltr'><strong>debeamus,</strong></span> <span class='ocrx_word' id='word_1_429' title='bbox 429 4362 630 4416; x_wconf 87' lang='lat' dir='ltr'><strong>dicens</strong></span> <span class='ocrx_word' id='word_1_430' title='bbox 661 4377 673 4414; x_wconf 92' lang='lat'><strong>:</strong></span> 
     </span>
    </p>
   </div>
   <div class='ocr_carea' id='block_1_62' title="bbox 168 4451 1700 4524">
    <p class='ocr_par' dir='ltr' id='par_1_62' title="bbox 168 4451 1700 4524">
     <span class='ocr_line' id='line_1_62' title="bbox 168 4451 1700 4524; baseline -0.002 -17"><span class='ocrx_word' id='word_1_431' title='bbox 168 4451 315 4514; x_wconf 82' lang='lat' dir='ltr'><strong>(Vers.</strong></span> <span class='ocrx_word' id='word_1_432' title='bbox 344 4457 451 4524; x_wconf 74' lang='grc'><strong>41.)</strong></span> <span class='ocrx_word' id='word_1_433' title='bbox 485 4459 624 4510; x_wconf 78' lang='lat' dir='ltr'><strong>Date</strong></span> <span class='ocrx_word' id='word_1_434' title='bbox 647 4455 1050 4523; x_wconf 80' lang='lat' dir='ltr'><strong>eleemosynam,</strong></span> <span class='ocrx_word' id='word_1_435' title='bbox 1080 4459 1130 4508; x_wconf 78' lang='lat' dir='ltr'><strong>et</strong></span> <span class='ocrx_word' id='word_1_436' title='bbox 1155 4469 1265 4508; x_wconf 85' lang='lat' dir='ltr'><strong>ecce</strong></span> <span class='ocrx_word' id='word_1_437' title='bbox 1292 4455 1469 4508; x_wconf 81' lang='lat' dir='ltr'><strong>omnia</strong></span> <span class='ocrx_word' id='word_1_438' title='bbox 1494 4454 1700 4508; x_wconf 78' lang='lat' dir='ltr'><strong>munda</strong></span> 
     </span>
    </p>
   </div>
   <div class='ocr_carea' id='block_1_63' title="bbox 120 4549 383 4604">
    <p class='ocr_par' dir='ltr' id='par_1_63' title="bbox 120 4549 383 4604">
     <span class='ocr_line' id='line_1_63' title="bbox 120 4549 383 4604; baseline 0.027 -7"><span class='ocrx_word' id='word_1_439' title='bbox 120 4552 212 4598; x_wconf 70' lang='lat' dir='ltr'><strong>sunt</strong></span> <span class='ocrx_word' id='word_1_440' title='bbox 231 4549 383 4604; x_wconf 74' lang='lat' dir='ltr'><strong>vobis.</strong></span> 
     </span>
    </p>
   </div>
   <div class='ocr_carea' id='block_1_64' title="bbox 177 4640 1701 4714">
    <p class='ocr_par' dir='ltr' id='par_1_64' title="bbox 177 4640 1701 4714">
     <span class='ocr_line' id='line_1_64' title="bbox 177 4640 1701 4714; baseline 0.003 -24"><span class='ocrx_word' id='word_1_441' title='bbox 177 4642 270 4694; x_wconf 79' lang='lat' dir='ltr'><strong>tOt.</strong></span> <span class='ocrx_word' id='word_1_442' title='bbox 311 4643 474 4698; x_wconf 84' lang='lat' dir='ltr'><strong>Vides</strong></span> <span class='ocrx_word' id='word_1_443' title='bbox 528 4646 744 4714; x_wconf 85' lang='lat' dir='ltr'><strong>quanta</strong></span> <span class='ocrx_word' id='word_1_444' title='bbox 794 4641 1090 4696; x_wconf 82' lang='lat' dir='ltr'><strong>remedia?</strong></span> <span class='ocrx_word' id='word_1_445' title='bbox 1142 4641 1377 4696; x_wconf 86' lang='lat' dir='ltr'><strong>Mundat</strong></span> <span class='ocrx_word' id='word_1_446' title='bbox 1429 4657 1535 4696; x_wconf 88' lang='lat' dir='ltr'><strong>nos</strong></span> <span class='ocrx_word' id='word_1_447' title='bbox 1593 4640 1701 4711; x_wconf 88' lang='lat'><strong>(89)</strong></span> 
     </span>
    </p>
   </div>
   <div class='ocr_carea' id='block_1_65' title="bbox 125 4731 1702 4806">
    <p class='ocr_par' dir='ltr' id='par_1_65' title="bbox 125 4731 1702 4806">
     <span class='ocr_line' id='line_1_65' title="bbox 125 4731 1702 4806; baseline 0.004 -24"><span class='ocrx_word' id='word_1_448' title='bbox 125 4731 484 4804; x_wconf 86' lang='lat' dir='ltr'><strong>misericordia,</strong></span> <span class='ocrx_word' id='word_1_449' title='bbox 528 4737 768 4791; x_wconf 89' lang='lat' dir='ltr'><strong>mundat</strong></span> <span class='ocrx_word' id='word_1_450' title='bbox 807 4752 909 4789; x_wconf 93' lang='lat' dir='ltr'><strong>nos</strong></span> <span class='ocrx_word' id='word_1_451' title='bbox 955 4735 1052 4789; x_wconf 91' lang='lat' dir='ltr'><strong>Dei</strong></span> <span class='ocrx_word' id='word_1_452' title='bbox 1095 4751 1304 4803; x_wconf 91' lang='lat' dir='ltr'><strong>sermo,</strong></span> <span class='ocrx_word' id='word_1_453' title='bbox 1342 4735 1503 4806; x_wconf 83' lang='lat' dir='ltr'><strong>juxta</strong></span> <span class='ocrx_word' id='word_1_454' title='bbox 1550 4735 1702 4806; x_wconf 92' lang='lat' dir='ltr'><strong>quod</strong></span> 
     </span>
    </p>
   </div>
   <div class='ocr_carea' id='block_1_66' title="bbox 128 4825 1704 4900">
    <p class='ocr_par' dir='ltr' id='par_1_66' title="bbox 128 4825 1704 4900">
     <span class='ocr_line' id='line_1_66' title="bbox 128 4825 1704 4900; baseline 0 -19"><span class='ocrx_word' id='word_1_455' title='bbox 128 4825 348 4896; x_wconf 73' lang='lat' dir='ltr'><strong>scriptum</strong></span> <span class='ocrx_word' id='word_1_456' title='bbox 380 4835 464 4885; x_wconf 90' lang='lat' dir='ltr'><strong>est</strong></span> <span class='ocrx_word' id='word_1_457' title='bbox 495 4853 506 4882; x_wconf 91' lang='lat'>:</span> <span class='ocrx_word' id='word_1_458' title='bbox 550 4851 577 4878; x_wconf 90' lang='grc'><strong>‹‹</strong></span> <span class='ocrx_word' id='word_1_459' title='bbox 612 4831 734 4884; x_wconf 87' lang='lat' dir='ltr'><strong>Jam</strong></span> <span class='ocrx_word' id='word_1_460' title='bbox 772 4847 869 4884; x_wconf 91' lang='lat' dir='ltr'><strong>vos</strong></span> <span class='ocrx_word' id='word_1_461' title='bbox 911 4829 1112 4884; x_wconf 91' lang='lat' dir='ltr'><strong>mundi</strong></span> <span class='ocrx_word' id='word_1_462' title='bbox 1156 4829 1290 4883; x_wconf 89' lang='lat' dir='ltr'><strong>estis</strong></span> <span class='ocrx_word' id='word_1_463' title='bbox 1329 4832 1564 4900; x_wconf 87' lang='lat' dir='ltr'><strong>propter</strong></span> <span class='ocrx_word' id='word_1_464' title='bbox 1593 4844 1704 4883; x_wconf 89' lang='lat' dir='ltr'><strong>ser-</strong></span> 
     </span>
    </p>
   </div>
   <div class='ocr_carea' id='block_1_67' title="bbox 129 4923 1700 4996">
    <p class='ocr_par' dir='ltr' id='par_1_67' title="bbox 129 4923 1700 4996">
     <span class='ocr_line' id='line_1_67' title="bbox 129 4923 1700 4996; baseline 0 -22"><span class='ocrx_word' id='word_1_465' title='bbox 129 4931 309 4977; x_wconf 84' lang='lat' dir='ltr'><strong>monem</strong></span> <span class='ocrx_word' id='word_1_466' title='bbox 337 4941 556 4990; x_wconf 89' lang='lat' dir='ltr'><strong>meum,</strong></span> <span class='ocrx_word' id='word_1_467' title='bbox 589 4940 761 4996; x_wconf 88' lang='lat' dir='ltr'><strong>quem</strong></span> <span class='ocrx_word' id='word_1_468' title='bbox 786 4924 1008 4979; x_wconf 90' lang='lat' dir='ltr'><strong>locutus</strong></span> <span class='ocrx_word' id='word_1_469' title='bbox 1037 4940 1163 4978; x_wconf 90' lang='lat' dir='ltr'><strong>sum</strong></span> <span class='ocrx_word' id='word_1_470' title='bbox 1190 4923 1350 4978; x_wconf 91' lang='lat' dir='ltr'><strong>vobis</strong></span> <span class='ocrx_word' id='word_1_471' title='bbox 1380 4923 1580 4993; x_wconf 85' lang='lat' dir='ltr'><strong>(Joan.,</strong></span> <span class='ocrx_word' id='word_1_472' title='bbox 1610 4939 1700 4989; x_wconf 81' lang='lat' dir='ltr'><strong>xv,</strong></span> 
     </span>
    </p>
   </div>
   <div class='ocr_carea' id='block_1_68' title="bbox 129 5010 1703 5087">
    <p class='ocr_par' dir='ltr' id='par_1_68' title="bbox 129 5010 1703 5087">
     <span class='ocr_line' id='line_1_68' title="bbox 129 5010 1703 5087; baseline -0.003 -13"><span class='ocrx_word' id='word_1_473' title='bbox 129 5010 180 5076; x_wconf 67' lang='lat'><strong>3).</strong></span> <span class='ocrx_word' id='word_1_474' title='bbox 205 5035 225 5060; x_wconf 63' lang='grc' dir='ltr'><strong>»υ</strong></span> <span class='ocrx_word' id='word_1_475' title='bbox 257 5016 355 5071; x_wconf 86' lang='lat' dir='ltr'><strong>Nec</strong></span> <span class='ocrx_word' id='word_1_476' title='bbox 388 5018 495 5072; x_wconf 88' lang='lat' dir='ltr'><strong>hoc</strong></span> <span class='ocrx_word' id='word_1_477' title='bbox 531 5019 654 5073; x_wconf 91' lang='lat' dir='ltr'><strong>loco</strong></span> <span class='ocrx_word' id='word_1_478' title='bbox 685 5018 889 5084; x_wconf 92' lang='lat' dir='ltr'><strong>solum,</strong></span> <span class='ocrx_word' id='word_1_479' title='bbox 922 5017 1020 5072; x_wconf 92' lang='lat' dir='ltr'><strong>sed</strong></span> <span class='ocrx_word' id='word_1_480' title='bbox 1048 5018 1217 5072; x_wconf 89' lang='lat' dir='ltr'><strong>etiam</strong></span> <span class='ocrx_word' id='word_1_481' title='bbox 1246 5017 1305 5070; x_wconf 91' lang='lat' dir='ltr'><strong>in</strong></span> <span class='ocrx_word' id='word_1_482' title='bbox 1335 5016 1457 5070; x_wconf 90' lang='lat' dir='ltr'><strong>aliis</strong></span> <span class='ocrx_word' id='word_1_483' title='bbox 1490 5021 1703 5087; x_wconf 91' lang='lat' dir='ltr'><strong>quanta</strong></span> 
     </span>
    </p>
   </div>
   <div class='ocr_carea' id='block_1_69' title="bbox 131 5103 1703 5183">
    <p class='ocr_par' dir='ltr' id='par_1_69' title="bbox 131 5103 1703 5183">
     <span class='ocr_line' id='line_1_69' title="bbox 131 5103 1703 5183; baseline 0.007 -30"><span class='ocrx_word' id='word_1_484' title='bbox 131 5103 180 5155; x_wconf 87' lang='lat' dir='ltr'><strong>sit</strong></span> <span class='ocrx_word' id='word_1_485' title='bbox 208 5111 364 5176; x_wconf 78' lang='lat' dir='ltr'><strong>gratia</strong></span> <span class='ocrx_word' id='word_1_486' title='bbox 399 5128 733 5183; x_wconf 80' lang='lat' dir='ltr'><strong>expressum</strong></span> <span class='ocrx_word' id='word_1_487' title='bbox 771 5116 932 5166; x_wconf 84' lang='lat' dir='ltr'><strong>tenes</strong></span> <span class='ocrx_word' id='word_1_488' title='bbox 963 5128 975 5165; x_wconf 89' lang='lat'><strong>:</strong></span> <span class='ocrx_word' id='word_1_489' title='bbox 1010 5131 1038 5160; x_wconf 85' lang='lat'><strong><em>«</em></strong></span> <span class='ocrx_word' id='word_1_490' title='bbox 1079 5111 1447 5181; x_wconf 83' lang='lat' dir='ltr'><strong>Eleemosyna</strong></span> <span class='ocrx_word' id='word_1_491' title='bbox 1484 5110 1638 5164; x_wconf 92' lang='lat' dir='ltr'><strong>enim</strong></span> <span class='ocrx_word' id='word_1_492' title='bbox 1669 5127 1703 5164; x_wconf 92' lang='lat' dir='ltr'><strong>a</strong></span> 
     </span>
    </p>
   </div>
   <div class='ocr_carea' id='block_1_70' title="bbox 134 5203 1704 5277">
    <p class='ocr_par' dir='ltr' id='par_1_70' title="bbox 134 5203 1704 5277">
     <span class='ocr_line' id='line_1_70' title="bbox 134 5203 1704 5277; baseline 0.001 -21"><span class='ocrx_word' id='word_1_493' title='bbox 134 5206 272 5256; x_wconf 81' lang='lat' dir='ltr'><strong>morte</strong></span> <span class='ocrx_word' id='word_1_494' title='bbox 292 5203 490 5259; x_wconf 87' lang='lat' dir='ltr'><strong>liberat</strong></span> <span class='ocrx_word' id='word_1_495' title='bbox 512 5207 682 5275; x_wconf 88' lang='lat' dir='ltr'><strong>(Tob.,</strong></span> <span class='ocrx_word' id='word_1_496' title='bbox 713 5222 810 5266; x_wconf 82' lang='lat' dir='ltr'><strong>xu,</strong></span> <span class='ocrx_word' id='word_1_497' title='bbox 834 5206 911 5277; x_wconf 90' lang='lat'><strong>9);</strong></span> <span class='ocrx_word' id='word_1_498' title='bbox 943 5227 971 5254; x_wconf 69' lang='grc' dir='ltr'><strong>η</strong></span> <span class='ocrx_word' id='word_1_499' title='bbox 996 5210 1070 5272; x_wconf 90' lang='lat' dir='ltr'><strong>et,</strong></span> <span class='ocrx_word' id='word_1_500' title='bbox 1093 5225 1120 5254; x_wconf 84' lang='lat'><strong><em>&lt;&lt;</em></strong></span> <span class='ocrx_word' id='word_1_501' title='bbox 1147 5204 1434 5261; x_wconf 90' lang='lat' dir='ltr'><strong>Conclude</strong></span> <span class='ocrx_word' id='word_1_502' title='bbox 1459 5203 1704 5258; x_wconf 89' lang='lat' dir='ltr'><strong>eleemo-</strong></span> 
     </span>
    </p>
   </div>
   <div class='ocr_carea' id='block_1_71' title="bbox 42 5297 1704 5372">
    <p class='ocr_par' dir='ltr' id='par_1_71' title="bbox 42 5297 1704 5372">
     <span class='ocr_line' id='line_1_71' title="bbox 42 5297 1704 5372; baseline 0.002 -25"><span class='ocrx_word' id='word_1_503' title='bbox 42 5369 44 5372; x_wconf 15' lang='lat'>.</span> <span class='ocrx_word' id='word_1_504' title='bbox 136 5304 285 5357; x_wconf 66' lang='lat' dir='ltr'><strong>Syriam</strong></span> <span class='ocrx_word' id='word_1_505' title='bbox 322 5299 376 5352; x_wconf 91' lang='lat' dir='ltr'><strong>in</strong></span> <span class='ocrx_word' id='word_1_506' title='bbox 414 5300 582 5354; x_wconf 90' lang='lat' dir='ltr'><strong>corde</strong></span> <span class='ocrx_word' id='word_1_507' title='bbox 623 5299 908 5371; x_wconf 90' lang='lat' dir='ltr'><strong>pauperis,</strong></span> <span class='ocrx_word' id='word_1_508' title='bbox 957 5304 1013 5354; x_wconf 90' lang='lat' dir='ltr'><strong>et</strong></span> <span class='ocrx_word' id='word_1_509' title='bbox 1051 5298 1173 5352; x_wconf 69' lang='lat' dir='ltr'><strong>haec</strong></span> <span class='ocrx_word' id='word_1_510' title='bbox 1213 5313 1317 5370; x_wconf 92' lang='lat' dir='ltr'><strong>pro</strong></span> <span class='ocrx_word' id='word_1_511' title='bbox 1358 5301 1414 5352; x_wconf 91' lang='lat' dir='ltr'><strong>te</strong></span> <span class='ocrx_word' id='word_1_512' title='bbox 1451 5297 1704 5352; x_wconf 86' lang='lat' dir='ltr'><strong>exorabit</strong></span> 
     </span>
    </p>
   </div>
   <div class='ocr_carea' id='block_1_72' title="bbox 42 5379 1055 5463">
    <p class='ocr_par' dir='ltr' id='par_1_72' title="bbox 42 5379 1055 5463">
     <span class='ocr_line' id='line_1_72' title="bbox 42 5379 1055 5463; baseline -0.009 -12"><span class='ocrx_word' id='word_1_513' title='bbox 42 5381 58 5463; x_wconf 15' lang='lat' dir='ltr'><strong>Il</strong></span> <span class='ocrx_word' id='word_1_514' title='bbox 139 5379 175 5434; x_wconf 71' lang='grc' dir='ltr'><strong>ίη</strong></span> <span class='ocrx_word' id='word_1_515' title='bbox 199 5385 270 5442; x_wconf 76' lang='lat' dir='ltr'><strong>die</strong></span> <span class='ocrx_word' id='word_1_516' title='bbox 298 5395 440 5448; x_wconf 91' lang='lat' dir='ltr'><strong>malo</strong></span> <span class='ocrx_word' id='word_1_517' title='bbox 469 5394 677 5463; x_wconf 80' lang='lat' dir='ltr'><strong>(Eccli.,</strong></span> <span class='ocrx_word' id='word_1_518' title='bbox 707 5410 855 5459; x_wconf 69' lang='grc' dir='ltr'>χιιι,</span> <span class='ocrx_word' id='word_1_519' title='bbox 889 5394 996 5463; x_wconf 84' lang='grc'><strong>15),</strong></span> <span class='ocrx_word' id='word_1_520' title='bbox 1028 5414 1055 5442; x_wconf 79' lang='lat'><strong>»</strong></span> 
     </span>
    </p>
   </div>
   <div class='ocr_carea' id='block_1_73' title="bbox 191 5483 1704 5560">
    <p class='ocr_par' dir='ltr' id='par_1_73' title="bbox 191 5483 1704 5560">
     <span class='ocr_line' id='line_1_73' title="bbox 191 5483 1704 5560; baseline 0.002 -24"><span class='ocrx_word' id='word_1_521' title='bbox 191 5483 284 5537; x_wconf 73' lang='lat'><strong>102.</strong></span> <span class='ocrx_word' id='word_1_522' title='bbox 315 5487 480 5541; x_wconf 90' lang='lat' dir='ltr'><strong>Totus</strong></span> <span class='ocrx_word' id='word_1_523' title='bbox 515 5487 706 5560; x_wconf 88' lang='lat' dir='ltr'><strong>itaque</strong></span> <span class='ocrx_word' id='word_1_524' title='bbox 736 5486 1158 5559; x_wconf 91' lang='lat' dir='ltr'><strong>pulcherrimus</strong></span> <span class='ocrx_word' id='word_1_525' title='bbox 1198 5485 1406 5540; x_wconf 87' lang='lat' dir='ltr'><strong>abhinc</strong></span> <span class='ocrx_word' id='word_1_526' title='bbox 1436 5485 1704 5558; x_wconf 90' lang='lat' dir='ltr'><strong>dirigitur</strong></span> 
     </span>
    </p>
   </div>
   <div class='ocr_carea' id='block_1_74' title="bbox 147 5644 1706 5761">
    <p class='ocr_par' dir='ltr' id='par_1_74' title="bbox 147 5644 1706 5761">
     <span class='ocr_line' id='line_1_74' title="bbox 147 5644 1706 5761; baseline 0.003 -63"><span class='ocrx_word' id='word_1_527' title='bbox 147 5644 259 5761; x_wconf 48' lang='lat' dir='ltr'><strong>ut?)</strong></span> <span class='ocrx_word' id='word_1_528' title='bbox 300 5649 418 5700; x_wconf 72' lang='lat' dir='ltr'><strong>Mss.</strong></span> <span class='ocrx_word' id='word_1_529' title='bbox 473 5652 697 5717; x_wconf 88' lang='lat' dir='ltr'><strong>aliquot,</strong></span> <span class='ocrx_word' id='word_1_530' title='bbox 760 5653 909 5704; x_wconf 80' lang='lat' dir='ltr'><strong>Vides</strong></span> <span class='ocrx_word' id='word_1_531' title='bbox 955 5657 1158 5718; x_wconf 79' lang='lat' dir='ltr'><strong>quanto</strong></span> <span class='ocrx_word' id='word_1_532' title='bbox 1204 5651 1433 5702; x_wconf 81' lang='lat' dir='ltr'><strong>remedio</strong></span> <span class='ocrx_word' id='word_1_533' title='bbox 1485 5651 1706 5702; x_wconf 79' lang='lat' dir='ltr'><strong>mundat</strong></span> 
     </span>
    </p>
   </div>
   <div class='ocr_carea' id='block_1_75' title="bbox 191 5784 1700 5859">
    <p class='ocr_par' dir='ltr' id='par_1_75' title="bbox 191 5784 1700 5859">
     <span class='ocr_line' id='line_1_75' title="bbox 191 5784 1700 5859; baseline 0.003 -22"><span class='ocrx_word' id='word_1_534' title='bbox 191 5784 264 5846; x_wconf 63' lang='grc' dir='ltr'><strong>(ω)</strong></span> <span class='ocrx_word' id='word_1_535' title='bbox 281 5789 532 5844; x_wconf 82' lang='lat' dir='ltr'><strong>Nonnulli</strong></span> <span class='ocrx_word' id='word_1_536' title='bbox 562 5809 712 5857; x_wconf 87' lang='lat' dir='ltr'><strong>mss.,</strong></span> <span class='ocrx_word' id='word_1_537' title='bbox 751 5797 797 5846; x_wconf 77' lang='lat' dir='ltr'><strong>si</strong></span> <span class='ocrx_word' id='word_1_538' title='bbox 834 5793 1256 5847; x_wconf 71' lang='lat' dir='ltr'><strong>misericordiam</strong></span> <span class='ocrx_word' id='word_1_539' title='bbox 1291 5797 1700 5859; x_wconf 77' lang='lat' dir='ltr'><strong>consequantur.</strong></span> 
     </span>
    </p>
   </div>
   <div class='ocr_carea' id='block_1_76' title="bbox 149 5847 1702 5929">
    <p class='ocr_par' dir='ltr' id='par_1_76' title="bbox 149 5847 1702 5929">
     <span class='ocr_line' id='line_1_76' title="bbox 149 5847 1702 5929; baseline -0.001 -13"><span class='ocrx_word' id='word_1_540' title='bbox 149 5847 313 5918; x_wconf 64' lang='lat' dir='ltr'><strong>Inepte;</strong></span> <span class='ocrx_word' id='word_1_541' title='bbox 337 5875 526 5914; x_wconf 81' lang='lat' dir='ltr'><strong>sensus</strong></span> <span class='ocrx_word' id='word_1_542' title='bbox 566 5847 712 5917; x_wconf 73' lang='lat' dir='ltr'><strong>enini</strong></span> <span class='ocrx_word' id='word_1_543' title='bbox 745 5871 843 5927; x_wconf 85' lang='lat' dir='ltr'><strong>est,</strong></span> <span class='ocrx_word' id='word_1_544' title='bbox 884 5865 1175 5918; x_wconf 66' lang='lat' dir='ltr'><strong>Pharisais</strong></span> <span class='ocrx_word' id='word_1_545' title='bbox 1213 5847 1471 5929; x_wconf 50' lang='lat' dir='ltr'><strong>promitti.</strong></span> <span class='ocrx_word' id='word_1_546' title='bbox 1497 5877 1702 5928; x_wconf 89' lang='lat' dir='ltr'><strong>pecca-</strong></span> 
     </span>
    </p>
   </div>
   <div class='ocr_carea' id='block_1_77' title="bbox 1809 1937 3436 2013">
    <p class='ocr_par' dir='ltr' id='par_1_77' title="bbox 1809 1937 3436 2013">
     <span class='ocr_line' id='line_1_77' title="bbox 1809 1937 3436 2013; baseline -0.002 -18"><span class='ocrx_word' id='word_1_547' title='bbox 1809 1941 2019 1995; x_wconf 91' lang='lat' dir='ltr'><strong>dicium</strong></span> <span class='ocrx_word' id='word_1_548' title='bbox 2056 1941 2205 2007; x_wconf 90' lang='lat' dir='ltr'><strong>ideo,</strong></span> <span class='ocrx_word' id='word_1_549' title='bbox 2241 1941 2371 2013; x_wconf 90' lang='lat' dir='ltr'><strong>quia</strong></span> <span class='ocrx_word' id='word_1_550' title='bbox 2404 1959 2515 1996; x_wconf 90' lang='lat' dir='ltr'><strong>non</strong></span> <span class='ocrx_word' id='word_1_551' title='bbox 2555 1941 2746 1995; x_wconf 90' lang='lat' dir='ltr'><strong>omnia</strong></span> <span class='ocrx_word' id='word_1_552' title='bbox 2781 1957 2908 2011; x_wconf 77' lang='lat' dir='ltr'><strong>quae</strong></span> <span class='ocrx_word' id='word_1_553' title='bbox 2945 1943 3141 2011; x_wconf 87' lang='lat' dir='ltr'><strong>agunt,</strong></span> <span class='ocrx_word' id='word_1_554' title='bbox 3189 1939 3245 1992; x_wconf 89' lang='lat' dir='ltr'><strong>in</strong></span> <span class='ocrx_word' id='word_1_555' title='bbox 3279 1937 3436 2008; x_wconf 85' lang='lat' dir='ltr'><strong>judi-</strong></span> 
     </span>
    </p>
   </div>
   <div class='ocr_carea' id='block_1_78' title="bbox 1808 2030 3437 2105">
    <p class='ocr_par' dir='ltr' id='par_1_78' title="bbox 1808 2030 3437 2105">
     <span class='ocr_line' id='line_1_78' title="bbox 1808 2030 3437 2105; baseline -0.002 -17"><span class='ocrx_word' id='word_1_556' title='bbox 1808 2035 1959 2088; x_wconf 92' lang='lat' dir='ltr'><strong>cium</strong></span> <span class='ocrx_word' id='word_1_557' title='bbox 1987 2037 2265 2104; x_wconf 88' lang='lat' dir='ltr'><strong>referunt;</strong></span> <span class='ocrx_word' id='word_1_558' title='bbox 2291 2036 2620 2090; x_wconf 79' lang='lat' dir='ltr'><strong>cbaritatem</strong></span> <span class='ocrx_word' id='word_1_559' title='bbox 2650 2034 2800 2102; x_wconf 91' lang='lat' dir='ltr'><strong>ideo,</strong></span> <span class='ocrx_word' id='word_1_560' title='bbox 2827 2035 2962 2105; x_wconf 88' lang='lat' dir='ltr'><strong>quia</strong></span> <span class='ocrx_word' id='word_1_561' title='bbox 2990 2050 3101 2088; x_wconf 91' lang='lat' dir='ltr'><strong>non</strong></span> <span class='ocrx_word' id='word_1_562' title='bbox 3133 2050 3200 2087; x_wconf 85' lang='lat' dir='ltr'><strong>ex</strong></span> <span class='ocrx_word' id='word_1_563' title='bbox 3232 2030 3437 2086; x_wconf 76' lang='lat' dir='ltr'><strong>affectu</strong></span> 
     </span>
    </p>
   </div>
   <div class='ocr_carea' id='block_1_79' title="bbox 1810 2129 2286 2200">
    <p class='ocr_par' dir='ltr' id='par_1_79' title="bbox 1810 2129 2286 2200">
     <span class='ocr_line' id='line_1_79' title="bbox 1810 2129 2286 2200; baseline 0.004 -18"><span class='ocrx_word' id='word_1_564' title='bbox 1810 2129 1985 2184; x_wconf 85' lang='lat' dir='ltr'><strong>Deum</strong></span> <span class='ocrx_word' id='word_1_565' title='bbox 2019 2129 2286 2200; x_wconf 86' lang='lat' dir='ltr'><strong>diligunt.</strong></span> 
     </span>
    </p>
   </div>
   <div class='ocr_carea' id='block_1_80' title="bbox 1885 2238 3434 2305">
    <p class='ocr_par' dir='ltr' id='par_1_80' title="bbox 1885 2238 3434 2305">
     <span class='ocr_line' id='line_1_80' title="bbox 1885 2238 3434 2305; baseline -0.003 -10"><span class='ocrx_word' id='word_1_566' title='bbox 1885 2244 2000 2296; x_wconf 66' lang='grc'><strong>104.</strong></span> <span class='ocrx_word' id='word_1_567' title='bbox 2057 2242 2161 2296; x_wconf 90' lang='lat' dir='ltr'><strong>Sed</strong></span> <span class='ocrx_word' id='word_1_568' title='bbox 2215 2259 2285 2296; x_wconf 84' lang='lat' dir='ltr'><strong>ne</strong></span> <span class='ocrx_word' id='word_1_569' title='bbox 2331 2258 2523 2296; x_wconf 87' lang='lat' dir='ltr'><strong>rursus</strong></span> <span class='ocrx_word' id='word_1_570' title='bbox 2569 2241 2696 2296; x_wconf 82' lang='lat' dir='ltr'><strong>ﬁdei</strong></span> <span class='ocrx_word' id='word_1_571' title='bbox 2750 2258 2850 2296; x_wconf 90' lang='lat' dir='ltr'><strong>nos</strong></span> <span class='ocrx_word' id='word_1_572' title='bbox 2901 2239 3176 2295; x_wconf 86' lang='lat' dir='ltr'><strong>studiosos</strong></span> <span class='ocrx_word' id='word_1_573' title='bbox 3230 2238 3434 2305; x_wconf 85' lang='lat' dir='ltr'><strong>faciat,</strong></span> 
     </span>
    </p>
   </div>
   <div class='ocr_carea' id='block_1_81' title="bbox 1807 2331 3438 2406">
    <p class='ocr_par' dir='ltr' id='par_1_81' title="bbox 1807 2331 3438 2406">
     <span class='ocr_line' id='line_1_81' title="bbox 1807 2331 3438 2406; baseline -0.004 -17"><span class='ocrx_word' id='word_1_574' title='bbox 1807 2352 2045 2406; x_wconf 91' lang='lat' dir='ltr'><strong>operum</strong></span> <span class='ocrx_word' id='word_1_575' title='bbox 2083 2336 2461 2406; x_wconf 88' lang='lat' dir='ltr'><strong>negligentes,</strong></span> <span class='ocrx_word' id='word_1_576' title='bbox 2497 2335 2906 2406; x_wconf 80' lang='lat' dir='ltr'><strong>perfectionem</strong></span> <span class='ocrx_word' id='word_1_577' title='bbox 2943 2333 3120 2388; x_wconf 82' lang='lat' dir='ltr'><strong>fidelis</strong></span> <span class='ocrx_word' id='word_1_578' title='bbox 3150 2331 3251 2386; x_wconf 90' lang='lat' dir='ltr'><strong>viri</strong></span> <span class='ocrx_word' id='word_1_579' title='bbox 3283 2331 3438 2385; x_wconf 88' lang='lat' dir='ltr'><strong>brevi</strong></span> 
     </span>
    </p>
   </div>
   <div class='ocr_carea' id='block_1_82' title="bbox 1807 2426 3440 2497">
    <p class='ocr_par' dir='ltr' id='par_1_82' title="bbox 1807 2426 3440 2497">
     <span class='ocr_line' id='line_1_82' title="bbox 1807 2426 3440 2497; baseline -0.003 -15"><span class='ocrx_word' id='word_1_580' title='bbox 1807 2446 2065 2483; x_wconf 81' lang='lat' dir='ltr'><strong>sermone</strong></span> <span class='ocrx_word' id='word_1_581' title='bbox 2107 2429 2427 2496; x_wconf 87' lang='lat' dir='ltr'><strong>concludit;</strong></span> <span class='ocrx_word' id='word_1_582' title='bbox 2471 2433 2533 2482; x_wconf 90' lang='lat' dir='ltr'><strong>ut</strong></span> <span class='ocrx_word' id='word_1_583' title='bbox 2582 2435 2638 2483; x_wconf 88' lang='lat' dir='ltr'><strong>et</strong></span> <span class='ocrx_word' id='word_1_584' title='bbox 2683 2429 2791 2482; x_wconf 87' lang='lat' dir='ltr'><strong>fide</strong></span> <span class='ocrx_word' id='word_1_585' title='bbox 2838 2434 2892 2482; x_wconf 92' lang='lat' dir='ltr'><strong>et</strong></span> <span class='ocrx_word' id='word_1_586' title='bbox 2932 2426 3198 2497; x_wconf 89' lang='lat' dir='ltr'><strong>operibus</strong></span> <span class='ocrx_word' id='word_1_587' title='bbox 3240 2441 3440 2494; x_wconf 89' lang='lat' dir='ltr'><strong>appro-</strong></span> 
     </span>
    </p>
   </div>
   <div class='ocr_carea' id='block_1_83' title="bbox 1805 2519 3438 2593">
    <p class='ocr_par' dir='ltr' id='par_1_83' title="bbox 1805 2519 3438 2593">
     <span class='ocr_line' id='line_1_83' title="bbox 1805 2519 3438 2593; baseline -0.004 -17"><span class='ocrx_word' id='word_1_588' title='bbox 1805 2522 1990 2590; x_wconf 88' lang='lat' dir='ltr'><strong>bctur,</strong></span> <span class='ocrx_word' id='word_1_589' title='bbox 2029 2523 2265 2577; x_wconf 86' lang='lat' dir='ltr'><strong>dicens:</strong></span> <span class='ocrx_word' id='word_1_590' title='bbox 2303 2526 2362 2577; x_wconf 82' lang='lat' dir='ltr'><strong>Et</strong></span> <span class='ocrx_word' id='word_1_591' title='bbox 2403 2524 2512 2578; x_wconf 62' lang='lat' dir='ltr'><strong>hac</strong></span> <span class='ocrx_word' id='word_1_592' title='bbox 2553 2525 2794 2593; x_wconf 82' lang='lat' dir='ltr'><strong>oportuit</strong></span> <span class='ocrx_word' id='word_1_593' title='bbox 2844 2523 3041 2588; x_wconf 77' lang='lat' dir='ltr'><strong>facere,</strong></span> <span class='ocrx_word' id='word_1_594' title='bbox 3090 2527 3139 2573; x_wconf 84' lang='lat' dir='ltr'><strong>et</strong></span> <span class='ocrx_word' id='word_1_595' title='bbox 3189 2519 3289 2572; x_wconf 84' lang='lat' dir='ltr'><strong>illa</strong></span> <span class='ocrx_word' id='word_1_596' title='bbox 3334 2533 3438 2572; x_wconf 85' lang='lat' dir='ltr'><strong>non</strong></span> 
     </span>
    </p>
   </div>
   <div class='ocr_carea' id='block_1_84' title="bbox 1805 2620 2064 2671">
    <p class='ocr_par' dir='ltr' id='par_1_84' title="bbox 1805 2620 2064 2671">
     <span class='ocr_line' id='line_1_84' title="bbox 1805 2620 2064 2671; baseline -0.004 0"><span class='ocrx_word' id='word_1_597' title='bbox 1805 2620 2064 2671; x_wconf 83' lang='lat' dir='ltr'><strong>omittere.</strong></span> 
     </span>
    </p>
   </div>
   <div class='ocr_carea' id='block_1_85' title="bbox 1883 2725 3438 2799">
    <p class='ocr_par' dir='ltr' id='par_1_85' title="bbox 1883 2725 3438 2799">
     <span class='ocr_line' id='line_1_85' title="bbox 1883 2725 3438 2799; baseline -0.004 -15"><span class='ocrx_word' id='word_1_598' title='bbox 1883 2733 1999 2784; x_wconf 81' lang='grc'><strong>105.</strong></span> <span class='ocrx_word' id='word_1_599' title='bbox 2055 2732 2230 2796; x_wconf 84' lang='lat' dir='ltr'><strong>(Vers.</strong></span> <span class='ocrx_word' id='word_1_600' title='bbox 2287 2731 2375 2794; x_wconf 77' lang='grc'><strong>43,</strong></span> <span class='ocrx_word' id='word_1_601' title='bbox 2430 2731 2538 2799; x_wconf 69' lang='grc'><strong>44.)</strong></span> <span class='ocrx_word' id='word_1_602' title='bbox 2595 2729 2997 2799; x_wconf 83' lang='lat' dir='ltr'><strong>Arrogantiam</strong></span> <span class='ocrx_word' id='word_1_603' title='bbox 3050 2742 3280 2798; x_wconf 89' lang='lat' dir='ltr'><strong>quoque</strong></span> <span class='ocrx_word' id='word_1_604' title='bbox 3321 2725 3438 2794; x_wconf 82' lang='lat' dir='ltr'><strong>jac-</strong></span> 
     </span>
    </p>
   </div>
   <div class='ocr_carea' id='block_1_86' title="bbox 1809 2819 3438 2894">
    <p class='ocr_par' dir='ltr' id='par_1_86' title="bbox 1809 2819 3438 2894">
     <span class='ocr_line' id='line_1_86' title="bbox 1809 2819 3438 2894; baseline -0.004 -18"><span class='ocrx_word' id='word_1_605' title='bbox 1809 2823 2160 2894; x_wconf 89' lang='lat' dir='ltr'><strong>tantiamque</strong></span> <span class='ocrx_word' id='word_1_606' title='bbox 2215 2822 2510 2892; x_wconf 90' lang='lat' dir='ltr'><strong>redarguit</strong></span> <span class='ocrx_word' id='word_1_607' title='bbox 2554 2823 2904 2888; x_wconf 64' lang='lat' dir='ltr'><strong>Judarorum,</strong></span> <span class='ocrx_word' id='word_1_608' title='bbox 2962 2820 3100 2875; x_wconf 90' lang='lat' dir='ltr'><strong>dum</strong></span> <span class='ocrx_word' id='word_1_609' title='bbox 3157 2819 3438 2890; x_wconf 86' lang='lat' dir='ltr'><strong>primatus</strong></span> 
     </span>
    </p>
   </div>
   <div class='ocr_carea' id='block_1_87' title="bbox 1804 2914 3435 2987">
    <p class='ocr_par' dir='ltr' id='par_1_87' title="bbox 1804 2914 3435 2987">
     <span class='ocr_line' id='line_1_87' title="bbox 1804 2914 3435 2987; baseline -0.003 -18"><span class='ocrx_word' id='word_1_610' title='bbox 1804 2916 2172 2971; x_wconf 89' lang='lat' dir='ltr'><strong>accubitionis</strong></span> <span class='ocrx_word' id='word_1_611' title='bbox 2204 2916 2261 2970; x_wconf 89' lang='lat' dir='ltr'><strong>in</strong></span> <span class='ocrx_word' id='word_1_612' title='bbox 2293 2917 2564 2971; x_wconf 90' lang='lat' dir='ltr'><strong>conviviis</strong></span> <span class='ocrx_word' id='word_1_613' title='bbox 2597 2920 2894 2987; x_wconf 88' lang='lat' dir='ltr'><strong>appetunt.</strong></span> <span class='ocrx_word' id='word_1_614' title='bbox 2926 2916 2984 2968; x_wconf 92' lang='lat' dir='ltr'><strong>ln</strong></span> <span class='ocrx_word' id='word_1_615' title='bbox 3018 2914 3169 2985; x_wconf 89' lang='lat' dir='ltr'><strong>ipsos</strong></span> <span class='ocrx_word' id='word_1_616' title='bbox 3208 2927 3435 2984; x_wconf 89' lang='lat' dir='ltr'><strong>quoque</strong></span> 
     </span>
    </p>
   </div>
   <div class='ocr_carea' id='block_1_88' title="bbox 1805 3005 3435 3081">
    <p class='ocr_par' dir='ltr' id='par_1_88' title="bbox 1805 3005 3435 3081">
     <span class='ocr_line' id='line_1_88' title="bbox 1805 3005 3435 3081; baseline -0.003 -18"><span class='ocrx_word' id='word_1_617' title='bbox 1805 3011 2015 3080; x_wconf 89' lang='lat' dir='ltr'><strong>peritos</strong></span> <span class='ocrx_word' id='word_1_618' title='bbox 2055 3011 2199 3081; x_wconf 86' lang='lat' dir='ltr'><strong>legis</strong></span> <span class='ocrx_word' id='word_1_619' title='bbox 2238 3010 2616 3066; x_wconf 89' lang='lat' dir='ltr'><strong>damnationis</strong></span> <span class='ocrx_word' id='word_1_620' title='bbox 2659 3009 2946 3064; x_wconf 88' lang='lat' dir='ltr'><strong>sententia</strong></span> <span class='ocrx_word' id='word_1_621' title='bbox 2998 3005 3435 3079; x_wconf 89' lang='lat' dir='ltr'><strong>promulgatur;</strong></span> 
     </span>
    </p>
   </div>
   <div class='ocr_carea' id='block_1_89' title="bbox 1804 3098 3439 3176">
    <p class='ocr_par' dir='ltr' id='par_1_89' title="bbox 1804 3098 3439 3176">
     <span class='ocr_line' id='line_1_89' title="bbox 1804 3098 3439 3176; baseline -0.004 -18"><span class='ocrx_word' id='word_1_622' title='bbox 1804 3105 1901 3175; x_wconf 91' lang='lat' dir='ltr'><strong>qui</strong></span> <span class='ocrx_word' id='word_1_623' title='bbox 1941 3105 2099 3176; x_wconf 90' lang='lat' dir='ltr'><strong>quasi</strong></span> <span class='ocrx_word' id='word_1_624' title='bbox 2140 3105 2401 3175; x_wconf 89' lang='lat' dir='ltr'><strong>sepulcra</strong></span> <span class='ocrx_word' id='word_1_625' title='bbox 2446 3120 2576 3174; x_wconf 66' lang='lat' dir='ltr'><strong>quin</strong></span> <span class='ocrx_word' id='word_1_626' title='bbox 2620 3120 2732 3158; x_wconf 88' lang='lat' dir='ltr'><strong>non</strong></span> <span class='ocrx_word' id='word_1_627' title='bbox 2769 3106 3067 3173; x_wconf 89' lang='lat' dir='ltr'><strong>apparent,</strong></span> <span class='ocrx_word' id='word_1_628' title='bbox 3109 3099 3296 3172; x_wconf 90' lang='lat' dir='ltr'><strong>specie</strong></span> <span class='ocrx_word' id='word_1_629' title='bbox 3339 3098 3439 3152; x_wconf 81' lang='lat' dir='ltr'><strong>fal-</strong></span> 
     </span>
    </p>
   </div>
   <div class='ocr_carea' id='block_1_90' title="bbox 1724 3171 3434 3269">
    <p class='ocr_par' dir='ltr' id='par_1_90' title="bbox 1724 3171 3434 3269">
     <span class='ocr_line' id='line_1_90' title="bbox 1724 3171 3434 3269; baseline -0.005 -16"><span class='ocrx_word' id='word_1_630' title='bbox 1724 3171 1777 3244; x_wconf 80' lang='lat' dir='ltr'><strong>C</strong></span> <span class='ocrx_word' id='word_1_631' title='bbox 1806 3171 2219 3269; x_wconf 44' lang='lat' dir='ltr'><strong>Iliun-visuque-</strong></span> <span class='ocrx_word' id='word_1_632' title='bbox 2243 3171 2551 3268; x_wconf 71' lang='lat' dir='ltr'><strong>decipiunt,</strong></span> <span class='ocrx_word' id='word_1_633' title='bbox 2584 3203 2642 3251; x_wconf 92' lang='lat' dir='ltr'><strong>ut</strong></span> <span class='ocrx_word' id='word_1_634' title='bbox 2679 3171 2821 3250; x_wconf 79' lang='lat' dir='ltr'><strong>cum</strong></span> <span class='ocrx_word' id='word_1_635' title='bbox 2847 3171 2984 3250; x_wconf 77' lang='lat' dir='ltr'><strong>foris</strong></span> <span class='ocrx_word' id='word_1_636' title='bbox 3019 3171 3272 3265; x_wconf 89' lang='lat' dir='ltr'><strong>speciosa</strong></span> <span class='ocrx_word' id='word_1_637' title='bbox 3300 3208 3434 3262; x_wconf 91' lang='lat' dir='ltr'><strong>pro-</strong></span> 
     </span>
    </p>
   </div>
   <div class='ocr_carea' id='block_1_91' title="bbox 1804 3285 3433 3362">
    <p class='ocr_par' dir='ltr' id='par_1_91' title="bbox 1804 3285 3433 3362">
     <span class='ocr_line' id='line_1_91' title="bbox 1804 3285 3433 3362; baseline -0.005 -15"><span class='ocrx_word' id='word_1_638' title='bbox 1804 3293 2052 3359; x_wconf 86' lang='lat' dir='ltr'><strong>mittant,</strong></span> <span class='ocrx_word' id='word_1_639' title='bbox 2096 3293 2248 3346; x_wconf 89' lang='lat' dir='ltr'><strong>intus</strong></span> <span class='ocrx_word' id='word_1_640' title='bbox 2283 3309 2408 3346; x_wconf 91' lang='lat' dir='ltr'><strong>ossa</strong></span> <span class='ocrx_word' id='word_1_641' title='bbox 2451 3293 2616 3362; x_wconf 91' lang='lat' dir='ltr'><strong>plena</strong></span> <span class='ocrx_word' id='word_1_642' title='bbox 2660 3290 2873 3344; x_wconf 66' lang='lat' dir='ltr'><strong>factoris</strong></span> <span class='ocrx_word' id='word_1_643' title='bbox 2921 3288 3234 3343; x_wconf 91' lang='lat' dir='ltr'><strong>includant.</strong></span> <span class='ocrx_word' id='word_1_644' title='bbox 3275 3285 3433 3350; x_wconf 86' lang='lat' dir='ltr'><strong>Quod</strong></span> 
     </span>
    </p>
   </div>
   <div class='ocr_carea' id='block_1_92' title="bbox 1803 3381 3436 3456">
    <p class='ocr_par' dir='ltr' id='par_1_92' title="bbox 1803 3381 3436 3456">
     <span class='ocr_line' id='line_1_92' title="bbox 1803 3381 3436 3456; baseline -0.005 -16"><span class='ocrx_word' id='word_1_645' title='bbox 1803 3386 2018 3440; x_wconf 84' lang='lat' dir='ltr'><strong>faciunt</strong></span> <span class='ocrx_word' id='word_1_646' title='bbox 2067 3385 2324 3456; x_wconf 86' lang='lat' dir='ltr'><strong>plerique</strong></span> <span class='ocrx_word' id='word_1_647' title='bbox 2377 3385 2665 3451; x_wconf 87' lang='lat' dir='ltr'><strong>doctores,</strong></span> <span class='ocrx_word' id='word_1_648' title='bbox 2717 3384 2814 3455; x_wconf 85' lang='lat' dir='ltr'><strong>qui</strong></span> <span class='ocrx_word' id='word_1_649' title='bbox 2869 3384 2940 3437; x_wconf 92' lang='lat' dir='ltr'><strong>ab</strong></span> <span class='ocrx_word' id='word_1_650' title='bbox 2993 3382 3120 3437; x_wconf 90' lang='lat' dir='ltr'><strong>aliis</strong></span> <span class='ocrx_word' id='word_1_651' title='bbox 3170 3381 3436 3450; x_wconf 84' lang='lat' dir='ltr'><strong>exigunt,</strong></span> 
     </span>
    </p>
   </div>
   <div class='ocr_carea' id='block_1_93' title="bbox 1803 3475 3436 3550">
    <p class='ocr_par' dir='ltr' id='par_1_93' title="bbox 1803 3475 3436 3550">
     <span class='ocr_line' id='line_1_93' title="bbox 1803 3475 3436 3550; baseline -0.003 -17"><span class='ocrx_word' id='word_1_652' title='bbox 1803 3496 1933 3550; x_wconf 72' lang='lat' dir='ltr'><strong>quae</strong></span> <span class='ocrx_word' id='word_1_653' title='bbox 1976 3479 2083 3548; x_wconf 91' lang='lat' dir='ltr'><strong>ipsi</strong></span> <span class='ocrx_word' id='word_1_654' title='bbox 2131 3495 2247 3532; x_wconf 89' lang='lat' dir='ltr'><strong>non</strong></span> <span class='ocrx_word' id='word_1_655' title='bbox 2293 3485 2505 3549; x_wconf 90' lang='lat' dir='ltr'><strong>queant</strong></span> <span class='ocrx_word' id='word_1_656' title='bbox 2550 3477 2831 3532; x_wconf 71' lang='lat' dir='ltr'><strong>aemulari.</strong></span> <span class='ocrx_word' id='word_1_657' title='bbox 2878 3478 2942 3530; x_wconf 84' lang='lat' dir='ltr'><strong>Et</strong></span> <span class='ocrx_word' id='word_1_658' title='bbox 2987 3477 3114 3530; x_wconf 90' lang='lat' dir='ltr'><strong>ideo</strong></span> <span class='ocrx_word' id='word_1_659' title='bbox 3157 3475 3265 3546; x_wconf 88' lang='lat' dir='ltr'><strong>ipsi</strong></span> <span class='ocrx_word' id='word_1_660' title='bbox 3314 3491 3436 3528; x_wconf 93' lang='lat' dir='ltr'><strong>mo-</strong></span> 
     </span>
    </p>
   </div>
   <div class='ocr_carea' id='block_1_94' title="bbox 1803 3568 3434 3637">
    <p class='ocr_par' dir='ltr' id='par_1_94' title="bbox 1803 3568 3434 3637">
     <span class='ocr_line' id='line_1_94' title="bbox 1803 3568 3434 3637; baseline -0.004 -11"><span class='ocrx_word' id='word_1_661' title='bbox 1803 3578 2079 3626; x_wconf 89' lang='lat' dir='ltr'><strong>numenta</strong></span> <span class='ocrx_word' id='word_1_662' title='bbox 2121 3575 2271 3637; x_wconf 91' lang='lat' dir='ltr'><strong>sunt,</strong></span> <span class='ocrx_word' id='word_1_663' title='bbox 2305 3572 2448 3625; x_wconf 90' lang='lat' dir='ltr'><strong>sicut</strong></span> <span class='ocrx_word' id='word_1_664' title='bbox 2488 3575 2546 3625; x_wconf 89' lang='lat' dir='ltr'><strong>et</strong></span> <span class='ocrx_word' id='word_1_665' title='bbox 2584 3571 2718 3624; x_wconf 89' lang='lat' dir='ltr'><strong>alibi</strong></span> <span class='ocrx_word' id='word_1_666' title='bbox 2757 3571 2972 3624; x_wconf 90' lang='lat' dir='ltr'><strong>dictum</strong></span> <span class='ocrx_word' id='word_1_667' title='bbox 3005 3575 3088 3622; x_wconf 90' lang='lat' dir='ltr'><strong>est</strong></span> <span class='ocrx_word' id='word_1_668' title='bbox 3121 3585 3133 3622; x_wconf 89' lang='lat'><strong>:</strong></span> <span class='ocrx_word' id='word_1_669' title='bbox 3169 3591 3196 3615; x_wconf 89' lang='grc'><em>‹‹</em></span> <span class='ocrx_word' id='word_1_670' title='bbox 3237 3568 3434 3637; x_wconf 87' lang='lat' dir='ltr'><strong>Sepul—</strong></span> 
     </span>
    </p>
   </div>
   <div class='ocr_carea' id='block_1_95' title="bbox 1803 3663 3238 3736">
    <p class='ocr_par' dir='ltr' id='par_1_95' title="bbox 1803 3663 3238 3736">
     <span class='ocr_line' id='line_1_95' title="bbox 1803 3663 3238 3736; baseline -0.003 -16"><span class='ocrx_word' id='word_1_671' title='bbox 1803 3681 1965 3720; x_wconf 85' lang='lat' dir='ltr'><strong>crum</strong></span> <span class='ocrx_word' id='word_1_672' title='bbox 1993 3670 2193 3736; x_wconf 88' lang='lat' dir='ltr'><strong>patens</strong></span> <span class='ocrx_word' id='word_1_673' title='bbox 2219 3668 2302 3719; x_wconf 90' lang='lat' dir='ltr'><strong>est</strong></span> <span class='ocrx_word' id='word_1_674' title='bbox 2333 3667 2530 3735; x_wconf 90' lang='lat' dir='ltr'><strong>guttur</strong></span> <span class='ocrx_word' id='word_1_675' title='bbox 2556 3680 2753 3718; x_wconf 91' lang='lat' dir='ltr'><strong>eorum</strong></span> <span class='ocrx_word' id='word_1_676' title='bbox 2783 3664 2952 3732; x_wconf 83' lang='lat' dir='ltr'><strong>(Psal.</strong></span> <span class='ocrx_word' id='word_1_677' title='bbox 2985 3679 3035 3728; x_wconf 91' lang='lat' dir='ltr'><strong>v,</strong></span> <span class='ocrx_word' id='word_1_678' title='bbox 3072 3663 3180 3730; x_wconf 92' lang='grc'><strong>11).</strong></span> <span class='ocrx_word' id='word_1_679' title='bbox 3212 3684 3238 3708; x_wconf 87' lang='grc'><strong>››</strong></span> 
     </span>
    </p>
   </div>
   <div class='ocr_carea' id='block_1_96' title="bbox 1880 3773 3437 3846">
    <p class='ocr_par' dir='ltr' id='par_1_96' title="bbox 1880 3773 3437 3846">
     <span class='ocr_line' id='line_1_96' title="bbox 1880 3773 3437 3846; baseline -0.004 -15"><span class='ocrx_word' id='word_1_680' title='bbox 1880 3781 2000 3834; x_wconf 87' lang='grc'><strong>106.</strong></span> <span class='ocrx_word' id='word_1_681' title='bbox 2051 3779 2224 3846; x_wconf 82' lang='lat' dir='ltr'><strong>(Vers.</strong></span> <span class='ocrx_word' id='word_1_682' title='bbox 2268 3779 2374 3843; x_wconf 77' lang='grc'><strong>47.)</strong></span> <span class='ocrx_word' id='word_1_683' title='bbox 2413 3777 2596 3830; x_wconf 90' lang='lat' dir='ltr'><strong>Bonus</strong></span> <span class='ocrx_word' id='word_1_684' title='bbox 2641 3775 2813 3829; x_wconf 90' lang='lat' dir='ltr'><strong>etiam</strong></span> <span class='ocrx_word' id='word_1_685' title='bbox 2857 3775 3012 3829; x_wconf 92' lang='lat' dir='ltr'><strong>locus</strong></span> <span class='ocrx_word' id='word_1_686' title='bbox 3047 3773 3316 3828; x_wconf 89' lang='lat' dir='ltr'><strong>adversus</strong></span> <span class='ocrx_word' id='word_1_687' title='bbox 3345 3788 3437 3824; x_wconf 90' lang='lat' dir='ltr'><strong>su-</strong></span> 
     </span>
    </p>
   </div>
   <div class='ocr_carea' id='block_1_97' title="bbox 1804 3865 3434 3942">
    <p class='ocr_par' dir='ltr' id='par_1_97' title="bbox 1804 3865 3434 3942">
     <span class='ocr_line' id='line_1_97' title="bbox 1804 3865 3434 3942; baseline -0.007 -15"><span class='ocrx_word' id='word_1_688' title='bbox 1804 3870 2194 3942; x_wconf 90' lang='lat' dir='ltr'><strong>perstitionem</strong></span> <span class='ocrx_word' id='word_1_689' title='bbox 2218 3869 2583 3924; x_wconf 89' lang='lat' dir='ltr'><strong>vanissimam</strong></span> <span class='ocrx_word' id='word_1_690' title='bbox 2607 3868 2956 3932; x_wconf 65' lang='lat' dir='ltr'><strong>Judazorum,</strong></span> <span class='ocrx_word' id='word_1_691' title='bbox 2981 3865 3076 3937; x_wconf 87' lang='lat' dir='ltr'><strong>qui</strong></span> <span class='ocrx_word' id='word_1_692' title='bbox 3103 3865 3434 3920; x_wconf 73' lang='lat' dir='ltr'><strong>aediﬁcando</strong></span> 
     </span>
    </p>
   </div>
   <div class='ocr_carea' id='block_1_98' title="bbox 1804 3958 3433 4036">
    <p class='ocr_par' dir='ltr' id='par_1_98' title="bbox 1804 3958 3433 4036">
     <span class='ocr_line' id='line_1_98' title="bbox 1804 3958 3433 4036; baseline -0.004 -17"><span class='ocrx_word' id='word_1_693' title='bbox 1804 3967 2059 4036; x_wconf 90' lang='lat' dir='ltr'><strong>sepulcra</strong></span> <span class='ocrx_word' id='word_1_694' title='bbox 2088 3964 2523 4035; x_wconf 88' lang='lat' dir='ltr'><strong>prophetarum,</strong></span> <span class='ocrx_word' id='word_1_695' title='bbox 2558 3966 2788 4034; x_wconf 90' lang='lat' dir='ltr'><strong>patrum</strong></span> <span class='ocrx_word' id='word_1_696' title='bbox 2822 3977 3053 4015; x_wconf 91' lang='lat' dir='ltr'><strong>suorum</strong></span> <span class='ocrx_word' id='word_1_697' title='bbox 3085 3961 3235 4014; x_wconf 84' lang='lat' dir='ltr'><strong>facta</strong></span> <span class='ocrx_word' id='word_1_698' title='bbox 3264 3958 3433 4012; x_wconf 88' lang='lat' dir='ltr'><strong>dam-</strong></span> 
     </span>
    </p>
   </div>
   <div class='ocr_carea' id='block_1_99' title="bbox 1803 4053 3432 4126">
    <p class='ocr_par' dir='ltr' id='par_1_99' title="bbox 1803 4053 3432 4126">
     <span class='ocr_line' id='line_1_99' title="bbox 1803 4053 3432 4126; baseline -0.005 -14"><span class='ocrx_word' id='word_1_699' title='bbox 1803 4059 2040 4123; x_wconf 86' lang='lat' dir='ltr'><strong>nabant;</strong></span> <span class='ocrx_word' id='word_1_700' title='bbox 2086 4057 2412 4112; x_wconf 65' lang='lat' dir='ltr'><strong>aemulando</strong></span> <span class='ocrx_word' id='word_1_701' title='bbox 2457 4061 2652 4110; x_wconf 88' lang='lat' dir='ltr'><strong>autem</strong></span> <span class='ocrx_word' id='word_1_702' title='bbox 2695 4059 2933 4126; x_wconf 88' lang='lat' dir='ltr'><strong>paterna</strong></span> <span class='ocrx_word' id='word_1_703' title='bbox 2970 4054 3200 4120; x_wconf 91' lang='lat' dir='ltr'><strong>scelera,</strong></span> <span class='ocrx_word' id='word_1_704' title='bbox 3243 4053 3302 4106; x_wconf 91' lang='lat' dir='ltr'><strong>in</strong></span> <span class='ocrx_word' id='word_1_705' title='bbox 3345 4069 3432 4105; x_wconf 87' lang='lat' dir='ltr'><strong>se-</strong></span> 
     </span>
    </p>
   </div>
   <div class='ocr_carea' id='block_1_100' title="bbox 1804 4146 3433 4222">
    <p class='ocr_par' dir='ltr' id='par_1_100' title="bbox 1804 4146 3433 4222">
     <span class='ocr_line' id='line_1_100' title="bbox 1804 4146 3433 4222; baseline -0.005 -16"><span class='ocrx_word' id='word_1_706' title='bbox 1804 4151 1953 4222; x_wconf 90' lang='lat' dir='ltr'><strong>ipsos</strong></span> <span class='ocrx_word' id='word_1_707' title='bbox 2001 4151 2343 4205; x_wconf 88' lang='lat' dir='ltr'><strong>sententiam</strong></span> <span class='ocrx_word' id='word_1_708' title='bbox 2394 4150 2821 4221; x_wconf 90' lang='lat' dir='ltr'><strong>retorquebant.</strong></span> <span class='ocrx_word' id='word_1_709' title='bbox 2869 4148 3092 4205; x_wconf 84' lang='lat' dir='ltr'><strong>Etenim</strong></span> <span class='ocrx_word' id='word_1_710' title='bbox 3139 4146 3433 4218; x_wconf 87' lang='lat' dir='ltr'><strong>propheti-</strong></span> 
     </span>
    </p>
   </div>
   <div class='ocr_carea' id='block_1_101' title="bbox 1803 4239 3432 4311">
    <p class='ocr_par' dir='ltr' id='par_1_101' title="bbox 1803 4239 3432 4311">
     <span class='ocr_line' id='line_1_101' title="bbox 1803 4239 3432 4311; baseline -0.005 -11"><span class='ocrx_word' id='word_1_711' title='bbox 1803 4262 1999 4300; x_wconf 91' lang='lat' dir='ltr'><strong>corum</strong></span> <span class='ocrx_word' id='word_1_712' title='bbox 2051 4243 2422 4299; x_wconf 65' lang='lat' dir='ltr'><strong>aedificatione</strong></span> <span class='ocrx_word' id='word_1_713' title='bbox 2471 4245 2861 4310; x_wconf 89' lang='lat' dir='ltr'><strong>tumulorum,</strong></span> <span class='ocrx_word' id='word_1_714' title='bbox 2919 4241 3147 4297; x_wconf 88' lang='lat' dir='ltr'><strong>sceleris</strong></span> <span class='ocrx_word' id='word_1_715' title='bbox 3193 4257 3288 4295; x_wconf 91' lang='lat' dir='ltr'><strong>eos</strong></span> <span class='ocrx_word' id='word_1_716' title='bbox 3337 4239 3432 4311; x_wconf 91' lang='lat' dir='ltr'><strong>qui</strong></span> 
     </span>
    </p>
   </div>
   <div class='ocr_carea' id='block_1_102' title="bbox 1803 4335 3435 4409">
    <p class='ocr_par' dir='ltr' id='par_1_102' title="bbox 1803 4335 3435 4409">
     <span class='ocr_line' id='line_1_102' title="bbox 1803 4335 3435 4409; baseline -0.004 -15"><span class='ocrx_word' id='word_1_717' title='bbox 1803 4339 2142 4404; x_wconf 91' lang='lat' dir='ltr'><strong>occiderant,</strong></span> <span class='ocrx_word' id='word_1_718' title='bbox 2205 4337 2561 4409; x_wconf 87' lang='lat' dir='ltr'><strong>arguebant;</strong></span> <span class='ocrx_word' id='word_1_719' title='bbox 2617 4344 2672 4392; x_wconf 90' lang='lat' dir='ltr'><strong>et</strong></span> <span class='ocrx_word' id='word_1_720' title='bbox 2723 4337 2994 4391; x_wconf 87' lang='lat' dir='ltr'><strong>similium</strong></span> <span class='ocrx_word' id='word_1_721' title='bbox 3064 4335 3435 4390; x_wconf 72' lang='lat' dir='ltr'><strong>aemulatione</strong></span> 
     </span>
    </p>
   </div>
   <div class='ocr_carea' id='block_1_103' title="bbox 1801 4427 3430 4502">
    <p class='ocr_par' dir='ltr' id='par_1_103' title="bbox 1801 4427 3430 4502">
     <span class='ocr_line' id='line_1_103' title="bbox 1801 4427 3430 4502; baseline -0.006 -14"><span class='ocrx_word' id='word_1_722' title='bbox 1801 4434 2102 4498; x_wconf 88' lang='lat' dir='ltr'><strong>factorum,</strong></span> <span class='ocrx_word' id='word_1_723' title='bbox 2132 4448 2189 4486; x_wconf 90' lang='lat' dir='ltr'><strong>se</strong></span> <span class='ocrx_word' id='word_1_724' title='bbox 2217 4448 2446 4502; x_wconf 89' lang='lat' dir='ltr'><strong>quoque</strong></span> <span class='ocrx_word' id='word_1_725' title='bbox 2479 4430 2847 4485; x_wconf 91' lang='lat' dir='ltr'><strong>declarabant</strong></span> <span class='ocrx_word' id='word_1_726' title='bbox 2876 4433 3128 4499; x_wconf 76' lang='lat' dir='ltr'><strong>paternae</strong></span> <span class='ocrx_word' id='word_1_727' title='bbox 3160 4427 3430 4496; x_wconf 88' lang='lat' dir='ltr'><strong>iniquita-</strong></span> 
     </span>
    </p>
   </div>
   <div class='ocr_carea' id='block_1_104' title="bbox 1722 4519 3432 4611">
    <p class='ocr_par' dir='ltr' id='par_1_104' title="bbox 1722 4519 3432 4611">
     <span class='ocr_line' id='line_1_104' title="bbox 1722 4519 3432 4611; baseline -0.006 -30"><span class='ocrx_word' id='word_1_728' title='bbox 1722 4540 1782 4611; x_wconf 77' lang='lat' dir='ltr'>D</span> <span class='ocrx_word' id='word_1_729' title='bbox 1805 4528 1873 4581; x_wconf 91' lang='lat' dir='ltr'><strong>tis</strong></span> <span class='ocrx_word' id='word_1_730' title='bbox 1901 4527 2171 4580; x_wconf 65' lang='lat' dir='ltr'><strong>hmredes.</strong></span> <span class='ocrx_word' id='word_1_731' title='bbox 2193 4526 2316 4579; x_wconf 85' lang='lat' dir='ltr'><strong>Non</strong></span> <span class='ocrx_word' id='word_1_732' title='bbox 2340 4525 2518 4594; x_wconf 89' lang='lat' dir='ltr'><strong>igitur</strong></span> <span class='ocrx_word' id='word_1_733' title='bbox 2543 4522 2860 4590; x_wconf 66' lang='lat' dir='ltr'><strong>aedificatio,</strong></span> <span class='ocrx_word' id='word_1_734' title='bbox 2883 4521 2983 4575; x_wconf 90' lang='lat' dir='ltr'><strong>sed</strong></span> <span class='ocrx_word' id='word_1_735' title='bbox 3004 4519 3290 4574; x_wconf 73' lang='lat' dir='ltr'><strong>aemulatio</strong></span> <span class='ocrx_word' id='word_1_736' title='bbox 3306 4519 3432 4573; x_wconf 91' lang='lat' dir='ltr'><strong>loco</strong></span> 
     </span>
    </p>
   </div>
   <div class='ocr_carea' id='block_1_105' title="bbox 1805 4612 3433 4688">
    <p class='ocr_par' dir='ltr' id='par_1_105' title="bbox 1805 4612 3433 4688">
     <span class='ocr_line' id='line_1_105' title="bbox 1805 4612 3433 4688; baseline -0.005 -14"><span class='ocrx_word' id='word_1_737' title='bbox 1805 4619 2062 4675; x_wconf 90' lang='lat' dir='ltr'><strong>criminis</strong></span> <span class='ocrx_word' id='word_1_738' title='bbox 2096 4619 2429 4673; x_wconf 71' lang='lat' dir='ltr'><strong>aestimatur.</strong></span> <span class='ocrx_word' id='word_1_739' title='bbox 2458 4618 2652 4688; x_wconf 86' lang='lat' dir='ltr'><strong>Neque</strong></span> <span class='ocrx_word' id='word_1_740' title='bbox 2684 4615 2838 4670; x_wconf 90' lang='lat' dir='ltr'><strong>enim</strong></span> <span class='ocrx_word' id='word_1_741' title='bbox 2869 4617 3106 4686; x_wconf 88' lang='lat' dir='ltr'><strong>possunt</strong></span> <span class='ocrx_word' id='word_1_742' title='bbox 3129 4612 3433 4668; x_wconf 71' lang='lat' dir='ltr'><strong>haaredita-</strong></span> 
     </span>
    </p>
   </div>
   <div class='ocr_carea' id='block_1_106' title="bbox 1805 4707 3432 4783">
    <p class='ocr_par' dir='ltr' id='par_1_106' title="bbox 1805 4707 3432 4783">
     <span class='ocr_line' id='line_1_106' title="bbox 1805 4707 3432 4783; baseline -0.004 -16"><span class='ocrx_word' id='word_1_743' title='bbox 1805 4714 1904 4768; x_wconf 81' lang='lat' dir='ltr'><strong>riae</strong></span> <span class='ocrx_word' id='word_1_744' title='bbox 1933 4712 2250 4783; x_wconf 88' lang='lat' dir='ltr'><strong>iniquitatis</strong></span> <span class='ocrx_word' id='word_1_745' title='bbox 2277 4711 2508 4777; x_wconf 89' lang='lat' dir='ltr'><strong>absolvi,</strong></span> <span class='ocrx_word' id='word_1_746' title='bbox 2541 4710 2639 4782; x_wconf 90' lang='lat' dir='ltr'><strong>qui</strong></span> <span class='ocrx_word' id='word_1_747' title='bbox 2665 4709 2762 4764; x_wconf 91' lang='lat' dir='ltr'><strong>Dei</strong></span> <span class='ocrx_word' id='word_1_748' title='bbox 2791 4708 2995 4763; x_wconf 85' lang='lat' dir='ltr'><strong>Filium</strong></span> <span class='ocrx_word' id='word_1_749' title='bbox 3023 4707 3432 4779; x_wconf 81' lang='lat' dir='ltr'><strong>cruciﬁgendo,</strong></span> 
     </span>
    </p>
   </div>
   <div class='ocr_carea' id='block_1_107' title="bbox 1805 4796 3432 4878">
    <p class='ocr_par' dir='ltr' id='par_1_107' title="bbox 1805 4796 3432 4878">
     <span class='ocr_line' id='line_1_107' title="bbox 1805 4796 3432 4878; baseline -0.005 -16"><span class='ocrx_word' id='word_1_750' title='bbox 1805 4806 1961 4878; x_wconf 92' lang='lat' dir='ltr'><strong>quod</strong></span> <span class='ocrx_word' id='word_1_751' title='bbox 1989 4805 2212 4877; x_wconf 89' lang='lat' dir='ltr'><strong>gravius</strong></span> <span class='ocrx_word' id='word_1_752' title='bbox 2244 4809 2346 4868; x_wconf 91' lang='lat' dir='ltr'><strong>est,</strong></span> <span class='ocrx_word' id='word_1_753' title='bbox 2377 4804 2629 4874; x_wconf 88' lang='lat' dir='ltr'><strong>paternis</strong></span> <span class='ocrx_word' id='word_1_754' title='bbox 2660 4803 2953 4858; x_wconf 90' lang='lat' dir='ltr'><strong>cumulum</strong></span> <span class='ocrx_word' id='word_1_755' title='bbox 2996 4796 3300 4858; x_wconf 69' lang='lat' dir='ltr'><strong>Sceleribus</strong></span> <span class='ocrx_word' id='word_1_756' title='bbox 3328 4801 3432 4855; x_wconf 90' lang='lat' dir='ltr'><strong>ad-</strong></span> 
     </span>
    </p>
   </div>
   <div class='ocr_carea' id='block_1_108' title="bbox 1805 4895 3431 4965">
    <p class='ocr_par' dir='ltr' id='par_1_108' title="bbox 1805 4895 3431 4965">
     <span class='ocr_line' id='line_1_108' title="bbox 1805 4895 3431 4965; baseline -0.005 -10"><span class='ocrx_word' id='word_1_757' title='bbox 1805 4900 2091 4955; x_wconf 90' lang='lat' dir='ltr'><strong>diderunt.</strong></span> <span class='ocrx_word' id='word_1_758' title='bbox 2146 4900 2210 4952; x_wconf 86' lang='lat' dir='ltr'><strong>Et</strong></span> <span class='ocrx_word' id='word_1_759' title='bbox 2254 4898 2385 4952; x_wconf 92' lang='lat' dir='ltr'><strong>ideo</strong></span> <span class='ocrx_word' id='word_1_760' title='bbox 2437 4897 2584 4952; x_wconf 90' lang='lat' dir='ltr'><strong>bene</strong></span> <span class='ocrx_word' id='word_1_761' title='bbox 2631 4896 2765 4952; x_wconf 89' lang='lat' dir='ltr'><strong>alibi</strong></span> <span class='ocrx_word' id='word_1_762' title='bbox 2805 4896 3022 4952; x_wconf 89' lang='lat' dir='ltr'><strong>addidit</strong></span> <span class='ocrx_word' id='word_1_763' title='bbox 3063 4913 3076 4950; x_wconf 89' lang='lat'>:</span> <span class='ocrx_word' id='word_1_764' title='bbox 3122 4917 3150 4945; x_wconf 83' lang='lat'><strong><em>«</em></strong></span> <span class='ocrx_word' id='word_1_765' title='bbox 3201 4895 3431 4965; x_wconf 89' lang='lat' dir='ltr'><strong>lmplete</strong></span> 
     </span>
    </p>
   </div>
   <div class='ocr_carea' id='block_1_109' title="bbox 1805 4990 3429 5064">
    <p class='ocr_par' dir='ltr' id='par_1_109' title="bbox 1805 4990 3429 5064">
     <span class='ocr_line' id='line_1_109' title="bbox 1805 4990 3429 5064; baseline -0.007 -16"><span class='ocrx_word' id='word_1_766' title='bbox 1805 5009 2134 5048; x_wconf 90' lang='lat' dir='ltr'><strong>mensuram</strong></span> <span class='ocrx_word' id='word_1_767' title='bbox 2163 4995 2394 5064; x_wconf 88' lang='lat' dir='ltr'><strong>patrum</strong></span> <span class='ocrx_word' id='word_1_768' title='bbox 2428 4995 2746 5046; x_wconf 89' lang='lat' dir='ltr'><strong>vestrorum</strong></span> <span class='ocrx_word' id='word_1_769' title='bbox 2785 4991 3028 5059; x_wconf 56' lang='lat' dir='ltr'><strong>(Matth,</strong></span> <span class='ocrx_word' id='word_1_770' title='bbox 3069 5006 3220 5057; x_wconf 83' lang='lat' dir='ltr'><strong>mu,</strong></span> <span class='ocrx_word' id='word_1_771' title='bbox 3257 4990 3367 5058; x_wconf 86' lang='lat'><strong>32);</strong></span> <span class='ocrx_word' id='word_1_772' title='bbox 3403 5007 3429 5038; x_wconf 73' lang='grc' dir='ltr'>ι)</span> 
     </span>
    </p>
   </div>
   <div class='ocr_carea' id='block_1_110' title="bbox 1804 5082 3428 5159">
    <p class='ocr_par' dir='ltr' id='par_1_110' title="bbox 1804 5082 3428 5159">
     <span class='ocr_line' id='line_1_110' title="bbox 1804 5082 3428 5159; baseline -0.004 -18"><span class='ocrx_word' id='word_1_773' title='bbox 1804 5086 1934 5159; x_wconf 90' lang='lat' dir='ltr'><strong>quia</strong></span> <span class='ocrx_word' id='word_1_774' title='bbox 1972 5086 2116 5141; x_wconf 88' lang='lat' dir='ltr'><strong>nihil</strong></span> <span class='ocrx_word' id='word_1_775' title='bbox 2161 5091 2245 5140; x_wconf 90' lang='lat' dir='ltr'><strong>est</strong></span> <span class='ocrx_word' id='word_1_776' title='bbox 2288 5084 2435 5139; x_wconf 89' lang='lat' dir='ltr'><strong>ultra</strong></span> <span class='ocrx_word' id='word_1_777' title='bbox 2473 5085 2570 5138; x_wconf 91' lang='lat' dir='ltr'><strong>Dei</strong></span> <span class='ocrx_word' id='word_1_778' title='bbox 2610 5084 2881 5154; x_wconf 88' lang='lat' dir='ltr'><strong>injuriam</strong></span> <span class='ocrx_word' id='word_1_779' title='bbox 2921 5082 3146 5153; x_wconf 89' lang='lat' dir='ltr'><strong>gravius</strong></span> <span class='ocrx_word' id='word_1_780' title='bbox 3191 5097 3428 5152; x_wconf 90' lang='lat' dir='ltr'><strong>peccare</strong></span> 
     </span>
    </p>
   </div>
   <div class='ocr_carea' id='block_1_111' title="bbox 1804 5179 2226 5252">
    <p class='ocr_par' dir='ltr' id='par_1_111' title="bbox 1804 5179 2226 5252">
     <span class='ocr_line' id='line_1_111' title="bbox 1804 5179 2226 5252; baseline -0.007 -17"><span class='ocrx_word' id='word_1_781' title='bbox 1804 5181 1957 5252; x_wconf 89' lang='lat' dir='ltr'><strong>quod</strong></span> <span class='ocrx_word' id='word_1_782' title='bbox 1987 5179 2226 5251; x_wconf 85' lang='lat' dir='ltr'><strong>possint.</strong></span> 
     </span>
    </p>
   </div>
   <div class='ocr_carea' id='block_1_112' title="bbox 1883 5292 3428 5367">
    <p class='ocr_par' dir='ltr' id='par_1_112' title="bbox 1883 5292 3428 5367">
     <span class='ocr_line' id='line_1_112' title="bbox 1883 5292 3428 5367; baseline -0.004 -15"><span class='ocrx_word' id='word_1_783' title='bbox 1883 5300 1998 5352; x_wconf 80' lang='grc'><strong>107.</strong></span> <span class='ocrx_word' id='word_1_784' title='bbox 2028 5296 2208 5367; x_wconf 84' lang='lat' dir='ltr'><strong>(Vers.</strong></span> <span class='ocrx_word' id='word_1_785' title='bbox 2241 5294 2354 5366; x_wconf 70' lang='grc'><strong>49.)</strong></span> <span class='ocrx_word' id='word_1_786' title='bbox 2382 5297 2690 5367; x_wconf 88' lang='lat' dir='ltr'><strong>Propterea</strong></span> <span class='ocrx_word' id='word_1_787' title='bbox 2722 5294 2896 5348; x_wconf 89' lang='lat' dir='ltr'><strong>mittit</strong></span> <span class='ocrx_word' id='word_1_788' title='bbox 2931 5293 3004 5348; x_wconf 91' lang='lat' dir='ltr'><strong>ad</strong></span> <span class='ocrx_word' id='word_1_789' title='bbox 3035 5292 3157 5347; x_wconf 92' lang='lat' dir='ltr'><strong>illos</strong></span> <span class='ocrx_word' id='word_1_790' title='bbox 3196 5292 3428 5364; x_wconf 84' lang='lat' dir='ltr'><strong>Sapien-</strong></span> 
     </span>
    </p>
   </div>
   <div class='ocr_carea' id='block_1_113' title="bbox 1806 5385 3431 5460">
    <p class='ocr_par' dir='ltr' id='par_1_113' title="bbox 1806 5385 3431 5460">
     <span class='ocr_line' id='line_1_113' title="bbox 1806 5385 3431 5460; baseline -0.002 -16"><span class='ocrx_word' id='word_1_791' title='bbox 1806 5391 1882 5445; x_wconf 90' lang='lat' dir='ltr'><strong>tia</strong></span> <span class='ocrx_word' id='word_1_792' title='bbox 1910 5389 2199 5460; x_wconf 87' lang='lat' dir='ltr'><strong>apostolos</strong></span> <span class='ocrx_word' id='word_1_793' title='bbox 2241 5393 2298 5443; x_wconf 92' lang='lat' dir='ltr'><strong>et</strong></span> <span class='ocrx_word' id='word_1_794' title='bbox 2337 5389 2662 5460; x_wconf 88' lang='lat' dir='ltr'><strong>prophetas.</strong></span> <span class='ocrx_word' id='word_1_795' title='bbox 2701 5386 2838 5451; x_wconf 88' lang='lat' dir='ltr'><strong>Quis</strong></span> <span class='ocrx_word' id='word_1_796' title='bbox 2880 5392 2964 5441; x_wconf 91' lang='lat' dir='ltr'><strong>est</strong></span> <span class='ocrx_word' id='word_1_797' title='bbox 3007 5385 3292 5456; x_wconf 85' lang='lat' dir='ltr'><strong>Sapientia</strong></span> <span class='ocrx_word' id='word_1_798' title='bbox 3323 5386 3431 5440; x_wconf 91' lang='lat' dir='ltr'><strong>nisi</strong></span> 
     </span>
    </p>
   </div>
   <div class='ocr_carea' id='block_1_114' title="bbox 1805 5480 3431 5554">
    <p class='ocr_par' dir='ltr' id='par_1_114' title="bbox 1805 5480 3431 5554">
     <span class='ocr_line' id='line_1_114' title="bbox 1805 5480 3431 5554; baseline -0.003 -15"><span class='ocrx_word' id='word_1_799' title='bbox 1805 5484 2100 5539; x_wconf 81' lang='lat' dir='ltr'><strong>Christus?</strong></span> <span class='ocrx_word' id='word_1_800' title='bbox 2143 5482 2394 5554; x_wconf 90' lang='lat' dir='ltr'><strong>Denique</strong></span> <span class='ocrx_word' id='word_1_801' title='bbox 2438 5483 2495 5536; x_wconf 92' lang='lat' dir='ltr'><strong>in</strong></span> <span class='ocrx_word' id='word_1_802' title='bbox 2538 5481 2800 5537; x_wconf 71' lang='lat' dir='ltr'><strong>Matthaao</strong></span> <span class='ocrx_word' id='word_1_803' title='bbox 2840 5480 3050 5535; x_wconf 90' lang='lat' dir='ltr'><strong>babes:</strong></span> <span class='ocrx_word' id='word_1_804' title='bbox 3087 5501 3113 5528; x_wconf 91' lang='grc'><strong>‹‹</strong></span> <span class='ocrx_word' id='word_1_805' title='bbox 3149 5481 3286 5534; x_wconf 87' lang='lat' dir='ltr'><strong>Ecce</strong></span> <span class='ocrx_word' id='word_1_806' title='bbox 3325 5496 3431 5551; x_wconf 89' lang='lat' dir='ltr'><strong>ego</strong></span> 
     </span>
    </p>
   </div>
   <div class='ocr_carea' id='block_1_115' title="bbox 1805 5648 3432 5711">
    <p class='ocr_par' dir='ltr' id='par_1_115' title="bbox 1805 5648 3432 5711">
     <span class='ocr_line' id='line_1_115' title="bbox 1805 5648 3432 5711; baseline -0.004 -8"><span class='ocrx_word' id='word_1_807' title='bbox 1805 5657 1989 5704; x_wconf 86' lang='lat' dir='ltr'><strong>torum</strong></span> <span class='ocrx_word' id='word_1_808' title='bbox 2035 5651 2412 5711; x_wconf 86' lang='lat' dir='ltr'><strong>abolitionem,</strong></span> <span class='ocrx_word' id='word_1_809' title='bbox 2461 5652 2508 5700; x_wconf 79' lang='lat' dir='ltr'><strong>si</strong></span> <span class='ocrx_word' id='word_1_810' title='bbox 2551 5648 2714 5700; x_wconf 89' lang='lat' dir='ltr'><strong>modo</strong></span> <span class='ocrx_word' id='word_1_811' title='bbox 2760 5662 2882 5700; x_wconf 87' lang='lat' dir='ltr'><strong>eam</strong></span> <span class='ocrx_word' id='word_1_812' title='bbox 2932 5649 3329 5710; x_wconf 81' lang='lat' dir='ltr'><strong>misericordia,</strong></span> <span class='ocrx_word' id='word_1_813' title='bbox 3379 5648 3432 5698; x_wconf 88' lang='lat' dir='ltr'><strong>id</strong></span> 
     </span>
    </p>
   </div>
   <div class='ocr_carea' id='block_1_116' title="bbox 1805 5721 3434 5848">
    <p class='ocr_par' dir='ltr' id='par_1_116' title="bbox 1805 5721 3434 5848">
     <span class='ocr_line' id='line_1_116' title="bbox 1805 5721 3434 5845; baseline -0.003 -71"><span class='ocrx_word' id='word_1_814' title='bbox 1805 5728 1906 5786; x_wconf 89' lang='lat' dir='ltr'><strong>est,</strong></span> <span class='ocrx_word' id='word_1_815' title='bbox 1949 5723 2303 5845; x_wconf 51' lang='lat' dir='ltr'><strong>alteemosyna</strong></span> <span class='ocrx_word' id='word_1_816' title='bbox 2337 5721 2674 5787; x_wconf 87' lang='lat' dir='ltr'><strong>pauperibus</strong></span> <span class='ocrx_word' id='word_1_817' title='bbox 2714 5723 2937 5784; x_wconf 85' lang='lat' dir='ltr'><strong>erogata</strong></span> <span class='ocrx_word' id='word_1_818' title='bbox 2977 5721 3228 5786; x_wconf 83' lang='lat' dir='ltr'><strong>acquirat</strong></span> <span class='ocrx_word' id='word_1_819' title='bbox 3268 5725 3434 5786; x_wconf 89' lang='lat' dir='ltr'><strong>atque</strong></span> 
     </span>
     <span class='ocr_line' id='line_1_117' title="bbox 1805 5808 2098 5848; baseline -0.01 -2"><span class='ocrx_word' id='word_1_820' title='bbox 1805 5808 1987 5848; x_wconf 88' lang='lat' dir='ltr'><strong>merea</strong></span> <span class='ocrx_word' id='word_1_821' title='bbox 2016 5809 2098 5844; x_wconf 92' lang='lat' dir='ltr'><strong>ur.</strong></span> 
     </span>
    </p>
   </div>
  </div>
