3972 6174
527 279 660 332 1813

1993 270 2047 323 8.
2090 269 2177 323 ΑΜ
2189 268 2405 323 BROSII

3692 273 3799 328 1816

523 399 688 456 mitto
725 397 794 453 ad
834 414 933 453 vos
970 396 1276 469 prophetas
1311 395 1368 450 et
1405 394 1687 466 sapientes
1725 395 1966 462 (Matth.,
1998 410 2145 462 xxm,
2173 405 2230 476 Α
2327 396 2446 450 H3.
2491 397 2791 448 Possumus
2821 394 3012 446 tamen
3060 389 3153 444 hic
3197 387 3467 444 discutere
3502 391 3700 462 aliquod
3741 396 3804 448 in-

525 495 634 562 34).
668 513 696 543 ι)

600 588 721 642 108.
772 585 949 655 (Vers.
997 584 1109 654 52.)
1156 587 1492 655 Arguuntur
1537 582 1723 636 adhuc
1767 581 1868 635 sub
1916 581 2147 636 nomine

523 680 870 745 Judteorum,
902 684 957 732 et
989 679 1180 732 futuro
1211 676 1488 747 supplicio
1523 679 1850 729 statuuntur
1875 675 2145 741 obnoxii;

522 775 658 845 quia
687 789 817 828 cum
856 771 1169 826 doctrinam
1201 771 1306 825 sibi
1350 771 1560 824 divina:
1600 769 1942 840 cognitionis
1983 786 2147 822 usur-

526 873 681 939 pent,
716 873 772 922 et
801 867 935 920 alios
973 865 1314 936 impediunt,
1348 881 1449 919 nec
1480 864 1587 934 ipsi
1623 863 1776 934 quod
1808 863 2152 932 profitentur

526 963 861 1032 agnoscunt.

599 1055 755 1125 (Cap.
796 1055 906 1109 ΧΙΙ.
937 1083 1005 1093 -
1029 1053 1185 1106 Vers.
1219 1055 1270 1118 6,
1313 1051 1389 1120 7.)
1420 1052 1604 1106 Nonne
1643 1053 1879 1120 quinque
1913 1063 2152 1119 passeres

523 1154 758 1203 veneunt
795 1147 1077 1217 dipondio,
1120 1152 1170 1197 et
1209 1161 1349 1198 unus
1389 1160 1456 1198 ear:
1497 1145 1610 1198 illis
1654 1160 1761 1197 non
1805 1149 1879 1196 est
1925 1146 1981 1196 in
2023 1143 2154 1196 obli-

525 1245 681 1297 vione
729 1257 907 1296 eorum
958 1241 1230 1294 Domino?
1267 1238 1371 1294 Sed
1421 1242 1471 1291 et
1517 1239 1708 1306 capilli
1752 1239 1944 1305 capitis
1989 1239 2156 1290 vestri

525 1351 700 1390 omnes
737 1335 1010 1388 nume-rati
1042 1337 1188 1385 sunt.
1227 1333 1407 1388 Nolite
1453 1333 1657 1393 timere,
1694 1331 1880 1384 multis
1914 1332 2153 1399 passeri-

533 1430 630 1483 bus
651 1429 831 1498 pluris
861 1429 1004 1481 estis.

606 1525 725 1577 109.
766 1519 1227 1575 Pulcherrimum
1260 1520 1444 1578 locum
1486 1517 1751 1572 tenendae
1781 1517 2158 1587 simplicitatis

530 1622 587 1670 et
634 1615 970 1669 aemulandas
1020 1614 1151 1667 fidei
1197 1613 1454 1667 Salvator
1496 1612 1761 1679 intexuit,
1803 1627 1875 1664 ne
1912 1610 2158 1665 Judaicte

529 1709 784 1782 perfidiae
820 1725 978 1762 more
1015 1708 1124 1760 alia
1151 1723 1481 1777 premamus
1513 1705 1741 1772 affectu,
1780 1705 1892 1758 alia
1921 1721 2055 1758 voce
2093 1706 2159 1758 si-

531 1803 846 1870 mulemus;
891 1817 1023 1856 cum
1069 1801 1266 1854 ultimo
1312 1805 1570 1870 tempore
1614 1799 1833 1852 occulta
1874 1775 2237 1868 cogitatio-B

533 1912 672 1952 num
710 1895 1122 1960 accusantium,
1161 1899 1258 1946 aut
1298 1894 1472 1946 etiam
1501 1891 1932 1946 defendentium
1974 1908 2158 1946 secre-

532 1995 657 2043 tum
708 1993 912 2042 nostras
961 1987 1164 2042 mentis
1208 1987 1480 2057 aperitur,
1533 1990 1598 2038 ut
1648 1985 1966 2039 videantur.
2028 1985 2164 2048 Qute

538 2083 694 2137 enim
745 2082 926 2152 major
977 2084 1062 2134 est
1112 2079 1494 2151 simplicitatis
1542 2079 1822 2145 illecebra,
1875 2095 2048 2150 quam
2106 2081 2166 2132 ut

535 2177 931 2248 unusquisque
972 2180 1278 2246 cognoscat
1314 2173 1595 2227 latebram
1637 2172 1850 2226 fraudis
1886 2189 2009 2228 esse
2051 2189 2163 2227 non

535 2287 699 2342 posse
720 2270 748 2323 *Γ

613 2368 730 2418 HO.
782 2363 888 2418 Sed
941 2363 1209 2432 quoniam
1265 2361 1497 2432 gemina
1542 2365 1626 2414 est
1670 2376 1837 2414 causa
1883 2357 2165 2429 perﬁdiae,

541 2474 668 2530 qua:
698 2461 796 2511 aut
833 2474 900 2511 ex
941 2456 1144 2510 inolita
1184 2455 1419 2523 malitia,
1453 2460 1550 2508 aut
1578 2471 1646 2508 ex
1688 2453 1964 2507 accidenti
2008 2456 2168 2506 metu

538 2552 820 2619 nascitur;
855 2551 904 2623 1
926 2548 1117 2623 436
1148 2566 1217 2602 ne
1250 2549 1377 2620 quis
1407 2552 1558 2602 metu
1586 2547 1818 2602 territus
1846 2546 2165 2618 potestatis,

539 2647 722 2702 Deum
751 2661 921 2715 quem
956 2644 1125 2698 corde
1165 2643 1468 2714 cognoscit,
1501 2658 1709 2712 negare
1740 2645 1997 2706 conetur,
2039 2640 2167 2711 pul-

543 2739 676 2793 chre
717 2737 935 2792 addidit
974 2737 1180 2790 animae
1221 2739 1439 2790 tantum
1487 2733 1844 2789 formidabile
1885 2751 2006 2789 esse
2045 2751 2171 2804 sup-

540 2833 796 2906 plicium,
849 2848 1080 2903 poenam
1124 2832 1377 2901 corporis
1429 2847 1541 2884 non
1589 2845 1708 2882 esse
1762 2828 2166 2895 metuendam;

539 2943 695 2980 mors
739 2925 892 2981 enim
938 2931 1158 2978 natura:
1200 2924 1346 2990 tinis‘,
1397 2940 1512 2977 non
1555 2939 1722 2994 poena
1766 2926 1885 2987 est;
1935 2925 1994 2975 et
2045 2921 2171 2975 ideo

543 3027 786 3075 mortem
819 3018 1080 3090 supplicii
1114 3017 1421 3087 corporalis
1451 3033 1570 3070 csse
1605 3016 1912 3082 defectum,
1945 3031 2170 3087 pmnam

542 3131 675 3169 vero
723 3113 932 3167 animae
975 3129 1095 3166 esse
1135 3114 1507 3182 perpetuam;
1543 3126 1727 3180 eoque
1762 3110 1943 3163 Deum
1986 3110 2171 3163 solum

544 3224 663 3262 esse
697 3205 1096 3271 metuendum,
1135 3204 1296 3273 cujus
1334 3204 1602 3274 potestati
1639 3219 1754 3257 non
1797 3208 2004 3257 natura
2035 3219 2176 3273 prae-

545 3299 774 3366 scribat,
809 3299 908 3353 sed
943 3297 1141 3353 eadem
1179 3299 1387 3351 natura
1417 3297 1740 3367 subjaceat;
1773 3302 2014 3350 mortem
2043 3312 2175 3351 vero

545 3410 660 3448 non
699 3409 819 3448 esse
861 3391 1202 3458 terribilem,
1236 3407 1406 3462 quam
1451 3390 1820 3461 locupletiore
1860 3391 2060 3444 fenore
2108 3391 2179 3444 sit

548 3485 942 3542 immortalitas
973 3485 1366 3555 redemptum.

622 3583 740 3635 111.
769 3580 1146 3651 Inspiraverat
1172 3578 1450 3633 Dominus
1481 3577 1858 3649 simplicitatis
1888 3577 2176 3644 affectum,

552 3674 816 3729 virtutem
859 3673 1065 3728 mentis
1095 3677 1367 3739 erexerat,
1401 3673 1541 3726 ﬁdes
1580 3672 1692 3726 sola
1733 3672 1996 3741 nutabat;
2029 3673 2176 3727 bene

553 3785 681 3824 eam
724 3768 794 3822 de
839 3767 1131 3821 vilioribus
1172 3766 1485 3834 roboravit;
1525 3783 1655 3820 nam
1690 3765 1734 3820 si
1767 3769 1908 3822 Deus
1948 3767 2174 3821 oblivio-

554 3879 692 3918 nem
735 3878 1026 3934 passerum
1075 3877 1193 3916 non
1236 3861 1427 3927 habet,
1474 3860 1775 3915 hominum
1823 3861 2035 3914 habere
2084 3861 2181 3931 qui

553 3957 778 4029 potest?
822 3954 988 4019 Quod
1028 3955 1072 4008 si
1111 3957 1269 4008 tanta
1303 3959 1388 4007 est
1424 3953 1544 4021 Dei,
1577 3959 1631 4008 et
1660 3959 1776 4008 tam
1817 3960 2028 4008 aeterna
2067 3971 2183 4008 ma-

547 4051 743 4121 jestas,
787 4054 853 4102 ut
895 4065 1042 4102 unus
1081 4065 1147 4102 ex
1191 4047 1534 4118 passeribus,
1577 4052 1676 4101 aut
1714 4053 2037 4102 nostrorum
2086 4066 2184 4102 nu-

560 4159 749 4197 merus
793 4141 1131 4212 capillorum
1177 4147 1389 4212 prmter
1434 4140 1731 4195 scientiam
1780 4142 1877 4196 Dei
1919 4159 2035 4197 non
2078 4142 2182 4209 sit;

557 4252 732 4308 quam
763 4235 1064 4307 indignum
1107 4240 1189 4289 est
1227 4235 1506 4288 aestimare
1536 4234 1688 4305 quod
1727 4235 1979 4289 fidelium
2015 4237 2186 4290 corda

559 4329 832 4384 Dominus
865 4333 963 4383 aut
999 4329 1246 4398 ignoret,
1280 4331 1380 4382 aut
1413 4333 1658 4399 spernat,
1697 4329 1795 4399 qui
1819 4328 2028 4384 viliora
2063 4346 2189 4401 cog-

557 4424 792 4480 noscat!

2251 487 2582 557 telligentiaa
2623 486 2886 557 spiritalis
2927 499 3217 548 arcanum,
3251 482 3548 552 praesertim
3576 501 3688 539 cum
3722 487 3805 542 hoc

2250 581 2509 636 videatur
2544 581 2879 647 absurdum,
2927 581 2991 632 ut
3029 577 3290 631 homines
3322 592 3429 629 non
3458 577 3625 646 potius
3651 579 3805 634 homi-

2249 676 2417 730 nibus
2448 692 2619 746 quam
2649 673 2968 745 passeribus
2991 669 3666 741 comparentur.Videntur
3686 673 3810 727 enim

2250 769 2502 841 quinque
2546 769 2636 821 isti
2683 783 2936 838 passeres
2981 765 3238 836 quinque
3283 779 3403 817 esse
3445 765 3670 833 corporis
3709 782 3811 819 sen-

2251 881 2364 929 sus,
2415 868 2612 929 tactus,
2661 861 2951 926 odoratus,
3001 863 3220 930 gustus,
3265 857 3429 923 visus,
3471 857 3701 926 auditus;
3738 859 3814 930 qui

2251 957 2425 1012 modo
2467 972 2763 1028 passerum
2811 955 2854 1008 si
2900 960 3255 1008 terrenarum
3300 951 3542 1005 sordium
3585 950 3819 1007 rimentur

2252 1052 2523 1117 illuviem,
2569 1055 2739 1121 atque
2786 1066 2856 1103 ex
2901 1047 3130 1102 incultis
3171 1046 3305 1101 locis
3348 1051 3404 1099 et
3439 1043 3632 1099 faetidis
3664 1045 3817 1099 cibum

2254 1150 2532 1216 quierant,
2579 1143 2909 1197 delictorum
2956 1157 3189 1195 suorum
3232 1138 3448 1210 laqueis
3478 1137 3726 1207 occupati,
3766 1138 3821 1191 ad

2257 1239 2614 1310 superiorum
2649 1253 2884 1307 operum
2917 1235 3152 1300 fructus,
3187 1233 3393 1305 quibus
3431 1232 3707 1302 epulantur
3731 1231 3823 1284 ani-

2256 1350 2389 1400 mae,
2434 1332 2684 1386 revolare
2730 1347 2842 1384 non
2884 1333 3143 1401 possunt.
3187 1329 3285 1381 Est
3326 1327 3475 1380 enim
3513 1324 3830 1379 lenocinantis

2256 1428 2486 1498 quidam
2537 1426 2776 1498 laqueus
2821 1422 3141 1494 voluptatis,
3189 1421 3286 1492 qui
3338 1424 3646 1474 nostrorum
3691 1416 3826 1470 vesti-

2259 1521 2365 1593 giis
2414 1520 2734 1574 animorum
2791 1519 2902 1588 (9|)
2959 1517 3223 1588 quendam
3269 1514 3493 1569 vincula
3546 1512 3831 1575 subuectat;

2257 1619 2324 1668 ut
2364 1615 2407 1667 si
2447 1615 2679 1684 igneum
2709 1613 2988 1683 vigorem,
3036 1611 3457 1680 puritatemque
3493 1609 3715 1670 naturte,
3748 1608 3835 1657 ter-

2259 1725 2412 1763 renae
2465 1706 2716 1762 materiae
2761 1722 2956 1760 sensus
3001 1703 3375 1769 hebetaverit,
3420 1699 3651 1754 luxuria:
3691 1697 3839 1768 pretio

2262 1802 2538 1857 saecularis
2567 1801 2855 1855 addictum
2898 1800 3000 1854 sub
3037 1798 3285 1870 quadam
3321 1795 3581 1850 vitiorum
3618 1791 3838 1847 auctione

2262 1897 2593 1952 constituat.

2340 1991 2459 2045 114.
2510 1989 2652 2044 Sunt
2703 1987 2876 2042 etiam
2927 1987 3191 2059 quaedam
3240 1988 3566 2040 nostrorum
3614 1978 3842 2035 nundino:

2267 2084 2625 2139 delictorum.
2677 2084 2869 2153 Itaque
2929 2080 3211 2135 variarum
3265 2077 3420 2150 capti
3475 2074 3733 2130 illecebris
3780 2087 3848 2124 voc

2265 2179 2572 2248 luptatum,
2623 2179 2722 2230 aut
2755 2175 3176 2229 venumdamur
3214 2173 3318 2226 sub
3364 2175 3617 2243 peccato,
3660 2170 3746 2221 aut
3782 2181 3847 2218 re-

2267 2271 2541 2325 dimimur
2578 2287 2610 2322 a
2653 2272 2902 2340 peccato.
2949 2268 3200 2322 Christus
3245 2282 3353 2320 nos
3405 2263 3651 2328 redimit,
3694 2259 3849 2314 adver-

2269 2365 2445 2418 sarius
2501 2363 2721 2429 vendit;
2786 2363 2878 2416 ille
2934 2361 3304 2416 auctionatur
3359 2359 3434 2413 ad
3475 2361 3735 2417 mortem,
3784 2350 3851 2404 hic

2269 2459 2506 2514 redimit
2553 2457 2625 2511 ad
2682 2457 2940 2511 salutem.
2993 2455 3153 2510 Unde
3208 2455 3360 2507 bene
3417 2451 3702 2507 Matthteus
3745 2445 3856 2500 duos

2269 2569 2521 2624 passeres
2556 2551 2746 2622 posuit
2779 2551 3017 2619 (Matth.,
3052 2566 3104 2614 x,
3146 2548 3260 2618 29),
3295 2563 3501 2618 corpus
3535 2543 3854 2609 animamque

2271 2647 2630 2717 signiﬁcans;
2681 2644 2954 2714 quoniam
2995 2659 3124 2697 caro
3172 2657 3408 2712 quoque
3455 2639 3500 2692 si
3545 2633 3859 2690 consentiens

2273 2740 2367 2793 Dei
2421 2739 2556 2809 legi,
2612 2741 2670 2791 et
2721 2753 2932 2791 exuens
2985 2753 3044 2789 se
3099 2737 3226 2807 lege
3271 2732 3491 2804 peccati
3537 2731 3595 2784 in
3639 2734 3859 2782 naturam

2272 2833 2482 2887 animae
2524 2847 2792 2886 sensuum
2832 2831 3078 2901 puritate
3119 2827 3435 2895 transierit,
3465 2825 3569 2880 alis
3597 2823 3665 2878 ad
3691 2821 3859 2876 coelum

2271 2925 2617 2996 spiritalibus
2647 2926 2913 2978 elevatur.
2953 2925 3145 2994 Itaque
3189 2921 3470 2976 docemur
3513 2917 3645 2990 quia
3682 2911 3864 2968 volandi

2274 3020 2440 3075 nobis
2474 3019 2718 3090 gratiam
2747 3022 2948 3072 natura
2983 3016 3160 3084 dedit,
3192 3015 3463 3086 voluptas
3502 3010 3725 3067 abstulit
3763 3008 3865 3077 (92),

2276 3130 2406 3185 quae
2449 3113 2728 3166 malorum
2770 3111 2909 3166 escis
2950 3114 3147 3181 gravat
3183 3109 3465 3176 animam,
3502 3113 3670 3177 atque
3711 3102 3763 3156 in
3792 3114 3867 3153 na-

2281 3213 2460 3262 turam
2495 3222 2785 3277 corporeae
2824 3205 2988 3259 molis
3024 3203 3276 3258 inclinat.

2352 3306 2471 3356 115.
2503 3299 2810 3371 Meritoque
2850 3299 3038 3370 posuit
3081 3299 3215 3368 quia
3255 3313 3434 3352 nemo
3486 3295 3710 3349 illorum
3746 3286 3868 3344 cadit

2275 3395 2395 3450 sine
2454 3394 2741 3448 voluntate
2807 3393 2908 3447 Dei
2975 3393 3198 3463 (Ibid);
3269 3390 3427 3462 quod
3495 3388 3648 3443 enim
3715 3383 3872 3440 cadit.

2277 3489 2462 3559 vergit
2490 3489 2548 3542 in
2588 3493 2833 3555 terram;
2877 3491 2930 3540 et
2961 3485 3110 3558 quod
3145 3484 3313 3551 volat,
3349 3483 3586 3554 fastigio
3625 3479 3874 3534 immorta-

2279 3583 2450 3638 litatis
2487 3581 2768 3636 evehitur.
2805 3582 2885 3634 Ne
2925 3581 3012 3634 cui
3055 3582 3251 3634 autem
3295 3579 3542 3634 dubium
3586 3577 3728 3630 esset
3755 3567 3873 3642 quod

2284 3675 2538 3749 1437
2577 3675 2869 3729 Matthaeus
2909 3673 3068 3741 dixit,
3109 3674 3286 3728 Lucas
3325 3672 3629 3728 evidenter
3658 3662 3874 3724 absolvit,

2282 3770 2418 3842 quia
2457 3769 2715 3823 voluntas
2747 3768 2856 3839 (93)
2907 3767 3157 3822 hominis
3203 3769 3318 3822 Deo
3368 3765 3610 3837 cognita
3648 3765 3761 3826 est;
3793 3770 3876 3811 non

2285 3863 2436 3919 enim
2487 3863 2812 3935 quicunque
2863 3861 3034 3929 cadit,
3090 3861 3382 3915 voluntate
3438 3859 3542 3914 Dei
3595 3855 3766 3921 cadit;
3807 3847 3879 3902 sed

2287 3957 2384 4029 qui
2427 3957 2763 4012 delictorum
2803 3971 3036 4009 suorum
3075 3955 3222 4010 mole
3262 3955 3469 4022 ruerit,
3522 3955 3699 4008 Deum
3738 3948 3880 4002 latere

2285 4068 2398 4106 non
2432 4050 2668 4122 poterit;
2703 4067 2837 4104 nam
2874 4053 2931 4104 et
2967 4049 3069 4104 Job
3106 4039 3187 4103 ex
3210 4049 3308 4104 Dei
3339 4049 3637 4104 voluntate
3671 4043 3885 4098 tentatur

2291 4147 2422 4216 (Job,
2469 4163 2506 4212 ι,
2553 4147 2654 4216 12).
2701 4143 2865 4198 Dedit
2897 4142 3000 4198 tibi
3035 4143 3449 4212 adversarium,
3494 4141 3594 4196 sed
3633 4130 3887 4211 proposuit

2287 4239 2610 4311 praemium.
2635 4239 2745 4293 Nec
2773 4253 3005 4292 excuses
3034 4237 3435 4308 fragilitatem,
3461 4235 3561 4308 qui
3590 4232 3753 4289 habes
3772 4229 3885 4282 ima-

2291 4333 2505 4405 ginem,
2531 4331 2792 4403 accepisti
2832 4331 3250 4399 munitionem;
3279 4330 3444 4385 unde
3481 4334 3540 4384 et
3569 4330 3676 4383 hoc
3706 4319 3891 4396 proiicit

2289 4426 2359 4480 ad
2389 4426 2655 4492 salutem,
2688 4429 2754 4479 ut
2789 4425 2912 4479 sine
2948 4424 3323 4495 permissione
3361 4424 3465 4478 Dei
3498 4421 3778 4478 diabolum
3806 4428 3888 4466 00-

630 4522 750 4574 112.
794 4519 1051 4572 Fortasse
1091 4516 1240 4571 dicat
1279 4515 1479 4587 aliquis
1512 4533 1525 4569 :
1557 4515 1859 4580 Quomodo
1888 4517 2266 4591 ApostolusD
2291 4536 2415 4574 cere
2461 4537 2571 4574 non
2623 4536 2785 4590 posse
2837 4535 3173 4588 cognoscas;
3217 4535 3292 4573 ne
3344 4517 3672 4589 potentiam
3717 4505 3891 4566 diaboli

559 4611 743 4667 dixit:
779 4632 808 4661 ‹‹
847 4610 1134 4682 Numquid
1175 4610 1243 4664 de
1280 4609 1465 4664 bobus
1501 4625 1638 4663 cura
1681 4612 1767 4664 est
1807 4611 1920 4665 Deo
1967 4610 2008 4682 (Ι
2042 4611 2185 4674 Οον.,

560 4721 632 4772 ix,
683 4705 766 4774 9);
817 4726 844 4753 »
897 4720 1029 4757 cum
1078 4704 1270 4775 utique
1316 4703 1419 4757 bos
1464 4719 1688 4773 passere
1733 4704 2035 4775 pretiosior
2078 4705 2189 4760 sit?

561 4799 672 4855 Sed
705 4797 862 4852 aliud
893 4799 977 4851 est
1014 4813 1170 4862 cura,
1210 4796 1367 4851 aliud
1403 4796 1659 4851 scientia.
1695 4798 1944 4870 Denique
1983 4816 2188 4854 nume-

561 4910 655 4948 rus
698 4891 1031 4963 capillorum
1067 4906 1185 4944 non
1229 4890 1288 4944 in
1328 4895 1457 4945 actu
1496 4892 1963 4963 computationis,
1999 4894 2096 4947 sed
2133 4893 2189 4948 in

560 4987 826 5043 facilitate
875 4984 1219 5056 cognitionis
1265 4984 1565 5055 accipitur;
1613 5002 1728 5040 non
1775 4987 1931 5041 enim
1981 4988 2191 5042 sollici-

561 5089 679 5136 tam
712 5082 852 5135 Deus
889 5095 1038 5134 cura:
1071 5077 1423 5132 numerantis
1457 5078 1704 5133 intendit
1730 5080 2061 5150 excubiam;
2093 5082 2191 5136 sed

563 5177 652 5230 cui
685 5174 915 5246 cognita
953 5175 1087 5226 sunt
1117 5172 1328 5240 omnia,
1362 5173 1522 5244 quasi
1567 5179 1868 5228 numerata
1907 5179 2038 5228 sunt
2069 5193 2189 5231 om-

560 5271 676 5325 nia.
713 5271 859 5324 Bene
903 5271 1094 5322 tamen
1126 5267 1417 5321 numerari
1449 5266 1734 5335 dicuntur,
1776 5268 1910 5338 quia
1940 5269 2035 5323 illa
2066 5286 2193 5341 quae

559 5365 824 5418 volumus
851 5378 1092 5427 servare,
1125 5377 1513 5416 numeramus.

627 5487 719 5551 (9t)
753 5487 1019 5537 Nonnulli
1057 5499 1210 5548 mss.,
1241 5486 1336 5551 qui
1367 5490 1672 5537 nostrorum
1715 5487 1950 5550 remigiis
1992 5488 2195 5538 animo-

564 5571 702 5606 rum.

627 5625 725 5686 (92)
754 5626 993 5687 Quidam
1022 5641 1180 5690 mss.,
1214 5627 1461 5679 voluntas
1495 5627 1727 5679 abstulit.
1772 5627 1882 5679 Sed
1926 5628 2198 5680 familiare

561 5700 648 5743 est
675 5695 914 5745 librariis
942 5698 1325 5761 scriptoribus,
1351 5703 1415 5749 ut
1451 5700 1766 5762 promiscue
1805 5698 2053 5749 voluntas
2098 5713 2195 5764 pro

563 5765 804 5826 voluptas
828 5767 1093 5827 scribant,
1123 5774 1179 5818 et
1211 5773 1418 5819 contra.

626 5834 722 5892 (93)
769 5833 974 5885 Omnes
1022 5837 1152 5887 edit.
1207 5851 1338 5889 cum
1382 5844 1537 5904 parte
1589 5854 1741 5902 mss.,
1801 5841 2042 5891 uoluntas
2101 5842 2198 5892 Dei

2289 4613 2474 4685 magis
2507 4613 2724 4679 timeas,
2755 4630 2926 4684 quam
2953 4613 3260 4667 divinitatis
3289 4612 3601 4668 offensam.

2365 4710 2486 4762 116.
2511 4709 2636 4762 Jam
2670 4707 2808 4762 illud
2835 4724 2948 4762 non
2978 4706 3217 4761 dubium
3244 4712 3347 4773 est,
3387 4707 3607 4761 animae
3635 4708 3888 4776 passerem

2292 4801 2646 4873 comparari,
2699 4817 2830 4855 cum
2884 4801 3087 4874 legeris
3133 4817 3146 4856 :
3205 4822 3233 4849 ‹‹
3286 4799 3502 4855 Anima
3545 4800 3733 4854 nostra
3779 4791 3892 4846 sicut

2292 4912 2489 4968 passer
2555 4901 2751 4967 erepta
2813 4899 2897 4950 est
2953 4896 3023 4950 de
3078 4896 3282 4966 laqueo
3343 4894 3688 4949 venantium
3748 4883 3891 4956 (Psal-

2293 5006 2473 5057 cxxui,
2521 4991 2592 5059 7).
2644 5011 2673 5040 »
2719 4991 2785 5045 Et
2832 4989 2965 5044 alibi
3013 5007 3025 5043 :
3075 5011 3101 5039 «
3148 4989 3445 5054 Quomodo
3493 4986 3678 5043 dicitis
3719 4980 3892 5037 animi?

2294 5099 2437 5138 mem
2467 5099 2479 5136 :
2515 5083 2880 5153 Trausmigra
2920 5083 2977 5136 in
3025 5087 3276 5136 montem
3325 5082 3479 5137 sicut
3527 5094 3718 5152 passer
3755 5070 3892 5143 (Psal-

2295 5193 2347 5243 Χ,
2380 5175 2470 5246 2)?
2501 5178 2688 5247 Ipsum
2731 5192 2956 5248 quoque
2996 5176 3290 5232 hominem
3322 5177 3579 5248 legimus
3616 5161 3893 5242 comparari

2294 5269 2529 5341 passeri,
2585 5271 2718 5341 quia
2770 5270 3043 5341 scriptum
3094 5275 3178 5325 est
3222 5286 3235 5325 :
3287 5292 3315 5318 ‹‹
3370 5271 3497 5341 Ego
3550 5273 3732 5323 autem
3779 5261 3895 5314 εἱειιῖ

2294 5380 2492 5434 passer
2540 5363 2842 5434 singularis
2883 5366 2944 5418 in
2991 5363 3228 5419 aediﬁcio
3277 5365 3455 5434 (Psal.
3509 5380 3578 5429 c1,
3625 5362 3695 5430 8);
3741 5378 3764 5407 »
3808 5350 3893 5405 δοί-

2295 5485 2519 5548 cognitio
2563 5485 2690 5546 Dei;
2734 5498 2863 5534 mss.
2911 5487 3097 5535 tamen
3143 5499 3241 5548 pro
3287 5485 3528 5548 cognitio
3570 5482 3682 5540 Dei,
3720 5475 3895 5554 habet“

2296 5558 2519 5620 cognitio
2549 5563 2639 5608 est.
2667 5557 2778 5608 Alii
2827 5571 2972 5618 vero,
3014 5559 3112 5622 qui
3159 5561 3213 5608 et
3256 5557 3510 5607 melioris
3553 5556 3712 5611 note,
3758 5552 3893 5622 uti“

2295 5619 2467 5679 textu.
2517 5629 2938 5694 Consequenter
2994 5619 3180 5681 autem
3249 5629 3343 5680 ubi
3410 5628 3710 5693 pmfemnt
3765 5619 3896 5694 edit-3

2295 5714 2406 5750 non
2442 5701 2580 5750 enim
2621 5690 2943 5765 quisquam;
2986 5701 3230 5763 Amerb.,
3263 5690 3492 5764 quisque
3532 5696 3789 5746 uoluntate

2297 5773 2476 5835 cadit;
2506 5756 2645 5822 mss:
2676 5756 2870 5823 omnes
2908 5756 3469 5832 nobiscum'faciunt,
3506 5771 3730 5832 excepto
3769 5756 3892 5827 quod

2299 5843 2354 5892 in
2385 5842 2670 5894 nonnullis
2694 5845 2932 5908 primum
2959 5845 3099 5895 cadit
3119 5843 3575 5909 prastermittitur.
