3926 6168
173 239 279 292 1817

1225 229 1685 287 EXPOSlTIONIS
1721 230 1792 286 IN
1830 231 2055 290 LUCAM
2096 234 2222 290 LIB.
2266 236 2378 291 Vl].

3349 240 3483 295 1818

163 362 268 416 licet
292 375 353 413 ex
386 357 596 411 duobus
622 354 946 426 passeribus
975 355 1034 409 in
1066 370 1247 410 unum
1283 371 1598 427 passerem,
1634 355 1744 410 hoc
1766 367 1826 441 Α
1846 372 1977 411 cum
2014 357 2149 413 alibi
2190 359 2406 415 dictum
2444 360 2519 414 sit
2549 375 2561 414 :
2591 361 2757 415 Pater
2787 360 2945 415 vobis
2973 361 3069 416 dat
3105 361 3245 432 quid
3286 362 3479 434 loqua-

162 457 244 520 est,
271 450 516 522 spiritalis
553 448 880 503 substantiae
910 449 1311 517 subtilitatem,
1341 448 1745 504 concordantis

161 546 418 616 utriusque
458 544 560 598 alae
591 559 868 614 compage
898 543 1201 598 formatus.
1245 544 1393 613 Ergo
1423 559 1620 614 passer
1650 543 1747 597 bo-

160 657 245 696 nus
278 642 370 704 est,
410 637 497 691 cui
536 635 757 690 volandi
797 643 999 692 natura
1042 636 1390 708 suppeditat.
1424 638 1520 691 Est
1567 637 1744 692 etiam

160 735 309 788 malus
333 746 540 802 passer,
567 730 663 801 qui
693 729 914 784 volandi
949 746 1113 785 usum
1149 735 1392 786 terrenae
1422 730 1558 785 vitio
1599 731 1745 785 labis

158 825 450 891 aboleverit;
489 824 680 896 quales
720 827 853 878 sunt
892 824 983 879 isti
1021 840 1296 895 passeres,
1338 823 1438 896 qui
1478 824 1745 896 dipondio

158 924 392 976 veneunt.

215 1018 316 1068 117.
346 1012 488 1067 Alibi
518 1029 636 1067 asse
666 1017 914 1070 veneunt
951 1011 1197 1082 (Matth.,
1238 1027 1290 1079 ι,
1326 1013 1439 1078 29),
1480 1010 1613 1066 alibi
1655 1009 1741 1067 di-

153 1107 330 1181 pondio
381 1109 554 1175 (Luc.,
605 1125 699 1176 x11,
749 1111 825 1175 6).
871 1108 1092 1172 Quanta
1140 1105 1323 1160 vilitas
1367 1105 1740 1160 delictorum!

150 1203 267 1257 Mors
302 1200 444 1256 enim
491 1202 642 1269 vilis,
693 1202 792 1256 sed
839 1201 1087 1273 pretiosa
1129 1199 1322 1254 virtus.
1373 1199 1595 1255 Etenim
1640 1199 1742 1253 ad-

152 1295 391 1352 versarius
422 1299 701 1367 tanquam
739 1296 959 1367 captiva
991 1294 1274 1365 mancipia
1313 1293 1527 1349 vilioris
1557 1293 1742 1365 pretio

152 1390 501 1444 testimationis
556 1389 800 1458 addicit;
857 1395 915 1444 at
965 1405 1099 1444 vero
1151 1388 1420 1442 Dominus
1468 1391 1742 1458 tanquam

151 1482 369 1554 speciosa
404 1483 654 1550 servitia,
687 1499 816 1554 quas
855 1483 926 1537 ad
969 1482 1286 1553 imaginem
1322 1484 1380 1536 et
1415 1479 1741 1535 similitudi-

150 1593 256 1631 nem
285 1575 363 1630 sui
391 1576 548 1643 fecit,
581 1576 823 1632 idoneus
856 1576 942 1631 sui
980 1577 1168 1647 operis
1195 1576 1505 1630 acstimator
1535 1591 1742 1646 magno

150 1669 299 1740 pretio
329 1686 424 1724 nos
463 1669 737 1738 redemit,
774 1670 918 1724 sicut
958 1676 1183 1724 sanctus
1217 1670 1515 1740 Apostolus
1554 1668 1694 1723 dixit
1726 1686 1740 1722 :

153 1738 359 1834 sEmpti
393 1764 548 1818 enim
582 1765 715 1819 estis
752 1764 935 1835 pretio
974 1779 1183 1833 magno
1216 1738 1430 1833 (1—0012,
1460 1780 1535 1830 vi,
1568 1766 1680 1831 20).
1715 1738 1821 1813 »Β

150 1859 202 1912 Et
241 1857 374 1912 bene
420 1875 643 1926 magno,
695 1859 847 1930 quod
901 1874 1017 1912 non
1051 1857 1391 1916 .aistimatur
1443 1874 1589 1927 mre,
1647 1858 1746 1912 sed

151 1952 423 2021 sanguine;
481 1952 622 2024 quia
668 1969 769 2023 pro
818 1951 982 2006 nobis
1027 1955 1290 2005 mortuus
1339 1954 1424 2005 est
1468 1951 1742 2018 Christus,

151 2045 226 2115 qui
268 2045 506 2116 pretioso
562 2063 666 2100 nos
715 2046 995 2116 sanguine
1048 2044 1329 2112 liberavit,
1378 2045 1522 2100 sicut
1574 2045 1744 2100 etiam

151 2144 336 2192 sanctus
369 2142 570 2194 Petrus
606 2139 665 2193 in
703 2139 948 2210 Epistola
994 2141 1410 2193 commemorat
1450 2155 1571 2206 sua,
1605 2138 1745 2192 scri-

148 2231 260 2285 bens
301 2233 362 2286 ad
406 2250 511 2288 nos
547 2251 560 2288 :
599 2254 628 2282 «
670 2233 815 2297 Quia
852 2250 966 2287 non
1008 2232 1464 2304 corruptibilibus
1509 2235 1748 2304 argento

149 2325 214 2378 vel
257 2343 405 2393 auro,
460 2327 673 2398 inquit,
728 2326 1010 2398 redempti
1066 2326 1200 2381 estis
1249 2327 1318 2381 de
1365 2343 1508 2380 vana
1562 2331 1747 2381 vestra

150 2421 534 2475 conversatione
590 2424 844 2491 paternae
892 2419 1214 2475 traditionis
1270 2437 1283 2474 :
1339 2421 1441 2474 sed
1499 2420 1749 2490 pretioso

152 2513 390 2584 sanguine
434 2515 604 2585 quasi
647 2515 780 2585 agni
825 2513 1257 2569 incontaminati
1302 2517 1360 2568 et
1397 2513 1749 2567 immaculati

151 2606 316 2661 Christi
351 2610 477 2662 Jesu
509 2611 554 2677 (ι
592 2613 758 2671 Petr.,
804 2626 841 2676 ι,
878 2612 962 2677 18,
1010 2607 1118 2678 l9).
1153 2630 1180 2657 »
1213 2609 1277 2662 Et
1316 2607 1461 2661 bene
1492 2610 1746 2678 pretioso,

154 2701 256 2768 quia
289 2701 640 2756 immaculati
675 2702 930 2772 corporis
960 2700 1193 2773 sanguis
1225 2705 1327 2768 est,
1359 2701 1492 2772 quia
1517 2700 1750 2772 sanguis

152 2797 214 2846 est
245 2794 352 2849 Filii
399 2796 529 2863 Dei;
585 2796 683 2866 qui
726 2812 843 2850 non
887 2795 1075 2849 solum
1123 2795 1191 2849 de
1237 2793 1537 2849 maledicto
1585 2793 1747 2866 legis,

153 2889 224 2940 sed
268 2889 429 2944 etiam
480 2890 559 2944 de
601 2889 912 2961 impietatis
959 2891 1144 2944 morte
1195 2893 1469 2960 perpetua
1516 2905 1618 2943 nos
1666 2905 1750 2942 re-

153 2979 318 3037 demit.

207 3079 309 3131 118.
354 3079 415 3132 ln
465 3093 699 3132 summa
741 3076 918 3149 igitur
962 3077 1056 3131 hic
1097 3093 1298 3132 sensus
1324 3079 1438 3145 est;
1481 3076 1529 3130 si
1562 3075 1748 3130 Domi-
1773 3107 1826 3180 Ο

155 3184 237 3222 nus
271 3170 464 3225 vilibus
504 3171 724 3238 avibus,
764 3177 822 3226 et
849 3171 1174 3226 inﬁdelibus
1205 3169 1531 3225 hominibus
1559 3171 1648 3225 vel
1691 3171 1750 3224 in

154 3263 357 3319 oriundo
386 3266 530 3334 sole,
566 3266 653 3320 vel
691 3265 751 3319 in
791 3268 1017 3319 terrena
1051 3265 1396 3319 fecunditate
1427 3263 1749 3336 prospexit;

154 3356 187 3408 si
241 3358 638 3415 misericordiae
701 3376 817 3413 sum
872 3359 1138 3413 omnibus
1192 3375 1403 3413 munus
1464 3357 1751 3429 impertit,

155 3448 277 3506 haud
339 3469 457 3508 esse
538 3452 915 3508 dubitandum
991 3452 1530 3523 contemplationem
1603 3452 1754 3523 apud

156 3542 282 3598 illum
312 3547 572 3601 ﬁdelium
609 3546 908 3601 valituram
939 3563 1058 3602 esse
1090 3546 1448 3601 meritorum.
1483 3545 1754 3601 Praeclare

156 3643 314 3695 autem
348 3644 406 3695 et
433 3641 620 3696 ﬁdem
657 3641 911 3696 acuendo
941 3641 1206 3708 intexuit,
1245 3645 1302 3695 et
1329 3639 1464 3694 ﬁdei
1500 3639 1606 3710 ipsi
1637 3639 1752 3693 vir-

156 3735 310 3788 tutum
360 3736 743 3790 fundamenta
786 3734 1060 3805 subjecit;
1105 3751 1242 3788 nam
1295 3737 1360 3788 ut
1404 3732 1756 3788 fortitudinis

155 3824 467 3884 incentivum
521 3835 609 3883 est
659 3828 822 3897 fides,
871 3829 952 3883 ita
1004 3827 1139 3882 ﬁdei
1191 3827 1618 3882 ﬁrmamentum
1672 3829 1758 3881 est

155 3917 422 3978 fortitudo.

211 4015 366 4080 (Vers.
417 4020 472 4085 9,
543 4018 649 4083 l0.)
707 4018 815 4083 Qui
869 4022 1051 4071 autem
1113 4017 1394 4084 negaverit
1443 4030 1523 4070 me
1577 4031 1758 4070 coram

155 4106 441 4180 hominibus,
483 4111 779 4178 negabitur
823 4126 1004 4164 coram
1050 4110 1258 4178 angelis
1303 4110 1422 4163 Dei.
1469 4110 1534 4162 Et
1585 4111 1758 4164 omnis

151 4205 228 4269 qui
263 4204 388 4259 dicit
435 4204 660 4260 verbum
697 4206 754 4258 in
791 4205 992 4259 Filium
1039 4204 1289 4264 hominis,
1331 4204 1636 4257 remittetur
1673 4205 1754 4269 ei;

153 4295 198 4346 in
226 4296 484 4366 Spiritum
522 4301 704 4352 autem
740 4302 984 4353 sanctum
1020 4299 1118 4366 qui
1154 4297 1376 4356 dixerit,
1419 4311 1528 4350 non
1572 4299 1756 4351 remit-

157 4390 274 4442 tetur
301 4393 364 4445 ei.

1848 451 2007 519 mini,
2049 452 2140 507 hic
2177 453 2416 523 subjecit
2450 469 2463 508 :
2510 475 2538 503 ‹‹
2575 453 2816 524 Spiritus
2857 454 3013 509 enim
3053 458 3278 510 sanctus
3317 457 3476 511 doce-

1845 545 1929 620 bit
1963 562 2059 600 vos
2103 547 2162 600 in
2200 547 2295 601 illa
2329 548 2473 602 hora
2511 564 2639 619 quas
2679 551 2904 618 oportet
2938 547 3128 603 dicere
3167 569 3195 598 »
3229 548 3474 619 (Matth,

1845 655 1899 706 x,
1941 642 2052 708 20).
2091 641 2243 712 Ergo
2289 642 2334 694 si
2377 641 2636 713 Operatio
2684 658 2797 695 una
2842 647 2947 710 est,
2993 658 3110 696 una
3152 644 3238 697 est
3285 647 3479 698 contu-

1846 733 2040 788 melia.

1920 831 2038 882 120.
2083 828 2191 884 Sed
2239 829 2310 884 ad
2349 830 2646 901 proposita
2695 834 3070 886 revertamur.
3118 830 3218 885 Hic
3258 828 3480 884 videtur

1845 920 2186 991 quibusdam
2215 927 2276 975 ut
2304 923 2570 978 eumdem
2607 929 2662 977 et
2688 922 2896 977 Filium
2937 922 3189 978 hominis
3214 927 3272 978 et
3298 922 3476 994 Spiri-

1843 1018 1970 1069 tum
2025 1020 2280 1070 sanctum
2339 1016 2626 1071 Christum
2678 1016 3104 1089 intelligamus,
3158 1017 3308 1071 salva
3365 1015 3476 1070 dis-

1843 1107 2115 1164 tinctione
2156 1125 2549 1180 personarum,
2594 1115 2651 1165 et
2689 1110 2906 1166 unitate
2947 1110 3300 1181 substantias;
3342 1109 3480 1181 quia

1846 1218 1990 1256 unus
2037 1208 2094 1257 et
2141 1204 2286 1258 Deus
2335 1208 2390 1258 et
2435 1205 2606 1259 homo
2653 1204 2939 1274 Christus,
2989 1204 3145 1260 idem
3196 1203 3473 1275 Spiritus,

1845 1297 1992 1350 sicut
2028 1297 2299 1367 scriptum
2331 1304 2415 1351 est
2445 1315 2457 1352 :
2492 1319 2516 1348 ‹‹
2548 1297 2791 1368 Spiritus
2820 1301 2952 1352 ante
2983 1297 3187 1352 faciem
3215 1300 3476 1353 nostram

1818 1391 2095 1447 Christus
2122 1391 2392 1446 Dominus
2427 1393 2667 1460 (Thren.,
2697 1409 2771 1459 1v,
2805 1395 2928 1462 20);
2963 1412 2991 1441 »
3025 1391 3184 1446 idem
3215 1395 3476 1456 sanctus;

1845 1484 1978 1556 quia
2023 1483 2168 1538 sicut
2208 1486 2359 1539 Deus
2404 1487 2600 1552 Pater,
2650 1489 2707 1539 et
2755 1484 2928 1539 Filius
2973 1485 3152 1553 Deus,
3208 1485 3478 1539 Dominus

1842 1579 2004 1632 Pater
2029 1583 2086 1632 et
2112 1578 2281 1631 Filius
2310 1579 2600 1647 Dominus,
2643 1579 2720 1634 ita
2747 1578 2922 1633 etiam
2952 1582 3009 1633 et
3035 1580 3200 1632 Pater
3229 1582 3474 1644 sanctus,

1846 1676 1904 1725 et
1929 1671 2100 1725 Filius
2135 1677 2377 1739 sanctus,
2411 1675 2467 1726 et
2494 1671 2732 1743 Spiritus
2762 1677 3006 1728 sanctus.
3040 1671 3299 1742 Denique
3329 1670 3474 1726 Che-

1846 1764 2032 1819 rubim
2085 1770 2142 1818 et
2187 1765 2490 1836 Seraphim
2536 1766 2830 1820 indefessis
2881 1764 3112 1821 vocibus
3156 1765 3410 1820 clamant
3457 1782 3471 1818 :

1846 1860 2106 1926 Sanctus,
2151 1862 2396 1928 sanctus,
2430 1865 2655 1914 sanctus
2699 1860 2846 1927 (Isa.,
2896 1877 2970 1928 v1,
3008 1862 3095 1926 3);
3127 1863 3192 1913 ut
3231 1857 3478 1912 Trinitas

1847 1952 2088 2022 repetita
2109 1953 2275 2006 tertia
2301 1953 2690 2024 appellatione
2715 1953 2994 2024 signetur.
3023 1953 3078 2007 Si
3101 1967 3237 2023 ergo
3264 1953 3483 2005 utrum-

1847 2061 1957 2118 que
1987 2047 2239 2102 Christus
2267 2051 2372 2112 est,
2405 2063 2532 2118 qua:
2559 2050 2646 2101 est
2671 2046 2987 2114 diversitas,
3009 2045 3121 2100 nisi
3145 2052 3205 2099 ut
3231 2031 3479 2099 Sciamus

1847 2140 1982 2211 quia
2021 2139 2372 2196 divinitatem
2417 2141 2620 2198 Christi
2662 2140 2825 2195 nobis
2868 2156 3081 2211 negare
3120 2155 3234 2194 non
3273 2138 3480 2193 liceat?

1848 2233 2100 2304 Denique
2150 2234 2208 2287 in
2262 2234 2656 2305 persecutione
2713 2234 2848 2305 quid
2903 2233 3201 2305 quaeritur,
3256 2231 3366 2286 nisi
3421 2237 3482 2285 ut

1850 2328 1994 2382 Deus
2027 2327 2279 2382 Christus
2318 2327 2604 2398 negetur?
2641 2329 2836 2398 Itaque
2879 2327 3205 2398 quicunque
3250 2324 3482 2397 spiritus

1847 2437 1962 2475 non
2001 2421 2299 2475 conﬁtetur
2345 2422 2454 2489 (94)
2506 2421 2564 2474 in
2600 2420 2823 2474 Christo
2866 2423 3078 2487 Deum,
3123 2423 3183 2474 et
3224 2436 3293 2475 ex
3334 2420 3479 2487 Deo,

1849 2521 2021 2586 atque
2060 2514 2117 2568 in
2157 2515 2271 2569 Deo
2303 2514 2610 2582 Christum,
2640 2513 2868 2568 veniam
2907 2530 3024 2568 non
3060 2515 3336 2568 meretur.
3375 2513 3479 2569 Sed

1851 2609 2021 2662 etiam
2062 2608 2388 2679 quicunque
2421 2625 2533 2661 non
2568 2607 2872 2662 conﬁtetur
2900 2607 3184 2661 Christum
3216 2606 3274 2660 in
3307 2623 3480 2661 carne

1848 2701 2086 2770 venisse,
2121 2719 2186 2756 ex
2218 2703 2331 2755 Deo
2361 2717 2475 2755 non
2516 2704 2628 2766 est;
2661 2700 2760 2771 qui
2788 2700 2945 2754 enim
2973 2701 3270 2756 hominem
3300 2717 3476 2772 nega-

1848 2796 1949 2863 vit,
1987 2796 2162 2849 Deum
2193 2797 2450 2865 negavit;
2480 2793 2616 2865 quia
2651 2795 2794 2849 Deus
2830 2794 2888 2848 in
2924 2794 3178 2864 homine,
3212 2797 3272 2850 et
3307 2795 3481 2850 homo

1851 2890 1908 2944 in
1942 2891 2052 2944 Deo
2080 2889 2350 2944 Christus.

1928 2986 2046 3036 121.
2077 2982 2337 3054 Plerique
2372 2986 2567 3038 tamen
2607 2982 2746 3038 illud
2790 2984 3005 3049 tenent,
3053 2985 3116 3036 ut
3158 2997 3285 3036 eam
3327 2981 3484 3042 blas-‘é

1852 3077 2140 3148 phemiam
2174 3077 2369 3131 dicant
2395 3093 2513 3131 non
2545 3093 2666 3132 esse
2695 3075 3056 3144 veniabilem,
3080 3075 3126 3130 si
3146 3075 3274 3147 quis
3298 3074 3484 3130 Chris-

1853 3176 1975 3226 tum
2037 3171 2185 3226 dicat
2239 3171 2295 3224 in
2363 3171 2667 3226 Beelzebub
2721 3171 2922 3242 ejicere
2993 3169 3304 3237 daemonia,
3361 3185 3476 3224 non

1853 3268 2127 3337 potestate
2157 3264 2368 3320 divina.

1931 3360 2108 3425 (Vers.
2141 3362 2225 3427 13,
2260 3358 2367 3429 14.)
2394 3361 2464 3414 Et
2496 3361 2575 3413 ait
2611 3359 2839 3428 quidam
2871 3358 2936 3413 de
2968 3359 3169 3413 turba:
3203 3359 3483 3426 Magister,

1855 3453 1942 3507 dic
1982 3453 2154 3518 fratri
2200 3468 2311 3506 meo
2358 3457 2420 3506 ut
2467 3452 2683 3507 dividat
2732 3467 2935 3506 mecum
2975 3452 3360 3507 hereditatem.
3413 3451 3486 3507 At

1853 3547 1947 3600 ille
1984 3546 2128 3600 dixit
2153 3547 2202 3600 ei
2241 3564 2256 3600 :
2301 3548 2488 3609 Homo,
2531 3548 2654 3615 quis
2696 3561 2778 3600 me
2819 3547 3094 3600 constituit
3119 3545 3359 3614 judicem
3388 3548 3488 3599 aut

1856 3641 2140 3695 divisorem
2165 3655 2332 3710 supra
2356 3641 2488 3694 vos?

1931 3736 2050 3788 122.
2102 3734 2270 3787 Totus
2323 3731 2419 3786 hic
2466 3732 2623 3787 locus
2674 3731 2748 3786 ad
2797 3731 3153 3786 subeundam
3199 3747 3303 3803 pro
3349 3748 3483 3788 con-

1855 3827 2100 3883 fessione
2138 3825 2367 3881 Domini
2406 3826 2752 3897 passionem,
2779 3828 2877 3880 aut
2903 3828 3236 3896 contemptu
3264 3825 3484 3894 mortis,

1856 3925 1955 3976 aut
1997 3937 2094 3992 spe
2141 3920 2385 3992 praemii,
2438 3924 2538 3974 aut
2580 3919 2831 3974 mansuri
2875 3919 3309 3976 denuntiatione
3346 3935 3482 3991 sup-

1856 4013 2044 4087 plicii,
2091 4012 2182 4067 cui
2223 4029 2519 4084 nunquam
2562 4012 2727 4067 venia
2770 4013 3010 4079 laxetur,
3056 4011 3376 4068 instruitur.
3420 4013 3488 4067 Et

1859 4106 2133 4180 quoniam
2188 4106 2426 4161 avaritia
2473 4106 2813 4178 plerumque
2860 4106 3002 4161 solet
3041 4109 3269 4160 tentare
3318 4105 3489 4161 virtu-

1857 4206 1998 4268 tem,
2043 4200 2217 4255 etiam
2249 4201 2419 4271 hujus
2460 4199 2757 4256 abolendae
2792 4199 2875 4255 rei
2912 4202 3268 4272 praeceptum
3313 4199 3488 4272 subji-

1858 4295 2006 4350 citur
2042 4298 2098 4350 et
2134 4295 2486 4366 exemplum,
2529 4293 2754 4349 dicente
2785 4294 3031 4349 Domino
3061 4311 3074 4349 :
3108 4294 3238 4360 Quis
3262 4310 3345 4349 me
3371 4309 3492 4349 con-

1861 4391 2044 4444 stituit
2099 4389 2341 4457 judicem
2401 4393 2502 4442 aut
2567 4389 2852 4443 divisorem
2910 4403 3078 4458 supra
3143 4390 3279 4442 vos?
3336 4388 3488 4444 Bene

217 4485 322 4538 119.
366 4485 573 4556 Utique
620 4485 817 4540 Filium
863 4484 1092 4538 hominis
1141 4481 1432 4536 Christum
1484 4481 1838 4553 intelligi-1)
1863 4485 2091 4538 terrena
2134 4481 2399 4548 declinat,
2441 4481 2539 4552 qui
2573 4485 2811 4553 prapter
2854 4480 3048 4535 divina
3085 4479 3489 4548 descenderat;

159 4589 282 4643 mus,
323 4575 583 4652 1438
620 4577 718 4649 qui
755 4578 824 4632 de
867 4576 1083 4648 Spiritu
1124 4582 1320 4630 sancto
1365 4581 1671 4648 generatus
1702 4576 1760 4629 in

162 4667 362 4740 Virgine
413 4678 520 4740 est,
573 4671 729 4744 quod
777 4687 981 4742 parens
1031 4670 1152 4740 ejus
1201 4669 1259 4723 in
1308 4669 1474 4724 terris
1527 4668 1645 4723 sola
1693 4669 1764 4723 sit

162 4761 324 4835 Virgo.
371 4765 661 4838 Numquid
704 4781 840 4835 ergo
886 4764 1069 4835 major
1115 4766 1202 4818 est
1247 4762 1470 4820 Christo
1522 4762 1764 4834 Spiritus

163 4863 390 4928 sanctus;
445 4865 512 4915 ut
562 4860 621 4914 in
668 4858 955 4914 Christum
1011 4863 1309 4929 peccantes
1356 4856 1580 4912 veniam
1629 4873 1762 4912 con-

164 4958 472 5022 sequantur,
513 4953 572 5008 in
610 4952 886 5026 Spiritum
924 4955 1186 5007 sanctum
1226 4951 1627 5023 delinquentes
1666 4967 1760 5005 re-

168 5044 468 5102 missionem
541 5063 655 5102 non
729 5052 1058 5101 mereantur
1135 5044 1412 5116 adipisci?
1487 5043 1595 5100 Sed
1670 5044 1765 5099 ubi

169 5137 324 5192 unitas
345 5141 636 5212 potestatis
666 5144 770 5208 est,
799 5141 956 5194 nulla
983 5137 1431 5210 comparationis
1469 5143 1553 5193 est
1580 5154 1761 5209 quaes-

171 5229 248 5298 tio,
277 5249 454 5307 neque
479 5234 861 5291 controversia
887 5232 1324 5304 magnitudinis,
1359 5249 1490 5287 cum
1520 5248 1766 5303 magnus

171 5324 228 5376 sit
266 5327 546 5398 Dominus,
589 5335 644 5384 et
685 5327 1090 5400 magnitudinis
1139 5327 1261 5397 ejus
1305 5325 1435 5380 finis
1481 5342 1601 5381 esse
1649 5341 1766 5380 non

175 5421 336 5485 possit.
381 5422 435 5477 Si
472 5423 666 5495 igitur,
715 5421 868 5494 quod
914 5420 1215 5486 credimus,
1257 5419 1446 5474 unitas
1486 5418 1770 5475 Trinitatis

175 5515 260 5580 est,
297 5515 591 5573 indiscreta
631 5517 830 5588 utique
874 5514 1239 5587 magnitudo,
1285 5513 1428 5568 sicut
1465 5513 1771 5568 indiscreta

181 5609 429 5679 operatio;
461 5611 611 5682 quod
639 5611 694 5666 in
723 5609 1094 5682 sequentibus
1121 5608 1551 5664 demonstratur
1581 5623 1596 5662 ε
1631 5623 1768 5662 nam

1861 4594 1967 4632 nec
2006 4575 2184 4646 judex
2237 4591 2354 4629 esse
2396 4574 2670 4645 dignatur
2711 4573 2916 4641 litium,
2962 4579 3020 4630 et
3061 4574 3275 4630 arbiter
3314 4575 3488 4630 faculo

1861 4674 2066 4738 tatum,
2109 4670 2367 4724 vivorum
2412 4668 2630 4722 habens
2674 4671 3150 4742 mortuorumque
3186 4669 3490 4740 judicium,

1863 4764 2280 4834 arbitriumque
2339 4761 2696 4817 meritorum.
2755 4764 2879 4818 Non
2933 4781 3070 4836 ergo
3121 4763 3261 4836 quid
3311 4766 3490 4835 petas,

1863 4857 1962 4912 sed
2017 4875 2049 4910 a
2105 4873 2216 4928 quo
2268 4855 2522 4928 postules
2576 4857 2922 4912 intuendum
2972 4865 3088 4927 est;
3145 4874 3251 4912 nec
3305 4872 3492 4912 coram

1863 4950 2177 5022 majoribus
2214 4950 2435 5006 intento
2477 4950 2670 5005 animo
2712 4957 2878 5023 putes
2921 4952 3239 5007 minoribus
3276 4949 3492 5006 obstre-

1863 5043 2140 5116 pendum.
2182 5043 2340 5098 Unde
2377 5061 2495 5099 non
2529 5044 2816 5099 immerito
2852 5045 3134 5100 refutatur
3169 5044 3262 5100 hic
3297 5044 3492 5114 frater,

1866 5139 1964 5210 qui
2015 5138 2473 5210 dispensatorem
2537 5138 2850 5193 ccelestium
2909 5137 3166 5212 1439
3219 5139 3499 5210 gestiebat

1867 5232 2333 5304 corruptibilibus
2375 5248 2688 5304 occupare;
2723 5248 2855 5287 cum
2892 5233 3042 5288 inter
3080 5233 3285 5289 fratres
3316 5234 3492 5306 patri-

1867 5325 2124 5382 monium
2161 5342 2278 5381 non
2311 5326 2489 5396 judex
2535 5325 2779 5392 medius,
2817 5326 2915 5381 sed
2950 5327 3128 5398 pietas
3167 5326 3373 5383 debeat
3416 5344 3500 5383 se-

1871 5423 2101 5492 questra
2161 5419 2444 5488 dividere;
2505 5435 2836 5490 quanquam
2900 5420 3344 5476 immortalitatis
3408 5437 3501 5492 pa-

1869 5512 2226 5580 trimonium,
2273 5529 2386 5567 non
2428 5511 2706 5583 pecunias,
2751 5512 2825 5567 sit
2862 5513 3188 5569 hominibus
3226 5520 3497 5587 expeten-

1871 5607 2044 5673 dum;
2096 5607 2307 5662 frustra
2358 5605 2511 5663 enim
2561 5612 2876 5677 congregat
2924 5623 3082 5680 Opes,
3141 5610 3239 5683 qui
3294 5626 3352 5666 se
3412 5610 3500 5664 bis

237 5803 470 5868 (94)Edit.
497 5814 552 5862 et
584 5810 748 5874 pauci
785 5823 942 5871 mss.,
980 5807 1286 5874 quicunque
1329 5817 1434 5857 non
1473 5803 1778 5868 conﬁtetur;
1809 5803 1903 5854 alii
1933 5803 2121 5866 plures
2149 5815 2215 5852 ac
2241 5801 2599 5866 probatiores,
2626 5801 2930 5870 quicunque
2951 5803 3196 5869 spiritus,
3221 5808 3325 5857 etc.
