3936 6158
470 241 609 294 1819

1939 238 1992 291 S.
2035 237 2349 294 AMBROSII

3291 189 3314 198 ι

3650 247 3759 300 1820

464 361 645 418 nescit
683 376 918 416 usurum
952 378 967 416 :
997 360 1142 416 sicut
1179 361 1273 415 ille
1317 361 1416 432 qui
1455 376 1584 414 cum
1628 361 1845 431 repleta
1888 361 2094 415 horrea
2118 374 2175 446 Α
2198 361 2455 434 1440
2495 363 2578 417 vel
2599 362 2767 433 juxta
2793 361 3062 429 litteram,
3098 361 3231 434 quia
3270 363 3338 417 ad
3380 366 3626 420 staturam
3661 384 3764 423 cor-

463 455 624 511 novis
680 454 958 510 messibus
1011 460 1438 525 rumperentur,
1495 453 1936 510 exuberantiam
1989 453 2092 508 sibi

463 550 753 605 fructuum
780 549 1138 620 receptacula
1175 548 1547 620 praeparabat,
1592 548 1682 602 cui
1719 550 2096 620 congregaret

463 645 699 714 ignarus
730 642 896 714 (vers.
916 618 992 698 27
1023 618 1216 712 seqq}.
1261 618 1580 697 Remanent
1611 641 1762 696 enim
1798 641 1856 696 in
1891 618 2096 696 saeculb

463 740 666 792 cuncta
698 753 825 807 qua:
856 736 1047 791 saeculi
1075 741 1225 802 sunt,
1266 740 1324 790 et
1363 740 1711 806 praetereunt
1746 735 1910 790 nobis
1936 752 2094 807 quaa-

464 848 692 902 cunque
761 833 1186 902 congregantur
1259 829 1614 897 haeredibus;
1691 845 1873 900 neque
1938 831 2095 884 enim

469 929 659 980 nostra
686 929 835 993 sunt,
869 941 995 996 quae
1026 941 1141 979 non
1172 940 1475 995 possumus
1512 923 1736 977 auferre
1774 923 2094 978 nobiscum.

463 1021 597 1077 Sola
635 1019 810 1074 virtus
859 1034 1048 1073 comes
1105 1023 1190 1072 est
1234 1017 1650 1083 defunctorum,
1695 1018 1815 1072 sola
1863 1035 1965 1071 nos
2013 1035 2098 1072 se-

464 1113 659 1185 quitur
711 1111 1124 1179 misericordia,
1178 1127 1306 1182 quae.
1359 1110 1671 1165 caelestium
1725 1112 1833 1165 dux
1888 1111 2097 1182 praevia

463 1208 850 1273 mansionum,
898 1204 1155 1275 pecunia:
1199 1204 1322 1258 vilis
1373 1221 1542 1259 usura
1585 1203 1951 1261 tabernacula
1993 1206 2094 1260 de-

466 1299 674 1356 functis
730 1298 974 1370 acquirit
1029 1303 1278 1366 aeterna,
1337 1297 1480 1352 sicut
1531 1297 1754 1354 Domini
1807 1301 2096 1370 praecepta

461 1399 764 1459 testantur,
798 1392 1038 1447 dicentis
1080 1392 1152 1446 ad
1192 1408 1297 1446 nos
1331 1409 1343 1445 :
1387 1412 1414 1442 ‹‹
1458 1391 1642 1447 Facite
1683 1391 1840 1446 vobis
1879 1393 2096 1446 amicos

462 1488 533 1542 de
575 1486 769 1557 iniquo
825 1501 1174 1551 mammona,
1204 1485 1300 1556 qui
1337 1501 1436 1540 vos
1475 1485 1752 1557 recipiant
1777 1485 1837 1539 in
1877 1489 2096 1540 aeterna

457 1580 830 1634 tabernacula
865 1596 964 1633 sua
1005 1580 1173 1648 (Luc.,
1218 1595 1328 1649 xvr,
1359 1582 1434 1644 9).
1470 1601 1497 1629 n
1532 1581 1749 1633 Bonum
1802 1579 1994 1650 itaque
2031 1597 2094 1633 ac

465 1674 712 1728 salutare
755 1675 1126 1744 praeceptum,
1170 1676 1228 1727 et
1265 1672 1536 1728 idoneum
1573 1673 1729 1744 quod
1772 1673 1856 1728 vel
1902 1689 2094 1728 avaros

457 1767 637 1841 possit
677 1742 962 1836 animare,
989 1783 1101 1838 quo
1144 1767 1408 1822 studeant
1451 1742 1840 1838 corruptibilia
1884 1783 2091 1838 peren-
2115 1742 2169 1813 B

457 1861 647 1928 nibus,
691 1867 919 1916 terrena
961 1864 1186 1915 mutare
1231 1861 1456 1915 divinis.
1503 1862 1613 1916 Sed
1663 1861 1933 1932 quoniam
1979 1862 2093 1933 ple-

461 1971 705 2026 rumque
748 1954 972 2010 devotio
1015 1953 1145 2009 ﬁdei
1185 1953 1514 2009 inﬁrmitate
1558 1961 1874 2021 revocatur,
1921 1960 1980 2009 et
2023 1956 2090 2010 ad

458 2047 864 2103 conferendum
924 2047 1334 2119 patrimonium
1403 2049 1687 2119 prompti,
1763 2048 1942 2102 victus
2006 2048 2093 2103 sui

457 2141 908 2197 consideratione
954 2142 1355 2208 retrahuntur;
1416 2158 1485 2196 eo
1541 2141 1766 2196 addidit
1819 2143 2094 2197 Dominus

465 2235 660 2290 dicens
696 2258 705 2288 :

531 2330 704 2397 (Vers.
753 2332 841 2396 22,
884 2333 996 2396 23.)
1049 2331 1227 2387 Nolite
1279 2330 1499 2384 solliciti
1545 2345 1652 2384 esse
1707 2333 1905 2385 animae
1958 2332 2096 2400 quid

457 2423 812 2485 manducetis,
857 2440 1027 2493 neque
1072 2426 1282 2494 corpori
1329 2424 1464 2492 quid
1505 2426 1830 2479 vestiamini.
1884 2425 2096 2479 Anima

458 2520 584 2589 plus
615 2522 690 2573 est
727 2534 891 2588 quam
930 2533 1067 2581 esca,
1111 2523 1161 2571 et
1204 2533 1396 2587 corpus
1432 2518 1560 2586 plus
1604 2535 1769 2588 quam
1809 2521 2092 2574 vestimen-

464 2617 596 2667 tum.

530 2709 649 2762 123.
703 2706 856 2761 Nihil
903 2706 1059 2761 enim
1120 2707 1392 2761 moralius
1438 2705 1505 2760 ad
1552 2705 1875 2761 faciendam
1919 2706 2092 2762 ﬁdem

462 2801 656 2855 omnia
702 2800 1067 2856 credentibus
1117 2817 1150 2854 a
1205 2801 1321 2854 Deo
1373 2817 1538 2871 posse
1591 2800 1862 2868 conferri,
1914 2815 2090 2871 quam

462 2895 612 2964 quod
653 2894 839 2949 aerius
881 2894 973 2948 ille
1020 2894 1248 2964 spiritus
1295 2895 1462 2949 vitale
1507 2894 1815 2965 collegium
1858 2894 2092 2959 animae,

462 2988 828 3059 corporisque
878 2988 1252 3042 contubernio
1303 2988 1671 3054 fcederatum,
1727 2988 1848 3042 sine
1898 2991 2092 3041 nostro

461 3081 657 3136 labore
711 3085 1046 3152 perpetuat,
1095 3097 1198 3135 nec
1244 3081 1508 3135 salutaris
1559 3081 1750 3135 deﬁcit
1799 3097 1933 3135 usus
1986 3081 2169 3184 ali-C

463 3175 664 3241 menti,
705 3173 813 3228 nisi
849 3190 982 3228 cum
1031 3173 1256 3228 venerit
1301 3173 1417 3228 dies
1465 3190 1731 3244 suprema
1783 3174 2089 3230 moriendi.

461 3268 600 3322 Cum
647 3266 824 3337 igitur
871 3265 1065 3321 anima
1116 3267 1452 3321 indumento
1499 3268 1753 3337 corporis
1798 3267 2090 3334 vestiatur,

463 3366 520 3415 et
545 3360 739 3431 vigore
765 3359 973 3415 animae
1005 3376 1210 3431 corpus
1237 3361 1540 3429 animetur,
1575 3360 1889 3415 absurdum
1921 3367 2006 3416 est
2033 3367 2094 3416 ut

462 3453 641 3507 victus
662 3453 822 3508 nobis
848 3454 1068 3524 copiam
1090 3454 1413 3509 defuturam
1435 3458 1726 3526 putemus,
1746 3454 1840 3526 qui
1864 3455 2092 3510 vivendi

456 3547 656 3619 jugem
684 3547 1056 3603 substantiam
1088 3565 1523 3620 consequamur.

537 3641 654 3695 124.
690 3663 716 3689 ‹‹
745 3641 1128 3711 Considerate,
1158 3643 1366 3713 inquit,
1411 3642 1658 3698 volatilia
1695 3643 1819 3697 cceli
1849 3645 2090 3712 (Matth.,

461 3750 536 3801 vl,
581 3734 688 3806 36).
740 3756 766 3784 »
814 3735 1081 3806 Magnum
1127 3753 1264 3790 sane
1310 3740 1366 3790 et
1406 3742 1602 3807 aptum
1652 3737 1807 3808 quod
1846 3737 1958 3792 ﬁde
2001 3753 2088 3790 se-

460 3844 701 3898 quamur
730 3829 1076 3899 exemplum.
1106 3829 1246 3883 Nam
1277 3829 1322 3883 si
1349 3829 1671 3884 volatilibus
1712 3831 1837 3886 coeli
1880 3830 2091 3901 quibus

459 3923 676 3977 nullum
723 3922 1060 3978 exercitium
1115 3924 1405 3989 cultionis,
1455 3924 1642 3978 nullus
1689 3924 1758 3979 de
1813 3924 2088 3979 messium

455 4015 800 4071 fecunditate
866 4018 1179 4086 proventus
1230 4023 1349 4086 cst,
1407 4017 1832 4072 indeficientem
1895 4021 2087 4073 tamen

459 4108 811 4177 providentia
851 4109 1037 4162 divina
1082 4109 1326 4179 largitur
1365 4110 1722 4176 alimoniam,
1762 4128 1963 4166 verum
2005 4116 2090 4166 est

458 4217 688 4256 causam
737 4201 941 4272 inopiae
997 4205 1204 4256 nostrae
1260 4203 1552 4257 avaritiam
1613 4204 1810 4258 videri.
1872 4205 2089 4261 Etenim

458 4294 570 4349 illis
596 4293 800 4349 idcirco
826 4294 1162 4350 inelaborati
1199 4296 1392 4367 pabuli
1429 4313 1566 4351 usus
1595 4297 1894 4365 exuberat,
1935 4299 2088 4370 quod

456 4388 671 4443 fructus
719 4388 824 4443 sibi
873 4405 1240 4444 communem
1293 4391 1362 4445 ad
1415 4407 1604 4445 escam
1655 4391 1817 4446 datos
1862 4393 2088 4463 speciali

2197 456 2346 526 poris
2383 457 2560 510 nostri
2604 458 2768 522 (vers.
2807 455 2926 527 25),
2967 458 3049 510 vel
3087 455 3443 526 spiritaliter,
3479 459 3593 529 quia
3627 478 3767 532 supra

2195 565 2517 604 mensuram
2547 552 2776 604 staturas
2808 555 3014 605 nostra
3046 549 3163 605 sine
3205 550 3299 604 Dei
3336 551 3514 606 favore
3541 553 3668 608 nihil
3693 572 3768 609 va-

2196 643 2378 698 lemus
2444 644 2797 715 adjungere,
2867 643 3302 714 comparatione
3366 643 3512 698 ﬂoris
3570 650 3620 701 et
3676 649 3769 703 feni

2196 753 2383 792 sermo
2425 737 2749 792 Dominicus
2789 738 3126 807 provocavit.
3177 736 3326 802 Quid
3369 738 3513 792 enim
3542 744 3646 794 tam
3675 759 3773 797 mo-

2195 833 2312 885 rale
2367 831 2438 884 ad
2486 832 2948 900 persuasionem,
3010 847 3183 902 quam
3240 847 3371 885 cum
3419 831 3596 886 videas
3651 838 3776 906 quod

2196 926 2367 979 etiam
2399 941 2525 995 quae
2557 931 2686 980 sunt
2714 925 3143 991 irrationabilia,
3186 925 3263 978 sic
3294 925 3393 979 Dei
3420 925 3780 996 prospicientia

2197 1018 2530 1086 vestiuntur,
2575 1021 2640 1072 ut
2679 1019 2838 1073 nullo
2891 1035 2994 1072 usu
3047 1019 3130 1073 vel
3181 1018 3252 1071 ad
3302 1018 3538 1088 gratiam
3587 1028 3777 1091 egeant,

2197 1113 2283 1166 vel
2311 1115 2605 1178 ornatum;
2646 1113 2824 1166 multo
2854 1112 3036 1182 magis
3061 1111 3254 1166 credas
3282 1111 3660 1166 rationabilem
3693 1115 3777 1168 ho-

2197 1206 2436 1274 minem,
2479 1205 2525 1258 si
2571 1222 2804 1260 onmem
2836 1206 2919 1259 sui
2972 1222 3137 1259 usum
3177 1204 3235 1258 in
3277 1205 3390 1258 Deo
3433 1205 3670 1272 collocat,
3700 1224 3784 1261 nec

2197 1299 2388 1353 studio
2454 1300 2714 1354 mutandi
2780 1299 2952 1353 violet
3016 1299 3217 1364 ﬁdem,
3287 1313 3581 1369 nunquam
3642 1315 3783 1371 egere

2196 1409 2393 1465 posse;
2445 1410 2509 1448 eo
2556 1393 2705 1464 quod
2744 1393 2887 1464 jure-
2920 1391 3346 1464 praesumpserit
3391 1391 3464 1445 de
3510 1393 3685 1448 favore
3725 1395 3787 1447 di-

2197 1487 2368 1541 vino?

2269 1583 2390 1634 126.
2419 1579 2526 1636 Sed
2562 1585 2752 1635 tamen
2791 1585 2855 1634 ut
2890 1581 3060 1634 etiam
3108 1581 3274 1634 altius
3318 1579 3429 1633 ista
3471 1579 3787 1649 pendamus,

2196 1674 2327 1744 quia
2380 1691 2496 1728 non
2553 1674 2801 1730 otiosum
2854 1675 3073 1729 videtur
3118 1675 3272 1745 quod
3323 1674 3427 1727 ﬂos
3475 1672 3559 1726 vel
3604 1672 3790 1726 homini

2195 1768 2501 1835 confertur,
2529 1770 2615 1823 vel
2645 1772 2796 1823 certe
2833 1769 2959 1839 plus
2989 1784 3164 1839 quam
3205 1767 3543 1822 hominibus
3579 1766 3634 1822 in
3661 1766 3793 1822 Salo-

2193 1878 2362 1916 mone
2389 1863 2710 1933 praefertur,
2755 1863 2856 1933 qui
2885 1866 3105 1916 tantum
3135 1861 3347 1916 meruit
3373 1866 3442 1916 ut
3475 1861 3559 1915 vel
3594 1860 3650 1914 in
3686 1876 3794 1931 spe-

2194 1955 2278 2010 cie
2307 1957 2580 2027 templum
2616 1957 2730 2010 Deo
2758 1956 3047 2022 conderet,
3086 1956 3173 2010 vel
3212 1955 3271 2009 in
3311 1954 3586 2026 mysterio
3621 1953 3800 2010 Christi

2196 2049 2501 2104 Ecclesiam
2538 2048 2844 2120 ﬁguraret,
2888 2066 2999 2104 non
3046 2049 3298 2103 alienum
3347 2048 3574 2102 videtur
3615 2052 3673 2101 ut
3716 2062 3798 2116 per

2195 2143 2514 2197 claritatem
2560 2142 2783 2211 coloris,
2827 2144 3166 2214 angelorum
3219 2143 3533 2197 caelestium
3584 2140 3800 2211 gloriam

2196 2240 2462 2307 putemus
2511 2253 2857 2307 expressam,
2903 2237 3000 2308 qui
3052 2253 3182 2291 vere
3227 2236 3430 2291 mundi
3467 2236 3624 2290 istius
3659 2236 3800 2289 ﬂores

2194 2334 2355 2397 sunt;
2393 2330 2622 2401 quando
2652 2347 2850 2385 eorum
2894 2330 3243 2385 claritatibus
3283 2330 3538 2384 mundus
3575 2332 3800 2388 ornatur.

2195 2428 2250 2478 et
2294 2425 2510 2478 bonum
2564 2424 2796 2479 odorem
2847 2423 3310 2478 sanctiﬁcationis
3362 2423 3630 2494 aspirant.
3675 2423 3800 2486 Quo-

2197 2535 2322 2572 rum
2351 2517 2615 2588 praesidio
2644 2517 2775 2572 fulti
2804 2534 3103 2588 possumus
3132 2518 3323 2572 dicere
3356 2536 3368 2572 :
3406 2539 3433 2566 ‹‹
3464 2519 3648 2570 Bonus
3683 2513 3804 2569 odor

2193 2611 2398 2668 Christi
2423 2628 2616 2666 sumus
2647 2613 2756 2666 Deo
2788 2612 2847 2666 in
2879 2612 2945 2666 iis
2982 2613 3079 2683 qui
3119 2611 3257 2666 salvi
3285 2611 3439 2665 fiunt
3475 2613 3542 2679 (II
3585 2613 3716 2669 Cor.,
3757 2625 3802 2674 Π,

2199 2707 2312 2775 l5);
2375 2728 2401 2755 ιι
2456 2705 2555 2776 qui
2604 2706 2764 2760 nulla
2827 2705 3207 2760 sollicitudine
3275 2704 3617 2776 praepediti,
3668 2701 3805 2756 nullo

2194 2816 2300 2854 usu
2357 2799 2563 2854 laboris
2615 2799 2940 2865 exercitati,
2998 2798 3203 2854 divinae
3253 2799 3312 2853 in
3370 2814 3432 2852 se
3482 2795 3806 2852 liberalitatis

2195 2894 2443 2964 gratiam
2496 2897 2553 2948 et
2605 2893 2848 2948 caelestis
2898 2898 3126 2948 servant
3176 2893 3327 2947 dona
3382 2896 3624 2947 naturae.
3667 2888 3806 2945 Unde

2193 2986 2339 3040 bene
2382 2992 2437 3041 et
2475 2986 2567 3040 hic
2612 2987 2846 3040 vestitus
2895 2986 3077 3057 gloria
3117 3003 3219 3040 sua
3264 2986 3565 3053 Salomon,
3611 2991 3666 3038 et
3697 2981 3808 3036 alibi

2195 3085 2495 3152 coopertus
2530 3081 2852 3135 ostenditur
2877 3081 3118 3149 (Matth,
3151 3097 3223 3148 v1,
3252 3081 3368 3146 29),
3400 3079 3561 3150 quod
3592 3076 3806 3133 inﬁrmi-

2196 3178 2372 3228 tatem
2435 3191 2721 3246 corporea:
2787 3177 3006 3228 naturae
3074 3174 3248 3228 veluti
3313 3173 3527 3228 virtute
3592 3171 3806 3243 quadam

2196 3268 2406 3322 mentis
2437 3269 2764 3339 adOpertam
2799 3284 3034 3339 operum
3078 3267 3254 3338 gloria
3294 3267 3590 3322 vestiebat.
3634 3263 3807 3334 Angeli

2193 3378 2325 3416 vero
2351 3378 2600 3433 quorum
2631 3365 2837 3416 natura
2874 3361 3117 3416 divinior
3148 3377 3350 3432 expers
3381 3365 3584 3415 manet
3616 3358 3809 3427 injuriae

2193 3456 2504 3526 corporalis
2541 3459 2711 3523 recte,
2745 3456 2878 3510 licet
2904 3454 3159 3509 maximo
3190 3455 3332 3522 viro,
3367 3451 3808 3508 consideratione

2193 3552 2390 3604 tamen
2439 3553 2645 3604 nostrae
2699 3549 2922 3619 injuriae
2969 3548 3304 3619 praeferunt.
3361 3549 3517 3618 Ergo
3568 3544 3806 3616 quoniam

2193 3659 2295 3714 per
2332 3643 2807 3698 resurrectionem
2847 3646 3017 3696 erunt
3057 3641 3322 3696 homines
3364 3642 3516 3696 sicut
3547 3638 3728 3711 angeli
3762 3636 3806 3688 in

2192 3736 2365 3803 caelis,
2406 3753 2506 3790 nos
2551 3752 2778 3808 quoque
2818 3737 3084 3806 exemplo
3119 3735 3471 3806 angelorum
3510 3733 3699 3805 gloriae
3725 3746 3808 3783 cce-

2192 3831 2346 3886 lestis
2376 3834 2756 3900 augmentum
2786 3829 3082 3894 Dominus,
3110 3829 3205 3899 qui
3234 3834 3286 3882 et
3317 3828 3433 3883 illis
3460 3844 3587 3882 eam
3612 3824 3806 3886 tribuit,

2192 3941 2420 3995 sperare
2463 3924 2761 3995 praecepit,
2809 3923 2999 3993 quoad
3033 3923 3418 3976 absorbeatur
3451 3922 3561 3976 hoc
3598 3919 3808 3974 mortale

2190 4035 2222 4072 a
2268 4018 2424 4073 vita:
2471 4037 2500 4065 ‹‹
2539 4017 2776 4088 Oportet
2819 4017 2974 4070 enim
3021 4016 3395 4087 corruptibile
3443 4015 3549 4069 hoc
3597 4012 3808 4066 induere

2190 4111 2660 4181 incorruptelam,
2694 4117 2748 4164 et
2792 4111 3030 4165 mortale
3069 4110 3180 4164 hoc
3210 4109 3457 4164 induere
3490 4104 3807 4162 immortali-

2189 4210 2366 4260 tatem
2393 4207 2433 4276 (l
2467 4208 2608 4268 Con,
2637 4220 2728 4270 xv,
2756 4207 2865 4272 53).
2897 4225 2922 4251 ››

2266 4303 2382 4354 127.
2414 4298 2672 4369 Plerique
2708 4297 2883 4352 etiam
2919 4296 3420 4368 comparationem
3453 4298 3602 4352 hanc
3631 4307 3804 4349 secun-

2188 4393 2322 4447 dum
2352 4398 2616 4447 naturam
2653 4391 2805 4446 ﬂoris
2836 4394 2894 4445 et
2932 4407 3095 4446 usum
3131 4394 3337 4462 putant
3380 4389 3652 4462 propositi
3689 4400 3800 4457 ger-

456 4483 704 4554 quodam
752 4483 1011 4538 nesciunt
1057 4484 1346 4538 vindicare
1399 4484 1724 4550 dominatu;
1779 4502 1882 4540 nos
1929 4484 2164 4556 com-1)
2189 4487 2360 4541 minis
2402 4487 2718 4558 aptiorem;
2751 4501 2817 4540 eo
2855 4484 3012 4556 quod
3057 4484 3176 4540 lilia
3212 4484 3435 4539 nullius
3475 4483 3648 4538 annui
3690 4494 3803 4533 usus

454 4576 654 4631 munia
693 4575 1010 4643 amisimus,
1058 4577 1195 4632 dum
1243 4577 1476 4649 propria
1518 4578 1908 4647 vindicamus;
1953 4597 2085 4634 nam

457 4685 562 4724 nec
593 4668 890 4740 proprium
927 4670 1238 4741 quidquam
1275 4676 1378 4738 est,
1418 4671 1516 4726 ubi
1560 4678 1902 4744 perpetuum
1946 4674 2088 4728 nihil

455 4767 566 4832 est;
601 4778 706 4817 nec
732 4765 884 4818 certa
910 4764 1095 4833 copia,
1121 4764 1218 4818 ubi
1243 4765 1493 4821 incertus
1518 4769 1767 4821 eventus.
1791 4768 1904 4822 Cur
1931 4768 2085 4823 enim

456 4856 682 4911 divitias
709 4863 836 4911 tuas
871 4857 1134 4924 aestimes,
1165 4875 1294 4912 cum
1331 4859 1437 4913 tibi
1480 4862 1624 4914 Deus
1661 4860 1832 4915 etiam
1878 4860 2086 4917 victum

453 4967 582 5004 cum
635 4949 856 5004 caeteris
907 4950 1296 5006 animantibus
1344 4952 1589 5008 voluerit
1642 4969 1765 5008 esse
1824 4970 2083 5009 commu~

453 5043 630 5099 nem?
678 5048 818 5098 Aves
863 5044 985 5099 coeli
1038 5044 1278 5115 speciale
1323 5045 1427 5100 sibi
1481 5046 1623 5101 nihil
1670 5047 1984 5115 vindicant,
2033 5055 2090 5104 et

455 5137 580 5192 ideo
629 5136 852 5208 pabulis
901 5137 1163 5209 indigere
1212 5139 1499 5208 nesciunt;
1544 5141 1678 5212 quia
1723 5156 1835 5195 non
1873 5146 2088 5196 norunt

453 5230 577 5285 aliis
607 5230 878 5286 invidere.

529 5325 696 5392 (Vers.
725 5329 814 5392 27,
851 5328 960 5395 28.)
992 5327 1333 5382 Considerate
1370 5328 1490 5381 lilia
1524 5329 1785 5397 quomodo
1820 5336 2080 5385 crescunt.

456 5419 522 5470 Et
549 5417 695 5473 infra
730 5441 740 5471 :
771 5421 832 5476 Si
863 5426 1047 5474 autem
1069 5422 1258 5488 fenum
1292 5422 1439 5490 quod
1473 5422 1630 5476 hodie
1665 5428 1762 5484 est,
1800 5428 1850 5476 et
1885 5439 2002 5478 cras
2028 5426 2086 5478 in

451 5510 726 5566 clibanum
758 5515 1015 5576 mittitur,
1046 5517 1183 5569 Deus
1211 5516 1287 5568 sic
1321 5516 1512 5577 vestit,
1542 5521 1750 5585 quanto
1777 5519 1950 5584 magis
1973 5531 2084 5579 vos,

458 5605 694 5657 minima
720 5605 880 5672 ﬁdei!

531 5696 654 5750 125.
695 5696 878 5749 Bonus
922 5698 1152 5767 quidem
1190 5716 1377 5756 sermo
1421 5705 1590 5774 atque
1632 5703 1890 5770 moralis,
1935 5703 2088 5776 quod

461 5785 532 5840 ad
591 5785 762 5842 ﬁdem
827 5787 1031 5842 divina:
1087 5806 1191 5845 nos
1246 5792 1649 5850 misericordiae
1705 5798 2084 5864 conferendae,

2187 4581 2402 4634 cultum
2440 4580 2754 4652 requirant,
2800 4595 2906 4634 nec
2943 4578 3088 4634 sicut
3127 4595 3263 4649 erga
3291 4583 3640 4649 proventum
3669 4573 3798 4627 fruc—

2187 4678 2350 4728 tuum
2402 4679 2770 4741 caaterorum,
2823 4673 2899 4726 ita
2953 4672 3128 4727 etiam
3187 4689 3326 4743 erga
3385 4670 3800 4742 generationem

2188 4768 2348 4824 istius
2388 4767 2544 4822 ﬂoris
2590 4767 2843 4821 sollicitis
2889 4767 2948 4819 in
2989 4766 3191 4820 orbem
3233 4766 3439 4820 redeat
3470 4764 3628 4819 labor
3661 4763 3796 4814 actus

2187 4862 2467 4933 agricolis.
2510 4860 2865 4926 Quibuslibet
2904 4861 3060 4913 enim
3107 4859 3459 4913 siccitatibus
3491 4857 3612 4928 agri
3651 4868 3799 4909 omne

2187 4956 2330 5012 illud
2357 4956 2506 5028 quod
2532 4955 2703 5009 alitur
2730 4954 2788 5008 in
2820 4953 3040 5020 ﬂorem,
3072 4952 3326 5024 quadam
3356 4954 3565 5007 virtute
3591 4943 3796 5021 genitali

2190 5067 2261 5105 ex
2298 5066 2417 5105 sese
2461 5054 2633 5121 atque
2681 5048 2738 5102 in
2784 5065 2842 5103 se
2895 5048 3043 5102 succi
3091 5063 3315 5118 semper
3364 5045 3651 5101 manentis
3689 5040 3793 5096 ani-

2188 5147 2405 5210 matur;
2436 5143 2514 5198 ita
2550 5158 2680 5196 cum
2718 5141 2987 5196 foliorum
3025 5141 3314 5211 puberum
3359 5139 3579 5194 caulem
3623 5135 3790 5188 videas

2187 5237 2421 5306 aruisse,
2470 5236 2622 5291 ﬂoris
2671 5241 2859 5290 tamen
2912 5239 3112 5289 natura
3153 5233 3412 5302 virescit;
3459 5229 3791 5288 absconditur

2189 5331 2340 5386 enim
2379 5329 2655 5398 viriditas,
2689 5346 2806 5384 non
2846 5328 3148 5383 amittitur.
3175 5330 3244 5382 At
3285 5327 3384 5382 ubi
3425 5324 3606 5382 vernis
3639 5317 3788 5377 fuerit

2171 5449 2176 5454 -
2189 5428 2514 5495 provocata,
2534 5423 2826 5478 blanditiis
2844 5422 3248 5477 indumentum
3273 5421 3568 5492 germinis,
3589 5429 3783 5472 comam

2189 5518 2366 5585 ﬂoris,
2407 5517 2576 5572 liliive
2619 5517 2861 5571 resumit
2897 5519 3152 5570 ornatus.
3190 5514 3372 5579 Quem
3417 5515 3594 5568 locum
3633 5522 3780 5570 nunc.

2190 5612 2463 5682 quoniam
2505 5611 2636 5666 alibi
2690 5609 2922 5666 uberius
2973 5612 3276 5664 tractatum
3335 5623 3457 5663 esse
3509 5599 3780 5660 reminisci-

2191 5721 2340 5771 mur,
2389 5704 2780 5776 perstrinxisse
2826 5704 2956 5759 satis
3001 5708 3114 5771 est;
3147 5719 3217 5757 ne
3257 5701 3318 5756 in
3369 5700 3564 5756 eadem
3603 5695 3668 5750 sit
3705 5709 3778 5746 re-

2189 5813 2404 5856 cursus.
