  <div class='ocr_page' id='page_1' title='image "/cluster/home/n/w/nwhite01/storage/ocr_20150623/15/hvd.32044048207278/292.png"; bbox 0 0 3936 6158; ppageno 0'>
   <div class='ocr_carea' id='block_1_1' title="bbox 209 245 310 297">
    <p class='ocr_par' dir='ltr' id='par_1_1' title="bbox 209 245 310 297">
     <span class='ocr_line' id='line_1_1' title="bbox 209 245 310 297; baseline 0 0"><span class='ocrx_word' id='word_1_1' title='bbox 209 245 310 297; x_wconf 80' lang='grc'><strong>1821</strong></span> 
     </span>
    </p>
   </div>
   <div class='ocr_carea' id='block_1_2' title="bbox 1245 239 2401 299">
    <p class='ocr_par' dir='ltr' id='par_1_2' title="bbox 1245 239 2401 299">
     <span class='ocr_line' id='line_1_2' title="bbox 1245 239 2401 299; baseline 0.005 -6"><span class='ocrx_word' id='word_1_2' title='bbox 1245 239 1707 297; x_wconf 84' lang='lat' dir='ltr'>EXPOSITIONIS</span> <span class='ocrx_word' id='word_1_3' title='bbox 1745 242 1810 297; x_wconf 86' lang='lat' dir='ltr'>IN</span> <span class='ocrx_word' id='word_1_4' title='bbox 1852 243 2076 299; x_wconf 77' lang='lat' dir='ltr'><strong>LUCAM</strong></span> <span class='ocrx_word' id='word_1_5' title='bbox 2121 245 2246 299; x_wconf 79' lang='lat' dir='ltr'>LIB.</span> <span class='ocrx_word' id='word_1_6' title='bbox 2289 246 2401 299; x_wconf 82' lang='lat' dir='ltr'>VII.</span> 
     </span>
    </p>
   </div>
   <div class='ocr_carea' id='block_1_3' title="bbox 3371 251 3506 306">
    <p class='ocr_par' dir='ltr' id='par_1_3' title="bbox 3371 251 3506 306">
     <span class='ocr_line' id='line_1_3' title="bbox 3371 251 3506 306; baseline 0.03 -4"><span class='ocrx_word' id='word_1_7' title='bbox 3371 251 3506 306; x_wconf 82' lang='grc'><strong>1822</strong></span> 
     </span>
    </p>
   </div>
   <div class='ocr_carea' id='block_1_4' title="bbox 256 363 3504 454">
    <p class='ocr_par' dir='ltr' id='par_1_4' title="bbox 256 363 3504 454">
     <span class='ocr_line' id='line_1_4' title="bbox 256 363 3504 454; baseline 0.003 -36"><span class='ocrx_word' id='word_1_8' title='bbox 256 366 356 418; x_wconf 82' lang='grc'><strong>128.</strong></span> <span class='ocrx_word' id='word_1_9' title='bbox 382 363 502 418; x_wconf 86' lang='lat' dir='ltr'>Illud</span> <span class='ocrx_word' id='word_1_10' title='bbox 530 377 755 433; x_wconf 88' lang='lat' dir='ltr'>quoque</span> <span class='ocrx_word' id='word_1_11' title='bbox 794 363 1210 418; x_wconf 86' lang='lat' dir='ltr'>advertendum</span> <span class='ocrx_word' id='word_1_12' title='bbox 1236 367 1356 430; x_wconf 67' lang='lat' dir='ltr'>.est,</span> <span class='ocrx_word' id='word_1_13' title='bbox 1391 363 1527 434; x_wconf 86' lang='lat' dir='ltr'>quia</span> <span class='ocrx_word' id='word_1_14' title='bbox 1563 382 1678 420; x_wconf 89' lang='lat' dir='ltr'>non</span> <span class='ocrx_word' id='word_1_15' title='bbox 1703 367 1764 420; x_wconf 90' lang='lat' dir='ltr'>in</span> <span class='ocrx_word' id='word_1_16' title='bbox 1789 367 2093 454; x_wconf 70' lang='lat' dir='ltr'>Avidetur</span> <span class='ocrx_word' id='word_1_17' title='bbox 2131 385 2250 424; x_wconf 92' lang='lat' dir='ltr'>esse</span> <span class='ocrx_word' id='word_1_18' title='bbox 2298 369 2608 440; x_wconf 87' lang='lat' dir='ltr'>proposita,</span> <span class='ocrx_word' id='word_1_19' title='bbox 2653 387 2768 442; x_wconf 90' lang='lat' dir='ltr'>quo</span> <span class='ocrx_word' id='word_1_20' title='bbox 2814 371 2992 426; x_wconf 80' lang='lat' dir='ltr'>sciant</span> <span class='ocrx_word' id='word_1_21' title='bbox 3029 371 3134 426; x_wconf 86' lang='lat' dir='ltr'>sibi</span> <span class='ocrx_word' id='word_1_22' title='bbox 3178 389 3408 443; x_wconf 82' lang='lat' dir='ltr'>gravem</span> <span class='ocrx_word' id='word_1_23' title='bbox 3443 373 3504 427; x_wconf 91' lang='lat' dir='ltr'>in</span> 
     </span>
    </p>
   </div>
   <div class='ocr_carea' id='block_1_5' title="bbox 198 456 1764 529">
    <p class='ocr_par' dir='ltr' id='par_1_5' title="bbox 198 456 1764 529">
     <span class='ocr_line' id='line_1_5' title="bbox 198 456 1764 529; baseline -0.001 -15"><span class='ocrx_word' id='word_1_24' title='bbox 198 457 538 529; x_wconf 78' lang='lat' dir='ltr'>asperitatibus</span> <span class='ocrx_word' id='word_1_25' title='bbox 568 456 874 523; x_wconf 80' lang='lat' dir='ltr'>montium,</span> <span class='ocrx_word' id='word_1_26' title='bbox 913 456 1261 527; x_wconf 79' lang='lat' dir='ltr'>incultisque</span> <span class='ocrx_word' id='word_1_27' title='bbox 1311 457 1575 512; x_wconf 83' lang='lat' dir='ltr'>silvarum</span> <span class='ocrx_word' id='word_1_28' title='bbox 1624 459 1764 526; x_wconf 88' lang='lat' dir='ltr'>lilia,</span> 
     </span>
    </p>
   </div>
   <div class='ocr_carea' id='block_1_6' title="bbox 196 550 1767 621">
    <p class='ocr_par' dir='ltr' id='par_1_6' title="bbox 196 550 1767 621">
     <span class='ocr_line' id='line_1_6' title="bbox 196 550 1767 621; baseline -0.001 -14"><span class='ocrx_word' id='word_1_29' title='bbox 196 553 271 607; x_wconf 85' lang='lat' dir='ltr'>sed</span> <span class='ocrx_word' id='word_1_30' title='bbox 295 552 343 605; x_wconf 92' lang='lat' dir='ltr'>iu</span> <span class='ocrx_word' id='word_1_31' title='bbox 366 551 646 605; x_wconf 90' lang='lat' dir='ltr'>hortorum</span> <span class='ocrx_word' id='word_1_32' title='bbox 674 550 1004 606; x_wconf 81' lang='lat' dir='ltr'>amoenitate</span> <span class='ocrx_word' id='word_1_33' title='bbox 1036 555 1406 621; x_wconf 87' lang='lat' dir='ltr'>generantur.</span> <span class='ocrx_word' id='word_1_34' title='bbox 1438 554 1581 608; x_wconf 89' lang='lat' dir='ltr'>Sunt</span> <span class='ocrx_word' id='word_1_35' title='bbox 1610 553 1767 607; x_wconf 91' lang='lat' dir='ltr'>enim</span> 
     </span>
    </p>
   </div>
   <div class='ocr_carea' id='block_1_7' title="bbox 195 644 1770 718">
    <p class='ocr_par' dir='ltr' id='par_1_7' title="bbox 195 644 1770 718">
     <span class='ocr_line' id='line_1_7' title="bbox 195 644 1770 718; baseline 0.001 -18"><span class='ocrx_word' id='word_1_36' title='bbox 195 646 313 700; x_wconf 87' lang='lat' dir='ltr'>horti</span> <span class='ocrx_word' id='word_1_37' title='bbox 338 644 555 716; x_wconf 88' lang='lat' dir='ltr'>quidam</span> <span class='ocrx_word' id='word_1_38' title='bbox 585 645 937 700; x_wconf 84' lang='lat' dir='ltr'>diversarum</span> <span class='ocrx_word' id='word_1_39' title='bbox 974 646 1248 716; x_wconf 84' lang='lat' dir='ltr'>pomiferi</span> <span class='ocrx_word' id='word_1_40' title='bbox 1284 646 1584 714; x_wconf 89' lang='lat' dir='ltr'>virtutum,</span> <span class='ocrx_word' id='word_1_41' title='bbox 1605 647 1770 718; x_wconf 83' lang='lat' dir='ltr'>juxta</span> 
     </span>
    </p>
   </div>
   <div class='ocr_carea' id='block_1_8' title="bbox 197 738 1771 811">
    <p class='ocr_par' dir='ltr' id='par_1_8' title="bbox 197 738 1771 811">
     <span class='ocr_line' id='line_1_8' title="bbox 197 738 1771 811; baseline 0.001 -18"><span class='ocrx_word' id='word_1_42' title='bbox 197 739 316 811; x_wconf 86' lang='lat' dir='ltr'>quod</span> <span class='ocrx_word' id='word_1_43' title='bbox 358 738 615 810; x_wconf 90' lang='lat' dir='ltr'>scriptum</span> <span class='ocrx_word' id='word_1_44' title='bbox 660 741 744 793; x_wconf 89' lang='lat' dir='ltr'>est</span> <span class='ocrx_word' id='word_1_45' title='bbox 786 755 800 794; x_wconf 86' lang='lat'><strong>:</strong></span> <span class='ocrx_word' id='word_1_46' title='bbox 846 759 872 790; x_wconf 75' lang='grc' dir='ltr'>ε(</span> <span class='ocrx_word' id='word_1_47' title='bbox 903 741 1111 794; x_wconf 87' lang='lat' dir='ltr'>Hortus</span> <span class='ocrx_word' id='word_1_48' title='bbox 1155 740 1394 807; x_wconf 90' lang='lat' dir='ltr'>clausus,</span> <span class='ocrx_word' id='word_1_49' title='bbox 1435 756 1595 795; x_wconf 89' lang='lat' dir='ltr'>soror</span> <span class='ocrx_word' id='word_1_50' title='bbox 1639 758 1771 796; x_wconf 89' lang='lat' dir='ltr'>mea</span> 
     </span>
    </p>
   </div>
   <div class='ocr_carea' id='block_1_9' title="bbox 195 833 1768 905">
    <p class='ocr_par' dir='ltr' id='par_1_9' title="bbox 195 833 1768 905">
     <span class='ocr_line' id='line_1_9' title="bbox 195 833 1768 905; baseline 0.001 -17"><span class='ocrx_word' id='word_1_51' title='bbox 195 835 374 903; x_wconf 75' lang='lat' dir='ltr'>sponte,</span> <span class='ocrx_word' id='word_1_52' title='bbox 417 833 611 887; x_wconf 87' lang='lat' dir='ltr'>hortus</span> <span class='ocrx_word' id='word_1_53' title='bbox 665 834 910 902; x_wconf 90' lang='lat' dir='ltr'>clausus,</span> <span class='ocrx_word' id='word_1_54' title='bbox 953 834 1084 888; x_wconf 83' lang='lat' dir='ltr'>fons</span> <span class='ocrx_word' id='word_1_55' title='bbox 1137 833 1392 904; x_wconf 89' lang='lat' dir='ltr'>signatus</span> <span class='ocrx_word' id='word_1_56' title='bbox 1439 835 1640 905; x_wconf 86' lang='lat' dir='ltr'>(Cant.,</span> <span class='ocrx_word' id='word_1_57' title='bbox 1693 851 1768 902; x_wconf 84' lang='lat' dir='ltr'>Iv,</span> 
     </span>
    </p>
   </div>
   <div class='ocr_carea' id='block_1_10' title="bbox 197 926 1768 998">
    <p class='ocr_par' dir='ltr' id='par_1_10' title="bbox 197 926 1768 998">
     <span class='ocr_line' id='line_1_10' title="bbox 197 926 1768 998; baseline 0.002 -17"><span class='ocrx_word' id='word_1_58' title='bbox 197 928 288 992; x_wconf 84' lang='lat' dir='ltr'>l2);</span> <span class='ocrx_word' id='word_1_59' title='bbox 312 949 334 974; x_wconf 76' lang='grc' dir='ltr'>ιι</span> <span class='ocrx_word' id='word_1_60' title='bbox 363 943 423 981; x_wconf 90' lang='lat' dir='ltr'>eo</span> <span class='ocrx_word' id='word_1_61' title='bbox 452 926 598 997; x_wconf 90' lang='lat' dir='ltr'>quod</span> <span class='ocrx_word' id='word_1_62' title='bbox 641 927 735 981; x_wconf 90' lang='lat' dir='ltr'>ubi</span> <span class='ocrx_word' id='word_1_63' title='bbox 775 927 1097 998; x_wconf 83' lang='lat' dir='ltr'>integritas,</span> <span class='ocrx_word' id='word_1_64' title='bbox 1132 928 1225 983; x_wconf 89' lang='lat' dir='ltr'>ubi</span> <span class='ocrx_word' id='word_1_65' title='bbox 1262 928 1505 995; x_wconf 85' lang='lat' dir='ltr'>castitas,</span> <span class='ocrx_word' id='word_1_66' title='bbox 1545 929 1644 984; x_wconf 90' lang='lat' dir='ltr'>ubi</span> <span class='ocrx_word' id='word_1_67' title='bbox 1675 946 1768 984; x_wconf 90' lang='lat' dir='ltr'>re-</span> 
     </span>
    </p>
   </div>
   <div class='ocr_carea' id='block_1_11' title="bbox 191 1019 1768 1092">
    <p class='ocr_par' dir='ltr' id='par_1_11' title="bbox 191 1019 1768 1092">
     <span class='ocr_line' id='line_1_11' title="bbox 191 1019 1768 1092; baseline 0.002 -18"><span class='ocrx_word' id='word_1_68' title='bbox 191 1020 318 1090; x_wconf 82' lang='lat' dir='ltr'>ligio,</span> <span class='ocrx_word' id='word_1_69' title='bbox 372 1019 608 1092; x_wconf 90' lang='grc'><strong>1441</strong></span> <span class='ocrx_word' id='word_1_70' title='bbox 673 1021 768 1075; x_wconf 91' lang='lat' dir='ltr'>ubi</span> <span class='ocrx_word' id='word_1_71' title='bbox 818 1022 933 1076; x_wconf 84' lang='lat' dir='ltr'>ﬁda</span> <span class='ocrx_word' id='word_1_72' title='bbox 983 1021 1200 1076; x_wconf 84' lang='lat' dir='ltr'>silentia</span> <span class='ocrx_word' id='word_1_73' title='bbox 1259 1029 1626 1089; x_wconf 90' lang='lat' dir='ltr'>secretorum,</span> <span class='ocrx_word' id='word_1_74' title='bbox 1673 1023 1768 1077; x_wconf 92' lang='lat' dir='ltr'>ubi</span> 
     </span>
    </p>
   </div>
   <div class='ocr_carea' id='block_1_12' title="bbox 189 1114 1769 1188">
    <p class='ocr_par' dir='ltr' id='par_1_12' title="bbox 189 1114 1769 1188">
     <span class='ocr_line' id='line_1_12' title="bbox 189 1114 1769 1188; baseline 0.001 -19"><span class='ocrx_word' id='word_1_75' title='bbox 189 1114 379 1169; x_wconf 82' lang='lat' dir='ltr'>claritas</span> <span class='ocrx_word' id='word_1_76' title='bbox 402 1116 729 1184; x_wconf 81' lang='lat' dir='ltr'>angelorum</span> <span class='ocrx_word' id='word_1_77' title='bbox 755 1119 862 1184; x_wconf 91' lang='lat' dir='ltr'>est,</span> <span class='ocrx_word' id='word_1_78' title='bbox 888 1115 1002 1170; x_wconf 89' lang='lat' dir='ltr'>illic</span> <span class='ocrx_word' id='word_1_79' title='bbox 1028 1116 1421 1171; x_wconf 90' lang='lat' dir='ltr'>confessorum</span> <span class='ocrx_word' id='word_1_80' title='bbox 1446 1116 1606 1171; x_wconf 76' lang='lat' dir='ltr'>violae</span> <span class='ocrx_word' id='word_1_81' title='bbox 1639 1117 1769 1188; x_wconf 82' lang='grc'><strong>(95),</strong></span> 
     </span>
    </p>
   </div>
   <div class='ocr_carea' id='block_1_13' title="bbox 186 1207 1768 1280">
    <p class='ocr_par' dir='ltr' id='par_1_13' title="bbox 186 1207 1768 1280">
     <span class='ocr_line' id='line_1_13' title="bbox 186 1207 1768 1280; baseline 0.003 -20"><span class='ocrx_word' id='word_1_82' title='bbox 186 1207 283 1261; x_wconf 88' lang='lat' dir='ltr'>lilia</span> <span class='ocrx_word' id='word_1_83' title='bbox 318 1208 612 1279; x_wconf 82' lang='lat' dir='ltr'>virginum,</span> <span class='ocrx_word' id='word_1_84' title='bbox 661 1225 801 1263; x_wconf 70' lang='lat' dir='ltr'>rosa:</span> <span class='ocrx_word' id='word_1_85' title='bbox 844 1213 1161 1280; x_wconf 83' lang='lat' dir='ltr'>martyrum</span> <span class='ocrx_word' id='word_1_86' title='bbox 1209 1214 1362 1264; x_wconf 91' lang='lat' dir='ltr'>sunt.</span> <span class='ocrx_word' id='word_1_87' title='bbox 1409 1212 1521 1266; x_wconf 85' lang='lat' dir='ltr'>Nec</span> <span class='ocrx_word' id='word_1_88' title='bbox 1571 1212 1768 1265; x_wconf 90' lang='lat' dir='ltr'>incon-</span> 
     </span>
    </p>
   </div>
   <div class='ocr_carea' id='block_1_14' title="bbox 188 1301 1768 1375">
    <p class='ocr_par' dir='ltr' id='par_1_14' title="bbox 188 1301 1768 1375">
     <span class='ocr_line' id='line_1_14' title="bbox 188 1301 1768 1375; baseline 0.004 -22"><span class='ocrx_word' id='word_1_89' title='bbox 188 1317 362 1371; x_wconf 84' lang='lat' dir='ltr'>gruum</span> <span class='ocrx_word' id='word_1_90' title='bbox 399 1301 696 1374; x_wconf 84' lang='lat' dir='ltr'>quisquam</span> <span class='ocrx_word' id='word_1_91' title='bbox 743 1307 908 1374; x_wconf 89' lang='lat' dir='ltr'>putet</span> <span class='ocrx_word' id='word_1_92' title='bbox 945 1303 1096 1374; x_wconf 89' lang='lat' dir='ltr'>quod</span> <span class='ocrx_word' id='word_1_93' title='bbox 1129 1304 1349 1374; x_wconf 85' lang='lat' dir='ltr'>angelis</span> <span class='ocrx_word' id='word_1_94' title='bbox 1378 1303 1497 1359; x_wconf 89' lang='lat' dir='ltr'>lilia</span> <span class='ocrx_word' id='word_1_95' title='bbox 1534 1321 1768 1375; x_wconf 90' lang='lat' dir='ltr'>compa-</span> 
     </span>
    </p>
   </div>
   <div class='ocr_carea' id='block_1_15' title="bbox 184 1395 1775 1468">
    <p class='ocr_par' dir='ltr' id='par_1_15' title="bbox 184 1395 1775 1468">
     <span class='ocr_line' id='line_1_15' title="bbox 184 1395 1775 1468; baseline 0.003 -20"><span class='ocrx_word' id='word_1_96' title='bbox 184 1402 366 1461; x_wconf 84' lang='lat' dir='ltr'>rentur,</span> <span class='ocrx_word' id='word_1_97' title='bbox 405 1412 530 1450; x_wconf 92' lang='lat' dir='ltr'>cum</span> <span class='ocrx_word' id='word_1_98' title='bbox 569 1395 756 1451; x_wconf 88' lang='lat' dir='ltr'>lilium</span> <span class='ocrx_word' id='word_1_99' title='bbox 805 1412 862 1451; x_wconf 90' lang='lat' dir='ltr'>se</span> <span class='ocrx_word' id='word_1_100' title='bbox 902 1397 1156 1452; x_wconf 84' lang='lat' dir='ltr'>Christus</span> <span class='ocrx_word' id='word_1_101' title='bbox 1204 1397 1322 1468; x_wconf 89' lang='lat' dir='ltr'>ipse</span> <span class='ocrx_word' id='word_1_102' title='bbox 1368 1399 1775 1453; x_wconf 83' lang='lat' dir='ltr'>memoraverit</span> 
     </span>
    </p>
   </div>
   <div class='ocr_carea' id='block_1_16' title="bbox 184 1488 1772 1562">
    <p class='ocr_par' dir='ltr' id='par_1_16' title="bbox 184 1488 1772 1562">
     <span class='ocr_line' id='line_1_16' title="bbox 184 1488 1772 1562; baseline 0.003 -19"><span class='ocrx_word' id='word_1_103' title='bbox 184 1488 342 1543; x_wconf 87' lang='lat' dir='ltr'>dicens</span> <span class='ocrx_word' id='word_1_104' title='bbox 387 1506 400 1542; x_wconf 89' lang='lat'>:</span> <span class='ocrx_word' id='word_1_105' title='bbox 441 1512 467 1538; x_wconf 85' lang='lat'><strong>«</strong></span> <span class='ocrx_word' id='word_1_106' title='bbox 513 1491 632 1562; x_wconf 91' lang='lat' dir='ltr'>Ego</span> <span class='ocrx_word' id='word_1_107' title='bbox 683 1490 787 1545; x_wconf 87' lang='lat' dir='ltr'>ﬂos</span> <span class='ocrx_word' id='word_1_108' title='bbox 835 1491 1044 1562; x_wconf 90' lang='lat' dir='ltr'>campi,</span> <span class='ocrx_word' id='word_1_109' title='bbox 1094 1494 1153 1546; x_wconf 92' lang='lat' dir='ltr'>et</span> <span class='ocrx_word' id='word_1_110' title='bbox 1194 1491 1381 1547; x_wconf 90' lang='lat' dir='ltr'>lilium</span> <span class='ocrx_word' id='word_1_111' title='bbox 1432 1493 1772 1547; x_wconf 88' lang='lat' dir='ltr'>convallium</span> 
     </span>
    </p>
   </div>
   <div class='ocr_carea' id='block_1_17' title="bbox 183 1581 1806 1657">
    <p class='ocr_par' dir='ltr' id='par_1_17' title="bbox 183 1581 1806 1657">
     <span class='ocr_line' id='line_1_17' title="bbox 183 1581 1806 1657; baseline 0.002 -19"><span class='ocrx_word' id='word_1_112' title='bbox 183 1581 352 1650; x_wconf 61' lang='lat' dir='ltr'>(Cant,</span> <span class='ocrx_word' id='word_1_113' title='bbox 386 1600 436 1649; x_wconf 79' lang='grc' dir='ltr'>ιι,</span> <span class='ocrx_word' id='word_1_114' title='bbox 486 1584 555 1653; x_wconf 85' lang='grc'>1).</span> <span class='ocrx_word' id='word_1_115' title='bbox 587 1605 616 1633; x_wconf 75' lang='lat' dir='ltr'>n</span> <span class='ocrx_word' id='word_1_116' title='bbox 658 1587 726 1641; x_wconf 87' lang='lat' dir='ltr'>Et</span> <span class='ocrx_word' id='word_1_117' title='bbox 765 1584 914 1639; x_wconf 89' lang='lat' dir='ltr'>bene</span> <span class='ocrx_word' id='word_1_118' title='bbox 957 1585 1143 1640; x_wconf 90' lang='lat' dir='ltr'>lilium</span> <span class='ocrx_word' id='word_1_119' title='bbox 1183 1585 1457 1653; x_wconf 85' lang='lat' dir='ltr'>Christus,</span> <span class='ocrx_word' id='word_1_120' title='bbox 1500 1586 1636 1657; x_wconf 89' lang='lat' dir='ltr'>quia</span> <span class='ocrx_word' id='word_1_121' title='bbox 1677 1587 1806 1643; x_wconf 17' lang='lat' dir='ltr'>ubi.</span> 
     </span>
    </p>
   </div>
   <div class='ocr_carea' id='block_1_18' title="bbox 181 1678 1774 1750">
    <p class='ocr_par' dir='ltr' id='par_1_18' title="bbox 181 1678 1774 1750">
     <span class='ocr_line' id='line_1_18' title="bbox 181 1678 1774 1750; baseline 0.003 -20"><span class='ocrx_word' id='word_1_122' title='bbox 181 1680 454 1746; x_wconf 83' lang='lat' dir='ltr'>martyrum</span> <span class='ocrx_word' id='word_1_123' title='bbox 484 1678 740 1750; x_wconf 87' lang='lat' dir='ltr'>sanguis,</span> <span class='ocrx_word' id='word_1_124' title='bbox 770 1678 848 1733; x_wconf 89' lang='lat' dir='ltr'>ibi</span> <span class='ocrx_word' id='word_1_125' title='bbox 889 1679 1164 1748; x_wconf 89' lang='lat' dir='ltr'>Christus,</span> <span class='ocrx_word' id='word_1_126' title='bbox 1195 1680 1296 1750; x_wconf 90' lang='lat' dir='ltr'>qui</span> <span class='ocrx_word' id='word_1_127' title='bbox 1342 1685 1427 1734; x_wconf 89' lang='lat' dir='ltr'>est</span> <span class='ocrx_word' id='word_1_128' title='bbox 1465 1679 1572 1735; x_wconf 87' lang='lat' dir='ltr'>ﬂos</span> <span class='ocrx_word' id='word_1_129' title='bbox 1608 1680 1774 1734; x_wconf 91' lang='lat' dir='ltr'>subli-</span> 
     </span>
    </p>
   </div>
   <div class='ocr_carea' id='block_1_19' title="bbox 1868 460 3504 532">
    <p class='ocr_par' dir='ltr' id='par_1_19' title="bbox 1868 460 3504 532">
     <span class='ocr_line' id='line_1_19' title="bbox 1868 460 3504 532; baseline 0.002 -18"><span class='ocrx_word' id='word_1_130' title='bbox 1868 460 2124 516; x_wconf 85' lang='lat' dir='ltr'>futurum</span> <span class='ocrx_word' id='word_1_131' title='bbox 2169 478 2400 532; x_wconf 69' lang='lat' dir='ltr'>poenam</span> <span class='ocrx_word' id='word_1_132' title='bbox 2444 479 2566 516; x_wconf 90' lang='lat' dir='ltr'>esse</span> <span class='ocrx_word' id='word_1_133' title='bbox 2613 463 2994 530; x_wconf 85' lang='lat' dir='ltr'>subeundam,</span> <span class='ocrx_word' id='word_1_134' title='bbox 3041 464 3109 530; x_wconf 89' lang='lat' dir='ltr'>si,</span> <span class='ocrx_word' id='word_1_135' title='bbox 3141 465 3504 520; x_wconf 68' lang='lat' dir='ltr'>saecularibus</span> 
     </span>
    </p>
   </div>
   <div class='ocr_carea' id='block_1_20' title="bbox 1870 554 3502 630">
    <p class='ocr_par' dir='ltr' id='par_1_20' title="bbox 1870 554 3502 630">
     <span class='ocr_line' id='line_1_20' title="bbox 1870 554 3502 630; baseline 0.004 -23"><span class='ocrx_word' id='word_1_136' title='bbox 1870 554 2075 608; x_wconf 85' lang='lat' dir='ltr'>intenti</span> <span class='ocrx_word' id='word_1_137' title='bbox 2117 554 2354 623; x_wconf 81' lang='lat' dir='ltr'>deliciis,</span> <span class='ocrx_word' id='word_1_138' title='bbox 2391 556 2672 610; x_wconf 86' lang='lat' dir='ltr'>familiam</span> <span class='ocrx_word' id='word_1_139' title='bbox 2711 557 2930 610; x_wconf 89' lang='lat' dir='ltr'>Domini</span> <span class='ocrx_word' id='word_1_140' title='bbox 2975 557 3314 630; x_wconf 85' lang='lat' dir='ltr'>plebemque</span> <span class='ocrx_word' id='word_1_141' title='bbox 3353 575 3502 614; x_wconf 85' lang='lat' dir='ltr'>com-</span> 
     </span>
    </p>
   </div>
   <div class='ocr_carea' id='block_1_21' title="bbox 1874 647 3008 721">
    <p class='ocr_par' dir='ltr' id='par_1_21' title="bbox 1874 647 3008 721">
     <span class='ocr_line' id='line_1_21' title="bbox 1874 647 3008 721; baseline 0.003 -19"><span class='ocrx_word' id='word_1_142' title='bbox 1874 647 2105 702; x_wconf 89' lang='lat' dir='ltr'>missam</span> <span class='ocrx_word' id='word_1_143' title='bbox 2138 648 2243 703; x_wconf 90' lang='lat' dir='ltr'>sibi</span> <span class='ocrx_word' id='word_1_144' title='bbox 2271 649 2599 720; x_wconf 85' lang='lat' dir='ltr'>gubernare</span> <span class='ocrx_word' id='word_1_145' title='bbox 2625 649 3008 721; x_wconf 86' lang='lat' dir='ltr'>neglexerint.</span> 
     </span>
    </p>
   </div>
   <div class='ocr_carea' id='block_1_22' title="bbox 1949 743 3505 817">
    <p class='ocr_par' dir='ltr' id='par_1_22' title="bbox 1949 743 3505 817">
     <span class='ocr_line' id='line_1_22' title="bbox 1949 743 3505 817; baseline 0.003 -21"><span class='ocrx_word' id='word_1_146' title='bbox 1949 745 2070 797; x_wconf 74' lang='lat'>132.</span> <span class='ocrx_word' id='word_1_147' title='bbox 2113 743 2221 798; x_wconf 91' lang='lat' dir='ltr'>Sed</span> <span class='ocrx_word' id='word_1_148' title='bbox 2264 745 2399 814; x_wconf 89' lang='lat' dir='ltr'>quia</span> <span class='ocrx_word' id='word_1_149' title='bbox 2447 743 2691 815; x_wconf 88' lang='lat' dir='ltr'>exiguus</span> <span class='ocrx_word' id='word_1_150' title='bbox 2735 750 2820 799; x_wconf 89' lang='lat' dir='ltr'>est</span> <span class='ocrx_word' id='word_1_151' title='bbox 2868 745 3180 815; x_wconf 88' lang='lat' dir='ltr'>profectus,</span> <span class='ocrx_word' id='word_1_152' title='bbox 3227 748 3284 799; x_wconf 92' lang='lat' dir='ltr'>et</span> <span class='ocrx_word' id='word_1_153' title='bbox 3333 762 3505 817; x_wconf 84' lang='lat' dir='ltr'>parva</span> 
     </span>
    </p>
   </div>
   <div class='ocr_carea' id='block_1_23' title="bbox 1875 836 3504 909">
    <p class='ocr_par' dir='ltr' id='par_1_23' title="bbox 1875 836 3504 909">
     <span class='ocr_line' id='line_1_23' title="bbox 1875 836 3504 909; baseline 0.002 -20"><span class='ocrx_word' id='word_1_154' title='bbox 1875 836 2213 890; x_wconf 88' lang='lat' dir='ltr'>meritorum</span> <span class='ocrx_word' id='word_1_155' title='bbox 2250 838 2458 908; x_wconf 84' lang='lat' dir='ltr'>gratia,</span> <span class='ocrx_word' id='word_1_156' title='bbox 2506 837 2766 909; x_wconf 88' lang='lat' dir='ltr'>supplicii</span> <span class='ocrx_word' id='word_1_157' title='bbox 2813 844 2971 893; x_wconf 90' lang='lat' dir='ltr'>metu</span> <span class='ocrx_word' id='word_1_158' title='bbox 3012 840 3081 893; x_wconf 88' lang='lat' dir='ltr'>ab</span> <span class='ocrx_word' id='word_1_159' title='bbox 3120 855 3312 893; x_wconf 90' lang='lat' dir='ltr'>errore</span> <span class='ocrx_word' id='word_1_160' title='bbox 3348 856 3504 894; x_wconf 89' lang='lat' dir='ltr'>revo-</span> 
     </span>
    </p>
   </div>
   <div class='ocr_carea' id='block_1_24' title="bbox 1872 930 3501 1003">
    <p class='ocr_par' dir='ltr' id='par_1_24' title="bbox 1872 930 3501 1003">
     <span class='ocr_line' id='line_1_24' title="bbox 1872 930 3501 1003; baseline 0.001 -18"><span class='ocrx_word' id='word_1_161' title='bbox 1872 931 2004 997; x_wconf 89' lang='lat' dir='ltr'>cari,</span> <span class='ocrx_word' id='word_1_162' title='bbox 2031 930 2328 1002; x_wconf 89' lang='lat' dir='ltr'>majorque</span> <span class='ocrx_word' id='word_1_163' title='bbox 2357 932 2740 1003; x_wconf 65' lang='lat' dir='ltr'>praerogativa</span> <span class='ocrx_word' id='word_1_164' title='bbox 2768 932 3066 987; x_wconf 86' lang='lat' dir='ltr'>charitatis</span> <span class='ocrx_word' id='word_1_165' title='bbox 3088 936 3148 988; x_wconf 87' lang='lat' dir='ltr'>et</span> <span class='ocrx_word' id='word_1_166' title='bbox 3167 932 3377 988; x_wconf 90' lang='lat' dir='ltr'>amoris</span> <span class='ocrx_word' id='word_1_167' title='bbox 3397 937 3501 1000; x_wconf 90' lang='lat' dir='ltr'>est,</span> 
     </span>
    </p>
   </div>
   <div class='ocr_carea' id='block_1_25' title="bbox 1872 1024 3501 1096">
    <p class='ocr_par' dir='ltr' id='par_1_25' title="bbox 1872 1024 3501 1096">
     <span class='ocr_line' id='line_1_25' title="bbox 1872 1024 3501 1096; baseline 0.002 -18"><span class='ocrx_word' id='word_1_168' title='bbox 1872 1024 2139 1078; x_wconf 89' lang='lat' dir='ltr'>Dominus</span> <span class='ocrx_word' id='word_1_169' title='bbox 2170 1024 2239 1079; x_wconf 89' lang='lat' dir='ltr'>ad</span> <span class='ocrx_word' id='word_1_170' title='bbox 2283 1025 2723 1094; x_wconf 86' lang='lat' dir='ltr'>promerendam</span> <span class='ocrx_word' id='word_1_171' title='bbox 2759 1026 2843 1080; x_wconf 92' lang='lat' dir='ltr'>sui</span> <span class='ocrx_word' id='word_1_172' title='bbox 2880 1026 3129 1096; x_wconf 85' lang='lat' dir='ltr'>gratiam</span> <span class='ocrx_word' id='word_1_173' title='bbox 3157 1027 3346 1081; x_wconf 90' lang='lat' dir='ltr'>studia</span> <span class='ocrx_word' id='word_1_174' title='bbox 3371 1042 3501 1082; x_wconf 91' lang='lat' dir='ltr'>nos-</span> 
     </span>
    </p>
   </div>
   <div class='ocr_carea' id='block_1_26' title="bbox 1872 1118 3506 1190">
    <p class='ocr_par' dir='ltr' id='par_1_26' title="bbox 1872 1118 3506 1190">
     <span class='ocr_line' id='line_1_26' title="bbox 1872 1118 3506 1190; baseline 0.001 -18"><span class='ocrx_word' id='word_1_175' title='bbox 1872 1121 1960 1172; x_wconf 89' lang='lat' dir='ltr'>tra</span> <span class='ocrx_word' id='word_1_176' title='bbox 1996 1118 2166 1184; x_wconf 88' lang='lat' dir='ltr'>acuit,</span> <span class='ocrx_word' id='word_1_177' title='bbox 2207 1122 2263 1172; x_wconf 90' lang='lat' dir='ltr'>et</span> <span class='ocrx_word' id='word_1_178' title='bbox 2303 1118 2666 1189; x_wconf 70' lang='lat' dir='ltr'>acquirendas</span> <span class='ocrx_word' id='word_1_179' title='bbox 2711 1119 3021 1190; x_wconf 88' lang='lat' dir='ltr'>cupiditate</span> <span class='ocrx_word' id='word_1_180' title='bbox 3073 1120 3382 1176; x_wconf 87' lang='lat' dir='ltr'>divinitatis</span> <span class='ocrx_word' id='word_1_181' title='bbox 3423 1121 3506 1175; x_wconf 90' lang='lat' dir='ltr'>in-</span> 
     </span>
    </p>
   </div>
   <div class='ocr_carea' id='block_1_27' title="bbox 1873 1211 3500 1281">
    <p class='ocr_par' dir='ltr' id='par_1_27' title="bbox 1873 1211 3500 1281">
     <span class='ocr_line' id='line_1_27' title="bbox 1873 1211 3500 1281; baseline 0.002 -15"><span class='ocrx_word' id='word_1_182' title='bbox 1873 1211 2133 1266; x_wconf 86' lang='lat' dir='ltr'>ﬂammat</span> <span class='ocrx_word' id='word_1_183' title='bbox 2186 1211 2380 1266; x_wconf 90' lang='lat' dir='ltr'>dicens</span> <span class='ocrx_word' id='word_1_184' title='bbox 2433 1231 2444 1265; x_wconf 92' lang='lat'><strong>:</strong></span> <span class='ocrx_word' id='word_1_185' title='bbox 2495 1216 2678 1281; x_wconf 90' lang='lat' dir='ltr'>Ignem</span> <span class='ocrx_word' id='word_1_186' title='bbox 2733 1217 2855 1267; x_wconf 77' lang='lat' dir='ltr'>veni</span> <span class='ocrx_word' id='word_1_187' title='bbox 2905 1216 3116 1269; x_wconf 75' lang='lat' dir='ltr'>mittere</span> <span class='ocrx_word' id='word_1_188' title='bbox 3163 1217 3225 1268; x_wconf 81' lang='lat' dir='ltr'>in</span> <span class='ocrx_word' id='word_1_189' title='bbox 3281 1220 3500 1270; x_wconf 84' lang='lat' dir='ltr'>terram.</span> 
     </span>
    </p>
   </div>
   <div class='ocr_carea' id='block_1_28' title="bbox 1873 1305 3496 1378">
    <p class='ocr_par' dir='ltr' id='par_1_28' title="bbox 1873 1305 3496 1378">
     <span class='ocr_line' id='line_1_28' title="bbox 1873 1305 3496 1378; baseline 0.001 -18"><span class='ocrx_word' id='word_1_190' title='bbox 1873 1307 1994 1360; x_wconf 90' lang='lat' dir='ltr'>Non</span> <span class='ocrx_word' id='word_1_191' title='bbox 2021 1305 2216 1376; x_wconf 91' lang='lat' dir='ltr'>utique</span> <span class='ocrx_word' id='word_1_192' title='bbox 2256 1305 2420 1360; x_wconf 90' lang='lat' dir='ltr'>illum</span> <span class='ocrx_word' id='word_1_193' title='bbox 2463 1307 2660 1378; x_wconf 88' lang='lat' dir='ltr'>ignem</span> <span class='ocrx_word' id='word_1_194' title='bbox 2701 1313 3166 1378; x_wconf 89' lang='lat' dir='ltr'>consumptorem</span> <span class='ocrx_word' id='word_1_195' title='bbox 3193 1309 3496 1374; x_wconf 91' lang='lat' dir='ltr'>bonorum,</span> 
     </span>
    </p>
   </div>
   <div class='ocr_carea' id='block_1_29' title="bbox 1875 1399 3498 1471">
    <p class='ocr_par' dir='ltr' id='par_1_29' title="bbox 1875 1399 3498 1471">
     <span class='ocr_line' id='line_1_29' title="bbox 1875 1399 3498 1471; baseline 0.001 -17"><span class='ocrx_word' id='word_1_196' title='bbox 1875 1401 1971 1454; x_wconf 91' lang='lat' dir='ltr'>sed</span> <span class='ocrx_word' id='word_1_197' title='bbox 1996 1400 2164 1454; x_wconf 64' lang='lat' dir='ltr'>bonae</span> <span class='ocrx_word' id='word_1_198' title='bbox 2189 1399 2494 1454; x_wconf 87' lang='lat' dir='ltr'>voluntatis</span> <span class='ocrx_word' id='word_1_199' title='bbox 2519 1405 2834 1467; x_wconf 87' lang='lat' dir='ltr'>auctorem,</span> <span class='ocrx_word' id='word_1_200' title='bbox 2865 1401 2966 1471; x_wconf 89' lang='lat' dir='ltr'>qui</span> <span class='ocrx_word' id='word_1_201' title='bbox 2993 1418 3166 1456; x_wconf 89' lang='lat' dir='ltr'>aurea</span> <span class='ocrx_word' id='word_1_202' title='bbox 3192 1402 3498 1458; x_wconf 74' lang='lat' dir='ltr'>Dominicae</span> 
     </span>
    </p>
   </div>
   <div class='ocr_carea' id='block_1_30' title="bbox 1874 1494 3504 1562">
    <p class='ocr_par' dir='ltr' id='par_1_30' title="bbox 1874 1494 3504 1562">
     <span class='ocr_line' id='line_1_30' title="bbox 1874 1494 3504 1562; baseline 0 -13"><span class='ocrx_word' id='word_1_203' title='bbox 1874 1495 2075 1549; x_wconf 90' lang='lat' dir='ltr'>domus</span> <span class='ocrx_word' id='word_1_204' title='bbox 2102 1510 2230 1548; x_wconf 89' lang='lat' dir='ltr'>vasa</span> <span class='ocrx_word' id='word_1_205' title='bbox 2266 1494 2551 1562; x_wconf 89' lang='lat' dir='ltr'>meliorat,</span> <span class='ocrx_word' id='word_1_206' title='bbox 2581 1495 2773 1549; x_wconf 90' lang='lat' dir='ltr'>fenum</span> <span class='ocrx_word' id='word_1_207' title='bbox 2810 1510 2942 1549; x_wconf 85' lang='lat' dir='ltr'>vero</span> <span class='ocrx_word' id='word_1_208' title='bbox 2993 1497 3280 1550; x_wconf 87' lang='lat' dir='ltr'>consumit</span> <span class='ocrx_word' id='word_1_209' title='bbox 3321 1499 3378 1550; x_wconf 90' lang='lat' dir='ltr'>et</span> <span class='ocrx_word' id='word_1_210' title='bbox 3413 1497 3504 1549; x_wconf 88' lang='lat' dir='ltr'>sti-</span> 
     </span>
    </p>
   </div>
   <div class='ocr_carea' id='block_1_31' title="bbox 1876 1588 3502 1660">
    <p class='ocr_par' dir='ltr' id='par_1_31' title="bbox 1876 1588 3502 1660">
     <span class='ocr_line' id='line_1_31' title="bbox 1876 1588 3502 1660; baseline 0.002 -19"><span class='ocrx_word' id='word_1_211' title='bbox 1876 1589 2093 1659; x_wconf 91' lang='lat' dir='ltr'>pulam,</span> <span class='ocrx_word' id='word_1_212' title='bbox 2134 1603 2197 1642; x_wconf 90' lang='lat' dir='ltr'>ac</span> <span class='ocrx_word' id='word_1_213' title='bbox 2240 1588 2535 1642; x_wconf 64' lang='lat' dir='ltr'>saecularia</span> <span class='ocrx_word' id='word_1_214' title='bbox 2573 1589 2768 1642; x_wconf 88' lang='lat' dir='ltr'>omnia</span> <span class='ocrx_word' id='word_1_215' title='bbox 2804 1588 3006 1642; x_wconf 90' lang='lat' dir='ltr'>mundi</span> <span class='ocrx_word' id='word_1_216' title='bbox 3045 1590 3333 1660; x_wconf 85' lang='lat' dir='ltr'>voluptate</span> <span class='ocrx_word' id='word_1_217' title='bbox 3369 1605 3502 1644; x_wconf 85' lang='lat' dir='ltr'>con-</span> 
     </span>
    </p>
   </div>
   <div class='ocr_carea' id='block_1_32' title="bbox 1875 1681 3499 1753">
    <p class='ocr_par' dir='ltr' id='par_1_32' title="bbox 1875 1681 3499 1753">
     <span class='ocr_line' id='line_1_32' title="bbox 1875 1681 3499 1753; baseline 0 -18"><span class='ocrx_word' id='word_1_218' title='bbox 1875 1687 2046 1748; x_wconf 91' lang='lat' dir='ltr'>creta,</span> <span class='ocrx_word' id='word_1_219' title='bbox 2104 1681 2487 1752; x_wconf 75' lang='lat' dir='ltr'>perituraeque</span> <span class='ocrx_word' id='word_1_220' title='bbox 2541 1699 2682 1753; x_wconf 90' lang='lat' dir='ltr'>opus</span> <span class='ocrx_word' id='word_1_221' title='bbox 2726 1682 2911 1736; x_wconf 88' lang='lat' dir='ltr'>carnis</span> <span class='ocrx_word' id='word_1_222' title='bbox 2966 1683 3156 1737; x_wconf 90' lang='lat' dir='ltr'>exurit</span> <span class='ocrx_word' id='word_1_223' title='bbox 3205 1683 3356 1753; x_wconf 88' lang='lat' dir='ltr'>ignis</span> <span class='ocrx_word' id='word_1_224' title='bbox 3406 1682 3499 1736; x_wconf 91' lang='lat' dir='ltr'>ille</span> 
     </span>
    </p>
   </div>
   <div class='ocr_carea' id='block_1_33' title="bbox 182 1753 3500 1847">
    <p class='ocr_par' dir='ltr' id='par_1_33' title="bbox 182 1753 3500 1847">
     <span class='ocr_line' id='line_1_33' title="bbox 182 1753 3500 1847; baseline 0.002 -22"><span class='ocrx_word' id='word_1_225' title='bbox 182 1769 284 1834; x_wconf 89' lang='lat' dir='ltr'>mis,</span> <span class='ocrx_word' id='word_1_226' title='bbox 309 1770 716 1839; x_wconf 89' lang='lat' dir='ltr'>immaculatus,</span> <span class='ocrx_word' id='word_1_227' title='bbox 750 1771 1042 1840; x_wconf 85' lang='lat' dir='ltr'>innoxius;</span> <span class='ocrx_word' id='word_1_228' title='bbox 1075 1773 1134 1827; x_wconf 92' lang='lat' dir='ltr'>in</span> <span class='ocrx_word' id='word_1_229' title='bbox 1178 1790 1291 1845; x_wconf 91' lang='lat' dir='ltr'>quo</span> <span class='ocrx_word' id='word_1_230' title='bbox 1322 1790 1440 1828; x_wconf 91' lang='lat' dir='ltr'>non</span> <span class='ocrx_word' id='word_1_231' title='bbox 1478 1773 1772 1845; x_wconf 90' lang='lat' dir='ltr'>spinarum</span> <span class='ocrx_word' id='word_1_232' title='bbox 1793 1753 1850 1823; x_wconf 85' lang='lat' dir='ltr'><strong>B</strong></span> <span class='ocrx_word' id='word_1_233' title='bbox 1876 1775 2120 1842; x_wconf 91' lang='lat' dir='ltr'>divinus,</span> <span class='ocrx_word' id='word_1_234' title='bbox 2143 1776 2241 1847; x_wconf 90' lang='lat' dir='ltr'>qui</span> <span class='ocrx_word' id='word_1_235' title='bbox 2267 1775 2728 1847; x_wconf 84' lang='lat' dir='ltr'>ﬂammigerabat</span> <span class='ocrx_word' id='word_1_236' title='bbox 2749 1776 2806 1829; x_wconf 91' lang='lat' dir='ltr'>in</span> <span class='ocrx_word' id='word_1_237' title='bbox 2827 1776 3044 1830; x_wconf 91' lang='lat' dir='ltr'>ossibus</span> <span class='ocrx_word' id='word_1_238' title='bbox 3064 1776 3500 1847; x_wconf 89' lang='lat' dir='ltr'>prophetarum,</span> 
     </span>
    </p>
   </div>
   <div class='ocr_carea' id='block_1_34' title="bbox 180 1862 1770 1938">
    <p class='ocr_par' dir='ltr' id='par_1_34' title="bbox 180 1862 1770 1938">
     <span class='ocr_line' id='line_1_34' title="bbox 180 1862 1770 1938; baseline 0.004 -21"><span class='ocrx_word' id='word_1_239' title='bbox 180 1862 387 1918; x_wconf 76' lang='lat' dir='ltr'>offendat</span> <span class='ocrx_word' id='word_1_240' title='bbox 409 1866 707 1937; x_wconf 87' lang='lat' dir='ltr'>asperitas,</span> <span class='ocrx_word' id='word_1_241' title='bbox 740 1866 840 1921; x_wconf 89' lang='lat' dir='ltr'>sed</span> <span class='ocrx_word' id='word_1_242' title='bbox 879 1867 1066 1938; x_wconf 88' lang='lat' dir='ltr'>gratia</span> <span class='ocrx_word' id='word_1_243' title='bbox 1106 1866 1452 1921; x_wconf 87' lang='lat' dir='ltr'>circumfusa</span> <span class='ocrx_word' id='word_1_244' title='bbox 1483 1867 1770 1923; x_wconf 88' lang='lat' dir='ltr'>clarescat.</span> 
     </span>
    </p>
   </div>
   <div class='ocr_carea' id='block_1_35' title="bbox 180 1956 1776 2032">
    <p class='ocr_par' dir='ltr' id='par_1_35' title="bbox 180 1956 1776 2032">
     <span class='ocr_line' id='line_1_35' title="bbox 180 1956 1776 2032; baseline 0.002 -20"><span class='ocrx_word' id='word_1_245' title='bbox 180 1956 296 2012; x_wconf 90' lang='lat' dir='ltr'>Sunt</span> <span class='ocrx_word' id='word_1_246' title='bbox 338 1959 486 2014; x_wconf 88' lang='lat' dir='ltr'>enim</span> <span class='ocrx_word' id='word_1_247' title='bbox 543 1960 729 2032; x_wconf 68' lang='lat' dir='ltr'>spinae</span> <span class='ocrx_word' id='word_1_248' title='bbox 777 1976 1058 2027; x_wconf 90' lang='lat' dir='ltr'>rosarum,</span> <span class='ocrx_word' id='word_1_249' title='bbox 1110 1960 1243 2032; x_wconf 89' lang='lat' dir='ltr'>quia</span> <span class='ocrx_word' id='word_1_250' title='bbox 1300 1965 1588 2017; x_wconf 90' lang='lat' dir='ltr'>tormenta</span> <span class='ocrx_word' id='word_1_251' title='bbox 1641 1966 1776 2016; x_wconf 89' lang='lat' dir='ltr'>sunt</span> 
     </span>
    </p>
   </div>
   <div class='ocr_carea' id='block_1_36' title="bbox 180 2053 1771 2125">
    <p class='ocr_par' dir='ltr' id='par_1_36' title="bbox 180 2053 1771 2125">
     <span class='ocr_line' id='line_1_36' title="bbox 180 2053 1771 2125; baseline 0.003 -20"><span class='ocrx_word' id='word_1_252' title='bbox 180 2059 479 2123; x_wconf 83' lang='lat' dir='ltr'>martyrum.</span> <span class='ocrx_word' id='word_1_253' title='bbox 534 2054 658 2108; x_wconf 85' lang='lat' dir='ltr'>Non</span> <span class='ocrx_word' id='word_1_254' title='bbox 701 2053 869 2109; x_wconf 89' lang='lat' dir='ltr'>habet</span> <span class='ocrx_word' id='word_1_255' title='bbox 913 2055 1102 2125; x_wconf 90' lang='lat' dir='ltr'>spinas</span> <span class='ocrx_word' id='word_1_256' title='bbox 1149 2054 1427 2110; x_wconf 73' lang='lat' dir='ltr'>inoffensa</span> <span class='ocrx_word' id='word_1_257' title='bbox 1481 2055 1771 2122; x_wconf 88' lang='lat' dir='ltr'>divinitas,</span> 
     </span>
    </p>
   </div>
   <div class='ocr_carea' id='block_1_37' title="bbox 180 2148 953 2216">
    <p class='ocr_par' dir='ltr' id='par_1_37' title="bbox 180 2148 953 2216">
     <span class='ocr_line' id='line_1_37' title="bbox 180 2148 953 2216; baseline 0.004 -17"><span class='ocrx_word' id='word_1_258' title='bbox 180 2161 279 2216; x_wconf 66' lang='lat' dir='ltr'>quas</span> <span class='ocrx_word' id='word_1_259' title='bbox 301 2150 589 2202; x_wconf 87' lang='lat' dir='ltr'>tormenta</span> <span class='ocrx_word' id='word_1_260' title='bbox 615 2165 733 2202; x_wconf 91' lang='lat' dir='ltr'>non</span> <span class='ocrx_word' id='word_1_261' title='bbox 755 2148 953 2202; x_wconf 86' lang='lat' dir='ltr'>sensit.</span> 
     </span>
    </p>
   </div>
   <div class='ocr_carea' id='block_1_38' title="bbox 235 2240 1771 2314">
    <p class='ocr_par' dir='ltr' id='par_1_38' title="bbox 235 2240 1771 2314">
     <span class='ocr_line' id='line_1_38' title="bbox 235 2240 1771 2314; baseline 0.003 -22"><span class='ocrx_word' id='word_1_262' title='bbox 235 2242 337 2294; x_wconf 79' lang='grc'><strong>129.</strong></span> <span class='ocrx_word' id='word_1_263' title='bbox 368 2242 512 2312; x_wconf 84' lang='lat' dir='ltr'>Ergo</span> <span class='ocrx_word' id='word_1_264' title='bbox 542 2240 588 2294; x_wconf 91' lang='lat' dir='ltr'>si</span> <span class='ocrx_word' id='word_1_265' title='bbox 612 2241 729 2296; x_wconf 91' lang='lat' dir='ltr'>lilia</span> <span class='ocrx_word' id='word_1_266' title='bbox 766 2242 855 2295; x_wconf 91' lang='lat' dir='ltr'>vel</span> <span class='ocrx_word' id='word_1_267' title='bbox 884 2241 1080 2313; x_wconf 89' lang='lat' dir='ltr'>angeli</span> <span class='ocrx_word' id='word_1_268' title='bbox 1115 2258 1285 2312; x_wconf 88' lang='lat' dir='ltr'>supra</span> <span class='ocrx_word' id='word_1_269' title='bbox 1320 2242 1622 2297; x_wconf 88' lang='lat' dir='ltr'>hominum</span> <span class='ocrx_word' id='word_1_270' title='bbox 1653 2243 1771 2314; x_wconf 91' lang='lat' dir='ltr'>glo-</span> 
     </span>
    </p>
   </div>
   <div class='ocr_carea' id='block_1_39' title="bbox 177 2332 1773 2402">
    <p class='ocr_par' dir='ltr' id='par_1_39' title="bbox 177 2332 1773 2402">
     <span class='ocr_line' id='line_1_39' title="bbox 177 2332 1773 2402; baseline 0.003 -17"><span class='ocrx_word' id='word_1_271' title='bbox 177 2332 292 2387; x_wconf 87' lang='lat' dir='ltr'>riam</span> <span class='ocrx_word' id='word_1_272' title='bbox 335 2336 672 2402; x_wconf 88' lang='lat' dir='ltr'>vestiuntur,</span> <span class='ocrx_word' id='word_1_273' title='bbox 714 2352 821 2390; x_wconf 87' lang='lat' dir='ltr'>nec</span> <span class='ocrx_word' id='word_1_274' title='bbox 860 2336 921 2390; x_wconf 89' lang='lat' dir='ltr'>in</span> <span class='ocrx_word' id='word_1_275' title='bbox 966 2335 1130 2390; x_wconf 89' lang='lat' dir='ltr'>nobis</span> <span class='ocrx_word' id='word_1_276' title='bbox 1181 2335 1633 2390; x_wconf 89' lang='lat' dir='ltr'>misericordiam</span> <span class='ocrx_word' id='word_1_277' title='bbox 1680 2337 1773 2390; x_wconf 88' lang='lat' dir='ltr'>Dei</span> 
     </span>
    </p>
   </div>
   <div class='ocr_carea' id='block_1_40' title="bbox 176 2425 1774 2500">
    <p class='ocr_par' dir='ltr' id='par_1_40' title="bbox 176 2425 1774 2500">
     <span class='ocr_line' id='line_1_40' title="bbox 176 2425 1774 2500; baseline 0.003 -21"><span class='ocrx_word' id='word_1_278' title='bbox 176 2425 440 2496; x_wconf 86' lang='lat' dir='ltr'>desperare</span> <span class='ocrx_word' id='word_1_279' title='bbox 467 2429 768 2494; x_wconf 86' lang='lat' dir='ltr'>debemus,</span> <span class='ocrx_word' id='word_1_280' title='bbox 801 2429 1009 2500; x_wconf 91' lang='lat' dir='ltr'>quibus</span> <span class='ocrx_word' id='word_1_281' title='bbox 1045 2445 1150 2500; x_wconf 93' lang='lat' dir='ltr'>per</span> <span class='ocrx_word' id='word_1_282' title='bbox 1177 2430 1614 2484; x_wconf 88' lang='lat' dir='ltr'>resurrectionis</span> <span class='ocrx_word' id='word_1_283' title='bbox 1649 2445 1774 2499; x_wconf 84' lang='lat' dir='ltr'>gra-</span> 
     </span>
    </p>
   </div>
   <div class='ocr_carea' id='block_1_41' title="bbox 177 2519 1771 2594">
    <p class='ocr_par' dir='ltr' id='par_1_41' title="bbox 177 2519 1771 2594">
     <span class='ocr_line' id='line_1_41' title="bbox 177 2519 1771 2594; baseline 0.003 -22"><span class='ocrx_word' id='word_1_284' title='bbox 177 2519 285 2574; x_wconf 85' lang='lat' dir='ltr'>tiam</span> <span class='ocrx_word' id='word_1_285' title='bbox 311 2523 578 2578; x_wconf 86' lang='lat' dir='ltr'>Dominus</span> <span class='ocrx_word' id='word_1_286' title='bbox 612 2523 860 2577; x_wconf 89' lang='lat' dir='ltr'>similem</span> <span class='ocrx_word' id='word_1_287' title='bbox 895 2525 1234 2592; x_wconf 88' lang='lat' dir='ltr'>angelorum</span> <span class='ocrx_word' id='word_1_288' title='bbox 1262 2523 1510 2594; x_wconf 87' lang='lat' dir='ltr'>speciem</span> <span class='ocrx_word' id='word_1_289' title='bbox 1540 2524 1771 2593; x_wconf 87' lang='lat' dir='ltr'>pollice-</span> 
     </span>
    </p>
   </div>
   <div class='ocr_carea' id='block_1_42' title="bbox 176 2617 1778 2686">
    <p class='ocr_par' dir='ltr' id='par_1_42' title="bbox 176 2617 1778 2686">
     <span class='ocr_line' id='line_1_42' title="bbox 176 2617 1778 2686; baseline 0.004 -22"><span class='ocrx_word' id='word_1_290' title='bbox 176 2617 246 2668; x_wconf 85' lang='lat' dir='ltr'>tur</span> <span class='ocrx_word' id='word_1_291' title='bbox 271 2619 502 2679; x_wconf 80' lang='lat' dir='ltr'>(Mutth.,</span> <span class='ocrx_word' id='word_1_292' title='bbox 533 2633 668 2683; x_wconf 64' lang='grc' dir='ltr'>χχιι,</span> <span class='ocrx_word' id='word_1_293' title='bbox 700 2619 809 2686; x_wconf 88' lang='grc'><strong>30).</strong></span> <span class='ocrx_word' id='word_1_294' title='bbox 839 2619 960 2681; x_wconf 82' lang='lat' dir='ltr'>Quo</span> <span class='ocrx_word' id='word_1_295' title='bbox 987 2618 1110 2672; x_wconf 95' lang='lat' dir='ltr'>loco</span> <span class='ocrx_word' id='word_1_296' title='bbox 1139 2618 1314 2671; x_wconf 88' lang='lat' dir='ltr'>etiam</span> <span class='ocrx_word' id='word_1_297' title='bbox 1357 2617 1515 2671; x_wconf 90' lang='lat' dir='ltr'>illam</span> <span class='ocrx_word' id='word_1_298' title='bbox 1544 2617 1778 2671; x_wconf 89' lang='lat' dir='ltr'>videtur</span> 
     </span>
    </p>
   </div>
   <div class='ocr_carea' id='block_1_43' title="bbox 174 2711 1776 2782">
    <p class='ocr_par' dir='ltr' id='par_1_43' title="bbox 174 2711 1776 2782">
     <span class='ocr_line' id='line_1_43' title="bbox 174 2711 1776 2782; baseline 0.002 -21"><span class='ocrx_word' id='word_1_299' title='bbox 174 2711 526 2782; x_wconf 88' lang='lat' dir='ltr'>perstringere</span> <span class='ocrx_word' id='word_1_300' title='bbox 584 2711 978 2782; x_wconf 71' lang='lat' dir='ltr'>quaestionem,</span> <span class='ocrx_word' id='word_1_301' title='bbox 1029 2727 1202 2781; x_wconf 89' lang='lat' dir='ltr'>quam</span> <span class='ocrx_word' id='word_1_302' title='bbox 1247 2711 1424 2765; x_wconf 90' lang='lat' dir='ltr'>etiam</span> <span class='ocrx_word' id='word_1_303' title='bbox 1472 2711 1776 2780; x_wconf 83' lang='lat' dir='ltr'>Apostolus</span> 
     </span>
    </p>
   </div>
   <div class='ocr_carea' id='block_1_44' title="bbox 176 2804 1778 2875">
    <p class='ocr_par' dir='ltr' id='par_1_44' title="bbox 176 2804 1778 2875">
     <span class='ocr_line' id='line_1_44' title="bbox 176 2804 1778 2875; baseline 0.002 -21"><span class='ocrx_word' id='word_1_304' title='bbox 176 2817 266 2855; x_wconf 91' lang='lat' dir='ltr'>non</span> <span class='ocrx_word' id='word_1_305' title='bbox 290 2805 490 2869; x_wconf 88' lang='lat' dir='ltr'>omisit,</span> <span class='ocrx_word' id='word_1_306' title='bbox 521 2806 661 2875; x_wconf 87' lang='lat' dir='ltr'>quia</span> <span class='ocrx_word' id='word_1_307' title='bbox 686 2810 884 2875; x_wconf 87' lang='lat' dir='ltr'>gentes</span> <span class='ocrx_word' id='word_1_308' title='bbox 913 2805 1083 2875; x_wconf 86' lang='lat' dir='ltr'>hujus</span> <span class='ocrx_word' id='word_1_309' title='bbox 1115 2804 1312 2858; x_wconf 91' lang='lat' dir='ltr'>mundi</span> <span class='ocrx_word' id='word_1_310' title='bbox 1344 2808 1612 2875; x_wconf 64' lang='lat' dir='ltr'>quaerunt</span> <span class='ocrx_word' id='word_1_311' title='bbox 1640 2821 1778 2874; x_wconf 90' lang='lat' dir='ltr'>quo-</span> 
     </span>
    </p>
   </div>
   <div class='ocr_carea' id='block_1_45' title="bbox 173 2895 1779 2969">
    <p class='ocr_par' dir='ltr' id='par_1_45' title="bbox 173 2895 1779 2969">
     <span class='ocr_line' id='line_1_45' title="bbox 173 2895 1779 2969; baseline 0.002 -21"><span class='ocrx_word' id='word_1_312' title='bbox 173 2895 318 2950; x_wconf 90' lang='lat' dir='ltr'>modo</span> <span class='ocrx_word' id='word_1_313' title='bbox 356 2904 664 2968; x_wconf 86' lang='lat' dir='ltr'>resurgant</span> <span class='ocrx_word' id='word_1_314' title='bbox 698 2898 938 2965; x_wconf 88' lang='lat' dir='ltr'>mortui,</span> <span class='ocrx_word' id='word_1_315' title='bbox 983 2903 1039 2953; x_wconf 92' lang='lat' dir='ltr'>et</span> <span class='ocrx_word' id='word_1_316' title='bbox 1073 2898 1228 2968; x_wconf 90' lang='lat' dir='ltr'>quali</span> <span class='ocrx_word' id='word_1_317' title='bbox 1269 2914 1503 2969; x_wconf 91' lang='lat' dir='ltr'>corpore</span> <span class='ocrx_word' id='word_1_318' title='bbox 1549 2898 1779 2953; x_wconf 87' lang='lat' dir='ltr'>veniant</span> 
     </span>
    </p>
   </div>
   <div class='ocr_carea' id='block_1_46' title="bbox 175 2989 631 3061">
    <p class='ocr_par' dir='ltr' id='par_1_46' title="bbox 175 2989 631 3061">
     <span class='ocr_line' id='line_1_46' title="bbox 175 2989 631 3061; baseline 0.002 -17"><span class='ocrx_word' id='word_1_319' title='bbox 175 2990 205 3053; x_wconf 82' lang='lat' dir='ltr'>(l</span> <span class='ocrx_word' id='word_1_320' title='bbox 227 2989 355 3054; x_wconf 87' lang='lat' dir='ltr'>Cor.,</span> <span class='ocrx_word' id='word_1_321' title='bbox 387 3009 481 3058; x_wconf 90' lang='lat' dir='ltr'>xv,</span> <span class='ocrx_word' id='word_1_322' title='bbox 515 2992 631 3061; x_wconf 81' lang='grc'><strong>35).</strong></span> 
     </span>
    </p>
   </div>
   <div class='ocr_carea' id='block_1_47' title="bbox 231 3084 1320 3155">
    <p class='ocr_par' dir='ltr' id='par_1_47' title="bbox 231 3084 1320 3155">
     <span class='ocr_line' id='line_1_47' title="bbox 231 3084 1320 3155; baseline 0.001 -18"><span class='ocrx_word' id='word_1_323' title='bbox 231 3085 335 3138; x_wconf 86' lang='grc'><strong>130.</strong></span> <span class='ocrx_word' id='word_1_324' title='bbox 389 3086 572 3155; x_wconf 88' lang='lat' dir='ltr'>(Vers.</span> <span class='ocrx_word' id='word_1_325' title='bbox 625 3087 736 3154; x_wconf 92' lang='grc'><strong>31.)</strong></span> <span class='ocrx_word' id='word_1_326' title='bbox 787 3085 932 3138; x_wconf 89' lang='lat' dir='ltr'>Nam</span> <span class='ocrx_word' id='word_1_327' title='bbox 987 3101 1120 3138; x_wconf 91' lang='lat' dir='ltr'>cum</span> <span class='ocrx_word' id='word_1_328' title='bbox 1170 3084 1320 3139; x_wconf 89' lang='lat' dir='ltr'>dicat</span> 
     </span>
    </p>
   </div>
   <div class='ocr_carea' id='block_1_48' title="bbox 171 3177 1781 3249">
    <p class='ocr_par' dir='ltr' id='par_1_48' title="bbox 171 3177 1781 3249">
     <span class='ocr_line' id='line_1_48' title="bbox 171 3177 1781 3249; baseline 0.003 -20"><span class='ocrx_word' id='word_1_329' title='bbox 171 3193 383 3246; x_wconf 86' lang='lat' dir='ltr'>regnum</span> <span class='ocrx_word' id='word_1_330' title='bbox 416 3180 538 3248; x_wconf 89' lang='lat' dir='ltr'>Dei,</span> <span class='ocrx_word' id='word_1_331' title='bbox 577 3183 632 3234; x_wconf 85' lang='lat' dir='ltr'>et</span> <span class='ocrx_word' id='word_1_332' title='bbox 658 3180 780 3233; x_wconf 71' lang='lat' dir='ltr'>haec</span> <span class='ocrx_word' id='word_1_333' title='bbox 806 3178 998 3233; x_wconf 90' lang='lat' dir='ltr'>omnia</span> <span class='ocrx_word' id='word_1_334' title='bbox 1030 3179 1370 3249; x_wconf 89' lang='lat' dir='ltr'>adjicientur</span> <span class='ocrx_word' id='word_1_335' title='bbox 1395 3177 1582 3245; x_wconf 87' lang='lat' dir='ltr'>vobis;</span> <span class='ocrx_word' id='word_1_336' title='bbox 1613 3201 1640 3229; x_wconf 70' lang='grc' dir='ltr'><strong>η</strong></span> <span class='ocrx_word' id='word_1_337' title='bbox 1677 3196 1781 3234; x_wconf 90' lang='lat' dir='ltr'>nec</span> 
     </span>
    </p>
   </div>
   <div class='ocr_carea' id='block_1_49' title="bbox 171 3270 1777 3344">
    <p class='ocr_par' dir='ltr' id='par_1_49' title="bbox 171 3270 1777 3344">
     <span class='ocr_line' id='line_1_49' title="bbox 171 3270 1777 3344; baseline 0.003 -22"><span class='ocrx_word' id='word_1_338' title='bbox 171 3270 223 3324; x_wconf 87' lang='lat' dir='ltr'>ad</span> <span class='ocrx_word' id='word_1_339' title='bbox 247 3289 506 3344; x_wconf 77' lang='lat' dir='ltr'>praesens,</span> <span class='ocrx_word' id='word_1_340' title='bbox 538 3289 645 3327; x_wconf 90' lang='lat' dir='ltr'>nec</span> <span class='ocrx_word' id='word_1_341' title='bbox 673 3273 730 3327; x_wconf 91' lang='lat' dir='ltr'>in</span> <span class='ocrx_word' id='word_1_342' title='bbox 767 3273 1054 3344; x_wconf 91' lang='lat' dir='ltr'>reliquum</span> <span class='ocrx_word' id='word_1_343' title='bbox 1081 3272 1342 3327; x_wconf 82' lang='lat' dir='ltr'>fidelibus</span> <span class='ocrx_word' id='word_1_344' title='bbox 1371 3273 1622 3328; x_wconf 90' lang='lat' dir='ltr'>ostendit</span> <span class='ocrx_word' id='word_1_345' title='bbox 1649 3290 1777 3344; x_wconf 86' lang='lat' dir='ltr'>gra-</span> 
     </span>
    </p>
   </div>
   <div class='ocr_carea' id='block_1_50' title="bbox 172 3366 1777 3439">
    <p class='ocr_par' dir='ltr' id='par_1_50' title="bbox 172 3366 1777 3439">
     <span class='ocr_line' id='line_1_50' title="bbox 172 3366 1777 3439; baseline 0.002 -22"><span class='ocrx_word' id='word_1_346' title='bbox 172 3366 284 3420; x_wconf 85' lang='lat' dir='ltr'>tiam</span> <span class='ocrx_word' id='word_1_347' title='bbox 330 3367 664 3423; x_wconf 84' lang='lat' dir='ltr'>defuturam</span> <span class='ocrx_word' id='word_1_348' title='bbox 698 3385 711 3421; x_wconf 87' lang='lat'><strong>:</strong></span> <span class='ocrx_word' id='word_1_349' title='bbox 750 3369 802 3421; x_wconf 91' lang='lat' dir='ltr'>si</span> <span class='ocrx_word' id='word_1_350' title='bbox 841 3367 1015 3421; x_wconf 90' lang='lat' dir='ltr'>modo</span> <span class='ocrx_word' id='word_1_351' title='bbox 1054 3367 1151 3439; x_wconf 90' lang='lat' dir='ltr'>qui</span> <span class='ocrx_word' id='word_1_352' title='bbox 1201 3367 1390 3422; x_wconf 89' lang='lat' dir='ltr'>divina</span> <span class='ocrx_word' id='word_1_353' title='bbox 1433 3368 1777 3436; x_wconf 88' lang='lat' dir='ltr'>desiderant,</span> 
     </span>
    </p>
   </div>
   <div class='ocr_carea' id='block_1_51' title="bbox 172 3461 1782 3533">
    <p class='ocr_par' dir='ltr' id='par_1_51' title="bbox 172 3461 1782 3533">
     <span class='ocr_line' id='line_1_51' title="bbox 172 3461 1782 3533; baseline 0.002 -21"><span class='ocrx_word' id='word_1_354' title='bbox 172 3466 366 3516; x_wconf 88' lang='lat' dir='ltr'>terrena</span> <span class='ocrx_word' id='word_1_355' title='bbox 413 3479 533 3517; x_wconf 92' lang='lat' dir='ltr'>non</span> <span class='ocrx_word' id='word_1_356' title='bbox 585 3467 868 3533; x_wconf 66' lang='lat' dir='ltr'>quaerant.</span> <span class='ocrx_word' id='word_1_357' title='bbox 914 3461 1254 3516; x_wconf 90' lang='lat' dir='ltr'>Indecorum</span> <span class='ocrx_word' id='word_1_358' title='bbox 1297 3461 1512 3533; x_wconf 88' lang='lat' dir='ltr'>quippe</span> <span class='ocrx_word' id='word_1_359' title='bbox 1557 3467 1640 3516; x_wconf 90' lang='lat' dir='ltr'>est</span> <span class='ocrx_word' id='word_1_360' title='bbox 1687 3462 1782 3515; x_wconf 89' lang='lat' dir='ltr'>ho-</span> 
     </span>
    </p>
   </div>
   <div class='ocr_carea' id='block_1_52' title="bbox 170 3554 1779 3625">
    <p class='ocr_par' dir='ltr' id='par_1_52' title="bbox 170 3554 1779 3625">
     <span class='ocr_line' id='line_1_52' title="bbox 170 3554 1779 3625; baseline 0.002 -19"><span class='ocrx_word' id='word_1_361' title='bbox 170 3554 324 3609; x_wconf 87' lang='lat' dir='ltr'>mines</span> <span class='ocrx_word' id='word_1_362' title='bbox 377 3572 588 3610; x_wconf 88' lang='lat' dir='ltr'>curare</span> <span class='ocrx_word' id='word_1_363' title='bbox 639 3555 708 3610; x_wconf 89' lang='lat' dir='ltr'>de</span> <span class='ocrx_word' id='word_1_364' title='bbox 762 3555 924 3624; x_wconf 90' lang='lat' dir='ltr'>cibo,</span> <span class='ocrx_word' id='word_1_365' title='bbox 978 3555 1075 3625; x_wconf 89' lang='lat' dir='ltr'>qui</span> <span class='ocrx_word' id='word_1_366' title='bbox 1141 3555 1390 3609; x_wconf 90' lang='lat' dir='ltr'>militant</span> <span class='ocrx_word' id='word_1_367' title='bbox 1443 3556 1510 3609; x_wconf 92' lang='lat' dir='ltr'>de</span> <span class='ocrx_word' id='word_1_368' title='bbox 1577 3571 1779 3624; x_wconf 90' lang='lat' dir='ltr'>regno.</span> 
     </span>
    </p>
   </div>
   <div class='ocr_carea' id='block_1_53' title="bbox 171 3647 1778 3721">
    <p class='ocr_par' dir='ltr' id='par_1_53' title="bbox 171 3647 1778 3721">
     <span class='ocr_line' id='line_1_53' title="bbox 171 3647 1778 3721; baseline 0.002 -23"><span class='ocrx_word' id='word_1_369' title='bbox 171 3647 307 3702; x_wconf 64' lang='lat' dir='ltr'>Novit</span> <span class='ocrx_word' id='word_1_370' title='bbox 348 3666 443 3705; x_wconf 86' lang='lat' dir='ltr'>rex</span> <span class='ocrx_word' id='word_1_371' title='bbox 493 3649 988 3721; x_wconf 88' lang='lat' dir='ltr'>quemadmodum</span> <span class='ocrx_word' id='word_1_372' title='bbox 1029 3649 1306 3704; x_wconf 86' lang='lat' dir='ltr'>familiam</span> <span class='ocrx_word' id='word_1_373' title='bbox 1359 3666 1518 3703; x_wconf 89' lang='lat' dir='ltr'>suam</span> <span class='ocrx_word' id='word_1_374' title='bbox 1563 3652 1778 3721; x_wconf 90' lang='lat' dir='ltr'>pascat,</span> 
     </span>
    </p>
   </div>
   <div class='ocr_carea' id='block_1_54' title="bbox 170 3742 1781 3809">
    <p class='ocr_par' dir='ltr' id='par_1_54' title="bbox 170 3742 1781 3809">
     <span class='ocr_line' id='line_1_54' title="bbox 170 3742 1781 3809; baseline 0.003 -17"><span class='ocrx_word' id='word_1_375' title='bbox 170 3742 287 3808; x_wconf 83' lang='lat' dir='ltr'>alat,</span> <span class='ocrx_word' id='word_1_376' title='bbox 333 3745 573 3809; x_wconf 85' lang='lat' dir='ltr'>vestiat;</span> <span class='ocrx_word' id='word_1_377' title='bbox 621 3747 678 3797; x_wconf 91' lang='lat' dir='ltr'>et</span> <span class='ocrx_word' id='word_1_378' title='bbox 735 3742 866 3798; x_wconf 90' lang='lat' dir='ltr'>ideo</span> <span class='ocrx_word' id='word_1_379' title='bbox 917 3742 1062 3798; x_wconf 89' lang='lat' dir='ltr'>dixit</span> <span class='ocrx_word' id='word_1_380' title='bbox 1117 3760 1130 3798; x_wconf 91' lang='lat'><strong>:</strong></span> <span class='ocrx_word' id='word_1_381' title='bbox 1190 3764 1217 3792; x_wconf 86' lang='lat'><strong>«</strong></span> <span class='ocrx_word' id='word_1_382' title='bbox 1268 3745 1424 3797; x_wconf 86' lang='lat' dir='ltr'>Jacta</span> <span class='ocrx_word' id='word_1_383' title='bbox 1484 3743 1542 3797; x_wconf 92' lang='lat' dir='ltr'>in</span> <span class='ocrx_word' id='word_1_384' title='bbox 1607 3745 1781 3798; x_wconf 91' lang='lat' dir='ltr'>Deum</span> 
     </span>
    </p>
   </div>
   <div class='ocr_carea' id='block_1_55' title="bbox 171 3837 1781 3907">
    <p class='ocr_par' dir='ltr' id='par_1_55' title="bbox 171 3837 1781 3907">
     <span class='ocr_line' id='line_1_55' title="bbox 171 3837 1781 3907; baseline 0.001 -20"><span class='ocrx_word' id='word_1_385' title='bbox 171 3837 452 3906; x_wconf 82' lang='lat' dir='ltr'>cogitatum</span> <span class='ocrx_word' id='word_1_386' title='bbox 510 3840 700 3897; x_wconf 90' lang='lat' dir='ltr'>tuum.</span> <span class='ocrx_word' id='word_1_387' title='bbox 751 3844 807 3892; x_wconf 89' lang='lat' dir='ltr'>et</span> <span class='ocrx_word' id='word_1_388' title='bbox 861 3837 984 3907; x_wconf 92' lang='lat' dir='ltr'>ipse</span> <span class='ocrx_word' id='word_1_389' title='bbox 1035 3840 1091 3890; x_wconf 90' lang='lat' dir='ltr'>te</span> <span class='ocrx_word' id='word_1_390' title='bbox 1143 3837 1393 3890; x_wconf 90' lang='lat' dir='ltr'>enutriet</span> <span class='ocrx_word' id='word_1_391' title='bbox 1446 3837 1613 3906; x_wconf 87' lang='lat' dir='ltr'>(Psal.</span> <span class='ocrx_word' id='word_1_392' title='bbox 1676 3853 1781 3904; x_wconf 84' lang='lat' dir='ltr'>Liv,</span> 
     </span>
    </p>
   </div>
   <div class='ocr_carea' id='block_1_56' title="bbox 170 3931 314 3999">
    <p class='ocr_par' dir='ltr' id='par_1_56' title="bbox 170 3931 314 3999">
     <span class='ocr_line' id='line_1_56' title="bbox 170 3931 314 3999; baseline -0.007 -17"><span class='ocrx_word' id='word_1_393' title='bbox 170 3931 257 3999; x_wconf 76' lang='lat'>23).</span> <span class='ocrx_word' id='word_1_394' title='bbox 288 3952 314 3981; x_wconf 75' lang='lat'>..</span> 
     </span>
    </p>
   </div>
   <div class='ocr_carea' id='block_1_57' title="bbox 225 4025 1780 4095">
    <p class='ocr_par' dir='ltr' id='par_1_57' title="bbox 225 4025 1780 4095">
     <span class='ocr_line' id='line_1_57' title="bbox 225 4025 1780 4095; baseline 0 -15"><span class='ocrx_word' id='word_1_395' title='bbox 225 4025 390 4095; x_wconf 74' lang='lat' dir='ltr'>(Vers.</span> <span class='ocrx_word' id='word_1_396' title='bbox 447 4029 556 4094; x_wconf 74' lang='grc'>49,</span> <span class='ocrx_word' id='word_1_397' title='bbox 613 4025 725 4094; x_wconf 82' lang='grc'><strong>50.)</strong></span> <span class='ocrx_word' id='word_1_398' title='bbox 774 4028 959 4094; x_wconf 83' lang='lat' dir='ltr'>Ignem</span> <span class='ocrx_word' id='word_1_399' title='bbox 1010 4026 1132 4078; x_wconf 83' lang='lat' dir='ltr'>veni</span> <span class='ocrx_word' id='word_1_400' title='bbox 1181 4026 1391 4080; x_wconf 77' lang='lat' dir='ltr'>mittere</span> <span class='ocrx_word' id='word_1_401' title='bbox 1443 4027 1503 4078; x_wconf 89' lang='lat' dir='ltr'>in</span> <span class='ocrx_word' id='word_1_402' title='bbox 1550 4029 1780 4090; x_wconf 88' lang='lat' dir='ltr'>ter-ram,</span> 
     </span>
    </p>
   </div>
   <div class='ocr_carea' id='block_1_58' title="bbox 167 4118 1786 4189">
    <p class='ocr_par' dir='ltr' id='par_1_58' title="bbox 167 4118 1786 4189">
     <span class='ocr_line' id='line_1_58' title="bbox 167 4118 1786 4189; baseline -0.001 -14"><span class='ocrx_word' id='word_1_403' title='bbox 167 4123 205 4170; x_wconf 73' lang='lat' dir='ltr'>et</span> <span class='ocrx_word' id='word_1_404' title='bbox 242 4121 371 4189; x_wconf 84' lang='lat' dir='ltr'>quid</span> <span class='ocrx_word' id='word_1_405' title='bbox 413 4121 539 4175; x_wconf 83' lang='lat' dir='ltr'>volo</span> <span class='ocrx_word' id='word_1_406' title='bbox 585 4121 697 4173; x_wconf 85' lang='lat' dir='ltr'>nisi</span> <span class='ocrx_word' id='word_1_407' title='bbox 721 4119 841 4188; x_wconf 83' lang='lat' dir='ltr'>jam</span> <span class='ocrx_word' id='word_1_408' title='bbox 885 4118 1261 4172; x_wconf 83' lang='lat' dir='ltr'>accendatur?</span> <span class='ocrx_word' id='word_1_409' title='bbox 1301 4121 1584 4188; x_wconf 79' lang='lat' dir='ltr'>Baptisma</span> <span class='ocrx_word' id='word_1_410' title='bbox 1619 4120 1786 4173; x_wconf 78' lang='lat' dir='ltr'>habeo</span> 
     </span>
    </p>
   </div>
   <div class='ocr_carea' id='block_1_59' title="bbox 169 4211 1781 4283">
    <p class='ocr_par' dir='ltr' id='par_1_59' title="bbox 169 4211 1781 4283">
     <span class='ocr_line' id='line_1_59' title="bbox 169 4211 1781 4283; baseline 0.001 -18"><span class='ocrx_word' id='word_1_411' title='bbox 169 4211 433 4281; x_wconf 70' lang='lat' dir='ltr'>baptizari,</span> <span class='ocrx_word' id='word_1_412' title='bbox 483 4219 537 4268; x_wconf 81' lang='lat' dir='ltr'>et</span> <span class='ocrx_word' id='word_1_413' title='bbox 589 4213 852 4283; x_wconf 85' lang='lat' dir='ltr'>quomodo</span> <span class='ocrx_word' id='word_1_414' title='bbox 903 4225 1092 4280; x_wconf 83' lang='lat' dir='ltr'>angor,</span> <span class='ocrx_word' id='word_1_415' title='bbox 1145 4227 1309 4281; x_wconf 87' lang='lat' dir='ltr'>usque</span> <span class='ocrx_word' id='word_1_416' title='bbox 1353 4213 1484 4266; x_wconf 87' lang='lat' dir='ltr'>dum</span> <span class='ocrx_word' id='word_1_417' title='bbox 1531 4215 1781 4282; x_wconf 82' lang='lat' dir='ltr'>perﬁcia-</span> 
     </span>
    </p>
   </div>
   <div class='ocr_carea' id='block_1_60' title="bbox 167 4310 278 4360">
    <p class='ocr_par' dir='ltr' id='par_1_60' title="bbox 167 4310 278 4360">
     <span class='ocr_line' id='line_1_60' title="bbox 167 4310 278 4360; baseline 0.036 -4"><span class='ocrx_word' id='word_1_418' title='bbox 167 4311 242 4358; x_wconf 84' lang='lat' dir='ltr'>tur</span> <span class='ocrx_word' id='word_1_419' title='bbox 252 4310 278 4360; x_wconf 68' lang='grc' dir='ltr'>τ)</span> 
     </span>
    </p>
   </div>
   <div class='ocr_carea' id='block_1_61' title="bbox 228 4398 1786 4471">
    <p class='ocr_par' dir='ltr' id='par_1_61' title="bbox 228 4398 1786 4471">
     <span class='ocr_line' id='line_1_61' title="bbox 228 4398 1786 4471; baseline 0 -18"><span class='ocrx_word' id='word_1_420' title='bbox 228 4403 337 4454; x_wconf 85' lang='grc'><strong>131.</strong></span> <span class='ocrx_word' id='word_1_421' title='bbox 375 4403 434 4455; x_wconf 91' lang='lat' dir='ltr'>In</span> <span class='ocrx_word' id='word_1_422' title='bbox 475 4399 870 4471; x_wconf 88' lang='lat' dir='ltr'>superioribus</span> <span class='ocrx_word' id='word_1_423' title='bbox 902 4399 1136 4470; x_wconf 88' lang='lat' dir='ltr'>vigilare</span> <span class='ocrx_word' id='word_1_424' title='bbox 1175 4416 1277 4454; x_wconf 91' lang='lat' dir='ltr'>nos</span> <span class='ocrx_word' id='word_1_425' title='bbox 1313 4398 1508 4468; x_wconf 88' lang='lat' dir='ltr'>voluit,</span> <span class='ocrx_word' id='word_1_426' title='bbox 1541 4415 1640 4469; x_wconf 90' lang='lat' dir='ltr'>per</span> <span class='ocrx_word' id='word_1_427' title='bbox 1668 4415 1786 4453; x_wconf 92' lang='lat' dir='ltr'>om-</span> 
     </span>
    </p>
   </div>
   <div class='ocr_carea' id='block_1_62' title="bbox 1378 3084 1855 3193">
    <p class='ocr_par' dir='ltr' id='par_1_62' title="bbox 1378 3084 1855 3193">
     <span class='ocr_line' id='line_1_62' title="bbox 1378 3084 1855 3193; baseline 0.002 -54"><span class='ocrx_word' id='word_1_428' title='bbox 1378 3101 1392 3139; x_wconf 89' lang='lat'><strong>:</strong></span> <span class='ocrx_word' id='word_1_429' title='bbox 1449 3105 1478 3134; x_wconf 83' lang='lat'><strong>«</strong></span> <span class='ocrx_word' id='word_1_430' title='bbox 1530 3084 1855 3193; x_wconf 74' lang='lat' dir='ltr'>Quaeritec</span> 
     </span>
    </p>
   </div>
   <div class='ocr_carea' id='block_1_63' title="bbox 1875 1868 3506 1942">
    <p class='ocr_par' dir='ltr' id='par_1_63' title="bbox 1875 1868 3506 1942">
     <span class='ocr_line' id='line_1_63' title="bbox 1875 1868 3506 1942; baseline -0.001 -18"><span class='ocrx_word' id='word_1_431' title='bbox 1875 1869 2018 1924; x_wconf 85' lang='lat' dir='ltr'>sicut</span> <span class='ocrx_word' id='word_1_432' title='bbox 2063 1874 2286 1924; x_wconf 89' lang='lat' dir='ltr'>sanctus</span> <span class='ocrx_word' id='word_1_433' title='bbox 2320 1869 2596 1924; x_wconf 85' lang='lat' dir='ltr'>Jeremias</span> <span class='ocrx_word' id='word_1_434' title='bbox 2632 1868 2895 1942; x_wconf 83' lang='grc'><strong>1442</strong></span> <span class='ocrx_word' id='word_1_435' title='bbox 2935 1869 3073 1924; x_wconf 87' lang='lat' dir='ltr'>dicit</span> <span class='ocrx_word' id='word_1_436' title='bbox 3102 1886 3116 1924; x_wconf 89' lang='lat'><strong>:</strong></span> <span class='ocrx_word' id='word_1_437' title='bbox 3160 1871 3298 1936; x_wconf 79' lang='lat' dir='ltr'>Quia</span> <span class='ocrx_word' id='word_1_438' title='bbox 3322 1872 3506 1936; x_wconf 82' lang='lat' dir='ltr'>factus</span> 
     </span>
    </p>
   </div>
   <div class='ocr_carea' id='block_1_64' title="bbox 1874 1964 3508 2033">
    <p class='ocr_par' dir='ltr' id='par_1_64' title="bbox 1874 1964 3508 2033">
     <span class='ocr_line' id='line_1_64' title="bbox 1874 1964 3508 2033; baseline 0 -15"><span class='ocrx_word' id='word_1_439' title='bbox 1874 1968 1952 2018; x_wconf 86' lang='lat' dir='ltr'>est</span> <span class='ocrx_word' id='word_1_440' title='bbox 1989 1966 2128 2018; x_wconf 85' lang='lat' dir='ltr'>sicut</span> <span class='ocrx_word' id='word_1_441' title='bbox 2170 1966 2311 2033; x_wconf 84' lang='lat' dir='ltr'>ignis</span> <span class='ocrx_word' id='word_1_442' title='bbox 2349 1965 2567 2025; x_wconf 83' lang='lat' dir='ltr'>ardens,</span> <span class='ocrx_word' id='word_1_443' title='bbox 2602 1965 3003 2032; x_wconf 86' lang='lat' dir='ltr'>ﬂammigerans</span> <span class='ocrx_word' id='word_1_444' title='bbox 3045 1965 3105 2018; x_wconf 89' lang='lat' dir='ltr'>in</span> <span class='ocrx_word' id='word_1_445' title='bbox 3135 1964 3342 2018; x_wconf 86' lang='lat' dir='ltr'>ossibus</span> <span class='ocrx_word' id='word_1_446' title='bbox 3377 1965 3508 2018; x_wconf 86' lang='lat' dir='ltr'>meis</span> 
     </span>
    </p>
   </div>
   <div class='ocr_carea' id='block_1_65' title="bbox 1879 2055 3505 2128">
    <p class='ocr_par' dir='ltr' id='par_1_65' title="bbox 1879 2055 3505 2128">
     <span class='ocr_line' id='line_1_65' title="bbox 1879 2055 3505 2128; baseline -0.001 -16"><span class='ocrx_word' id='word_1_447' title='bbox 1879 2058 2108 2127; x_wconf 83' lang='lat' dir='ltr'>(Jerem.,</span> <span class='ocrx_word' id='word_1_448' title='bbox 2146 2074 2241 2125; x_wconf 88' lang='lat' dir='ltr'>xx,</span> <span class='ocrx_word' id='word_1_449' title='bbox 2291 2060 2396 2125; x_wconf 86' lang='grc'><strong>19).</strong></span> <span class='ocrx_word' id='word_1_450' title='bbox 2449 2057 2544 2110; x_wconf 89' lang='lat' dir='ltr'>Est</span> <span class='ocrx_word' id='word_1_451' title='bbox 2587 2057 2742 2111; x_wconf 90' lang='lat' dir='ltr'>enim</span> <span class='ocrx_word' id='word_1_452' title='bbox 2790 2056 2946 2128; x_wconf 88' lang='lat' dir='ltr'>ignis</span> <span class='ocrx_word' id='word_1_453' title='bbox 2987 2055 3236 2127; x_wconf 89' lang='lat' dir='ltr'>Domini,</span> <span class='ocrx_word' id='word_1_454' title='bbox 3281 2057 3350 2111; x_wconf 91' lang='lat' dir='ltr'>de</span> <span class='ocrx_word' id='word_1_455' title='bbox 3391 2071 3505 2126; x_wconf 90' lang='lat' dir='ltr'>quo</span> 
     </span>
    </p>
   </div>
   <div class='ocr_carea' id='block_1_66' title="bbox 1876 2149 3510 2221">
    <p class='ocr_par' dir='ltr' id='par_1_66' title="bbox 1876 2149 3510 2221">
     <span class='ocr_line' id='line_1_66' title="bbox 1876 2149 3510 2221; baseline -0.001 -17"><span class='ocrx_word' id='word_1_456' title='bbox 1876 2150 2091 2205; x_wconf 90' lang='lat' dir='ltr'>dictum</span> <span class='ocrx_word' id='word_1_457' title='bbox 2133 2156 2217 2204; x_wconf 92' lang='lat' dir='ltr'>est</span> <span class='ocrx_word' id='word_1_458' title='bbox 2251 2167 2262 2204; x_wconf 91' lang='lat'>:</span> <span class='ocrx_word' id='word_1_459' title='bbox 2308 2171 2335 2198; x_wconf 86' lang='lat'>«</span> <span class='ocrx_word' id='word_1_460' title='bbox 2364 2149 2512 2221; x_wconf 89' lang='lat' dir='ltr'>ignis</span> <span class='ocrx_word' id='word_1_461' title='bbox 2547 2155 2678 2204; x_wconf 90' lang='lat' dir='ltr'>ante</span> <span class='ocrx_word' id='word_1_462' title='bbox 2724 2166 2853 2204; x_wconf 90' lang='lat' dir='ltr'>eum</span> <span class='ocrx_word' id='word_1_463' title='bbox 2891 2151 3114 2205; x_wconf 88' lang='lat' dir='ltr'>ardebit</span> <span class='ocrx_word' id='word_1_464' title='bbox 3152 2151 3320 2220; x_wconf 75' lang='lat' dir='ltr'>(Psal.</span> <span class='ocrx_word' id='word_1_465' title='bbox 3365 2165 3510 2219; x_wconf 75' lang='lat' dir='ltr'>xcn,</span> 
     </span>
    </p>
   </div>
   <div class='ocr_carea' id='block_1_67' title="bbox 1877 2243 3509 2314">
    <p class='ocr_par' dir='ltr' id='par_1_67' title="bbox 1877 2243 3509 2314">
     <span class='ocr_line' id='line_1_67' title="bbox 1877 2243 3509 2314; baseline -0.002 -16"><span class='ocrx_word' id='word_1_466' title='bbox 1877 2247 1948 2313; x_wconf 88' lang='lat'>3).</span> <span class='ocrx_word' id='word_1_467' title='bbox 1983 2266 2010 2293; x_wconf 82' lang='lat'><strong>»</strong></span> <span class='ocrx_word' id='word_1_468' title='bbox 2052 2246 2148 2298; x_wconf 86' lang='lat' dir='ltr'>Est</span> <span class='ocrx_word' id='word_1_469' title='bbox 2177 2247 2236 2298; x_wconf 92' lang='lat' dir='ltr'>et</span> <span class='ocrx_word' id='word_1_470' title='bbox 2268 2244 2419 2298; x_wconf 89' lang='lat' dir='ltr'>idem</span> <span class='ocrx_word' id='word_1_471' title='bbox 2462 2243 2732 2298; x_wconf 88' lang='lat' dir='ltr'>Dominus</span> <span class='ocrx_word' id='word_1_472' title='bbox 2772 2244 2942 2313; x_wconf 88' lang='lat' dir='ltr'>ignis,</span> <span class='ocrx_word' id='word_1_473' title='bbox 2983 2244 3127 2298; x_wconf 90' lang='lat' dir='ltr'>sicut</span> <span class='ocrx_word' id='word_1_474' title='bbox 3163 2244 3281 2314; x_wconf 89' lang='lat' dir='ltr'>ipse</span> <span class='ocrx_word' id='word_1_475' title='bbox 3319 2243 3461 2298; x_wconf 84' lang='lat' dir='ltr'>dixit</span> <span class='ocrx_word' id='word_1_476' title='bbox 3495 2259 3509 2296; x_wconf 90' lang='lat'><strong>:</strong></span> 
     </span>
    </p>
   </div>
   <div class='ocr_carea' id='block_1_68' title="bbox 1878 2337 3507 2409">
    <p class='ocr_par' dir='ltr' id='par_1_68' title="bbox 1878 2337 3507 2409">
     <span class='ocr_line' id='line_1_68' title="bbox 1878 2337 3507 2409; baseline -0.002 -15"><span class='ocrx_word' id='word_1_477' title='bbox 1878 2358 1906 2387; x_wconf 83' lang='lat'><strong>«</strong></span> <span class='ocrx_word' id='word_1_478' title='bbox 1946 2341 2064 2409; x_wconf 88' lang='lat' dir='ltr'>Ego</span> <span class='ocrx_word' id='word_1_479' title='bbox 2093 2354 2220 2392; x_wconf 90' lang='lat' dir='ltr'>sum</span> <span class='ocrx_word' id='word_1_480' title='bbox 2252 2337 2402 2409; x_wconf 87' lang='lat' dir='ltr'>ignis</span> <span class='ocrx_word' id='word_1_481' title='bbox 2431 2337 2659 2403; x_wconf 79' lang='lat' dir='ltr'>ardens,</span> <span class='ocrx_word' id='word_1_482' title='bbox 2690 2343 2746 2392; x_wconf 88' lang='lat' dir='ltr'>et</span> <span class='ocrx_word' id='word_1_483' title='bbox 2775 2354 2888 2391; x_wconf 93' lang='lat' dir='ltr'>non</span> <span class='ocrx_word' id='word_1_484' title='bbox 2917 2353 3260 2391; x_wconf 90' lang='lat' dir='ltr'>consumens</span> <span class='ocrx_word' id='word_1_485' title='bbox 3287 2337 3507 2407; x_wconf 59' lang='lat' dir='ltr'>(Exod,</span> 
     </span>
    </p>
   </div>
   <div class='ocr_carea' id='block_1_69' title="bbox 1877 2431 3505 2501">
    <p class='ocr_par' dir='ltr' id='par_1_69' title="bbox 1877 2431 3505 2501">
     <span class='ocr_line' id='line_1_69' title="bbox 1877 2431 3505 2501; baseline -0.002 -15"><span class='ocrx_word' id='word_1_486' title='bbox 1877 2449 1954 2498; x_wconf 85' lang='lat' dir='ltr'>III,</span> <span class='ocrx_word' id='word_1_487' title='bbox 1992 2432 2064 2500; x_wconf 80' lang='lat'>2).</span> <span class='ocrx_word' id='word_1_488' title='bbox 2111 2453 2137 2480; x_wconf 84' lang='lat'><strong>»</strong></span> <span class='ocrx_word' id='word_1_489' title='bbox 2177 2432 2330 2501; x_wconf 84' lang='lat' dir='ltr'>Ignis</span> <span class='ocrx_word' id='word_1_490' title='bbox 2379 2431 2532 2484; x_wconf 90' lang='lat' dir='ltr'>enim</span> <span class='ocrx_word' id='word_1_491' title='bbox 2578 2431 2805 2486; x_wconf 89' lang='lat' dir='ltr'>Domini</span> <span class='ocrx_word' id='word_1_492' title='bbox 2845 2431 3043 2485; x_wconf 91' lang='lat' dir='ltr'>lumen</span> <span class='ocrx_word' id='word_1_493' title='bbox 3081 2433 3362 2486; x_wconf 86' lang='lat' dir='ltr'>aeternum</span> <span class='ocrx_word' id='word_1_494' title='bbox 3405 2435 3505 2484; x_wconf 89' lang='lat' dir='ltr'>est.</span> 
     </span>
    </p>
   </div>
   <div class='ocr_carea' id='block_1_70' title="bbox 1879 2523 3520 2595">
    <p class='ocr_par' dir='ltr' id='par_1_70' title="bbox 1879 2523 3520 2595">
     <span class='ocr_line' id='line_1_70' title="bbox 1879 2523 3520 2595; baseline -0.001 -17"><span class='ocrx_word' id='word_1_495' title='bbox 1879 2525 2002 2588; x_wconf 89' lang='lat' dir='ltr'>Quo</span> <span class='ocrx_word' id='word_1_496' title='bbox 2023 2524 2144 2595; x_wconf 90' lang='lat' dir='ltr'>igni</span> <span class='ocrx_word' id='word_1_497' title='bbox 2175 2524 2283 2578; x_wconf 63' lang='lat' dir='ltr'>illa:</span> <span class='ocrx_word' id='word_1_498' title='bbox 2309 2524 2700 2578; x_wconf 88' lang='lat' dir='ltr'>accenduntur</span> <span class='ocrx_word' id='word_1_499' title='bbox 2727 2525 2994 2591; x_wconf 75' lang='lat' dir='ltr'>lucernm,</span> <span class='ocrx_word' id='word_1_500' title='bbox 3019 2523 3089 2577; x_wconf 86' lang='lat' dir='ltr'>de</span> <span class='ocrx_word' id='word_1_501' title='bbox 3117 2523 3323 2594; x_wconf 89' lang='lat' dir='ltr'>quibus</span> <span class='ocrx_word' id='word_1_502' title='bbox 3343 2539 3520 2594; x_wconf 86' lang='lat' dir='ltr'>supra</span> 
     </span>
    </p>
   </div>
   <div class='ocr_carea' id='block_1_71' title="bbox 1879 2617 3508 2686">
    <p class='ocr_par' dir='ltr' id='par_1_71' title="bbox 1879 2617 3508 2686">
     <span class='ocr_line' id='line_1_71' title="bbox 1879 2617 3508 2686; baseline -0.002 -13"><span class='ocrx_word' id='word_1_503' title='bbox 1879 2619 2024 2673; x_wconf 87' lang='lat' dir='ltr'>dixit</span> <span class='ocrx_word' id='word_1_504' title='bbox 2056 2635 2068 2671; x_wconf 93' lang='lat'>:</span> <span class='ocrx_word' id='word_1_505' title='bbox 2114 2638 2141 2669; x_wconf 84' lang='lat'>«</span> <span class='ocrx_word' id='word_1_506' title='bbox 2171 2618 2296 2672; x_wconf 90' lang='lat' dir='ltr'>Sint</span> <span class='ocrx_word' id='word_1_507' title='bbox 2334 2621 2526 2671; x_wconf 88' lang='lat' dir='ltr'>autem</span> <span class='ocrx_word' id='word_1_508' title='bbox 2570 2617 2748 2671; x_wconf 90' lang='lat' dir='ltr'>lumbi</span> <span class='ocrx_word' id='word_1_509' title='bbox 2784 2617 2949 2671; x_wconf 83' lang='lat' dir='ltr'>vestri</span> <span class='ocrx_word' id='word_1_510' title='bbox 2984 2617 3294 2686; x_wconf 62' lang='lat' dir='ltr'>praecincti,</span> <span class='ocrx_word' id='word_1_511' title='bbox 3325 2623 3380 2671; x_wconf 88' lang='lat' dir='ltr'>et</span> <span class='ocrx_word' id='word_1_512' title='bbox 3417 2617 3508 2671; x_wconf 85' lang='lat' dir='ltr'>lu-</span> 
     </span>
    </p>
   </div>
   <div class='ocr_carea' id='block_1_72' title="bbox 1878 2711 3513 2782">
    <p class='ocr_par' dir='ltr' id='par_1_72' title="bbox 1878 2711 3513 2782">
     <span class='ocr_line' id='line_1_72' title="bbox 1878 2711 3513 2782; baseline -0.002 -17"><span class='ocrx_word' id='word_1_513' title='bbox 1878 2727 2062 2766; x_wconf 69' lang='lat' dir='ltr'>cernae</span> <span class='ocrx_word' id='word_1_514' title='bbox 2092 2711 2355 2766; x_wconf 89' lang='lat' dir='ltr'>ardentes</span> <span class='ocrx_word' id='word_1_515' title='bbox 2379 2715 2550 2780; x_wconf 90' lang='lat' dir='ltr'>(Luc.,</span> <span class='ocrx_word' id='word_1_516' title='bbox 2579 2728 2671 2780; x_wconf 85' lang='lat' dir='ltr'>xu,</span> <span class='ocrx_word' id='word_1_517' title='bbox 2701 2714 2810 2780; x_wconf 82' lang='grc'><strong>35).</strong></span> <span class='ocrx_word' id='word_1_518' title='bbox 2836 2733 2864 2761; x_wconf 83' lang='lat'><strong>»</strong></span> <span class='ocrx_word' id='word_1_519' title='bbox 2890 2714 2955 2767; x_wconf 85' lang='lat' dir='ltr'>Et</span> <span class='ocrx_word' id='word_1_520' title='bbox 2985 2711 3110 2765; x_wconf 93' lang='lat' dir='ltr'>ideo</span> <span class='ocrx_word' id='word_1_521' title='bbox 3131 2711 3261 2782; x_wconf 89' lang='lat' dir='ltr'>quia</span> <span class='ocrx_word' id='word_1_522' title='bbox 3291 2727 3402 2764; x_wconf 90' lang='lat' dir='ltr'>nox</span> <span class='ocrx_word' id='word_1_523' title='bbox 3423 2713 3513 2764; x_wconf 89' lang='lat' dir='ltr'>est</span> 
     </span>
    </p>
   </div>
   <div class='ocr_carea' id='block_1_73' title="bbox 1878 2804 3512 2876">
    <p class='ocr_par' dir='ltr' id='par_1_73' title="bbox 1878 2804 3512 2876">
     <span class='ocr_line' id='line_1_73' title="bbox 1878 2804 3512 2876; baseline -0.001 -16"><span class='ocrx_word' id='word_1_524' title='bbox 1878 2806 1996 2860; x_wconf 88' lang='lat' dir='ltr'>dies</span> <span class='ocrx_word' id='word_1_525' title='bbox 2037 2806 2206 2876; x_wconf 89' lang='lat' dir='ltr'>hujus</span> <span class='ocrx_word' id='word_1_526' title='bbox 2249 2806 2375 2859; x_wconf 71' lang='lat' dir='ltr'>vitae</span> <span class='ocrx_word' id='word_1_527' title='bbox 2421 2806 2555 2876; x_wconf 89' lang='lat'>(96),</span> <span class='ocrx_word' id='word_1_528' title='bbox 2597 2806 2830 2860; x_wconf 90' lang='lat' dir='ltr'>lucerna</span> <span class='ocrx_word' id='word_1_529' title='bbox 2873 2811 2955 2859; x_wconf 89' lang='lat' dir='ltr'>est</span> <span class='ocrx_word' id='word_1_530' title='bbox 2991 2804 3321 2858; x_wconf 90' lang='lat' dir='ltr'>necessaria.</span> <span class='ocrx_word' id='word_1_531' title='bbox 3354 2805 3512 2859; x_wconf 81' lang='lat' dir='ltr'>Hunc</span> 
     </span>
    </p>
   </div>
   <div class='ocr_carea' id='block_1_74' title="bbox 1877 2897 3511 2970">
    <p class='ocr_par' dir='ltr' id='par_1_74' title="bbox 1877 2897 3511 2970">
     <span class='ocr_line' id='line_1_74' title="bbox 1877 2897 3511 2970; baseline -0.001 -17"><span class='ocrx_word' id='word_1_532' title='bbox 1877 2899 2072 2970; x_wconf 89' lang='lat' dir='ltr'>ignem</span> <span class='ocrx_word' id='word_1_533' title='bbox 2110 2900 2169 2952; x_wconf 90' lang='lat' dir='ltr'>in</span> <span class='ocrx_word' id='word_1_534' title='bbox 2210 2917 2268 2954; x_wconf 89' lang='lat' dir='ltr'>se</span> <span class='ocrx_word' id='word_1_535' title='bbox 2312 2899 2484 2953; x_wconf 90' lang='lat' dir='ltr'>etiam</span> <span class='ocrx_word' id='word_1_536' title='bbox 2523 2903 2738 2953; x_wconf 84' lang='lat' dir='ltr'>Amaon</span> <span class='ocrx_word' id='word_1_537' title='bbox 2781 2902 2838 2952; x_wconf 91' lang='lat' dir='ltr'>et</span> <span class='ocrx_word' id='word_1_538' title='bbox 2877 2898 3156 2968; x_wconf 86' lang='lat' dir='ltr'>CleOphas</span> <span class='ocrx_word' id='word_1_539' title='bbox 3194 2913 3228 2951; x_wconf 88' lang='lat' dir='ltr'>a</span> <span class='ocrx_word' id='word_1_540' title='bbox 3265 2897 3511 2952; x_wconf 90' lang='lat' dir='ltr'>Domino</span> 
     </span>
    </p>
   </div>
   <div class='ocr_carea' id='block_1_75' title="bbox 1879 2992 3508 3048">
    <p class='ocr_par' dir='ltr' id='par_1_75' title="bbox 1879 2992 3508 3048">
     <span class='ocr_line' id='line_1_75' title="bbox 1879 2992 3508 3048; baseline -0.002 -1"><span class='ocrx_word' id='word_1_541' title='bbox 1879 2994 2116 3047; x_wconf 88' lang='lat' dir='ltr'>missum</span> <span class='ocrx_word' id='word_1_542' title='bbox 2142 3010 2262 3048; x_wconf 83' lang='lat' dir='ltr'>esse</span> <span class='ocrx_word' id='word_1_543' title='bbox 2298 2997 2583 3047; x_wconf 90' lang='lat' dir='ltr'>testantur</span> <span class='ocrx_word' id='word_1_544' title='bbox 2628 2992 2879 3046; x_wconf 84' lang='lat' dir='ltr'>dicentes</span> <span class='ocrx_word' id='word_1_545' title='bbox 2912 3008 2924 3045; x_wconf 91' lang='lat'><strong>:</strong></span> <span class='ocrx_word' id='word_1_546' title='bbox 2963 3013 2989 3041; x_wconf 82' lang='grc'>‹‹</span> <span class='ocrx_word' id='word_1_547' title='bbox 3019 2993 3218 3046; x_wconf 84' lang='lat' dir='ltr'>Nonne</span> <span class='ocrx_word' id='word_1_548' title='bbox 3249 3007 3348 3046; x_wconf 92' lang='lat' dir='ltr'>cor</span> <span class='ocrx_word' id='word_1_549' title='bbox 3380 3007 3508 3045; x_wconf 91' lang='lat' dir='ltr'>nos-</span> 
     </span>
    </p>
   </div>
   <div class='ocr_carea' id='block_1_76' title="bbox 1880 3083 3508 3156">
    <p class='ocr_par' dir='ltr' id='par_1_76' title="bbox 1880 3083 3508 3156">
     <span class='ocr_line' id='line_1_76' title="bbox 1880 3083 3508 3156; baseline -0.003 -15"><span class='ocrx_word' id='word_1_550' title='bbox 1880 3093 2032 3142; x_wconf 91' lang='lat' dir='ltr'>trum</span> <span class='ocrx_word' id='word_1_551' title='bbox 2059 3088 2264 3141; x_wconf 88' lang='lat' dir='ltr'>ardens</span> <span class='ocrx_word' id='word_1_552' title='bbox 2290 3091 2410 3140; x_wconf 87' lang='lat' dir='ltr'>erat</span> <span class='ocrx_word' id='word_1_553' title='bbox 2435 3086 2492 3139; x_wconf 92' lang='lat' dir='ltr'>in</span> <span class='ocrx_word' id='word_1_554' title='bbox 2519 3085 2629 3152; x_wconf 86' lang='lat' dir='ltr'>via,</span> <span class='ocrx_word' id='word_1_555' title='bbox 2671 3102 2804 3139; x_wconf 91' lang='lat' dir='ltr'>cum</span> <span class='ocrx_word' id='word_1_556' title='bbox 2846 3085 3092 3156; x_wconf 87' lang='lat' dir='ltr'>aperiret</span> <span class='ocrx_word' id='word_1_557' title='bbox 3126 3084 3289 3139; x_wconf 90' lang='lat' dir='ltr'>nobis</span> <span class='ocrx_word' id='word_1_558' title='bbox 3319 3083 3508 3154; x_wconf 85' lang='lat' dir='ltr'>Scrip-</span> 
     </span>
    </p>
   </div>
   <div class='ocr_carea' id='block_1_77' title="bbox 1881 3178 3509 3251">
    <p class='ocr_par' dir='ltr' id='par_1_77' title="bbox 1881 3178 3509 3251">
     <span class='ocr_line' id='line_1_77' title="bbox 1881 3178 3509 3251; baseline -0.001 -16"><span class='ocrx_word' id='word_1_559' title='bbox 1881 3185 2036 3235; x_wconf 87' lang='lat' dir='ltr'>turas</span> <span class='ocrx_word' id='word_1_560' title='bbox 2077 3180 2250 3251; x_wconf 86' lang='lat' dir='ltr'>(Luc.,</span> <span class='ocrx_word' id='word_1_561' title='bbox 2288 3195 2438 3248; x_wconf 70' lang='lat' dir='ltr'>xxrv,</span> <span class='ocrx_word' id='word_1_562' title='bbox 2475 3180 2609 3249; x_wconf 81' lang='lat'>32)?</span> <span class='ocrx_word' id='word_1_563' title='bbox 2651 3200 2678 3229; x_wconf 68' lang='grc' dir='ltr'><strong>η</strong></span> <span class='ocrx_word' id='word_1_564' title='bbox 2725 3178 3028 3234; x_wconf 88' lang='lat' dir='ltr'>Evidenter</span> <span class='ocrx_word' id='word_1_565' title='bbox 3072 3179 3263 3250; x_wconf 89' lang='lat' dir='ltr'>itaque</span> <span class='ocrx_word' id='word_1_566' title='bbox 3309 3179 3509 3233; x_wconf 91' lang='lat' dir='ltr'>docue-</span> 
     </span>
    </p>
   </div>
   <div class='ocr_carea' id='block_1_78' title="bbox 1882 3272 3515 3345">
    <p class='ocr_par' dir='ltr' id='par_1_78' title="bbox 1882 3272 3515 3345">
     <span class='ocr_line' id='line_1_78' title="bbox 1882 3272 3515 3345; baseline -0.002 -17"><span class='ocrx_word' id='word_1_567' title='bbox 1882 3279 2019 3328; x_wconf 90' lang='lat' dir='ltr'>runt</span> <span class='ocrx_word' id='word_1_568' title='bbox 2071 3274 2250 3345; x_wconf 89' lang='lat' dir='ltr'>qualis</span> <span class='ocrx_word' id='word_1_569' title='bbox 2297 3273 2457 3328; x_wconf 89' lang='lat' dir='ltr'>istius</span> <span class='ocrx_word' id='word_1_570' title='bbox 2506 3273 2657 3343; x_wconf 89' lang='lat' dir='ltr'>ignis</span> <span class='ocrx_word' id='word_1_571' title='bbox 2702 3273 2778 3325; x_wconf 90' lang='lat' dir='ltr'>sit</span> <span class='ocrx_word' id='word_1_572' title='bbox 2827 3274 3102 3343; x_wconf 84' lang='lat' dir='ltr'>operatio,</span> <span class='ocrx_word' id='word_1_573' title='bbox 3152 3272 3249 3342; x_wconf 91' lang='lat' dir='ltr'>qui</span> <span class='ocrx_word' id='word_1_574' title='bbox 3297 3276 3515 3326; x_wconf 88' lang='lat' dir='ltr'>secreta</span> 
     </span>
    </p>
   </div>
   <div class='ocr_carea' id='block_1_79' title="bbox 1882 3364 3514 3436">
    <p class='ocr_par' dir='ltr' id='par_1_79' title="bbox 1882 3364 3514 3436">
     <span class='ocr_line' id='line_1_79' title="bbox 1882 3364 3514 3436; baseline -0.003 -14"><span class='ocrx_word' id='word_1_575' title='bbox 1882 3369 2069 3422; x_wconf 93' lang='lat' dir='ltr'>cordis</span> <span class='ocrx_word' id='word_1_576' title='bbox 2117 3367 2419 3422; x_wconf 90' lang='lat' dir='ltr'>illuminat.</span> <span class='ocrx_word' id='word_1_577' title='bbox 2472 3366 2602 3420; x_wconf 86' lang='lat' dir='ltr'>[deo</span> <span class='ocrx_word' id='word_1_578' title='bbox 2643 3366 2884 3420; x_wconf 81' lang='lat' dir='ltr'>fortasse</span> <span class='ocrx_word' id='word_1_579' title='bbox 2936 3365 3212 3420; x_wconf 91' lang='lat' dir='ltr'>Dominus</span> <span class='ocrx_word' id='word_1_580' title='bbox 3267 3365 3326 3420; x_wconf 90' lang='lat' dir='ltr'>in</span> <span class='ocrx_word' id='word_1_581' title='bbox 3382 3364 3514 3436; x_wconf 88' lang='lat' dir='ltr'>igne</span> 
     </span>
    </p>
   </div>
   <div class='ocr_carea' id='block_1_80' title="bbox 1882 3458 3512 3529">
    <p class='ocr_par' dir='ltr' id='par_1_80' title="bbox 1882 3458 3512 3529">
     <span class='ocr_line' id='line_1_80' title="bbox 1882 3458 3512 3529; baseline -0.001 -15"><span class='ocrx_word' id='word_1_582' title='bbox 1882 3465 2154 3516; x_wconf 89' lang='lat' dir='ltr'>venturus</span> <span class='ocrx_word' id='word_1_583' title='bbox 2184 3465 2286 3526; x_wconf 84' lang='lat' dir='ltr'>est,</span> <span class='ocrx_word' id='word_1_584' title='bbox 2327 3463 2389 3514; x_wconf 91' lang='lat' dir='ltr'>ut</span> <span class='ocrx_word' id='word_1_585' title='bbox 2435 3459 2867 3514; x_wconf 88' lang='lat' dir='ltr'>resurrectionis</span> <span class='ocrx_word' id='word_1_586' title='bbox 2909 3463 3167 3529; x_wconf 89' lang='lat' dir='ltr'>tempore</span> <span class='ocrx_word' id='word_1_587' title='bbox 3208 3459 3340 3513; x_wconf 90' lang='lat' dir='ltr'>vitia</span> <span class='ocrx_word' id='word_1_588' title='bbox 3379 3458 3512 3512; x_wconf 88' lang='lat' dir='ltr'>uni-</span> 
     </span>
    </p>
   </div>
   <div class='ocr_carea' id='block_1_81' title="bbox 1881 3551 3511 3625">
    <p class='ocr_par' dir='ltr' id='par_1_81' title="bbox 1881 3551 3511 3625">
     <span class='ocr_line' id='line_1_81' title="bbox 1881 3551 3511 3625; baseline -0.002 -16"><span class='ocrx_word' id='word_1_589' title='bbox 1881 3571 2042 3609; x_wconf 86' lang='lat' dir='ltr'>versa</span> <span class='ocrx_word' id='word_1_590' title='bbox 2080 3557 2398 3620; x_wconf 87' lang='lat' dir='ltr'>consumat,</span> <span class='ocrx_word' id='word_1_591' title='bbox 2437 3554 2638 3625; x_wconf 91' lang='lat' dir='ltr'>suique</span> <span class='ocrx_word' id='word_1_592' title='bbox 2682 3557 2984 3623; x_wconf 90' lang='lat' dir='ltr'>conspectu</span> <span class='ocrx_word' id='word_1_593' title='bbox 3031 3551 3313 3607; x_wconf 89' lang='lat' dir='ltr'>desideria</span> <span class='ocrx_word' id='word_1_594' title='bbox 3355 3567 3511 3606; x_wconf 88' lang='lat' dir='ltr'>com-</span> 
     </span>
    </p>
   </div>
   <div class='ocr_carea' id='block_1_82' title="bbox 1883 3644 3512 3720">
    <p class='ocr_par' dir='ltr' id='par_1_82' title="bbox 1883 3644 3512 3720">
     <span class='ocr_line' id='line_1_82' title="bbox 1883 3644 3512 3720; baseline -0.003 -18"><span class='ocrx_word' id='word_1_595' title='bbox 1883 3649 2035 3720; x_wconf 90' lang='lat' dir='ltr'>pleat</span> <span class='ocrx_word' id='word_1_596' title='bbox 2078 3647 2459 3718; x_wconf 90' lang='lat' dir='ltr'>singulorum,</span> <span class='ocrx_word' id='word_1_597' title='bbox 2498 3647 2952 3717; x_wconf 89' lang='lat' dir='ltr'>meritorumque</span> <span class='ocrx_word' id='word_1_598' title='bbox 3000 3649 3058 3700; x_wconf 90' lang='lat' dir='ltr'>et</span> <span class='ocrx_word' id='word_1_599' title='bbox 3104 3644 3512 3716; x_wconf 82' lang='lat' dir='ltr'>mysteriorum</span> 
     </span>
    </p>
   </div>
   <div class='ocr_carea' id='block_1_83' title="bbox 1883 3741 2404 3796">
    <p class='ocr_par' dir='ltr' id='par_1_83' title="bbox 1883 3741 2404 3796">
     <span class='ocr_line' id='line_1_83' title="bbox 1883 3741 2404 3796; baseline -0.002 0"><span class='ocrx_word' id='word_1_600' title='bbox 1883 3742 2084 3796; x_wconf 90' lang='lat' dir='ltr'>lumen</span> <span class='ocrx_word' id='word_1_601' title='bbox 2115 3741 2404 3796; x_wconf 88' lang='lat' dir='ltr'>accendat.</span> 
     </span>
    </p>
   </div>
   <div class='ocr_carea' id='block_1_84' title="bbox 1959 3831 3511 3906">
    <p class='ocr_par' dir='ltr' id='par_1_84' title="bbox 1959 3831 3511 3906">
     <span class='ocr_line' id='line_1_84' title="bbox 1959 3831 3511 3906; baseline -0.003 -15"><span class='ocrx_word' id='word_1_602' title='bbox 1959 3839 2079 3892; x_wconf 88' lang='grc'><strong>133.</strong></span> <span class='ocrx_word' id='word_1_603' title='bbox 2107 3837 2286 3890; x_wconf 89' lang='lat' dir='ltr'>Tanta</span> <span class='ocrx_word' id='word_1_604' title='bbox 2311 3835 2505 3906; x_wconf 88' lang='lat' dir='ltr'>itaque</span> <span class='ocrx_word' id='word_1_605' title='bbox 2545 3831 2767 3888; x_wconf 90' lang='lat' dir='ltr'>Domini</span> <span class='ocrx_word' id='word_1_606' title='bbox 2795 3832 3053 3904; x_wconf 87' lang='lat' dir='ltr'>dignatio</span> <span class='ocrx_word' id='word_1_607' title='bbox 3086 3835 3190 3900; x_wconf 87' lang='lat' dir='ltr'>est,</span> <span class='ocrx_word' id='word_1_608' title='bbox 3229 3834 3294 3886; x_wconf 89' lang='lat' dir='ltr'>ut</span> <span class='ocrx_word' id='word_1_609' title='bbox 3317 3831 3511 3887; x_wconf 91' lang='lat' dir='ltr'>infun-</span> 
     </span>
    </p>
   </div>
   <div class='ocr_carea' id='block_1_85' title="bbox 1885 3925 3517 3997">
    <p class='ocr_par' dir='ltr' id='par_1_85' title="bbox 1885 3925 3517 3997">
     <span class='ocr_line' id='line_1_85' title="bbox 1885 3925 3517 3997; baseline -0.003 -11"><span class='ocrx_word' id='word_1_610' title='bbox 1885 3931 2090 3986; x_wconf 58' lang='lat' dir='ltr'>denda:</span> <span class='ocrx_word' id='word_1_611' title='bbox 2118 3929 2280 3985; x_wconf 90' lang='lat' dir='ltr'>nobis</span> <span class='ocrx_word' id='word_1_612' title='bbox 2301 3928 2638 3996; x_wconf 89' lang='lat' dir='ltr'>devotionis,</span> <span class='ocrx_word' id='word_1_613' title='bbox 2658 3933 2716 3982; x_wconf 93' lang='lat' dir='ltr'>et</span> <span class='ocrx_word' id='word_1_614' title='bbox 2736 3926 3197 3982; x_wconf 74' lang='lat' dir='ltr'>consummaudas</span> <span class='ocrx_word' id='word_1_615' title='bbox 3218 3925 3517 3997; x_wconf 89' lang='lat' dir='ltr'>perfectio-</span> 
     </span>
    </p>
   </div>
   <div class='ocr_carea' id='block_1_86' title="bbox 1888 4019 3510 4094">
    <p class='ocr_par' dir='ltr' id='par_1_86' title="bbox 1888 4019 3510 4094">
     <span class='ocr_line' id='line_1_86' title="bbox 1888 4019 3510 4094; baseline -0.002 -16"><span class='ocrx_word' id='word_1_616' title='bbox 1888 4024 1974 4078; x_wconf 89' lang='lat' dir='ltr'>nis</span> <span class='ocrx_word' id='word_1_617' title='bbox 2002 4023 2058 4078; x_wconf 88' lang='lat' dir='ltr'>in</span> <span class='ocrx_word' id='word_1_618' title='bbox 2092 4023 2273 4091; x_wconf 90' lang='lat' dir='ltr'>nobis,</span> <span class='ocrx_word' id='word_1_619' title='bbox 2301 4027 2358 4076; x_wconf 93' lang='lat' dir='ltr'>et</span> <span class='ocrx_word' id='word_1_620' title='bbox 2384 4022 2743 4076; x_wconf 82' lang='lat' dir='ltr'>maturandae</span> <span class='ocrx_word' id='word_1_621' title='bbox 2771 4038 2878 4094; x_wconf 92' lang='lat' dir='ltr'>pro</span> <span class='ocrx_word' id='word_1_622' title='bbox 2909 4021 3072 4076; x_wconf 90' lang='lat' dir='ltr'>nobis</span> <span class='ocrx_word' id='word_1_623' title='bbox 3101 4019 3352 4076; x_wconf 88' lang='lat' dir='ltr'>studium</span> <span class='ocrx_word' id='word_1_624' title='bbox 3379 4036 3510 4091; x_wconf 88' lang='lat' dir='ltr'>pas-</span> 
     </span>
    </p>
   </div>
   <div class='ocr_carea' id='block_1_87' title="bbox 1885 4114 3519 4187">
    <p class='ocr_par' dir='ltr' id='par_1_87' title="bbox 1885 4114 3519 4187">
     <span class='ocr_line' id='line_1_87' title="bbox 1885 4114 3519 4187; baseline -0.003 -14"><span class='ocrx_word' id='word_1_625' title='bbox 1885 4118 2060 4173; x_wconf 90' lang='lat' dir='ltr'>sionis</span> <span class='ocrx_word' id='word_1_626' title='bbox 2108 4117 2212 4171; x_wconf 89' lang='lat' dir='ltr'>sibi</span> <span class='ocrx_word' id='word_1_627' title='bbox 2264 4117 2448 4171; x_wconf 89' lang='lat' dir='ltr'>inesse</span> <span class='ocrx_word' id='word_1_628' title='bbox 2499 4119 2739 4171; x_wconf 89' lang='lat' dir='ltr'>testetur</span> <span class='ocrx_word' id='word_1_629' title='bbox 2779 4133 2792 4171; x_wconf 89' lang='lat'>:</span> <span class='ocrx_word' id='word_1_630' title='bbox 2833 4116 2932 4187; x_wconf 89' lang='lat' dir='ltr'>qui</span> <span class='ocrx_word' id='word_1_631' title='bbox 2980 4131 3111 4170; x_wconf 91' lang='lat' dir='ltr'>cum</span> <span class='ocrx_word' id='word_1_632' title='bbox 3159 4115 3216 4170; x_wconf 90' lang='lat' dir='ltr'>in</span> <span class='ocrx_word' id='word_1_633' title='bbox 3267 4131 3324 4170; x_wconf 87' lang='lat' dir='ltr'>se</span> <span class='ocrx_word' id='word_1_634' title='bbox 3372 4114 3519 4168; x_wconf 91' lang='lat' dir='ltr'>nihil</span> 
     </span>
    </p>
   </div>
   <div class='ocr_carea' id='block_1_88' title="bbox 1885 4208 3517 4283">
    <p class='ocr_par' dir='ltr' id='par_1_88' title="bbox 1885 4208 3517 4283">
     <span class='ocr_line' id='line_1_88' title="bbox 1885 4208 3517 4283; baseline -0.003 -16"><span class='ocrx_word' id='word_1_635' title='bbox 1885 4212 2150 4267; x_wconf 89' lang='lat' dir='ltr'>habuerit</span> <span class='ocrx_word' id='word_1_636' title='bbox 2197 4212 2349 4283; x_wconf 92' lang='lat' dir='ltr'>quod</span> <span class='ocrx_word' id='word_1_637' title='bbox 2407 4210 2646 4280; x_wconf 90' lang='lat' dir='ltr'>doleret,</span> <span class='ocrx_word' id='word_1_638' title='bbox 2693 4210 2901 4266; x_wconf 86' lang='lat' dir='ltr'>nostris</span> <span class='ocrx_word' id='word_1_639' title='bbox 2951 4213 3148 4265; x_wconf 90' lang='lat' dir='ltr'>tamen</span> <span class='ocrx_word' id='word_1_640' title='bbox 3195 4208 3517 4282; x_wconf 87' lang='lat' dir='ltr'>angebatur</span> 
     </span>
    </p>
   </div>
   <div class='ocr_carea' id='block_1_89' title="bbox 1885 4303 3513 4376">
    <p class='ocr_par' dir='ltr' id='par_1_89' title="bbox 1885 4303 3513 4376">
     <span class='ocr_line' id='line_1_89' title="bbox 1885 4303 3513 4376; baseline -0.001 -17"><span class='ocrx_word' id='word_1_641' title='bbox 1885 4305 2178 4372; x_wconf 71' lang='lat' dir='ltr'>aerumnis,</span> <span class='ocrx_word' id='word_1_642' title='bbox 2217 4309 2275 4360; x_wconf 90' lang='lat' dir='ltr'>et</span> <span class='ocrx_word' id='word_1_643' title='bbox 2318 4304 2420 4358; x_wconf 90' lang='lat' dir='ltr'>sub</span> <span class='ocrx_word' id='word_1_644' title='bbox 2461 4307 2717 4376; x_wconf 91' lang='lat' dir='ltr'>tempore</span> <span class='ocrx_word' id='word_1_645' title='bbox 2758 4304 2958 4359; x_wconf 90' lang='lat' dir='ltr'>mortis</span> <span class='ocrx_word' id='word_1_646' title='bbox 2999 4303 3324 4358; x_wconf 67' lang='lat' dir='ltr'>mmstitiam</span> <span class='ocrx_word' id='word_1_647' title='bbox 3369 4319 3513 4373; x_wconf 67' lang='lat' dir='ltr'>prae-</span> 
     </span>
    </p>
   </div>
   <div class='ocr_carea' id='block_1_90' title="bbox 1886 4396 3517 4470">
    <p class='ocr_par' dir='ltr' id='par_1_90' title="bbox 1886 4396 3517 4470">
     <span class='ocr_line' id='line_1_90' title="bbox 1886 4396 3517 4470; baseline -0.002 -16"><span class='ocrx_word' id='word_1_648' title='bbox 1886 4399 2177 4465; x_wconf 87' lang='lat' dir='ltr'>tendebat,</span> <span class='ocrx_word' id='word_1_649' title='bbox 2212 4416 2386 4470; x_wconf 91' lang='lat' dir='ltr'>quam</span> <span class='ocrx_word' id='word_1_650' title='bbox 2425 4415 2541 4453; x_wconf 91' lang='lat' dir='ltr'>non</span> <span class='ocrx_word' id='word_1_651' title='bbox 2587 4414 2654 4452; x_wconf 90' lang='lat' dir='ltr'>ex</span> <span class='ocrx_word' id='word_1_652' title='bbox 2692 4404 2848 4452; x_wconf 87' lang='lat' dir='ltr'>metu</span> <span class='ocrx_word' id='word_1_653' title='bbox 2891 4397 3092 4452; x_wconf 91' lang='lat' dir='ltr'>mortis</span> <span class='ocrx_word' id='word_1_654' title='bbox 3131 4413 3268 4462; x_wconf 66' lang='lat' dir='ltr'>sum,</span> <span class='ocrx_word' id='word_1_655' title='bbox 3300 4396 3402 4450; x_wconf 89' lang='lat' dir='ltr'>sed</span> <span class='ocrx_word' id='word_1_656' title='bbox 3445 4413 3517 4450; x_wconf 89' lang='lat' dir='ltr'>ex</span> 
     </span>
    </p>
   </div>
   <div class='ocr_carea' id='block_1_91' title="bbox 169 4489 3511 4566">
    <p class='ocr_par' dir='ltr' id='par_1_91' title="bbox 169 4489 3511 4566">
     <span class='ocr_line' id='line_1_91' title="bbox 169 4489 3511 4566; baseline -0.001 -21"><span class='ocrx_word' id='word_1_657' title='bbox 169 4493 248 4546; x_wconf 88' lang='lat' dir='ltr'>nia</span> <span class='ocrx_word' id='word_1_658' title='bbox 287 4497 680 4566; x_wconf 86' lang='lat' dir='ltr'>exspectantes</span> <span class='ocrx_word' id='word_1_659' title='bbox 728 4495 1024 4548; x_wconf 86' lang='lat' dir='ltr'>momenta</span> <span class='ocrx_word' id='word_1_660' title='bbox 1069 4494 1296 4547; x_wconf 89' lang='lat' dir='ltr'>Domini</span> <span class='ocrx_word' id='word_1_661' title='bbox 1346 4493 1648 4548; x_wconf 89' lang='lat' dir='ltr'>Salvatoris</span> <span class='ocrx_word' id='word_1_662' title='bbox 1691 4492 1863 4565; x_wconf 86' lang='lat' dir='ltr'>ad-D</span> <span class='ocrx_word' id='word_1_663' title='bbox 1887 4511 2047 4548; x_wconf 89' lang='lat' dir='ltr'>mora</span> <span class='ocrx_word' id='word_1_664' title='bbox 2073 4498 2278 4548; x_wconf 85' lang='lat' dir='ltr'>nostrae</span> <span class='ocrx_word' id='word_1_665' title='bbox 2305 4491 2717 4562; x_wconf 88' lang='lat' dir='ltr'>redemptionis</span> <span class='ocrx_word' id='word_1_666' title='bbox 2737 4492 3138 4560; x_wconf 87' lang='lat' dir='ltr'>assumpserat,</span> <span class='ocrx_word' id='word_1_667' title='bbox 3163 4490 3328 4560; x_wconf 87' lang='lat' dir='ltr'>juxta</span> <span class='ocrx_word' id='word_1_668' title='bbox 3359 4489 3511 4561; x_wconf 90' lang='lat' dir='ltr'>quod</span> 
     </span>
    </p>
   </div>
   <div class='ocr_carea' id='block_1_92' title="bbox 171 4586 1787 4658">
    <p class='ocr_par' dir='ltr' id='par_1_92' title="bbox 171 4586 1787 4658">
     <span class='ocr_line' id='line_1_92' title="bbox 171 4586 1787 4658; baseline 0 -18"><span class='ocrx_word' id='word_1_669' title='bbox 171 4594 400 4654; x_wconf 74' lang='lat' dir='ltr'>ventum,</span> <span class='ocrx_word' id='word_1_670' title='bbox 453 4605 530 4643; x_wconf 92' lang='lat' dir='ltr'>ne</span> <span class='ocrx_word' id='word_1_671' title='bbox 580 4587 719 4641; x_wconf 92' lang='lat' dir='ltr'>dum</span> <span class='ocrx_word' id='word_1_672' title='bbox 763 4587 964 4658; x_wconf 87' lang='lat' dir='ltr'>aliquis</span> <span class='ocrx_word' id='word_1_673' title='bbox 1012 4587 1253 4641; x_wconf 90' lang='lat' dir='ltr'>remittit</span> <span class='ocrx_word' id='word_1_674' title='bbox 1300 4591 1357 4640; x_wconf 91' lang='lat' dir='ltr'>et</span> <span class='ocrx_word' id='word_1_675' title='bbox 1409 4587 1672 4658; x_wconf 90' lang='lat' dir='ltr'>negligit,</span> <span class='ocrx_word' id='word_1_676' title='bbox 1717 4586 1787 4640; x_wconf 92' lang='lat' dir='ltr'>de</span> 
     </span>
    </p>
   </div>
   <div class='ocr_carea' id='block_1_93' title="bbox 168 4679 1787 4752">
    <p class='ocr_par' dir='ltr' id='par_1_93' title="bbox 168 4679 1787 4752">
     <span class='ocr_line' id='line_1_93' title="bbox 168 4679 1787 4752; baseline 0 -19"><span class='ocrx_word' id='word_1_677' title='bbox 168 4680 246 4735; x_wconf 88' lang='lat' dir='ltr'>die</span> <span class='ocrx_word' id='word_1_678' title='bbox 298 4684 357 4738; x_wconf 89' lang='lat' dir='ltr'>in</span> <span class='ocrx_word' id='word_1_679' title='bbox 417 4683 580 4738; x_wconf 89' lang='lat' dir='ltr'>diem</span> <span class='ocrx_word' id='word_1_680' title='bbox 631 4697 805 4752; x_wconf 89' lang='lat' dir='ltr'>opera</span> <span class='ocrx_word' id='word_1_681' title='bbox 857 4698 956 4735; x_wconf 90' lang='lat' dir='ltr'>sua</span> <span class='ocrx_word' id='word_1_682' title='bbox 1017 4679 1313 4746; x_wconf 72' lang='lat' dir='ltr'>differens,</span> <span class='ocrx_word' id='word_1_683' title='bbox 1354 4680 1557 4751; x_wconf 90' lang='lat' dir='ltr'>judicii</span> <span class='ocrx_word' id='word_1_684' title='bbox 1611 4680 1787 4734; x_wconf 91' lang='lat' dir='ltr'>futuri</span> 
     </span>
    </p>
   </div>
   <div class='ocr_carea' id='block_1_94' title="bbox 170 4774 1787 4848">
    <p class='ocr_par' dir='ltr' id='par_1_94' title="bbox 170 4774 1787 4848">
     <span class='ocr_line' id='line_1_94' title="bbox 170 4774 1787 4848; baseline 0.001 -22"><span class='ocrx_word' id='word_1_685' title='bbox 170 4774 263 4841; x_wconf 82' lang='lat' dir='ltr'>die,</span> <span class='ocrx_word' id='word_1_686' title='bbox 303 4778 390 4832; x_wconf 90' lang='lat' dir='ltr'>vel</span> <span class='ocrx_word' id='word_1_687' title='bbox 437 4775 676 4848; x_wconf 90' lang='lat' dir='ltr'>propria</span> <span class='ocrx_word' id='word_1_688' title='bbox 722 4778 904 4829; x_wconf 88' lang='lat' dir='ltr'>morte</span> <span class='ocrx_word' id='word_1_689' title='bbox 954 4779 1301 4846; x_wconf 75' lang='lat' dir='ltr'>praeventus,</span> <span class='ocrx_word' id='word_1_690' title='bbox 1348 4774 1620 4828; x_wconf 89' lang='lat' dir='ltr'>meritum</span> <span class='ocrx_word' id='word_1_691' title='bbox 1668 4790 1787 4828; x_wconf 77' lang='lat' dir='ltr'>sum</span> 
     </span>
    </p>
   </div>
   <div class='ocr_carea' id='block_1_95' title="bbox 167 4867 1786 4939">
    <p class='ocr_par' dir='ltr' id='par_1_95' title="bbox 167 4867 1786 4939">
     <span class='ocr_line' id='line_1_95' title="bbox 167 4867 1786 4939; baseline 0.001 -20"><span class='ocrx_word' id='word_1_692' title='bbox 167 4869 676 4926; x_wconf 87' lang='lat' dir='ltr'>commendationis</span> <span class='ocrx_word' id='word_1_693' title='bbox 716 4870 958 4923; x_wconf 88' lang='lat' dir='ltr'>amittat.</span> <span class='ocrx_word' id='word_1_694' title='bbox 989 4871 1054 4923; x_wconf 85' lang='lat' dir='ltr'>Et</span> <span class='ocrx_word' id='word_1_695' title='bbox 1095 4868 1189 4922; x_wconf 91' lang='lat' dir='ltr'>illa</span> <span class='ocrx_word' id='word_1_696' title='bbox 1219 4867 1457 4939; x_wconf 89' lang='lat' dir='ltr'>quidem</span> <span class='ocrx_word' id='word_1_697' title='bbox 1492 4868 1552 4922; x_wconf 89' lang='lat' dir='ltr'>in</span> <span class='ocrx_word' id='word_1_698' title='bbox 1590 4885 1786 4924; x_wconf 90' lang='lat' dir='ltr'>omnes</span> 
     </span>
    </p>
   </div>
   <div class='ocr_carea' id='block_1_96' title="bbox 171 4962 1787 5036">
    <p class='ocr_par' dir='ltr' id='par_1_96' title="bbox 171 4962 1787 5036">
     <span class='ocr_line' id='line_1_96' title="bbox 171 4962 1787 5036; baseline 0.002 -22"><span class='ocrx_word' id='word_1_699' title='bbox 171 4966 420 5036; x_wconf 61' lang='lat' dir='ltr'>pracepti</span> <span class='ocrx_word' id='word_1_700' title='bbox 462 4965 650 5019; x_wconf 84' lang='lat' dir='ltr'>forma</span> <span class='ocrx_word' id='word_1_701' title='bbox 686 4963 1008 5034; x_wconf 88' lang='lat' dir='ltr'>generalis;</span> <span class='ocrx_word' id='word_1_702' title='bbox 1041 4978 1242 5017; x_wconf 89' lang='lat' dir='ltr'>verum</span> <span class='ocrx_word' id='word_1_703' title='bbox 1286 4963 1460 5017; x_wconf 89' lang='lat' dir='ltr'>series</span> <span class='ocrx_word' id='word_1_704' title='bbox 1497 4962 1787 5033; x_wconf 88' lang='lat' dir='ltr'>sequentis</span> 
     </span>
    </p>
   </div>
   <div class='ocr_carea' id='block_1_97' title="bbox 169 5056 1784 5130">
    <p class='ocr_par' dir='ltr' id='par_1_97' title="bbox 169 5056 1784 5130">
     <span class='ocr_line' id='line_1_97' title="bbox 169 5056 1784 5130; baseline 0.002 -24"><span class='ocrx_word' id='word_1_705' title='bbox 169 5058 402 5130; x_wconf 83' lang='lat' dir='ltr'>exempli</span> <span class='ocrx_word' id='word_1_706' title='bbox 469 5056 985 5128; x_wconf 88' lang='lat' dir='ltr'>dispensatoribus,</span> <span class='ocrx_word' id='word_1_707' title='bbox 1049 5056 1158 5110; x_wconf 91' lang='lat' dir='ltr'>hoc</span> <span class='ocrx_word' id='word_1_708' title='bbox 1221 5059 1310 5110; x_wconf 90' lang='lat' dir='ltr'>est</span> <span class='ocrx_word' id='word_1_709' title='bbox 1373 5056 1784 5122; x_wconf 89' lang='lat' dir='ltr'>sacerdotibus,</span> 
     </span>
    </p>
   </div>
   <div class='ocr_carea' id='block_1_98' title="bbox 223 5177 1788 5242">
    <p class='ocr_par' dir='ltr' id='par_1_98' title="bbox 223 5177 1788 5242">
     <span class='ocr_line' id='line_1_98' title="bbox 223 5177 1788 5242; baseline -0.002 -13"><span class='ocrx_word' id='word_1_710' title='bbox 223 5179 310 5239; x_wconf 74' lang='lat'>{95)</span> <span class='ocrx_word' id='word_1_711' title='bbox 365 5179 729 5229; x_wconf 85' lang='lat' dir='ltr'>Confessores</span> <span class='ocrx_word' id='word_1_712' title='bbox 787 5178 884 5242; x_wconf 87' lang='lat' dir='ltr'>qui</span> <span class='ocrx_word' id='word_1_713' title='bbox 946 5189 1349 5241; x_wconf 87' lang='lat' dir='ltr'>nonnunquam</span> <span class='ocrx_word' id='word_1_714' title='bbox 1410 5177 1478 5227; x_wconf 88' lang='lat' dir='ltr'>ab</span> <span class='ocrx_word' id='word_1_715' title='bbox 1545 5178 1788 5241; x_wconf 87' lang='lat' dir='ltr'>antiquis</span> 
     </span>
    </p>
   </div>
   <div class='ocr_carea' id='block_1_99' title="bbox 168 5247 1786 5314">
    <p class='ocr_par' dir='ltr' id='par_1_99' title="bbox 168 5247 1786 5314">
     <span class='ocr_line' id='line_1_99' title="bbox 168 5247 1786 5314; baseline 0.002 -20"><span class='ocrx_word' id='word_1_716' title='bbox 168 5253 449 5300; x_wconf 85' lang='lat' dir='ltr'>sumuntur</span> <span class='ocrx_word' id='word_1_717' title='bbox 473 5263 575 5313; x_wconf 87' lang='lat' dir='ltr'>pro</span> <span class='ocrx_word' id='word_1_718' title='bbox 613 5249 746 5314; x_wconf 88' lang='lat' dir='ltr'>ipsis</span> <span class='ocrx_word' id='word_1_719' title='bbox 788 5248 1142 5311; x_wconf 85' lang='lat' dir='ltr'>martyribus,</span> <span class='ocrx_word' id='word_1_720' title='bbox 1175 5247 1244 5297; x_wconf 86' lang='lat' dir='ltr'>ab</span> <span class='ocrx_word' id='word_1_721' title='bbox 1285 5247 1493 5297; x_wconf 86' lang='lat' dir='ltr'>eisdem</span> <span class='ocrx_word' id='word_1_722' title='bbox 1526 5247 1633 5299; x_wconf 91' lang='lat' dir='ltr'>hoc</span> <span class='ocrx_word' id='word_1_723' title='bbox 1663 5249 1786 5298; x_wconf 90' lang='lat' dir='ltr'>loco</span> 
     </span>
    </p>
   </div>
   <div class='ocr_carea' id='block_1_100' title="bbox 169 5319 1788 5386">
    <p class='ocr_par' dir='ltr' id='par_1_100' title="bbox 169 5319 1788 5386">
     <span class='ocr_line' id='line_1_100' title="bbox 169 5319 1788 5386; baseline 0 -17"><span class='ocrx_word' id='word_1_724' title='bbox 169 5324 442 5373; x_wconf 80' lang='lat' dir='ltr'>manifeste</span> <span class='ocrx_word' id='word_1_725' title='bbox 469 5323 901 5386; x_wconf 85' lang='lat' dir='ltr'>distinguuntur.</span> <span class='ocrx_word' id='word_1_726' title='bbox 939 5319 1132 5371; x_wconf 89' lang='lat' dir='ltr'>Utrum</span> <span class='ocrx_word' id='word_1_727' title='bbox 1171 5324 1357 5369; x_wconf 87' lang='lat' dir='ltr'>autem</span> <span class='ocrx_word' id='word_1_728' title='bbox 1389 5323 1499 5369; x_wconf 88' lang='lat' dir='ltr'>tam</span> <span class='ocrx_word' id='word_1_729' title='bbox 1537 5320 1575 5370; x_wconf 91' lang='lat' dir='ltr'>ii</span> <span class='ocrx_word' id='word_1_730' title='bbox 1607 5320 1788 5384; x_wconf 87' lang='lat' dir='ltr'>signi—</span> 
     </span>
    </p>
   </div>
   <div class='ocr_carea' id='block_1_101' title="bbox 170 5389 1789 5456">
    <p class='ocr_par' dir='ltr' id='par_1_101' title="bbox 170 5389 1789 5456">
     <span class='ocr_line' id='line_1_101' title="bbox 170 5389 1789 5456; baseline 0.002 -17"><span class='ocrx_word' id='word_1_731' title='bbox 170 5389 388 5443; x_wconf 82' lang='lat' dir='ltr'>ficentur</span> <span class='ocrx_word' id='word_1_732' title='bbox 431 5394 544 5444; x_wconf 88' lang='lat' dir='ltr'>hoc</span> <span class='ocrx_word' id='word_1_733' title='bbox 591 5394 817 5443; x_wconf 89' lang='lat' dir='ltr'>nomine</span> <span class='ocrx_word' id='word_1_734' title='bbox 869 5393 964 5456; x_wconf 90' lang='lat' dir='ltr'>qui</span> <span class='ocrx_word' id='word_1_735' title='bbox 1021 5405 1150 5442; x_wconf 90' lang='lat' dir='ltr'>cum</span> <span class='ocrx_word' id='word_1_736' title='bbox 1199 5403 1298 5454; x_wconf 93' lang='lat' dir='ltr'>pro</span> <span class='ocrx_word' id='word_1_737' title='bbox 1345 5389 1456 5439; x_wconf 86' lang='lat' dir='ltr'>ﬁde</span> <span class='ocrx_word' id='word_1_738' title='bbox 1509 5404 1789 5442; x_wconf 89' lang='lat' dir='ltr'>carcerem</span> 
     </span>
    </p>
   </div>
   <div class='ocr_carea' id='block_1_102' title="bbox 170 5463 1789 5529">
    <p class='ocr_par' dir='ltr' id='par_1_102' title="bbox 170 5463 1789 5529">
     <span class='ocr_line' id='line_1_102' title="bbox 170 5463 1789 5529; baseline 0.002 -19"><span class='ocrx_word' id='word_1_739' title='bbox 170 5469 250 5511; x_wconf 85' lang='lat' dir='ltr'>aut</span> <span class='ocrx_word' id='word_1_740' title='bbox 288 5467 569 5515; x_wconf 87' lang='lat' dir='ltr'>tormenta</span> <span class='ocrx_word' id='word_1_741' title='bbox 607 5465 755 5529; x_wconf 84' lang='lat' dir='ltr'>passi</span> <span class='ocrx_word' id='word_1_742' title='bbox 804 5467 1007 5525; x_wconf 88' lang='lat' dir='ltr'>essent,</span> <span class='ocrx_word' id='word_1_743' title='bbox 1048 5466 1240 5527; x_wconf 84' lang='lat' dir='ltr'>postea</span> <span class='ocrx_word' id='word_1_744' title='bbox 1279 5466 1463 5512; x_wconf 87' lang='lat' dir='ltr'>tamen</span> <span class='ocrx_word' id='word_1_745' title='bbox 1495 5463 1789 5514; x_wconf 88' lang='lat' dir='ltr'>incruenta</span> 
     </span>
    </p>
   </div>
   <div class='ocr_carea' id='block_1_103' title="bbox 171 5533 1789 5598">
    <p class='ocr_par' dir='ltr' id='par_1_103' title="bbox 171 5533 1789 5598">
     <span class='ocr_line' id='line_1_103' title="bbox 171 5533 1789 5598; baseline 0.001 -17"><span class='ocrx_word' id='word_1_746' title='bbox 171 5538 326 5584; x_wconf 86' lang='lat' dir='ltr'>morte</span> <span class='ocrx_word' id='word_1_747' title='bbox 357 5537 536 5586; x_wconf 76' lang='lat' dir='ltr'>vitam</span> <span class='ocrx_word' id='word_1_748' title='bbox 573 5536 909 5596; x_wconf 86' lang='lat' dir='ltr'>clauserunt,</span> <span class='ocrx_word' id='word_1_749' title='bbox 940 5547 1110 5598; x_wconf 84' lang='lat' dir='ltr'>quam</span> <span class='ocrx_word' id='word_1_750' title='bbox 1139 5533 1218 5584; x_wconf 87' lang='lat' dir='ltr'>illi</span> <span class='ocrx_word' id='word_1_751' title='bbox 1258 5534 1352 5597; x_wconf 89' lang='lat' dir='ltr'>qui</span> <span class='ocrx_word' id='word_1_752' title='bbox 1396 5537 1619 5596; x_wconf 88' lang='lat' dir='ltr'>propter</span> <span class='ocrx_word' id='word_1_753' title='bbox 1656 5534 1789 5584; x_wconf 88' lang='lat' dir='ltr'>diu-</span> 
     </span>
    </p>
   </div>
   <div class='ocr_carea' id='block_1_104' title="bbox 171 5603 1789 5671">
    <p class='ocr_par' dir='ltr' id='par_1_104' title="bbox 171 5603 1789 5671">
     <span class='ocr_line' id='line_1_104' title="bbox 171 5603 1789 5671; baseline 0.002 -19"><span class='ocrx_word' id='word_1_754' title='bbox 171 5604 366 5656; x_wconf 77' lang='lat' dir='ltr'>turnius</span> <span class='ocrx_word' id='word_1_755' title='bbox 423 5607 764 5671; x_wconf 61' lang='lat' dir='ltr'>pauitantia</span> <span class='ocrx_word' id='word_1_756' title='bbox 811 5606 1139 5670; x_wconf 85' lang='lat' dir='ltr'>martyrium</span> <span class='ocrx_word' id='word_1_757' title='bbox 1191 5605 1300 5655; x_wconf 87' lang='lat' dir='ltr'>hoc</span> <span class='ocrx_word' id='word_1_758' title='bbox 1355 5603 1626 5655; x_wconf 87' lang='lat' dir='ltr'>vocabulo</span> <span class='ocrx_word' id='word_1_759' title='bbox 1673 5608 1789 5669; x_wconf 89' lang='lat' dir='ltr'>jam</span> 
     </span>
    </p>
   </div>
   <div class='ocr_carea' id='block_1_105' title="bbox 172 5676 1790 5743">
    <p class='ocr_par' dir='ltr' id='par_1_105' title="bbox 172 5676 1790 5743">
     <span class='ocr_line' id='line_1_105' title="bbox 172 5676 1790 5743; baseline 0.001 -17"><span class='ocrx_word' id='word_1_760' title='bbox 172 5680 532 5728; x_wconf 86' lang='lat' dir='ltr'>communiter</span> <span class='ocrx_word' id='word_1_761' title='bbox 571 5679 719 5743; x_wconf 83' lang='lat' dir='ltr'>apud</span> <span class='ocrx_word' id='word_1_762' title='bbox 762 5691 864 5728; x_wconf 91' lang='lat' dir='ltr'>nos</span> <span class='ocrx_word' id='word_1_763' title='bbox 911 5678 1288 5741; x_wconf 87' lang='lat' dir='ltr'>designantur,</span> <span class='ocrx_word' id='word_1_764' title='bbox 1327 5689 1438 5725; x_wconf 91' lang='lat' dir='ltr'>non</span> <span class='ocrx_word' id='word_1_765' title='bbox 1482 5676 1616 5726; x_wconf 85' lang='lat' dir='ltr'>satis</span> <span class='ocrx_word' id='word_1_766' title='bbox 1653 5690 1790 5726; x_wconf 87' lang='lat' dir='ltr'>con-</span> 
     </span>
    </p>
   </div>
   <div class='ocr_carea' id='block_1_106' title="bbox 175 5747 1790 5809">
    <p class='ocr_par' dir='ltr' id='par_1_106' title="bbox 175 5747 1790 5809">
     <span class='ocr_line' id='line_1_106' title="bbox 175 5747 1790 5809; baseline 0.004 -17"><span class='ocrx_word' id='word_1_767' title='bbox 175 5749 282 5795; x_wconf 82' lang='lat' dir='ltr'>stat.</span> <span class='ocrx_word' id='word_1_768' title='bbox 313 5750 538 5800; x_wconf 83' lang='lat' dir='ltr'>Etenim</span> <span class='ocrx_word' id='word_1_769' title='bbox 564 5750 672 5801; x_wconf 91' lang='lat' dir='ltr'>hoc</span> <span class='ocrx_word' id='word_1_770' title='bbox 700 5751 897 5801; x_wconf 90' lang='lat' dir='ltr'>ultimo</span> <span class='ocrx_word' id='word_1_771' title='bbox 923 5762 1092 5801; x_wconf 88' lang='lat' dir='ltr'>sensu</span> <span class='ocrx_word' id='word_1_772' title='bbox 1118 5747 1174 5798; x_wconf 90' lang='lat' dir='ltr'>id</span> <span class='ocrx_word' id='word_1_773' title='bbox 1203 5747 1446 5798; x_wconf 87' lang='lat' dir='ltr'>nominis</span> <span class='ocrx_word' id='word_1_774' title='bbox 1467 5747 1619 5809; x_wconf 88' lang='lat' dir='ltr'>apud</span> <span class='ocrx_word' id='word_1_775' title='bbox 1643 5753 1790 5798; x_wconf 86' lang='lat' dir='ltr'>vete-</span> 
     </span>
    </p>
   </div>
   <div class='ocr_carea' id='block_1_107' title="bbox 175 5817 1787 5886">
    <p class='ocr_par' dir='ltr' id='par_1_107' title="bbox 175 5817 1787 5886">
     <span class='ocr_line' id='line_1_107' title="bbox 175 5817 1787 5886; baseline 0.001 -18"><span class='ocrx_word' id='word_1_776' title='bbox 175 5829 248 5868; x_wconf 82' lang='lat' dir='ltr'>res</span> <span class='ocrx_word' id='word_1_777' title='bbox 272 5821 359 5871; x_wconf 84' lang='lat' dir='ltr'>vix</span> <span class='ocrx_word' id='word_1_778' title='bbox 399 5825 726 5886; x_wconf 82' lang='lat' dir='ltr'>usurpatum</span> <span class='ocrx_word' id='word_1_779' title='bbox 766 5821 1023 5886; x_wconf 88' lang='lat' dir='ltr'>reperias.</span> <span class='ocrx_word' id='word_1_780' title='bbox 1053 5819 1206 5870; x_wconf 86' lang='lat' dir='ltr'>Alias</span> <span class='ocrx_word' id='word_1_781' title='bbox 1234 5831 1365 5870; x_wconf 90' lang='lat' dir='ltr'>vero</span> <span class='ocrx_word' id='word_1_782' title='bbox 1401 5817 1651 5880; x_wconf 87' lang='lat' dir='ltr'>ejusdem</span> <span class='ocrx_word' id='word_1_783' title='bbox 1690 5831 1787 5869; x_wconf 89' lang='lat' dir='ltr'>vo-</span> 
     </span>
    </p>
   </div>
   <div class='ocr_carea' id='block_1_108' title="bbox 1888 4585 3514 4658">
    <p class='ocr_par' dir='ltr' id='par_1_108' title="bbox 1888 4585 3514 4658">
     <span class='ocr_line' id='line_1_108' title="bbox 1888 4585 3514 4658; baseline -0.002 -16"><span class='ocrx_word' id='word_1_784' title='bbox 1888 4588 2161 4658; x_wconf 91' lang='lat' dir='ltr'>scriptum</span> <span class='ocrx_word' id='word_1_785' title='bbox 2198 4591 2282 4640; x_wconf 90' lang='lat' dir='ltr'>est</span> <span class='ocrx_word' id='word_1_786' title='bbox 2315 4602 2326 4640; x_wconf 91' lang='lat'><strong>:</strong></span> <span class='ocrx_word' id='word_1_787' title='bbox 2368 4588 2439 4639; x_wconf 86' lang='lat' dir='ltr'>Et</span> <span class='ocrx_word' id='word_1_788' title='bbox 2472 4585 2731 4655; x_wconf 85' lang='lat' dir='ltr'>quo-modo</span> <span class='ocrx_word' id='word_1_789' title='bbox 2766 4600 2942 4654; x_wconf 87' lang='lat' dir='ltr'>angor</span> <span class='ocrx_word' id='word_1_790' title='bbox 2979 4600 3149 4654; x_wconf 87' lang='lat' dir='ltr'>usque</span> <span class='ocrx_word' id='word_1_791' title='bbox 3193 4585 3325 4638; x_wconf 87' lang='lat' dir='ltr'>dum</span> <span class='ocrx_word' id='word_1_792' title='bbox 3348 4585 3514 4654; x_wconf 78' lang='lat' dir='ltr'>perﬁ-</span> 
     </span>
    </p>
   </div>
   <div class='ocr_carea' id='block_1_109' title="bbox 1888 4675 3512 4750">
    <p class='ocr_par' dir='ltr' id='par_1_109' title="bbox 1888 4675 3512 4750">
     <span class='ocr_line' id='line_1_109' title="bbox 1888 4675 3512 4750; baseline -0.004 -14"><span class='ocrx_word' id='word_1_793' title='bbox 1888 4683 2115 4736; x_wconf 81' lang='lat' dir='ltr'>ciatur?</span> <span class='ocrx_word' id='word_1_794' title='bbox 2156 4680 2357 4750; x_wconf 88' lang='lat' dir='ltr'>Utique</span> <span class='ocrx_word' id='word_1_795' title='bbox 2402 4678 2496 4749; x_wconf 89' lang='lat' dir='ltr'>qui</span> <span class='ocrx_word' id='word_1_796' title='bbox 2546 4694 2724 4749; x_wconf 87' lang='lat' dir='ltr'>usque</span> <span class='ocrx_word' id='word_1_797' title='bbox 2769 4677 2841 4732; x_wconf 89' lang='lat' dir='ltr'>ad</span> <span class='ocrx_word' id='word_1_798' title='bbox 2891 4678 3306 4748; x_wconf 84' lang='lat' dir='ltr'>perfectionem</span> <span class='ocrx_word' id='word_1_799' title='bbox 3352 4675 3512 4747; x_wconf 86' lang='lat' dir='ltr'>angi-</span> 
     </span>
    </p>
   </div>
   <div class='ocr_carea' id='block_1_110' title="bbox 1887 4770 3513 4844">
    <p class='ocr_par' dir='ltr' id='par_1_110' title="bbox 1887 4770 3513 4844">
     <span class='ocr_line' id='line_1_110' title="bbox 1887 4770 3513 4844; baseline -0.004 -15"><span class='ocrx_word' id='word_1_800' title='bbox 1887 4780 1999 4840; x_wconf 89' lang='lat' dir='ltr'>tur,</span> <span class='ocrx_word' id='word_1_801' title='bbox 2030 4774 2098 4828; x_wconf 91' lang='lat' dir='ltr'>de</span> <span class='ocrx_word' id='word_1_802' title='bbox 2128 4773 2474 4844; x_wconf 86' lang='lat' dir='ltr'>perfectione</span> <span class='ocrx_word' id='word_1_803' title='bbox 2503 4772 2735 4826; x_wconf 86' lang='lat' dir='ltr'>securus</span> <span class='ocrx_word' id='word_1_804' title='bbox 2763 4778 2866 4827; x_wconf 91' lang='lat' dir='ltr'>est.</span> <span class='ocrx_word' id='word_1_805' title='bbox 2900 4773 2966 4826; x_wconf 86' lang='lat' dir='ltr'>Et</span> <span class='ocrx_word' id='word_1_806' title='bbox 2992 4772 3070 4826; x_wconf 91' lang='lat' dir='ltr'>ait</span> <span class='ocrx_word' id='word_1_807' title='bbox 3097 4771 3229 4826; x_wconf 89' lang='lat' dir='ltr'>alibi</span> <span class='ocrx_word' id='word_1_808' title='bbox 3260 4788 3271 4825; x_wconf 91' lang='lat'>:</span> <span class='ocrx_word' id='word_1_809' title='bbox 3308 4791 3334 4822; x_wconf 76' lang='grc' dir='ltr'><strong><em>α</em></strong></span> <span class='ocrx_word' id='word_1_810' title='bbox 3366 4770 3513 4824; x_wconf 88' lang='lat' dir='ltr'>Tris-</span> 
     </span>
    </p>
   </div>
   <div class='ocr_carea' id='block_1_111' title="bbox 1887 4865 3514 4939">
    <p class='ocr_par' dir='ltr' id='par_1_111' title="bbox 1887 4865 3514 4939">
     <span class='ocr_line' id='line_1_111' title="bbox 1887 4865 3514 4939; baseline -0.003 -15"><span class='ocrx_word' id='word_1_811' title='bbox 1887 4868 1959 4924; x_wconf 88' lang='lat' dir='ltr'>tis</span> <span class='ocrx_word' id='word_1_812' title='bbox 1979 4874 2082 4936; x_wconf 90' lang='lat' dir='ltr'>est,</span> <span class='ocrx_word' id='word_1_813' title='bbox 2103 4867 2310 4939; x_wconf 90' lang='lat' dir='ltr'>inquit,</span> <span class='ocrx_word' id='word_1_814' title='bbox 2333 4867 2518 4921; x_wconf 89' lang='lat' dir='ltr'>anima</span> <span class='ocrx_word' id='word_1_815' title='bbox 2545 4883 2672 4921; x_wconf 90' lang='lat' dir='ltr'>mea</span> <span class='ocrx_word' id='word_1_816' title='bbox 2699 4883 2876 4939; x_wconf 89' lang='lat' dir='ltr'>usque</span> <span class='ocrx_word' id='word_1_817' title='bbox 2902 4867 2969 4922; x_wconf 89' lang='lat' dir='ltr'>ad</span> <span class='ocrx_word' id='word_1_818' title='bbox 3000 4870 3245 4921; x_wconf 84' lang='lat' dir='ltr'>mortem</span> <span class='ocrx_word' id='word_1_819' title='bbox 3267 4865 3514 4936; x_wconf 79' lang='lat' dir='ltr'>(Matth.,</span> 
     </span>
    </p>
   </div>
   <div class='ocr_carea' id='block_1_112' title="bbox 1889 4958 3514 5032">
    <p class='ocr_par' dir='ltr' id='par_1_112' title="bbox 1889 4958 3514 5032">
     <span class='ocr_line' id='line_1_112' title="bbox 1889 4958 3514 5032; baseline -0.003 -16"><span class='ocrx_word' id='word_1_820' title='bbox 1889 4979 2032 5027; x_wconf 72' lang='lat' dir='ltr'>xxvr,</span> <span class='ocrx_word' id='word_1_821' title='bbox 2079 4965 2246 5030; x_wconf 82' lang='lat'>38).»</span> <span class='ocrx_word' id='word_1_822' title='bbox 2288 4961 2411 5015; x_wconf 83' lang='lat' dir='ltr'>Non</span> <span class='ocrx_word' id='word_1_823' title='bbox 2457 4964 2697 5032; x_wconf 90' lang='lat' dir='ltr'>propter</span> <span class='ocrx_word' id='word_1_824' title='bbox 2742 4966 3013 5029; x_wconf 88' lang='lat' dir='ltr'>mortem,</span> <span class='ocrx_word' id='word_1_825' title='bbox 3063 4959 3158 5014; x_wconf 90' lang='lat' dir='ltr'>sed</span> <span class='ocrx_word' id='word_1_826' title='bbox 3211 4975 3389 5029; x_wconf 90' lang='lat' dir='ltr'>usque</span> <span class='ocrx_word' id='word_1_827' title='bbox 3442 4958 3514 5012; x_wconf 89' lang='lat' dir='ltr'>ad</span> 
     </span>
    </p>
   </div>
   <div class='ocr_carea' id='block_1_113' title="bbox 1887 5051 3518 5126">
    <p class='ocr_par' dir='ltr' id='par_1_113' title="bbox 1887 5051 3518 5126">
     <span class='ocr_line' id='line_1_113' title="bbox 1887 5051 3518 5126; baseline -0.003 -15"><span class='ocrx_word' id='word_1_828' title='bbox 1887 5058 2134 5112; x_wconf 90' lang='lat' dir='ltr'>mortem</span> <span class='ocrx_word' id='word_1_829' title='bbox 2186 5055 2363 5109; x_wconf 89' lang='lat' dir='ltr'>tristis</span> <span class='ocrx_word' id='word_1_830' title='bbox 2413 5061 2499 5109; x_wconf 91' lang='lat' dir='ltr'>est</span> <span class='ocrx_word' id='word_1_831' title='bbox 2547 5054 2849 5124; x_wconf 89' lang='lat' dir='ltr'>Dominus;</span> <span class='ocrx_word' id='word_1_832' title='bbox 2901 5055 3036 5126; x_wconf 91' lang='lat' dir='ltr'>quia</span> <span class='ocrx_word' id='word_1_833' title='bbox 3079 5070 3211 5108; x_wconf 92' lang='lat' dir='ltr'>eum</span> <span class='ocrx_word' id='word_1_834' title='bbox 3268 5051 3518 5107; x_wconf 89' lang='lat' dir='ltr'>conditio</span> 
     </span>
    </p>
   </div>
   <div class='ocr_carea' id='block_1_114' title="bbox 1889 5175 3516 5242">
    <p class='ocr_par' dir='ltr' id='par_1_114' title="bbox 1889 5175 3516 5242">
     <span class='ocr_line' id='line_1_114' title="bbox 1889 5175 3516 5242; baseline -0.002 -13"><span class='ocrx_word' id='word_1_835' title='bbox 1889 5180 1970 5229; x_wconf 90' lang='lat' dir='ltr'>cis</span> <span class='ocrx_word' id='word_1_836' title='bbox 1997 5179 2475 5241; x_wconf 88' lang='lat' dir='ltr'>interpretationes</span> <span class='ocrx_word' id='word_1_837' title='bbox 2509 5178 2714 5228; x_wconf 87' lang='lat' dir='ltr'>videsis</span> <span class='ocrx_word' id='word_1_838' title='bbox 2744 5177 2890 5242; x_wconf 89' lang='lat' dir='ltr'>apud</span> <span class='ocrx_word' id='word_1_839' title='bbox 2915 5175 3238 5227; x_wconf 85' lang='lat' dir='ltr'>Menardum</span> <span class='ocrx_word' id='word_1_840' title='bbox 3267 5180 3516 5226; x_wconf 88' lang='lat' dir='ltr'>nostrum</span> 
     </span>
    </p>
   </div>
   <div class='ocr_carea' id='block_1_115' title="bbox 1888 5247 3519 5314">
    <p class='ocr_par' dir='ltr' id='par_1_115' title="bbox 1888 5247 3519 5314">
     <span class='ocr_line' id='line_1_115' title="bbox 1888 5247 3519 5314; baseline -0.002 -14"><span class='ocrx_word' id='word_1_841' title='bbox 1888 5251 1944 5300; x_wconf 89' lang='lat' dir='ltr'>in</span> <span class='ocrx_word' id='word_1_842' title='bbox 1972 5250 2068 5299; x_wconf 89' lang='lat' dir='ltr'>lib.</span> <span class='ocrx_word' id='word_1_843' title='bbox 2105 5250 2344 5299; x_wconf 85' lang='lat' dir='ltr'>Sacram.</span> <span class='ocrx_word' id='word_1_844' title='bbox 2372 5249 2426 5300; x_wconf 92' lang='lat' dir='ltr'>S.</span> <span class='ocrx_word' id='word_1_845' title='bbox 2456 5250 2620 5314; x_wconf 86' lang='lat' dir='ltr'>Greg.</span> <span class='ocrx_word' id='word_1_846' title='bbox 2659 5249 2913 5312; x_wconf 85' lang='lat' dir='ltr'>pluribus</span> <span class='ocrx_word' id='word_1_847' title='bbox 2957 5249 3111 5309; x_wconf 90' lang='lat' dir='ltr'>locis,</span> <span class='ocrx_word' id='word_1_848' title='bbox 3151 5252 3206 5298; x_wconf 88' lang='lat' dir='ltr'>et</span> <span class='ocrx_word' id='word_1_849' title='bbox 3245 5247 3519 5313; x_wconf 88' lang='lat' dir='ltr'>Cangium</span> 
     </span>
    </p>
   </div>
   <div class='ocr_carea' id='block_1_116' title="bbox 1889 5321 3520 5384">
    <p class='ocr_par' dir='ltr' id='par_1_116' title="bbox 1889 5321 3520 5384">
     <span class='ocr_line' id='line_1_116' title="bbox 1889 5321 3520 5384; baseline -0.002 -10"><span class='ocrx_word' id='word_1_850' title='bbox 1889 5324 1946 5374; x_wconf 90' lang='lat' dir='ltr'>in</span> <span class='ocrx_word' id='word_1_851' title='bbox 1994 5323 2228 5374; x_wconf 82' lang='lat' dir='ltr'>Glossar.</span> <span class='ocrx_word' id='word_1_852' title='bbox 2269 5323 2337 5372; x_wconf 87' lang='lat' dir='ltr'>ad</span> <span class='ocrx_word' id='word_1_853' title='bbox 2382 5323 2634 5374; x_wconf 87' lang='lat' dir='ltr'>eamdem</span> <span class='ocrx_word' id='word_1_854' title='bbox 2685 5335 2896 5373; x_wconf 89' lang='lat' dir='ltr'>vocem.</span> <span class='ocrx_word' id='word_1_855' title='bbox 2938 5321 3100 5384; x_wconf 91' lang='lat' dir='ltr'>Quod</span> <span class='ocrx_word' id='word_1_856' title='bbox 3154 5325 3338 5371; x_wconf 86' lang='lat' dir='ltr'>autem</span> <span class='ocrx_word' id='word_1_857' title='bbox 3385 5333 3520 5370; x_wconf 75' lang='lat' dir='ltr'>con-</span> 
     </span>
    </p>
   </div>
   <div class='ocr_carea' id='block_1_117' title="bbox 1891 5392 3517 5457">
    <p class='ocr_par' dir='ltr' id='par_1_117' title="bbox 1891 5392 3517 5457">
     <span class='ocr_line' id='line_1_117' title="bbox 1891 5392 3517 5457; baseline -0.002 -13"><span class='ocrx_word' id='word_1_858' title='bbox 1891 5394 2195 5444; x_wconf 86' lang='lat' dir='ltr'>fessoribus</span> <span class='ocrx_word' id='word_1_859' title='bbox 2252 5396 2412 5444; x_wconf 72' lang='lat' dir='ltr'>violte</span> <span class='ocrx_word' id='word_1_860' title='bbox 2462 5396 2832 5457; x_wconf 74' lang='lat' dir='ltr'>assignantur,</span> <span class='ocrx_word' id='word_1_861' title='bbox 2880 5407 2945 5443; x_wconf 86' lang='lat' dir='ltr'>ea</span> <span class='ocrx_word' id='word_1_862' title='bbox 3000 5406 3165 5443; x_wconf 86' lang='lat' dir='ltr'>causa</span> <span class='ocrx_word' id='word_1_863' title='bbox 3224 5397 3323 5454; x_wconf 88' lang='lat' dir='ltr'>est,</span> <span class='ocrx_word' id='word_1_864' title='bbox 3370 5392 3517 5456; x_wconf 88' lang='lat' dir='ltr'>quod</span> 
     </span>
    </p>
   </div>
   <div class='ocr_carea' id='block_1_118' title="bbox 1891 5463 3517 5529">
    <p class='ocr_par' dir='ltr' id='par_1_118' title="bbox 1891 5463 3517 5529">
     <span class='ocr_line' id='line_1_118' title="bbox 1891 5463 3517 5529; baseline -0.004 -12"><span class='ocrx_word' id='word_1_865' title='bbox 1891 5479 2121 5529; x_wconf 87' lang='lat' dir='ltr'>corpora</span> <span class='ocrx_word' id='word_1_866' title='bbox 2164 5465 2424 5516; x_wconf 89' lang='lat' dir='ltr'>severiori</span> <span class='ocrx_word' id='word_1_867' title='bbox 2464 5464 2824 5528; x_wconf 87' lang='lat' dir='ltr'>castigatione</span> <span class='ocrx_word' id='word_1_868' title='bbox 2869 5463 3093 5514; x_wconf 85' lang='lat' dir='ltr'>liventia</span> <span class='ocrx_word' id='word_1_869' title='bbox 3138 5467 3517 5514; x_wconf 88' lang='lat' dir='ltr'>mortuorum-</span> 
     </span>
    </p>
   </div>
   <div class='ocr_carea' id='block_1_119' title="bbox 1891 5534 3522 5602">
    <p class='ocr_par' dir='ltr' id='par_1_119' title="bbox 1891 5534 3522 5602">
     <span class='ocr_line' id='line_1_119' title="bbox 1891 5534 3522 5602; baseline -0.003 -14"><span class='ocrx_word' id='word_1_870' title='bbox 1891 5550 2000 5602; x_wconf 87' lang='lat' dir='ltr'>que</span> <span class='ocrx_word' id='word_1_871' title='bbox 2032 5536 2395 5587; x_wconf 86' lang='lat' dir='ltr'>cadaveribus</span> <span class='ocrx_word' id='word_1_872' title='bbox 2438 5534 2588 5585; x_wconf 86' lang='lat' dir='ltr'>haud</span> <span class='ocrx_word' id='word_1_873' title='bbox 2634 5535 2871 5584; x_wconf 89' lang='lat' dir='ltr'>multum</span> <span class='ocrx_word' id='word_1_874' title='bbox 2911 5534 3201 5585; x_wconf 86' lang='lat' dir='ltr'>dissimilia</span> <span class='ocrx_word' id='word_1_875' title='bbox 3239 5535 3522 5600; x_wconf 88' lang='lat' dir='ltr'>quodam-</span> 
     </span>
    </p>
   </div>
   <div class='ocr_carea' id='block_1_120' title="bbox 1890 5606 3516 5659">
    <p class='ocr_par' dir='ltr' id='par_1_120' title="bbox 1890 5606 3516 5659">
     <span class='ocr_line' id='line_1_120' title="bbox 1890 5606 3516 5659; baseline -0.002 0"><span class='ocrx_word' id='word_1_876' title='bbox 1890 5609 2056 5659; x_wconf 90' lang='lat' dir='ltr'>modo</span> <span class='ocrx_word' id='word_1_877' title='bbox 2117 5609 2424 5659; x_wconf 88' lang='lat' dir='ltr'>violaceum</span> <span class='ocrx_word' id='word_1_878' title='bbox 2481 5609 2720 5658; x_wconf 91' lang='lat' dir='ltr'>colorem</span> <span class='ocrx_word' id='word_1_879' title='bbox 2792 5607 3050 5658; x_wconf 88' lang='lat' dir='ltr'>referunt.</span> <span class='ocrx_word' id='word_1_880' title='bbox 3105 5607 3244 5658; x_wconf 87' lang='lat' dir='ltr'>Vide</span> <span class='ocrx_word' id='word_1_881' title='bbox 3307 5606 3516 5657; x_wconf 86' lang='lat' dir='ltr'>Silvam</span> 
     </span>
    </p>
   </div>
   <div class='ocr_carea' id='block_1_121' title="bbox 1889 5679 2760 5744">
    <p class='ocr_par' dir='ltr' id='par_1_121' title="bbox 1889 5679 2760 5744">
     <span class='ocr_line' id='line_1_121' title="bbox 1889 5679 2760 5744; baseline -0.006 -12"><span class='ocrx_word' id='word_1_882' title='bbox 1889 5681 2291 5744; x_wconf 77' lang='lat' dir='ltr'>Allegoriarum</span> <span class='ocrx_word' id='word_1_883' title='bbox 2317 5680 2374 5729; x_wconf 90' lang='lat' dir='ltr'>in</span> <span class='ocrx_word' id='word_1_884' title='bbox 2399 5692 2556 5741; x_wconf 86' lang='lat' dir='ltr'>voce,</span> <span class='ocrx_word' id='word_1_885' title='bbox 2591 5679 2760 5728; x_wconf 79' lang='grc' dir='ltr'>νεοια.</span> 
     </span>
    </p>
   </div>
   <div class='ocr_carea' id='block_1_122' title="bbox 1953 5749 3156 5815">
    <p class='ocr_par' dir='ltr' id='par_1_122' title="bbox 1953 5749 3156 5815">
     <span class='ocr_line' id='line_1_122' title="bbox 1953 5749 3156 5815; baseline -0.003 -13"><span class='ocrx_word' id='word_1_886' title='bbox 1953 5751 2053 5813; x_wconf 82' lang='lat'>(96)</span> <span class='ocrx_word' id='word_1_887' title='bbox 2075 5751 2203 5801; x_wconf 84' lang='lat' dir='ltr'>Mss.</span> <span class='ocrx_word' id='word_1_888' title='bbox 2231 5751 2457 5814; x_wconf 82' lang='lat' dir='ltr'>aliquot,</span> <span class='ocrx_word' id='word_1_889' title='bbox 2484 5763 2593 5801; x_wconf 83' lang='lat' dir='ltr'>non</span> <span class='ocrx_word' id='word_1_890' title='bbox 2621 5755 2695 5801; x_wconf 79' lang='lat' dir='ltr'>est</span> <span class='ocrx_word' id='word_1_891' title='bbox 2722 5749 2877 5815; x_wconf 81' lang='lat' dir='ltr'>hujus</span> <span class='ocrx_word' id='word_1_892' title='bbox 2900 5751 3006 5800; x_wconf 80' lang='lat' dir='ltr'>diei</span> <span class='ocrx_word' id='word_1_893' title='bbox 3027 5749 3156 5798; x_wconf 79' lang='lat' dir='ltr'>vita.</span> 
     </span>
    </p>
   </div>
  </div>
