3936 6158
419 216 554 270 1823

1881 209 1937 264 S.
1982 205 2302 264 AMBROSII

3603 211 3705 268 1824

403 335 710 409 corporalis
756 335 1009 407 affectus,
1059 355 1176 394 non
1223 338 1472 396 formido
1517 338 1717 395 mortis
1771 337 2031 394 offendit.
2059 339 2239 422 Aaut
2282 337 2529 390 matrem
2577 335 2703 405 plus
2746 348 2920 406 quam
2974 350 3088 399 me,
3135 349 3252 389 non
3289 337 3378 387 est
3422 349 3500 389 me
3540 336 3708 410 dignus

401 432 541 486 Nam
571 429 670 502 qui
693 447 900 503 corpus
927 433 1196 504 suscepit,
1227 433 1424 488 omnia
1455 433 1660 489 debuit
1687 433 1874 488 subire
1904 448 2036 504 qua:

406 523 662 595 corporis
698 527 858 592 sunt;
889 528 954 579 ut
992 526 1252 593 esuriret,
1293 525 1492 593 sitiret,
1533 531 1861 597 angeretur,
1901 541 2033 579 con-

402 617 744 688 tristaretur;
775 618 1037 674 divinitas
1061 623 1251 674 autem
1283 621 1623 674 commutari
1661 637 1764 691 per
1800 620 1902 674 hos
1931 636 2034 673 ne-

406 711 509 766 scit
557 711 810 768 atfectus.
863 712 1045 768 Simul
1103 713 1352 768 ostendit
1403 713 1557 784 quod
1611 714 1668 767 in
1723 713 2036 768 certamine

404 805 679 878 passionis
724 822 880 861 mors
919 807 1192 878 corporis,
1230 807 1510 862 absolutio
1550 807 1872 874 anxietatis,
1920 824 2036 862 non

407 899 757 955 coacervatio
787 899 859 954 sit
887 899 1120 956 doloris.

473 994 651 1063 (Vere.
698 996 904 1064 51-53.)
952 997 1168 1050 Putatis
1215 996 1360 1066 quod
1393 1011 1585 1065 pacem
1627 998 1750 1049 veni
1798 996 1932 1050 dare
1979 998 2036 1049 in

409 1089 650 1142 terram?
692 1089 815 1144 Non
858 1088 977 1142 dico
1032 1089 1197 1151 vobis,
1243 1091 1336 1144 sed
1389 1091 1806 1158 separationem.
1857 1091 2039 1144 Erunt

409 1185 590 1235 autem
628 1195 695 1236 ea:
736 1181 831 1236 hoc
865 1183 1108 1251 quinque
1151 1185 1212 1236 in
1253 1183 1408 1237 domo
1454 1199 1566 1236 una
1607 1183 1786 1247 divisi,
1835 1190 1940 1238 tres
1980 1186 2040 1237 in

406 1272 562 1337 duos,
607 1281 658 1328 et
693 1274 800 1329 duo
834 1277 892 1328 in
932 1281 1038 1329 tres
1070 1275 1409 1330 dividentur.
1457 1279 1622 1331 Pater
1659 1279 1716 1331 in
1757 1277 1951 1344 ﬁlium,
1990 1281 2042 1332 et

407 1368 554 1436 ﬁlius
588 1370 649 1421 in
666 1373 882 1438 patrem
917 1368 1265 1434 dividentur;
1295 1375 1471 1424 mater
1508 1373 1568 1424 in
1608 1371 1800 1438 ﬁlium,
1831 1376 1883 1425 et
1923 1372 2040 1439 ﬁlia

409 1461 472 1514 in
497 1466 726 1515 matrem
747 1479 765 1527 ;
785 1476 968 1516 socrus
987 1464 1044 1515 in
1071 1477 1269 1517 nurum
1287 1478 1465 1526 suam,
1492 1469 1542 1518 et
1561 1479 1733 1518 nurus
1751 1465 1809 1518 in
1829 1479 2040 1519 socrum

409 1568 565 1608 suam
572 1594 584 1606 .

486 1647 604 1700 134.
661 1649 802 1703 Cum
855 1647 914 1702 in
977 1648 1245 1703 omnibus
1310 1650 1427 1704 fere
1492 1650 1843 1722 Evangelicis
1905 1651 2042 1706 locis

2140 429 2386 498 (Matth.,
2431 445 2486 496 x,
2535 431 2642 498 37).
2682 449 2709 477 ››
2759 429 2881 483 Non
2936 427 3176 499 diligere
3215 430 3489 498 parentes,
3524 431 3603 485 sed
3636 448 3713 488 eos

2139 523 2252 577 Deo
2294 521 2566 593 praeferre
2604 521 2955 592 prohiberis;
3004 521 3217 576 etenim
3260 525 3473 575 natura:
3511 523 3712 594 pignora

2138 615 2368 671 Domini
2412 615 2688 670 beneﬁcia
2734 621 2865 670 sunt
2900 632 2912 669 :
2959 631 3063 669 nec
3100 615 3400 686 quisquam
3433 613 3580 671 debet
3614 618 3716 689 plus

2140 727 2332 765 amare
2395 708 2735 765 beneﬁcium
2811 709 2964 782 quod
3035 708 3290 780 accepit,
3355 724 3515 779 quam
3568 711 3714 767 Deum

2137 821 2170 858 a
2209 820 2322 875 quo
2369 803 2710 858 beneficium
2756 807 3010 858 servatur
3052 808 3369 873 acceptum.
3409 803 3539 873 Ergo
3573 804 3718 860 etiam

2139 897 2449 953 secundum
2513 887 2763 952 litteram
2840 897 2931 968 pie
3007 894 3454 967 intelligentibus
3523 898 3717 969 exposi-

2137 991 2218 1046 tio
2269 991 2533 1062 religiosa
2585 1006 2700 1045 non
2755 990 2946 1058 deest;
3003 990 3194 1044 subest
3250 994 3442 1043 tamen
3500 1006 3599 1061 quo
3654 992 3723 1045 al-

2138 1085 2248 1140 tius
2285 1085 2648 1140 referendum
2679 1088 2942 1156 putemus
2973 1084 3125 1139 hunc
3152 1098 3408 1152 sensum,
3437 1083 3560 1154 quia
3587 1084 3720 1139 addi-

2139 1179 2220 1234 dit
2259 1201 2269 1232 :

2213 1272 2400 1344 (Ibid.)
2439 1276 2613 1328 Erunt
2648 1288 2716 1327 ea:
2747 1273 2842 1329 hoc
2871 1275 3114 1343 quinque
3148 1275 3207 1326 in
3246 1271 3401 1326 domo
3444 1286 3546 1325 una
3573 1273 3728 1335 divisi,

2141 1371 2245 1422 tres
2273 1370 2333 1420 in
2357 1367 2513 1430 duos,
2543 1373 2593 1420 et
2621 1368 2729 1421 duo
2753 1369 2814 1420 in
2843 1373 2949 1421 tres
2977 1366 3313 1420 dividentur.

2217 1463 2336 1515 137.
2371 1460 2479 1524 Qui
2523 1465 2656 1515 sunt
2693 1461 2850 1514 enim
2887 1460 3162 1531 quinque,
3195 1475 3324 1513 cum
3370 1475 3459 1514 sex
3504 1475 3738 1529 persona-

2142 1570 2273 1609 rum
2303 1554 2444 1608 facta
2473 1553 2731 1609 videatur
2777 1553 3069 1624 subjectio,
3111 1553 3287 1624 patris
3319 1558 3377 1607 et
3415 1551 3530 1620 lilii,
3568 1552 3740 1606 matris

2143 1654 2200 1701 et
2230 1647 2382 1716 tiliae,
2412 1664 2609 1702 socrus
2637 1653 2693 1702 et
2721 1647 2940 1702 nurus?
2971 1648 3331 1717 Quamquam
3359 1646 3548 1700 eadem
3578 1652 3735 1700 mater

411 1738 716 1810 spiritualis
753 1741 1074 1797 intellectus
1114 1748 1399 1813 operetur,
1441 1746 1635 1798 tamen
1656 1718 1736 1798 vin
1773 1745 2043 1815 praesenti
2065 1718 2118 1789 Β
2144 1757 2272 1813 quas
2297 1757 2490 1796 socrus
2516 1740 2694 1812 accipi
2725 1741 2930 1812 possit;
2961 1757 3091 1812 quas
3120 1739 3272 1795 enim
3317 1743 3496 1794 mater
3531 1744 3610 1793 est
3638 1738 3742 1805 ﬁlii,

410 1833 662 1887 maxime
689 1850 761 1888 ne
799 1850 976 1905 quem
1013 1834 1220 1889 duritia
1259 1835 1427 1889 nudae
1461 1837 1828 1907 expositionis
1858 1838 2038 1893 olfen-

413 1924 532 1992 dat,
578 1925 816 1997 spiritali
855 1927 1164 1983 altitudine
1205 1944 1404 1983 sensus
1443 1930 1618 1984 series
1657 1933 2037 2001 temperanda

414 2021 542 2074 est:
586 2019 902 2089 praesertim
933 2036 1063 2076 cum
1095 2026 1456 2077 sacrosancta
1493 2023 1694 2094 religio
1733 2025 2042 2080 moralibus

415 2112 744 2183 disciplinis,
774 2117 832 2167 et
858 2114 1088 2169 mitibus
1115 2115 1345 2186 pietatis
1383 2117 1658 2188 exemplis
1696 2118 1867 2173 etiam
1909 2119 2040 2173 ﬁdei

415 2206 634 2260 exsules
655 2207 725 2261 ad
753 2208 1132 2263 reverentiam
1153 2212 1345 2265 tamen
1365 2209 1452 2264 sui
1480 2211 1791 2266 clementer
1816 2211 2038 2282 invitet,

413 2301 481 2354 ut
513 2300 726 2372 praevia
758 2301 892 2358 ﬁdei
931 2303 1225 2374 disciplina
1255 2304 1694 2359 mansuetudine
1721 2305 1809 2359 sui
1852 2323 2043 2378 super-

411 2392 707 2449 stitionum
729 2395 872 2450 dura
893 2395 1178 2465 dissolvat,
1203 2402 1260 2452 et
1280 2397 1550 2452 obnoxias
1572 2399 1861 2453 erroribus
1883 2416 2043 2454 men-

413 2489 499 2541 tes
538 2493 705 2558 cogat
751 2489 924 2544 etiam
962 2489 1074 2544 fide
1118 2490 1370 2559 credere,
1413 2507 1552 2562 quas
1601 2492 1785 2563 potuit
1830 2493 2041 2563 pietate

417 2582 691 2638 mulcere.
744 2583 965 2639 Etenim
1014 2601 1144 2640 cum
1197 2585 1331 2641 ﬁdei
1389 2587 1505 2642 alta
1554 2587 1879 2658 pectoribus
1927 2605 2040 2642 non

419 2674 724 2745 capiuntur
769 2676 1029 2748 inﬁrmis,
1061 2695 1164 2749 per
1201 2695 1269 2733 ea
1305 2695 1435 2750 quas
1476 2687 1762 2752 praecepta
1797 2685 1946 2749 sunt,
1975 2697 2044 2736 ea

413 2784 543 2839 qua:
565 2771 884 2826 veneranda
913 2777 1066 2839 sunt,
1092 2773 1465 2843 aestimantur,
1497 2779 1556 2828 ut
1574 2774 1730 2845 justa
1767 2776 1839 2829 de
1861 2776 2039 2846 justo,

411 2869 606 2917 sancta
637 2863 685 2936 1
703 2863 895 2938 443
923 2865 994 2920 de
1027 2872 1219 2922 sancto
1247 2867 1532 2922 bonorum
1560 2884 1795 2923 suorum
1822 2867 2042 2924 bonum

415 2960 701 3012 testentur
731 2965 980 3015 auctore.

2142 1851 2337 1890 socrus
2381 1835 2505 1905 ejus
2549 1835 2740 1889 uxoris
2789 1840 2891 1901 est,
2935 1839 2999 1889 ut
3036 1834 3204 1905 juxta
3249 1833 3502 1888 litteram
3545 1848 3742 1904 quoque

2142 1927 2368 1983 numeri
2419 1944 2532 1982 non
2574 1927 2823 1982 absurda
2860 1928 2934 1982 sit
2977 1927 3139 1994 ratio,
3186 1927 3520 1998 liquidoque
3558 1927 3747 1980 clareat

2142 2021 2318 2076 tidem
2379 2021 2618 2076 vinculis
2682 2038 2893 2076 nexam
2969 2037 3084 2075 non
3148 2036 3269 2075 esse
3337 2024 3588 2087 naturas,
3647 2035 3745 2089 quo

2142 2115 2276 2170 licet
2335 2114 2518 2170 ofﬁcio
2581 2114 2806 2186 pietatis
2868 2114 3119 2180 obnoxii,
3177 2113 3288 2168 ﬁde
3354 2118 3545 2168 tamen
3601 2111 3749 2166 liberi

2143 2215 2296 2264 sunt.

2217 2306 2337 2358 138.
2367 2303 2487 2358 Non
2519 2302 2905 2374 incongruum
2941 2317 3171 2374 quoque
3209 2301 3437 2356 videtur
3466 2301 3511 2355 si
3539 2300 3754 2372 mystica

2141 2397 2612 2468 interpretatione
2675 2397 2986 2452 enodemus
3038 2397 3190 2450 hunc
3245 2411 3504 2450 sensum.
3565 2395 3756 2448 Domus

2145 2507 2274 2559 una,
2308 2491 2482 2546 homo
2515 2507 2662 2544 unus
2689 2496 2792 2546 est.
2823 2489 3220 2561 Unusquisque
3249 2489 3408 2544 enim
3441 2489 3642 2543 domus
3670 2492 3756 2540 aut

2143 2585 2238 2640 Dei
2266 2587 2371 2651 est,
2405 2591 2504 2639 aut
2529 2584 2760 2639 diaboli.
2789 2586 2980 2655 Itaque
3002 2583 3209 2638 domus
3234 2582 3572 2654 spiritualis,
3600 2581 3756 2635 homo

2144 2682 2230 2732 est
2278 2677 2607 2750 spiritualis,
2653 2677 2794 2732 sicut
2843 2678 3119 2732 habemus
3164 2676 3222 2730 in
3269 2675 3516 2747 epistola
3563 2673 3700 2728 Petri
3741 2690 3753 2725 :

2144 2792 2172 2819 ‹‹
2217 2773 2280 2826 Et
2316 2787 2412 2825 vos
2446 2776 2724 2842 tanquam
2765 2770 2980 2841 lapides
3015 2769 3124 2824 vivi
3160 2769 3529 2824 azdiﬁcamini
3573 2767 3762 2822 domus

2142 2863 2450 2936 spiritualis
2486 2865 2544 2919 in
2574 2863 2946 2919 sacerdotium
2977 2866 3238 2917 sanctum
3270 2865 3314 2930 (Ι
3351 2865 3525 2925 Petr.,
3555 2878 3612 2928 ιι,
3641 2862 3706 2930 5).
3734 2879 3755 2906 »

2144 2960 2206 3012 ln
2247 2958 2353 3012 hac
2396 2974 2533 3028 ergo
2564 2957 2756 3024 domo,
2788 2957 2901 3012 duo
2937 2957 2996 3010 in
3043 2959 3178 3023 tres,
3209 2958 3327 3010 tres
3366 2956 3429 3010 in
3464 2956 3607 3010 duos
3637 2953 3758 3007 divi-

491 3053 610 3106 135.
643 3053 790 3123 Ergo
816 3053 1126 3108 Dominum
1170 3053 1332 3109 illum
1377 3055 1476 3126 qui
1513 3055 1683 3110 simul
1729 3055 2045 3110 divinitatis
2065 3085 2119 3158 Ο
2146 3053 2376 3106 duntur.
2411 3052 2562 3154 Duos
2599 3051 2842 3158 legimus
2873 3051 3206 3153 irequenter
3247 3050 3509 3152 animam
3648 3062 3760 3158 coir-

415 3145 830 3210 reverentiam,
880 3150 939 3202 et
987 3147 1209 3218 pietatis
1270 3148 1515 3218 gratiam
1578 3148 1818 3204 suadere
1883 3166 2040 3204 com-

415 3239 615 3308 plexus
655 3237 758 3309 (97)
802 3243 887 3295 est
931 3239 1123 3295 dicens
1156 3257 1169 3296 :
1209 3262 1237 3291 «
1271 3241 1480 3312 Diliges
1517 3242 1829 3297 Dominum
1871 3245 2042 3298 Deum

413 3336 646 3386 tuum...
678 3335 735 3388 et
769 3332 975 3404 diliges
1011 3333 1338 3404 proximum
1381 3340 1543 3390 tuum
1570 3336 1746 3406 (Luc.,
1790 3353 1839 3406 x,
1872 3339 1981 3407 27),
2015 3359 2041 3385 »

412 3424 494 3478 ita
517 3441 670 3480 nunc
708 3431 994 3482 mutatum
1027 3444 1149 3483 esse
1175 3429 1561 3500 opiuabimur,
1593 3433 1656 3484 ut
1681 3431 1906 3485 abolere
1940 3447 2039 3485 ne-

416 3517 824 3574 cessitudinum
881 3520 1134 3589 nomina,
1196 3521 1464 3577 collidere
1520 3523 1738 3594 pietatis
1790 3523 2041 3593 affectus,

415 3611 879 3668 charissimorum
906 3615 1216 3685 pignorum
1246 3615 1475 3670 dissidia
1518 3617 1818 3672 mandasse
1845 3617 2040 3672 creda-

415 3705 587 3759 mus?
613 3706 681 3760 Et
719 3706 1007 3778 quomodo
1037 3730 1064 3754 «
1093 3709 1215 3779 Ipse
1259 3715 1343 3763 est
1386 3726 1491 3780 pax
1535 3716 1747 3780 nostra,
1782 3711 1880 3781 qui
1908 3710 2047 3765 fecit

412 3803 658 3870 utraque
706 3816 883 3855 unum
932 3801 1170 3872 (Ephes.,
1225 3819 1284 3869 ιι,
1334 3803 1460 3873 14)Ῠ
1505 3825 1532 3853 ››
1579 3804 1873 3869 Quomodo
1928 3804 2044 3875 ipse

411 3891 569 3960 dixit,
610 3914 638 3942 ‹‹
667 3894 868 3949 Pacem
917 3911 1105 3949 meam
1153 3895 1224 3950 do
1268 3896 1444 3965 vobis,
1478 3914 1672 3968 pacem
1715 3913 1907 3952 meam
1953 3914 2040 3952 re-

412 3985 616 4057 linquo
647 3987 803 4042 vobis
835 3990 1032 4057 (Joan.,
1075 4005 1184 4055 x1v,
1224 3989 1332 4061 '27),
1363 4012 1389 4039 ››
1432 3991 1479 4044 si
1515 3996 1784 4062 parentes
1820 4009 1853 4045 a
1891 3990 2042 4061 ﬁliis,

415 4078 558 4132 ﬁlios
621 4096 654 4133 a
706 4081 1034 4151 parentibus
1096 4082 1328 4137 dissidio
1382 4085 1811 4139 necessitudinis
1876 4101 2043 4156 sepa-

416 4175 643 4225 raturus
681 4172 948 4228 advenit?
990 4175 1290 4238 Quomodo
1338 4197 1364 4224 «
1410 4176 1740 4232 Maledictus
1782 4178 1880 4249 qui
1929 4195 2040 4232 non

418 4267 666 4322 honorat
705 4273 924 4339 patrem
965 4271 1168 4338 (Deut.,
1207 4285 1373 4337 xxvu,
1411 4270 1516 4341 16),
1548 4291 1575 4319 ››
1612 4271 1911 4342 religiosus
1949 4272 2044 4344 qui

420 4360 675 4417 deserit?

2147 3162 2271 3217 pus.
2311 3145 2470 3209 Quod
2517 3144 2561 3198 si
2601 3144 2825 3199 duobus
2869 3145 2926 3198 in
2971 3148 3121 3199 terra
3165 3143 3504 3198 convenerit
3539 3141 3764 3211 (Matth,

2146 3256 2296 3308 xvm,
2334 3239 2438 3310 19),
2461 3238 2646 3293 effecit
2677 3244 2920 3308 utraque
2951 3253 3150 3292 unum.
3183 3239 3249 3292 Et
3280 3237 3416 3291 alibi
3453 3255 3468 3290 :
3503 3258 3527 3284 α
3557 3233 3764 3303 Castigo

2147 3349 2348 3404 corpus
2411 3348 2636 3398 meum,
2690 3336 2748 3385 et
2802 3330 3054 3385 servituti
3125 3330 3324 3402 redigo
3383 3332 3424 3399 (l
3484 3333 3638 3391 Cor.,
3691 3343 3765 3390 IX,

2145 3429 2255 3497 27).
2307 3448 2332 3474 ››
2389 3425 2551 3482 Aliud
2609 3429 2694 3480 est
2743 3425 2896 3496 quod
2945 3424 3137 3494 servit,
3193 3424 3353 3479 aliud
3407 3424 3499 3478 cui
3555 3419 3767 3492 subjici-

2145 3524 2261 3575 tur.

2221 3616 2339 3668 139.
2399 3613 2456 3668 Si
2507 3613 2648 3667 duos
2691 3612 3050 3684 agnovimus,
3101 3611 3271 3667 etiam
3322 3618 3446 3667 tres
3509 3624 3767 3682 agnosca-

2147 3724 2293 3775 mus,
2342 3705 2599 3779 1444
2646 3705 2803 3777 quod
2848 3705 3096 3777 proclive
3144 3722 3214 3760 ex
3266 3705 3381 3759 illis
3437 3704 3658 3759 duobus
3701 3705 3773 3754 est

2145 3799 2485 3870 intelligere.
2521 3800 2654 3853 Tres
2695 3798 2852 3854 enim
2892 3798 3102 3853 animae
3144 3798 3201 3852 in
3237 3814 3488 3870 corpore
3543 3794 3770 3851 affectio-

2147 3911 2249 3948 nes
2300 3895 2434 3947 sunt
2477 3909 2490 3946 :
2539 3908 2655 3947 una
2703 3892 3080 3959 rationabilis,
3131 3893 3244 3946 alia
3295 3887 3772 3963 concupiscibilis,

2148 3987 2316 4042 tertia
2372 3985 2710 4058 impelibilis
2765 3985 2898 4058 (99),
2951 3985 3060 4040 hoc
3111 3989 3214 4054 est,
3262 3993 3562 4054 λογιστικὸν,
3609 3991 3769 4054 ὀρεκτι-

2143 4088 2248 4147 κὸν,
2279 4087 2564 4152 ὀργιστικὸν.
2607 4080 2727 4134 Non
2764 4095 2900 4150 ergo
2946 4078 3060 4134 duo
3108 4079 3166 4133 in
3207 4079 3386 4147 duos;
3428 4077 3532 4133 sed
3577 4076 3686 4130 duo
3725 4073 3773 4126 in

2145 4180 2282 4240 tres,
2314 4180 2369 4228 et
2395 4178 2513 4228 tres
2539 4174 2596 4228 in
2625 4174 2765 4228 duos
2801 4172 3159 4238 dividentur;
3189 4173 3413 4228 etenim
3442 4187 3546 4243 per
3576 4169 3772 4224 adven-

2145 4271 2268 4323 tum
2293 4266 2499 4324 Christi
2527 4267 2703 4322 homo
2740 4266 2841 4344 qui
2868 4271 2991 4322 erat
3034 4265 3505 4321 irritationabilis
3544 4262 3772 4319 rationa-

2145 4361 2276 4417 bilis
2329 4361 2511 4415 factus
2574 4363 2681 4415 est.
2733 4363 2875 4416 Ante
2928 4375 3155 4414 eramus
3209 4358 3432 4414 similes
3480 4357 3773 4412 bestiarum

492 4459 612 4512 l36.
655 4457 762 4513 Sed
801 4457 844 4512 si
895 4457 1257 4514 advertamus
1297 4459 1430 4531 quia
1471 4460 1662 4531 prima
1709 4476 1880 4515 causa
1921 4454 2125 4526 reli-D
2150 4472 2278 4527 quae
2321 4455 2596 4510 rationem
2643 4453 2924 4521 nesciunt,
2972 4469 3199 4508 eramus
3238 4453 3530 4519 carnales,
3567 4461 3775 4506 eramus

417 4549 621 4623 gionis,
649 4552 895 4606 secunda
924 4552 1153 4624 pietatis
1174 4556 1277 4622 est,
1303 4553 1540 4609 enodem
1571 4555 1678 4625 (98)
1703 4554 1872 4610 etiam
1901 4555 2046 4610 hanc

416 4643 824 4698 aestimabimus
862 4647 1272 4716 quaestionem;
1306 4651 1533 4719 oportet
1564 4647 1718 4703 enim
1746 4654 1810 4704 ut
1839 4648 2047 4703 divinis

414 4738 666 4794 humana
709 4738 1068 4808 posthabeas.
1122 4741 1261 4795 Nam
1315 4741 1363 4795 si
1417 4741 1665 4796 ofﬁcium
1715 4741 2048 4813 parentibus

417 4831 809 4888 exhibendum
847 4835 952 4899 est,
989 4837 1205 4904 quanto
1242 4835 1424 4906 magis
1462 4835 1680 4890 auctori
1717 4839 2044 4907 parentum,

414 4927 505 4981 cui
533 4926 772 4998 gratiam
805 4926 980 4981 etiam
1001 4943 1104 4998 pro
1133 4928 1465 4998 parentibus
1495 4929 1607 4983 tuis
1636 4929 1840 4984 debes!
1870 4932 1980 4985 Aut
2000 4929 2048 4984 si

414 5019 500 5076 illi
515 5021 752 5076 omnino
774 5037 889 5075 non
903 5024 1320 5091 recognoscant
1336 5028 1651 5092 parentem,
1674 5023 2048 5094 quemadmo-

417 5113 555 5168 dum
577 5117 634 5168 tu
667 5114 1078 5186 recognoscas?
1099 5115 1217 5169 Non
1242 5113 1419 5186 igitur
1436 5115 1571 5170 dicit
1591 5117 2046 5172 renuntiandum

417 5222 537 5263 esse
576 5208 929 5281 pignoribus,
961 5207 1060 5263 sed
1097 5209 1275 5264 Deum
1300 5208 1564 5264 omnibus
1593 5209 2043 5281 praeferendum,

415 5301 671 5372 Denique
715 5301 889 5357 habes
930 5303 987 5357 in
1025 5301 1133 5356 alio
1160 5302 1308 5358 libro
1341 5318 1353 5356 :
1388 5321 1416 5351 ‹‹
1445 5303 1551 5367 Qui
1593 5302 1780 5374 diligit
1823 5307 2047 5375 patrem

480 5423 578 5484 (97)
603 5422 813 5476 Omnes
850 5425 980 5476 edit.
1018 5439 1083 5477 ac
1120 5438 1252 5476 mss.
1297 5425 1572 5486 nonnulli,
1609 5438 1708 5476 sua
1750 5424 1860 5489 tege
1900 5439 2049 5476 com-

417 5492 622 5613 ρίοφιιῗ.
655 5494 876 5614 Ιξθίἱιιιιὶ
903 5497 1078 5547 multo
1117 5497 1313 5560 majori
1347 5508 1580 5547 numero
1604 5500 1659 5546 et
1697 5495 2046 5560 auctoritate,

419 5577 456 5613 ιι
503 5577 558 5613 1n
608 5578 676 5614 ex
705 5579 759 5614 u.

419 5577 477 5613 ιιι
503 5577 558 5613 1n
586 5577 759 5615 textu.

483 5634 578 5694 (93)
606 5633 728 5682 Vat.
771 5636 902 5686 edit.
940 5651 1005 5688 ac
1049 5639 1211 5700 pauci
1252 5651 1407 5702 mss.,
1432 5640 1489 5688 in
1529 5639 1724 5689 eodem.
1764 5637 2044 5691 Mendose.

422 5704 603 5763 Rom.,
641 5703 994 5776 cunctandum.
1033 5708 1249 5758 Melius.
1288 5709 1510 5772 Optime
1551 5723 1682 5760 vero
1724 5722 1853 5760 mss.
1881 5710 2048 5776 pleri-

423 5787 553 5839 que,
584 5771 818 5829 enodem,
851 5773 907 5822 id
936 5781 1041 5837 est,
1070 5778 1290 5830 facilem
1319 5771 1486 5844 atque
1513 5780 1848 5846 expeditam.

637 5987 658 6018 ί

2147 4548 2381 4617 terreni,
2419 4549 2586 4619 juxta
2628 4547 2788 4602 illam
2831 4547 3170 4602 sententiam
3204 4563 3216 4600 :
3252 4569 3280 4595 «
3309 4548 3496 4601 Terra
3535 4560 3614 4608 es,
3645 4540 3772 4597 etin

2148 4645 2364 4698 terram
2394 4641 2499 4696 ibis
2535 4640 2712 4710 (Gen.,
2740 4657 2822 4707 ιιι,
2857 4640 2962 4710 19).
2995 4662 3021 4690 ››
3066 4641 3233 4695 Venit
3261 4639 3367 4694 Dei
3411 4639 3608 4705 Filius,
3637 4632 3776 4691 misit

2149 4736 2427 4808 Spiritum
2465 4751 2632 4789 suum
2670 4734 2729 4789 in
2775 4734 2945 4790 corda
2981 4740 3176 4789 nostra
3209 4751 3222 4788 :
3267 4734 3414 4788 facti
3448 4747 3645 4788 sumus
3683 4726 3772 4782 ﬁlii

2149 4829 2488 4902 spirituales.

2223 4925 2344 4979 140.
2377 4925 2681 4978 Possumus
2707 4921 2898 4977 dicere
2924 4922 3062 4994 quia
3086 4921 3146 4977 in
3186 4922 3290 4976 hac
3321 4921 3507 4976 domo
3535 4921 3664 4974 sunt
3687 4913 3773 4970 alii

2148 5019 2425 5090 quinque,
2460 5017 2518 5072 id
2559 5021 2664 5085 est,
2704 5015 2862 5083 odor,
2903 5020 3105 5079 tactus,
3151 5018 3379 5087 gustus,
3423 5013 3594 5078 visus,
3623 5007 3770 5066 audi-

2150 5115 2258 5167 tus.
2289 5113 2435 5183 Ergo
2462 5109 2780 5166 secundum
2806 5125 2874 5166 ea
2905 5126 3032 5181 qua:
3071 5109 3343 5164 audimus
3383 5112 3489 5164 aut
3529 5105 3769 5176 legimus,

2148 5209 2410 5277 separato
2462 5221 2634 5259 sensu
2682 5204 2834 5258 visus
2881 5207 3053 5275 atque
3107 5203 3370 5270 auditus,
3429 5197 3770 5258 excludamus

2149 5298 2469 5371 superfluas
2500 5297 2756 5369 corporis
2777 5298 3116 5368 voluptates,
3143 5313 3273 5368 quas
3304 5301 3481 5368 gustu
3503 5297 3766 5360 tactuque,

2211 5424 2309 5485 (99)
2373 5423 2622 5484 Amerb.,
2689 5422 2851 5472 tertia
2915 5418 3358 5485 impenetrabilis.
3432 5416 3572 5468 Alias
3633 5410 3768 5485 edit.

2149 5481 2454 5545 irritabilis.
2489 5481 2803 5554 Msfunus,
2846 5481 3206 5557 impossibilis,
3250 5491 3423 5552 alius,
3461 5481 3769 5550 impatibilis,

2149 5569 2205 5618 et
2237 5564 2331 5616 hic
2372 5567 2512 5617 forte
2556 5577 2668 5616 non
2706 5564 2870 5615 male.
2919 5563 3141 5628 Reliqui
3183 5566 3374 5613 tamen
3423 5568 3618 5623 magno
3650 5562 3769 5628 con-

2148 5649 2338 5698 sensu,
2364 5634 2686 5699 impetibitis,
2709 5634 2819 5687 hoc
2857 5638 2960 5696 est,
2998 5624 3127 5698 qua
3164 5633 3403 5698 impetit,
3429 5632 3542 5681 sive
3577 5624 3769 5689 impetu

2150 5707 2325 5758 fertur
2349 5707 2407 5757 in
2434 5705 2730 5758 obstantia.
