3936 6158
253 336 366 390 1825

1310 332 1770 390 EXPOSITIONIS
1810 332 1877 388 IN
1918 332 2140 389 LUCAM
2182 333 2309 388 LIB.
2353 333 2464 388 νη.

3435 338 3571 392 i826

245 461 294 511 et
319 456 478 512 odore
498 454 815 526 pariuntur,
840 453 981 510 duos
1012 454 1072 510 in
1102 459 1220 511 tres
1247 456 1569 526 dividimus,
1593 475 1661 514 eo
1683 457 1840 530 quod
1863 470 1921 541 Α
1943 461 2000 511 et
2068 456 2302 512 attrahit
2363 458 2706 528 voluptates;
2772 460 2832 511 ut
2893 459 3160 514 audiendi
3225 459 3568 531 legendique

243 549 427 605 mentis
473 547 694 603 habitus
741 548 1012 604 vitiorum
1064 565 1179 605 non
1226 551 1489 623 capiatur
1530 552 1834 619 illecebris,

240 643 320 698 sed
355 641 708 697 aemulatione
755 641 977 698 virtutis
1016 659 1050 698 a
1093 643 1390 699 lenociniis
1433 661 1493 699 se
1533 645 1838 716 voluptatis

240 735 474 806 abducat,
523 740 580 790 et
628 752 698 790 ne
741 735 840 790 ﬁat
890 737 1149 792 omnium
1193 754 1308 792 una
1350 738 1668 805 consensio,
1709 755 1836 809 qua:

237 829 525 901 praacipitet
569 829 625 883 in
667 845 941 900 errorem,
983 831 1082 885 sed
1121 831 1426 887 dividendo
1463 847 1522 886 se
1571 835 1838 904 separent

236 922 489 978 desideria
515 923 715 992 cordis,
753 927 813 978 et
849 924 1034 979 ofﬁcia
1067 924 1314 980 virtutis.
1348 929 1458 980 Aut
1493 925 1539 980 si
1584 926 1837 998 quinque

233 1033 408 1071 sensus
459 1016 766 1088 accipimus
815 1017 1174 1089 corporales,
1225 1017 1361 1074 vitia
1409 1019 1532 1089 jam
1586 1019 1838 1090 corporis

232 1116 279 1164 et
312 1114 529 1181 peccata
578 1126 634 1165 se
681 1117 966 1182 separant.
1012 1113 1079 1165 Et
1121 1113 1362 1167 fortasse
1406 1112 1661 1184 quinque
1706 1115 1840 1167 sunt

231 1220 353 1275 quos
395 1204 598 1258 fratres
638 1221 768 1260 suos
812 1205 905 1258 ille
947 1205 1007 1259 in
1041 1206 1344 1278 Evangelio
1385 1205 1539 1261 dives
1579 1206 1834 1261 luxurio-

231 1314 311 1350 sus
354 1297 600 1370 appellat
641 1298 817 1368 (Luc.,
867 1314 979 1365 xw,
1025 1300 1138 1368 28),
1185 1299 1282 1370 qui
1332 1300 1575 1354 cruciari
1623 1299 1833 1355 descri-

227 1391 364 1444 bitur
425 1392 576 1462 apud
641 1391 888 1459 inferos,
953 1392 1158 1463 quibus
1219 1393 1485 1448 mandari
1546 1399 1710 1464 rogat
1776 1397 1838 1448 ut

227 1484 471 1539 noverint
532 1485 594 1540 in
645 1485 756 1541 hoc
809 1487 1014 1540 saeculo
1071 1485 1299 1541 delicias
1353 1487 1715 1557 abdicandas,
1774 1493 1838 1542 ut

225 1577 420 1650 possint
443 1579 705 1651 requiem
729 1578 946 1635 habere
972 1585 1098 1651 post
1121 1581 1417 1649 saeculum,
1447 1580 1637 1636 studio
1664 1580 1836 1637 virtu-

228 1673 304 1726 tis.

286 1767 396 1821 141.
438 1768 684 1822 Possunt
727 1768 901 1823 etiam
937 1769 1034 1840 (cf.
1081 1771 1227 1840 Aug.
1263 1768 1362 1824 lib.
1407 1785 1439 1822 ιι
1482 1771 1681 1826 Contra
1719 1770 1832 1824 Jul.

1942 567 2046 604 usu
2087 550 2449 606 incrementa
2485 551 2712 605 virtutis
2747 551 3028 622 epuletur,
3063 558 3236 623 atque
3278 553 3568 609 interioris

1937 644 2087 698 succi
2144 645 2211 714 (3)
2267 644 2663 715 spiritualibus
2716 646 3001 700 nescitura
3061 645 3276 700 famem
3335 648 3570 702 satietur

1935 737 2241 792 alimentis.
2273 737 2499 792 Etenim
2529 740 2619 806 (cf.
2649 742 2793 810 Aug.
2820 738 2920 794 lib.
2949 755 2986 794 11
3014 740 3197 797 Contr.
3224 739 3335 794 Jul.
3358 741 3567 810 Pela.g.,

1935 847 1983 885 c.
2020 834 2068 901 5)
2100 830 2279 885 oratio
2310 831 2466 885 cibus
2501 833 2713 886 mentis
2745 835 2850 902 est,
2881 833 3270 904 praeclaraque
3299 831 3568 888 alimonia

1935 923 2244 991 suavitatis,
2288 941 2414 994 quae
2455 925 2717 980 membra
2755 941 2870 980 non
2915 930 3137 993 oneret,
3180 941 3365 997 neque
3406 942 3465 981 se
3508 926 3567 980 in

1937 1021 2158 1072 natura:
2185 1017 2476 1088 pudenda,
2512 1019 2611 1073 sed
2643 1019 2702 1074 in
2729 1025 3066 1075 ornamenta
3093 1023 3407 1087 convertat,
3437 1036 3570 1074 cum

1936 1111 2244 1166 libidinum
2264 1111 2621 1166 volutabrum
2645 1119 3031 1168 commutatur
3056 1113 3115 1167 in
3145 1113 3247 1168 Dei
3268 1113 3568 1184 templum,

1936 1203 2426 1276 diversoriumque
2479 1205 2744 1260 vitiorum
2811 1207 3122 1261 sacrarium
3185 1206 3384 1277 incipit
3445 1222 3568 1261 esse

1936 1298 2230 1353 virtutum.
2259 1299 2418 1362 Quod
2445 1299 2642 1370 utique
2673 1304 2808 1354 tunc
2837 1299 2972 1354 facit
3006 1317 3136 1354 cum
3163 1316 3298 1354 caro
3325 1300 3382 1354 in
3411 1303 3570 1354 natu-

1936 1408 2061 1446 ram
2090 1408 2367 1463 regressa,
2407 1393 2616 1462 vigoris
2653 1393 2739 1448 sui
2782 1393 3038 1464 agnoscit
3081 1394 3359 1462 altricem,
3394 1397 3568 1465 atque

1935 1501 2075 1539 ausu
2111 1486 2364 1556 deposito
2392 1485 2784 1553 contumaciae,
2817 1486 3165 1542 moderantis
3191 1488 3400 1542 animae
3428 1503 3564 1542 con-

1929 1580 2167 1650 jugatur
2193 1579 2428 1634 arbitrio
2458 1597 2472 1635 :
2505 1581 2692 1652 qualis
2716 1580 2825 1636 fuit
2849 1597 2980 1635 cum
3005 1580 3376 1636 inhabitanda
3405 1597 3570 1652 para-

1937 1672 2043 1726 disi
2097 1677 2316 1728 secreta
2371 1675 2634 1745 suscepit,
2693 1679 3002 1746 antequam
3055 1690 3272 1729 veneno
3316 1673 3566 1744 pestiferi

1937 1767 2215 1838 serpentis
2241 1766 2469 1835 infecta,
2503 1767 2844 1840 sacrilegam
2886 1768 3098 1822 famem
3131 1767 3321 1837 sciret,
3351 1768 3566 1822 divino-

222 1861 408 1930 Pelag.,
441 1877 565 1933 cap.
599 1865 649 1932 5)
691 1861 870 1917 videri
911 1839 1044 1918 caro
1075 1839 1246 1934 atque
1285 1863 1481 1917 anima
1523 1863 1593 1917 ab
1637 1839 1913 1932 odore,B
1937 1876 2179 1931 rumque
2210 1861 2556 1916 memoriam
2599 1867 3015 1933 praceptorum
3059 1861 3266 1916 anime
3308 1861 3565 1917 sensibus

222 1959 356 2009 tactu
392 1959 680 2026 gustuque
717 1955 954 2010 luxuriae
996 1961 1276 2028 separata,
1320 1956 1380 2011 in
1422 1973 1533 2011 una
1574 1956 1743 2012 domo
1777 1974 1834 2012 se

223 2047 467 2103 adversus
494 2049 848 2104 incursantis
874 2050 1007 2106 vitia
1036 2050 1376 2117 dividentes,
1398 2066 1525 2104 caro
1557 2055 1615 2105 et
1645 2050 1837 2106 anima

222 2141 570 2212 subjicientes
604 2160 662 2198 se
698 2143 815 2215 legi
841 2144 962 2214 Dei,
998 2150 1054 2199 et
1083 2148 1442 2199 removentes
1468 2161 1501 2198 a
1531 2145 1662 2216 lege
1703 2161 1833 2215 pec-

221 2237 329 2302 cati,
370 2253 622 2307 quorum
659 2237 794 2292 licet
841 2237 1118 2292 dissensio
1162 2254 1266 2309 per
1313 2237 1835 2308 praevaricationem

220 2329 369 2400 primi
413 2330 665 2384 hominis
707 2330 766 2385 in
807 2334 1075 2386 naturam
1116 2347 1174 2386 se
1214 2331 1484 2398 verterit;
1521 2335 1586 2385 ut
1625 2347 1836 2403 nequa-

218 2438 371 2493 quam
400 2423 506 2477 sibi
537 2423 770 2495 paribus
797 2425 870 2480 ad
896 2425 1167 2480 virtutem
1200 2424 1400 2479 studiis
1424 2425 1831 2493 convenirent;

219 2519 389 2571 tamen
419 2533 524 2588 per
565 2533 794 2574 crucem
830 2517 1059 2574 Domini
1098 2518 1393 2574 Salvatoris
1425 2523 1547 2573 tam
1591 2518 1834 2573 inimici-

218 2609 323 2677 tiis,
369 2626 543 2681 quam
602 2611 778 2666 etiam
833 2612 1239 2667 mandatorum
1293 2613 1420 2684 lege
1475 2612 1725 2666 vacuatis
1775 2613 1834 2667 in

218 2704 476 2759 societatis
541 2705 907 2760 concordiam
971 2711 1393 2778 congruerunt,
1460 2696 1832 2778 posteaquam

220 2797 523 2853 «Christus
580 2815 609 2853 e
661 2800 801 2854 coelo
858 2815 964 2870 pax
1016 2803 1213 2854 nostra
1261 2799 1644 2867 descendens,
1700 2800 1833 2854 fecit

215 2893 435 2964 utraque
462 2907 671 2960 unum,
703 2895 760 2948 et
802 2892 1054 2947 medium
1093 2893 1369 2964 parietem
1413 2892 1674 2948 maceria:
1719 2893 1830 2948 sol-

219 2984 299 3052 vit,
339 2985 671 3040 inimicitias
708 2986 769 3040 in
813 3003 980 3041 carne
1020 3003 1120 3041 sua
1156 2987 1283 3057 lege
1326 2985 1731 3042 mandatorum
1771 2986 1830 3042 in

218 3077 437 3133 decretis
476 3095 782 3147 evacuans,
821 3085 882 3134 ut
933 3079 1075 3135 duos
1123 3081 1392 3136 conderet
1433 3081 1492 3134 in
1535 3097 1646 3135 uno
1687 3097 1831 3136 novo

216 3170 427 3228 homine
454 3173 679 3228 faciens
705 3189 927 3244 pacem,
966 3177 1022 3228 et
1058 3173 1446 3229 reconciliaret
1474 3178 1742 3246 utrosque
1773 3175 1830 3230 in

216 3279 314 3319 uno
336 3282 578 3338 corpore
607 3267 718 3322 Deo
747 3268 985 3338 (Ephes,
1017 3284 1075 3334 ιι,
1112 3267 1310 3340 14-16).
1343 3290 1371 3318 ››
1403 3268 1537 3332 Quis
1562 3273 1644 3322 est
1676 3272 1829 3324 uter-

213 3374 326 3429 que,
361 3359 466 3414 nisi
493 3377 646 3414 unus
671 3360 930 3430 interior,
959 3362 1105 3416 alter
1130 3361 1414 3416 exterior?
1439 3362 1596 3416 Alter
1622 3362 1830 3417 anima:

213 3456 406 3522 spectat
447 3454 730 3525 vigorem,
773 3455 1017 3510 alterum
1062 3455 1239 3510 refert
1281 3455 1351 3510 ad
1397 3455 1652 3527 corporis
1699 3473 1829 3511 sen-

213 3560 342 3612 sum,
377 3563 714 3619 quanquam
750 3548 808 3602 in
842 3565 900 3603 se
942 3548 1271 3620 separabilis
1305 3549 1377 3620 (2)
1424 3548 1659 3604 affectus
1696 3565 1827 3604 con-

215 3639 502 3709 spiratione
541 3643 906 3709 concordent,
954 3658 1087 3697 cum
1128 3658 1257 3697 caro
1293 3641 1542 3712 subjecta
1583 3643 1828 3710 meliori,

212 3731 538 3790 salutaribus
569 3734 767 3789 obedit
810 3735 1100 3808 imperiis;
1134 3752 1246 3790 non
1277 3736 1429 3808 quod
1468 3735 1528 3790 in
1565 3740 1829 3791 naturam

214 3825 400 3882 anime
429 3828 748 3883 subtilitate
778 3829 1036 3884 materias
1079 3829 1362 3884 transfusa
1391 3829 1696 3900 demigret,
1731 3829 1830 3884 sed

212 3919 331 3988 quia
359 3919 582 3975 deliciis
600 3920 893 3989 abdicatis,
921 3921 992 3977 ab
1023 3921 1182 3977 omni
1212 3922 1484 3977 defamata
1509 3922 1637 3976 labe
1668 3921 1831 3977 vitio-

212 4024 346 4078 rum,
381 4015 630 4069 cazlestis
669 4015 1110 4070 conversationis
1156 4016 1447 4070 tramitem
1491 4015 1830 4070 obedientiaa

210 4103 488 4162 affectione
517 4107 848 4178 gradiatur;
874 4108 995 4179 jam
1035 4125 1152 4165 non
1182 4112 1246 4163 ut
1273 4111 1441 4164 antea
1472 4108 1584 4180 legi
1625 4109 1830 4164 mentis

213 4211 550 4270 repugnans,
577 4200 676 4256 sed
703 4217 808 4272 per
845 4202 1037 4273 legem
1067 4202 1274 4257 mentis
1314 4207 1371 4257 et
1409 4201 1671 4274 spiritum
1698 4203 1827 4258 vitae

212 4289 438 4349 liberata
467 4310 502 4350 a
533 4294 658 4366 lege
697 4296 934 4366 peccati,
965 4299 1028 4350 ut
1063 4297 1270 4351 animas
1302 4312 1434 4351 caro
1477 4295 1578 4350 ﬁat
1606 4312 1825 4367 appen-

213 4383 316 4455 dix,
345 4403 456 4442 non
478 4388 604 4458 jam
636 4388 763 4443 lena
789 4388 1080 4460 vitiorum,
1115 4389 1212 4445 sed
1243 4390 1450 4444 aemula
1476 4389 1739 4462 quaedam
1771 4393 1831 4445 et

213 4480 358 4548 quasi
385 4481 732 4553 pedissequa
757 4482 1000 4538 virtutis.

1936 1954 2339 2021 inhaerentem,
2371 1955 2659 2010 edacitatis
2683 1955 2868 2010 studio
2896 1955 3239 2026 praeteriret;

2013 2049 2132 2102 143.
2166 2048 2304 2102 Hinc
2343 2052 2641 2120 peccatum
2675 2065 2936 2104 manasse
2979 2047 3260 2120 proditur,
3291 2053 3566 2120 tanquam

1937 2157 2170 2212 corpore
2190 2141 2493 2213 animaque
2520 2142 2891 2214 genitoribus,
2919 2143 3057 2197 dum
3080 2141 3337 2213 corporis
3362 2148 3568 2198 natura

1936 2238 2226 2302 tentatur,
2289 2235 2482 2290 anima
2546 2236 2836 2291 malesana
2900 2236 3262 2308 compatitur.
3318 2235 3458 2300 Quae
3518 2236 3568 2290 si

1933 2330 2324 2400 appetentiam
2387 2329 2637 2400 corporis
2699 2330 3076 2396 refrenasset,
3128 2329 3187 2384 in
3245 2329 3369 2401 ipso
3434 2336 3566 2385 ortu

1937 2423 2214 2478 exstincta
2253 2427 2402 2477 esset
2429 2422 2588 2494 origo
2629 2423 2869 2494 peccati,
2901 2439 3078 2495 quam
3115 2423 3270 2478 velut
3299 2423 3444 2477 virili
3474 2424 3562 2478 in-

1937 2516 2121 2570 fusam
2160 2517 2416 2588 corporis
2453 2521 2632 2583 motu,
2666 2516 2985 2571 madefacta
3025 2517 3218 2571 anima
3259 2516 3434 2571 etiam
3477 2517 3564 2571 sui

1933 2610 2131 2680 vigore
2173 2615 2440 2682 corrupto
2481 2610 2576 2681 (4),
2605 2609 2804 2664 alienis
2833 2611 3022 2681 gravis
3059 2609 3324 2681 operibus
3363 2616 3562 2681 partu-

1933 2704 2080 2757 rivit.
2110 2703 2332 2759 Etenim
2359 2704 2454 2757 ille
2483 2703 2781 2757 violentior
2809 2709 2866 2758 et
2890 2702 3090 2758 fortior
3116 2719 3280 2758 sexus
3306 2704 3562 2776 quodam

1932 2797 2115 2851 valido
2164 2796 2380 2868 impetu
2434 2797 2588 2851 velut
2637 2796 2812 2850 virilis
2862 2797 3042 2851 fertur
3091 2797 3329 2852 affectus
3372 2814 3385 2852 :
3440 2797 3561 2852 haec

1931 2890 2250 2945 molliorem
2281 2907 2452 2961 quam
2495 2889 2982 2945 vehementiorem
3023 2891 3212 2946 studet
3248 2893 3448 2947 tenere
3476 2906 3565 2945 ra-

1933 2984 2171 3039 tionem.
2210 2987 2284 3041 Ex
2313 2984 2400 3039 his
2427 2985 2616 3056 itaque
2647 2984 2998 3040 diversarum
3023 2983 3405 3056 cupiditatum
3434 3000 3554 3040 mo-

1931 3083 2022 3134 tus
2054 3078 2315 3134 adolevit.

2007 3173 2127 3227 144.
2162 3172 2270 3228 Sed
2302 3172 2393 3227 ubi
2442 3173 2500 3227 in
2537 3189 2594 3228 se
2631 3172 2825 3227 anima
2856 3171 3022 3242 redit,
3052 3172 3321 3227 deformis
3366 3175 3560 3243 partus

1935 3266 2153 3337 pudore
2180 3270 2476 3332 conventa,
2500 3266 2818 3337 degeneres
2845 3266 3073 3337 abjurat
3099 3265 3378 3331 heredes,
3401 3265 3561 3321 abdi-

1934 3377 2065 3414 cans
2092 3363 2302 3427 motus,
2327 3376 2500 3414 exosa
2529 3366 2848 3431 peccatum.
2879 3362 3024 3417 Caro
3050 3375 3276 3432 quoque
3304 3360 3562 3430 gravium

1932 3454 2191 3508 laborum
2217 3454 2550 3508 defenerata
2578 3457 2750 3519 sorte,
2782 3458 2839 3508 ct
2868 3470 3039 3508 usura
3071 3452 3296 3524 injuriae
3321 3454 3561 3509 misera-

1930 3548 2061 3602 bilis
2109 3548 2362 3618 fatigata,
2414 3547 2510 3601 ubi
2560 3563 2617 3601 se
2669 3546 3073 3617 cupiditatibus
3114 3547 3230 3601 suis
3273 3563 3412 3618 quas
3457 3547 3564 3602 sibi

1933 3641 2051 3712 ipsa
2079 3641 2393 3712 generavit,
2419 3643 2691 3711 tanquam
2720 3640 2976 3694 sentibus
3008 3641 3207 3694 mundi
3239 3641 3420 3695 doluit
3443 3656 3563 3696 esse

1930 3736 2238 3803 conﬁxam,
2271 3739 2524 3789 veterem
2564 3733 2856 3788 hominem
2887 3733 3115 3788 festinat
3153 3749 3385 3799 exuere,
3417 3740 3476 3788 ut
3501 3750 3563 3790 se

1929 3829 2035 3883 sibi
2085 3829 2323 3895 auferat,
2376 3845 2450 3882 ne
2504 3827 2885 3898 improvidam
2940 3830 3234 3898 parentem
3283 3827 3561 3882 successio

1929 3922 2183 3994 peritura
2223 3921 2490 3976 destituat
2525 3920 2617 3991 (5).
2667 3922 2877 3976 Rursus
2917 3919 3299 3991 cupiditatum
3331 3919 3559 3975 irratio-

1928 4015 2129 4071 nabilis
2172 4019 2378 4081 motus,
2419 4015 2582 4086 quasi
2626 4014 2926 4085 cujusdam
2970 4014 3170 4068 formae
3216 4013 3422 4069 decore
3464 4013 3556 4067 fu-

1929 4116 2071 4177 cato,
2113 4109 2410 4180 voluptatis
2454 4108 2751 4163 lenociniis
2799 4108 3072 4174 illectans,
3115 4123 3241 4162 eam
3292 4108 3399 4162 sibi
3441 4110 3562 4163 tan-

1929 4219 2101 4276 quam
2144 4203 2201 4257 in
2246 4218 2412 4257 usum
2453 4202 2738 4256 societatis
2779 4201 3033 4269 adscivit,
3080 4201 3156 4256 ita
3201 4201 3356 4257 velut
3400 4217 3557 4274 que-

1929 4298 2060 4352 dam
2099 4297 2351 4369 corporis
2393 4300 2562 4368 atque
2604 4297 2808 4351 animae
2854 4313 3032 4350 nurus
3074 4296 3329 4368 voluptas
3381 4295 3562 4350 motui

1930 4407 2118 4460 prava
2143 4391 2469 4463 cupiditatis
2500 4390 2744 4445 innubit.

2001 4486 2120 4540 145.
2151 4486 2300 4555 Ergo
2328 4484 2581 4556 quandiu
2624 4483 2834 4537 mansit
2873 4484 2933 4536 in
2964 4499 3081 4536 una
3111 4482 3303 4551 domo,
3333 4482 3557 4552 conspi-

277 4571 537 4646 1445
580 4575 698 4629 142.
743 4577 810 4630 Et
849 4592 1044 4630 rursus
1084 4576 1312 4647 quando
1353 4576 1549 4631 anima
1582 4578 1910 4654 corporisD
1936 4578 2190 4632 rentibus
2224 4577 2394 4645 vitiis,
2440 4577 2740 4631 individua
2780 4575 3288 4647 inseparabilisque
3320 4591 3559 4631 consen-

215 4678 314 4718 non
341 4667 611 4721 connivet
633 4667 938 4735 illecebris,
970 4685 1075 4723 nec
1115 4669 1430 4724 carnalium
1473 4670 1829 4741 voluptatum

215 4756 574 4815 delectatione
628 4761 906 4829 vincitur,
957 4762 1054 4818 sed
1116 4779 1276 4818 mens
1323 4779 1466 4834 pura
1515 4763 1829 4835 mundique

216 4847 372 4922 hujus
397 4859 568 4909 exuta
591 4854 888 4922 famulatu,
919 4872 1118 4911 sensus
1145 4856 1403 4927 corporis
1434 4856 1491 4911 in
1525 4872 1653 4912 suas
1673 4857 1832 4912 illicit

270 5037 332 5100 (1)
359 5036 517 5089 Rom.
545 5039 702 5101 edit.,
730 5041 788 5089 in
821 5040 1087 5092 societatis
1122 5041 1461 5092 concordiam
1502 5041 1831 5092 coaluerunt.

270 5107 332 5177 (ἰ)
364 5108 573 5160 Omnes
598 5111 726 5161 edit.
755 5125 884 5162 cum
907 5117 1063 5177 parte
1089 5127 1243 5174 mss.,
1269 5125 1585 5177 quanquam
1614 5115 1834 5177 insepa-

217 5175 409 5248 rabilis.
439 5180 612 5244 Magis
643 5183 782 5232 scite
819 5175 932 5244 alii,
961 5187 1019 5232 ut
1054 5184 1110 5232 in
1150 5175 1335 5242 textu;
1362 5175 1468 5234 nisi
1505 5184 1656 5248 quod
1689 5175 1835 5234 unus

220 5243 390 5321 habet,
441 5243 755 5317 quanquam
802 5253 860 5303 in
903 5243 956 5305 se
1011 5253 1240 5318 parilis;
1283 5255 1420 5306 alter
1471 5243 1538 5304 in'
1571 5269 1626 5306 se
1663 5257 1828 5321 parit.

221 5316 512 5388 Utrumque
537 5316 703 5377 male.

275 5391 333 5453 (3)
383 5394 646 5446 Nonnulli
690 5409 846 5458 mss.,
897 5397 1239 5448 interioribus
1283 5398 1461 5449 sulcis.
1514 5398 1624 5449 Alii
1668 5398 1834 5449 etiam

220 5464 390 5533 pauci,
439 5465 707 5518 interioris
757 5469 955 5532 succis;
998 5482 1190 5520 verum
1235 5473 1369 5520 tunc
1406 5483 1504 5533 pro
1552 5469 1837 5532 alimentis,

222 5529 499 5595 legendum
541 5543 690 5589 esset
736 5529 998 5590 alimenti.
1044 5540 1276 5603 Rursus,
1321 5529 1425 5591 ubi
1463 5553 1656 5590 omnes
1704 5529 1835 5590 edit.

222 5614 339 5675 cum
367 5619 496 5658 mss.
522 5610 752 5674 aliquot,
784 5622 888 5661 nec
919 5624 1032 5662 non
1075 5613 1239 5675 Aug.,
1281 5611 1484 5661 Lovan.
1525 5611 1656 5661 edit.
1700 5624 1839 5674 prae-

225 5673 392 5726 terunt
429 5673 631 5730 etenim’
646 5682 811 5740 ratio,
839 5679 1026 5745 plures
1069 5673 1421 5746 potioresque
1468 5695 1601 5732 mss.
1645 5673 1839 5745 legunt

225 5747 392 5816 etenim
438 5752 625 5802 oratio.
677 5751 782 5802 Ubi
828 5766 959 5804 vero
1009 5753 1135 5802 edit.
1187 5752 1410 5802 Amerb.
1462 5751 1645 5813 Rom.,
1692 5755 1835 5816 Aug.

226 5814 336 5890 loco
381 5824 469 5872 cit.
521 5828 575 5875 et
623 5827 864 5876 maxima
923 5839 1050 5890 pars
1093 5836 1224 5876 mss.
1271 5825 1566 5876 nobiscum
1611 5814 1838 5886 habent,

229 5886 661 5961 dimov-iamque
697 5886 969 5957 vitiorum,
1009 5897 1134 5949 Era.
1181 5900 1238 5947 et
1277 5895 1407 5948 Glll.
1454 5909 1586 5948 cum
1625 5896 1839 5958 aliquot

1931 4673 2040 4738 sio,
2077 4672 2232 4726 nulla
2262 4671 2563 4725 videbatur
2593 4686 2712 4724 esse
2756 4669 2977 4725 divisio.
3015 4669 3118 4724 Ubi
3148 4686 3280 4724 vero
3309 4671 3562 4725 Christus

1931 4767 2129 4837 ignem
2155 4782 2266 4837 quo
2309 4763 2517 4818 delicta
2553 4763 2739 4818 carnis
2772 4764 2842 4833 (6)
2871 4767 3152 4830 exureret,
3182 4765 3267 4818 vel
3311 4763 3562 4834 gladium

1932 4861 2031 4932 qui
2058 4858 2342 4929 significat
2367 4864 2606 4913 exserta:
2632 4857 2814 4912 aciem
2844 4857 3162 4929 potestatis,
3191 4873 3304 4928 quo
3331 4856 3562 4927 spiritus

1935 5054 2066 5091 mss.
2116 5040 2451 5100 maluerunt,
2495 5039 2933 5102 diuersorumque
2980 5038 3266 5098 vitiorum;
3319 5034 3469 5100 quod
3514 5036 3563 5086 si

1933 5114 2025 5166 cui
2076 5111 2310 5177 placeat,
2361 5109 2810 5161 subaudiendum
2863 5108 2968 5158 erit
3015 5106 3352 5157 volutabrum
3397 5117 3564 5170 supra

1935 5195 2277 5247 expressum.

1999 5244 2063 5318 (1)
2094 5253 2301 5304 Omnes
2335 5251 2466 5300 edit.
2498 5263 2562 5300 ac
2592 5249 2757 5313 pauci
2791 5260 2944 5308 mss.,
2975 5245 3112 5296 male
3153 5244 3279 5306 faeta
3318 5245 3560 5296 anima...

1936 5323 2141 5373 Etenim
2164 5322 2253 5372 ille
2278 5321 2560 5372 valentior.
2589 5321 2713 5371 Mss.
2754 5324 2936 5369 autem
2972 5331 3175 5380 magno
3211 5329 3465 5379 numero,
3505 5321 3567 5367 ut

1937 5397 1994 5446 in
2022 5399 2196 5445 textu.
3171 5416 3176 5422 -

2001 5467 2066 5531 (5)
2099 5466 2225 5516 Mss.
2255 5464 2486 5529 aliquot,
2512 5476 2578 5512 ne
2613 5461 2820 5512 invidia
2847 5459 3114 5531 (quidam,
3141 5459 3324 5531 invida
3361 5464 3416 5510 et
3458 5460 3566 5508 im-

1939 5537 2181 5602 provida)
2211 5539 2482 5600 parentem
2513 5533 2660 5598 (duo,
2700 5530 2993 5596 parentum)
3031 5530 3285 5602 successio
3324 5531 3566 5602 peritura

1937 5600 2218 5670 destituat;
2259 5607 2389 5666 duo,
2418 5605 2687 5667 destruat;
2735 5602 2988 5659 totidem,
3027 5601 3354 5652 destruatur.
3402 5600 3568 5653 Com-

1937 5679 2157 5730 modius
2183 5678 2296 5739 alii,
2327 5681 2382 5727 et
2409 5676 2544 5728 edit.
2570 5679 2634 5726 ut
2657 5687 2760 5724 nos
2790 5676 2846 5723 in
2876 5685 3122 5737 corpore.

2001 5752 2068 5812 (6)
2092 5751 2171 5800 Ita
2196 5762 2326 5799 mss.
2354 5747 2567 5812 aliquot
2594 5746 2840 5797 melioris
2874 5749 3037 5796 noue.
3074 5742 3274 5796 Cmteri
3317 5758 3380 5795 ac
3415 5742 3566 5807 edit.,

1938 5821 2131 5873 delicta
2153 5820 2347 5871 cordis.
