4022 6176
388 259 408 310 1
420 259 523 310 827

1874 254 1929 306 S.
1963 254 2051 308 ΑΜ
2064 252 2279 306 BROSU

3591 254 3710 305 1828

383 379 878 449 medullarumque
918 383 1134 432 secreta
1163 381 1554 448 penetrantur,
1590 377 1743 431 misit
1787 377 1843 430 in
1899 379 2014 429 ter-
2038 375 2216 460 Ased
2260 375 2350 429 ille
2403 375 2739 445 specialiter,
2777 375 2876 428 iste
2917 373 3298 444 generaliter:
3345 372 3432 426 ille
3473 372 3618 426 enim
3655 374 3714 427 de

383 490 495 538 ras,
525 477 659 527 tunc
679 488 808 527 caro
835 477 1002 543 atque
1038 471 1229 526 anima
1258 471 1714 542 regenerationis
1744 470 2015 523 innovata

383 566 682 637 mysteriis,
726 565 898 619 oblita
937 565 1091 636 quod
1120 571 1258 632 erat,
1310 565 1506 634 incipit
1547 581 1666 618 esse
1699 563 1844 634 quod
1902 579 2016 616 non

387 663 524 728 erat,
554 676 618 714 ac
643 660 719 713 sic
760 659 966 714 veteris
995 659 1135 726 vitii,
1177 658 1436 729 quamvis
1477 657 1584 711 sibi
1626 663 1757 711 ante
1801 656 2018 724 dilecti,

391 753 720 808 societatem
771 753 1036 819 secernit,
1094 756 1152 805 et
1213 752 1371 822 quasi
1432 751 1690 821 prodigae
1753 750 2018 820 copulam

393 846 738 917 posteritatis
797 846 1091 911 eliminat;
1153 848 1211 898 ut
1261 844 1586 898 dividantur
1638 847 1908 914 parentes
1963 844 2016 897 in

390 940 554 1009 ﬁlios,
590 940 728 994 dum
759 939 1150 1010 intemperans
1193 942 1384 992 motus
1415 939 1793 1008 temperantia
1823 954 2016 1007 corpo-

390 1034 469 1088 ris
495 1032 804 1099 abdicatur,
829 1037 885 1087 et
910 1033 1099 1086 anima
1123 1031 1171 1103 1
1187 1030 1379 1104 446
1401 1031 1645 1086 declinat
1666 1031 2016 1086 consortium

389 1127 590 1196 culpae,
625 1142 726 1180 nec
770 1126 1028 1180 extraria:
1057 1126 1135 1180 illi
1185 1129 1242 1179 et
1287 1125 1422 1180 foris
1453 1130 1697 1196 sumptae
1737 1125 1891 1179 locus
1939 1141 2019 1180 re-

395 1222 591 1274 manet
614 1219 908 1290 voluptati.

469 1315 588 1367 146.
635 1312 754 1366 Filii
795 1328 1022 1383 quoque
1067 1313 1123 1365 in
1174 1318 1440 1383 parentes
1489 1312 1840 1378 dividuntur,
1885 1312 2023 1365 dum

390 1407 648 1462 renovati
692 1406 931 1460 hominis
974 1423 1270 1460 censuram
1315 1407 1556 1460 senilem
1611 1407 1747 1460 vitia
1798 1408 2024 1459 vetusta

393 1499 696 1568 declinant,
724 1501 1057 1571 pietatisque
1089 1516 1356 1554 normam
1394 1501 1652 1570 voluptas
1693 1500 2022 1554 adolescen-

393 1597 536 1661 tior,
592 1598 862 1664 tanquam
913 1594 1073 1648 serite
1121 1594 1323 1648 domus
1373 1595 1586 1664 refugit
1636 1593 2018 1663 disciplinam.

396 1688 514 1742 Non
556 1687 936 1758 incongruum
980 1703 1206 1758 quoque
1253 1693 1338 1741 est
1383 1687 1428 1740 si
1475 1692 1743 1757 putemus
1785 1686 1932 1756 quod
1969 1689 2026 1740 et

2120 467 2542 524 reconcilianda
2594 483 2731 538 pace
2785 466 3188 520 dissidentium
3236 465 3472 520 fratrum
3524 465 3717 520 dictum

2119 563 2371 633 putavit;
2403 561 2492 616 hic
2524 561 2594 615 de
2625 560 2978 631 poenitentia,
3019 564 3076 614 et
3113 558 3298 613 omnis
3337 557 3719 612 emendatione

2119 655 2328 710 delicti.
2373 655 2743 709 Discutiamus
2787 654 2965 725 igitur
2993 653 3092 724 qui
3132 653 3203 708 sit
3241 651 3606 718 adversarius,
3633 651 3723 721 qui

2123 749 2509 819 magistratus,
2544 748 2642 820 qui
2660 749 2866 820 judex,
2893 748 3064 818 quive
3092 751 3340 813 exactor,
3371 760 3602 816 quemve
3629 762 3719 815 pu-

2122 848 2308 898 temus
2339 860 2459 898 esse
2487 843 2889 914 quadrantem,
2923 857 3096 913 quem
3130 840 3238 895 nisi
3273 840 3400 911 quis
3427 838 3724 908 exsolverit,

2123 936 2382 992 mittatur
2407 937 2465 991 in
2494 953 2808 992 carcerem.

2198 1034 2318 1086 150.
2347 1032 2415 1085 Et
2431 1031 2595 1101 juxta
2639 1031 2968 1084 Matthaeum
3005 1028 3237 1099 quidem
3265 1025 3609 1081 adversarius
3632 1030 3725 1092 est,

2124 1141 2253 1180 cum
2279 1141 2392 1196 quo
2416 1125 2657 1179 minime
2681 1125 2787 1179 tibi
2828 1123 2886 1178 in
2931 1124 3033 1177 hac
3062 1122 3176 1176 vita
3202 1119 3527 1176 convenisse
3554 1118 3727 1172 videa-

2124 1225 2237 1288 tur,
2275 1219 2374 1290 qui
2417 1219 2567 1290 apud
2599 1219 2857 1290 judicem
2901 1218 3160 1272 futurum
3195 1215 3452 1270 vivorum
3491 1211 3727 1285 1447

2125 1317 2296 1383 atque
2341 1318 2696 1368 mortuorum
2746 1310 3028 1365 manentis
3069 1308 3375 1364 simultatis
3417 1310 3470 1360 te
3511 1304 3734 1359 crimine

2125 1411 2497 1478 persequatur
2530 1423 2542 1460 :
2584 1407 2747 1476 juxta
2791 1406 2999 1459 Lucam
3041 1407 3236 1457 autem
3281 1405 3368 1455 est
3406 1397 3738 1455 adversarius

2125 1503 2322 1555 noster
2348 1500 2440 1555 ille
2462 1499 2768 1570 praecipue,
2793 1500 2892 1570 qui
2920 1497 3057 1553 serit
3078 1495 3372 1552 illecebras
3393 1494 3736 1558 delictorum,

2125 1596 2190 1648 ut
2229 1594 2439 1647 habeat
2479 1593 2538 1647 in
2587 1593 2865 1664 supplicio
2909 1591 3234 1663 participes,
3275 1605 3418 1661 quos
3459 1587 3649 1641 habuit
3687 1584 3739 1638 in

2127 1703 2322 1743 errore
2357 1693 2663 1754 consortes,
2704 1692 2874 1757 atque
2906 1685 3034 1740 ideo
3065 1683 3247 1740 socios
3285 1682 3495 1754 quaerit
3527 1681 3594 1735 ad
3631 1679 3740 1733 cul-

397 1780 490 1834 isti
516 1780 645 1835 ideo
687 1797 746 1834 se
782 1780 1057 1845 dividant,
1093 1783 1158 1834 ut
1188 1780 1455 1834 meliores
1489 1780 1628 1834 ﬁant
1655 1780 2022 1850 parentibus;
2049 1760 2103 1831 Β
2129 1799 2280 1853 pam,
2321 1784 2384 1835 ut
2423 1781 2698 1836 obnoxios
2743 1780 2946 1852 prodat
2984 1779 3056 1834 ad
3093 1793 3343 1850 poenam.
3373 1778 3553 1840 Quem
3593 1771 3745 1828 nobis

400 1874 642 1928 maxime
693 1890 824 1927 cum
866 1874 924 1928 in
976 1874 1383 1944 posterioribus
1427 1874 1631 1928 dixerit
1681 1891 1691 1926 :
1744 1897 1769 1922 α
1804 1874 1857 1929 Si
1902 1873 2029 1944 quis

399 1968 556 2022 venit
581 1967 650 2020 ad
693 1983 806 2032 me,
839 1971 897 2020 et
934 1983 1046 2021 non
1081 1967 1199 2021 odit
1244 1971 1463 2038 patrem
1500 1971 1599 2021 aut
1629 1971 1891 2031 matrem,
1935 1971 2031 2021 aut

401 2061 568 2124 ﬁlios,
593 2065 647 2114 et
676 2060 900 2129 fratres,
931 2065 987 2114 et
1016 2077 1259 2126 sorores,
1289 2061 1462 2115 etiam
1489 2064 1544 2114 et
1570 2061 1820 2114 animam
1844 2077 2026 2129 suam,

404 2169 521 2206 non
567 2157 747 2222 potest
789 2169 948 2208 meus
991 2170 1111 2206 esse
1146 2153 1452 2223 discipulus
1495 2154 1666 2223 (Luc.,
1711 2170 1819 2219 xw,
1850 2155 1960 2224 26).
2001 2175 2024 2200 η

403 2247 472 2300 Et
507 2246 634 2300 ideo
663 2247 976 2300 secundum
1016 2246 1336 2317 simplicem
1367 2246 1722 2316 intelligendi
1766 2247 2028 2312 formam,

401 2339 704 2411 gentilibus
745 2339 1073 2410 parentibus
1113 2340 1212 2410 qui
1259 2340 1550 2396 Christum
1591 2339 1848 2410 sequitur
1879 2339 2031 2393 ﬁlius

401 2432 745 2499 antefertur;
777 2433 976 2504 religio
1003 2433 1156 2488 enim
1187 2438 1415 2504 praestat
1444 2433 1671 2504 pietatis
1698 2433 1918 2488 ofﬁciis.

475 2528 592 2580 147.
624 2526 764 2580 Illud
786 2543 1012 2597 quoque
1039 2527 1354 2582 secundum
1382 2527 1647 2581 altiorem
1675 2528 2026 2598 interpreta-

402 2619 641 2683 tionem,
676 2620 809 2690 quia
851 2620 919 2674 de
964 2637 1133 2675 carne
1165 2625 1464 2692 peccatum
1493 2621 1766 2690 nascitur,
1797 2627 1852 2675 et
1879 2621 2035 2674 velut

404 2714 466 2768 in
508 2717 670 2766 utero
711 2714 894 2768 carnis
940 2718 1225 2785 operatur,
1276 2715 1345 2768 de
1386 2732 1498 2786 quo
1549 2716 1626 2770 ait
1676 2715 1974 2786 Apostolus
2018 2731 2030 2768 :

407 2828 436 2857 ι(
477 2807 530 2860 Si
559 2810 754 2861 autem
786 2808 940 2877 quod
989 2809 1120 2863 nolo
1162 2809 1268 2862 hoc
1300 2825 1429 2879 ago,
1453 2809 1573 2879 jam
1604 2826 1721 2864 non
1759 2825 1864 2880 ego
1893 2807 2034 2862 illud

410 2917 632 2972 operor,
670 2901 769 2955 sed
813 2901 966 2972 quod
1009 2902 1225 2956 habitat
1272 2902 1330 2956 in
1374 2919 1465 2956 me
1513 2906 1809 2974 peccatum
1841 2901 2032 2970 (Rom.,

409 3012 502 3062 v11,
534 2997 643 3065 20).
678 3018 704 3043 ››
733 2997 876 3051 Cum
919 3012 1024 3065 pro
1067 2996 1182 3048 vita
1227 2996 1426 3050 mundi
1473 2997 1645 3066 hujus
1686 2995 1896 3050 effusus
1939 2997 2038 3049 Do-

409 3089 551 3143 mini
577 3088 809 3158 sanguis
839 3088 1152 3142 aboleverit
1190 3088 1342 3156 vitia,
1375 3089 1432 3143 in
1477 3089 1722 3159 gratiam
1763 3105 1831 3143 ex
1861 3089 2034 3143 oﬁ'en-

411 3183 567 3237 sione
617 3181 966 3235 convertitur
998 3197 1010 3234 :
1059 3203 1085 3230 «
1116 3182 1611 3252 Superabundavit
1653 3183 1806 3236 enim
1845 3199 2037 3252 pecca-

411 3281 558 3340 tum,
604 3280 666 3327 ut
713 3273 1207 3344 superabundaret
1255 3275 1440 3345 gratia
1486 3279 1680 3342 (Ro-172.,
1733 3292 1784 3345 v,
1839 3277 1963 3346 20);
2014 3297 2039 3324 ››

411 3367 588 3438 fitque
616 3369 678 3419 ut
704 3382 774 3420 ex
813 3372 1044 3437 peccato
1085 3373 1207 3421 orta
1254 3368 1586 3438 poenitentia
1625 3367 1696 3422 ad
1725 3368 2038 3423 conversio-

413 3476 547 3515 nem
575 3459 873 3530 propositi,
914 3465 968 3513 et
1009 3461 1077 3514 ad
1122 3459 1498 3532 cupiditatem
1528 3462 1728 3532 gratia:
1772 3455 2042 3532 spiritalis

414 3551 691 3624 impellat.
740 3555 934 3624 Itaque
980 3553 1129 3624 quod
1173 3556 1293 3608 erat
1333 3553 1477 3609 mihi
1516 3554 1587 3608 ad
1633 3558 1903 3623 mortem,
1939 3555 2041 3609 hoc

415 3647 524 3702 erit
551 3646 612 3699 in
642 3647 905 3701 salutem.
934 3647 1084 3718 Ergo
1112 3652 1407 3718 peccatum
1435 3648 1651 3720 irriguo
1677 3649 1852 3703 fontis
1881 3649 2038 3702 ablu-

413 3743 559 3807 tum,
589 3739 658 3794 ab
688 3757 754 3793 ea
777 3739 934 3795 unde
973 3746 1315 3811 generatum
1359 3747 1444 3796 est
1471 3758 1642 3796 carne
1675 3741 1993 3797 secernitur
2026 3759 2039 3796 :

413 3840 470 3890 et
510 3833 644 3888 dum
682 3834 1072 3906 unusquisque
1114 3834 1269 3905 cupit
1315 3835 1602 3890 redimere
1649 3835 1942 3902 delictum,
1981 3836 2044 3888 tit

414 3943 485 3983 ex
509 3928 653 3982 serie
674 3928 854 3998 culpae
880 3927 1134 3982 studium
1168 3929 1502 3998 disciplinae.

491 4022 608 4075 148.
642 4020 1112 4091 Concupiscentia
1153 4037 1384 4092 quoque
1430 4038 1622 4076 rerum
1660 4023 1961 4091 malarum,
1991 4030 2046 4079 et

411 4113 652 4186 quidam
703 4119 887 4168 motus
933 4113 1202 4168 fervidior
1250 4115 1572 4185 cupiditatis
1625 4117 1722 4170 Dei
1769 4118 1936 4171 verbo
1983 4118 2040 4170 in

417 4206 737 4280 appetitum
768 4207 1188 4261 transfunditur
1226 4208 1431 4262 divinae
1461 4209 1749 4264 charitatis
1795 4214 1854 4264 et
1884 4227 2040 4265 amo-

414 4301 513 4368 ris,
559 4305 731 4370 atque
782 4299 841 4353 in
900 4300 1098 4355 eadem
1165 4305 1370 4355 natura
1424 4302 1487 4355 ﬁt
1528 4303 1678 4356 varia
1729 4303 2042 4373 disciplina,

403 4395 712 4465 multoque
769 4394 1068 4449 meliorem
1113 4411 1284 4466 quam
1330 4400 1494 4450 antea
1544 4397 1887 4467 voluptatem
1942 4397 2044 4450 sibi

2131 1876 2448 1931 cavendum
2482 1877 2682 1930 Petrus
2724 1874 3011 1945 apostolus
3051 1875 3249 1927 monet
3299 1870 3493 1926 dicens
3537 1885 3550 1922 :
3598 1865 3746 1920 «Ad-

2129 1970 2412 2024 versarius
2447 1975 2631 2024 vester
2674 1968 2931 2023 diabolus
2982 1971 3255 2037 tanquam
3295 1964 3386 2018 leo
3426 1961 3648 2033 rapiens
3692 1960 3744 2013 et

2131 2064 2365 2135 rugiens
2390 2063 2599 2134 quaerit
2629 2079 2800 2133 quem
2829 2062 3065 2116 devoret
3091 2060 3132 2128 (l
3165 2061 3334 2120 Petr.,
3369 2074 3424 2125 v,
3457 2059 3532 2126 8).
3561 2076 3588 2105 »

2208 2161 2325 2212 151.
2370 2158 2467 2211 Est
2507 2161 2564 2210 et
2607 2155 2961 2210 adversarius
2997 2157 3190 2208 noster
3223 2152 3396 2222 juxta
3435 2149 3750 2205 Matthaeum

2133 2251 2316 2306 omnis
2351 2250 2573 2304 virtutis
2620 2266 2776 2318 usus,
2819 2254 2875 2302 et
2917 2246 3260 2319 apostolicus
3305 2247 3366 2299 et
3404 2242 3753 2314 propheticus

2134 2361 2344 2414 sermo,
2379 2344 2478 2415 qui
2517 2359 2620 2398 nos
2665 2342 2741 2397 ad
2769 2341 3058 2412 asperiora
3097 2341 3407 2412 praecepta,
3441 2343 3498 2392 et
3524 2334 3754 2390 durioris

2134 2438 2263 2492 vitae
2319 2438 2666 2492 documenta
2718 2434 3058 2506 constringit
3095 2450 3109 2487 :
3159 2433 3251 2488 cui
3295 2430 3618 2486 consentire
3660 2443 3755 2482 nos

2136 2532 2426 2600 convenit,
2467 2535 2531 2585 ut
2578 2547 2710 2585 eum
2757 2529 3025 2600 operibus
3068 2527 3437 2593 aemulemur,
3471 2541 3544 2578 ne
3578 2522 3756 2592 aliqua

2135 2623 2318 2680 nostri
2349 2623 2707 2680 contumacia
2735 2623 2806 2677 ab
2833 2638 2899 2676 eo
2927 2621 3229 2676 descivisse
3257 2619 3588 2689 prodamur.
3611 2616 3757 2670 Juxta

2136 2721 2342 2774 Lucam
2371 2721 2563 2773 autem
2595 2733 2767 2771 nemo
2800 2715 3176 2786 nobis-magis
3203 2712 3566 2768 adversarius
3593 2723 3757 2780 quam

2137 2819 2334 2867 noster
2360 2819 2444 2867 est
2484 2813 2689 2883 lapsus,
2719 2810 2817 2881 qui
2857 2825 2960 2864 nos
2985 2808 3114 2863 vitae
3144 2812 3357 2862 nostrae
3387 2808 3608 2860 accusat
3632 2800 3760 2856 indi-

2139 2907 2239 2961 ciis
2283 2923 2295 2960 :
2342 2923 2458 2960 non
2499 2907 2654 2977 quod
2700 2902 3076 2958 accusationis
3117 2901 3284 2956 ullius
3317 2900 3501 2970 judex
3545 2898 3757 2952 futurus

2140 3005 2354 3070 quaerat
2394 2999 2667 3066 ofﬁcium,
2697 2998 2791 3054 sed
2836 2996 2992 3068 quod
3019 2995 3173 3067 apud
3217 2993 3486 3049 omnium
3530 2990 3763 3061 cognito-

2140 3110 2264 3148 rem
2293 3097 2488 3147 noster
2517 3109 2620 3147 nos
2647 3096 2804 3146 actus
2846 3093 3089 3157 accusat,
3120 3089 3258 3143 dum
3299 3088 3374 3142 ab
3411 3103 3517 3140 usu
3555 3081 3764 3139 virtutis

2141 3186 2584 3259 apostolicisque
2612 3185 2912 3257 praeceptis
2943 3183 3235 3238 invenitur
3259 3181 3506 3236 alienus.

2216 3284 2337 3336 152.
2391 3282 2590 3350 Itaque
2643 3279 3000 3334 adversarius
3050 3276 3215 3332 nobis
3267 3275 3460 3330 omnis
3511 3273 3766 3327 vitiorum

2141 3390 2293 3442 usus,
2340 3374 2662 3429 adversaria
2701 3372 2863 3429 nobis
2907 3371 3100 3440 libido,
3151 3369 3477 3424 adversaria
3523 3364 3762 3429 avaritia,

2142 3469 2464 3523 adversaria
2525 3467 2711 3522 omnis
2775 3466 3145 3536 improbitas,
3206 3461 3537 3519 adversaria
3589 3457 3766 3516 omnis

2142 3563 2336 3634 iniqua
2387 3561 2691 3633 cogitatio;
2745 3560 2997 3631 denique
3052 3558 3204 3614 mala
3257 3560 3341 3611 est
3392 3551 3766 3617 conscientia,

2143 3672 2271 3726 quae
2303 3673 2408 3711 nos
2451 3660 2508 3710 et
2536 3655 2629 3710 hic
2672 3653 2869 3720 afﬁcit,
2903 3659 2961 3708 et
2997 3653 3054 3707 in
3104 3653 3364 3706 futurum
3407 3646 3692 3706 accusabit
3716 3648 3769 3699 et

2141 3749 2365 3821 prodet,
2395 3750 2540 3804 sicut
2566 3750 2811 3804 testatur
2847 3746 3148 3817 Apostolus
3175 3745 3373 3800 dicens
3403 3762 3417 3798 :
3450 3765 3480 3793 α
3511 3740 3768 3798 Testimo-

2141 3843 2304 3898 nium
2335 3841 2614 3898 reddente
2643 3841 2755 3895 illis
2785 3840 3131 3895 conscientia
3155 3839 3417 3908 illorum,
3449 3842 3504 3891 et
3533 3834 3770 3889 invicem

2142 3935 2579 4008 cogitationibus
2621 3933 3036 4002 accusantibus,
3079 3935 3181 3987 aut
3215 3931 3389 3987 etiam
3434 3924 3771 3986 defendenti-

2143 4031 2248 4084 bus
2274 4030 2466 4099 (Rom.,
2493 4046 2551 4097 ιι,
2583 4031 2689 4099 15).
2716 4049 2744 4078 ››
2772 4028 2932 4092 Quod
2958 4027 3004 4081 si
3031 4025 3379 4082 conscientia
3401 4034 3771 4093 unumquem-

2145 4140 2257 4195 que
2283 4124 2492 4195 prodit,
2513 4129 2728 4195 quanto
2749 4122 2935 4193 magis
2963 4126 3258 4193 gestorum
3280 4123 3611 4173 nostrorum
3636 4127 3768 4186 opus

2144 4221 2280 4272 ante
2321 4218 2494 4271 Deum
2531 4221 2738 4288 praesto
2779 4221 2882 4282 est,
2928 4215 3080 4286 quod
3123 4227 3459 4285 expressum
3497 4211 3558 4266 in
3585 4210 3768 4263 nostro

2145 4326 2380 4380 corpore
2416 4309 2617 4364 ultimo
2652 4315 2905 4379 tempore
2951 4305 3364 4374 recensebitur,
3397 4309 3458 4359 et
3499 4303 3770 4358 secretum

2146 4402 2506 4474 cogitationis
2545 4403 2822 4473 scriptum
2867 4401 2926 4455 in
2969 4399 3235 4456 cordibus
3273 4398 3483 4453 nostris
3521 4389 3766 4466 legetur!

417 4489 822 4561 mysteriorum
864 4488 1178 4544 caelestium
1213 4490 1304 4542 ille
1347 4491 1598 4560 corporis
1639 4495 1806 4560 atque
1836 4489 2124 4572 animaeD
2147 4499 2353 4553 Demus
2389 4497 2565 4567 igitur
2594 4512 2850 4567 operam,
2889 4500 2950 4549 ut,
2989 4495 3126 4549 dum
3169 4493 3228 4548 in
3267 4492 3378 4547 hoc
3415 4506 3610 4545 sumus
3646 4486 3766 4540 vitae

413 4583 703 4656 appetitus
731 4582 994 4652 acquirit.
1039 4583 1224 4637 Alitur
1257 4584 1410 4638 enim
1453 4584 1678 4638 animus
1716 4584 2044 4655 cognitione

416 4692 633 4741 rerum,
667 4679 724 4728 et
772 4679 1067 4745 comperta
1107 4677 1426 4730 futurorum
1472 4676 1907 4748 repromissione
1950 4695 2044 4732 su-

413 4769 665 4836 blimior,
709 4768 916 4823 anima:
946 4785 1120 4840 Opera
1153 4774 1372 4824 vetusta
1419 4771 1631 4825 fastidit
1661 4788 1672 4824 :
1713 4793 1739 4819 ‹‹
1765 4771 2047 4825 Animalis

415 4864 570 4919 enim
613 4864 792 4919 homo
838 4880 952 4917 non
991 4863 1232 4934 percipit
1275 4880 1404 4934 qua:
1449 4870 1582 4918 sunt
1625 4864 1857 4934 spiritus
1909 4865 2042 4931 Dei;

419 4958 656 5012 stultitia
707 4958 860 5012 enim
915 4957 994 5010 illi
1051 4963 1159 5024 est,
1214 4955 1476 5027 spiritalis
1528 4963 1718 5012 autem
1771 4957 2046 5028 dijudicat

414 5053 610 5108 omnia
650 5053 771 5124 ipse
803 5055 1000 5106 autem
1041 5067 1075 5106 a
1101 5050 1333 5106 nemine
1364 5051 1705 5122 dijudicatur
1740 5052 1780 5123 (Ι
1809 5053 1952 5116 Cor.,
1988 5070 2044 5120 ιι,

419 5151 506 5218 14,
543 5152 646 5222 l5).
679 5174 706 5200 η

489 5245 660 5311 (Vers.
697 5246 786 5312 58,
820 5243 932 5314 59.)
973 5245 1112 5297 Dum
1149 5244 1306 5298 vadis
1341 5258 1461 5297 cum
1503 5243 1815 5299 adversario
1857 5252 1948 5299 tuo
1975 5247 2048 5300 ad

416 5340 819 5405 magistratum,
858 5339 915 5390 in
953 5338 1044 5391 via
1085 5337 1159 5390 da
1202 5352 1417 5407 operam
1457 5337 1682 5391 liberari
1723 5340 1792 5391 ab
1832 5339 1954 5407 illo;
1984 5356 2048 5392 ne

403 5431 558 5504 forte
589 5431 899 5486 condemnet
944 5435 992 5484 te
1021 5430 1172 5501 apud
1189 5430 1449 5499 judicent,
1481 5437 1528 5484 et
1559 5431 1740 5498 judex
1781 5432 1968 5486 tradat
2001 5439 2049 5487 te

418 5526 678 5585 emactori,
704 5531 754 5579 et
787 5530 1008 5578 exactor
1051 5526 1233 5579 mittat
1259 5529 1308 5578 te
1335 5526 1394 5578 in
1434 5540 1716 5580 carcerem.
1757 5527 1883 5580 Dico
1927 5527 2046 5589 tibi,

423 5632 533 5669 non
562 5619 703 5670 emies
742 5617 870 5671 inde
904 5617 1069 5672 donec
1108 5620 1269 5672 etiam
1308 5620 1651 5673 novissimum
1687 5620 2050 5688 quadrantem

421 5707 644 5763 reddas.

497 5800 618 5854 149.
649 5800 760 5850 Hoc
806 5799 975 5853 etiam
1006 5801 1297 5855 Matthaeus
1340 5805 1525 5872 posuit
1568 5807 1808 5875 (Matth.,
1842 5824 1890 5877 v,
1926 5809 2048 5877 25);

2146 4591 2430 4645 curriculo
2475 4590 2789 4657 constituti,
2835 4592 3112 4660 tanquam
3156 4604 3189 4640 a
3229 4586 3381 4640 malo
3429 4579 3764 4645 adversario,

2146 4685 2228 4738 ita
2257 4685 2327 4738 ab
2356 4683 2616 4754 improbo
2651 4683 2961 4737 liberemur
2987 4687 3148 4750 actu;
3177 4696 3250 4734 ne
3286 4679 3429 4733 dum
3461 4677 3610 4732 imus
3645 4686 3766 4728 cum

2145 4778 2464 4833 adversario
2495 4778 2566 4832 ad
2607 4776 2971 4847 magistrum,
3001 4776 3060 4829 in
3088 4774 3175 4828 via
3213 4777 3478 4829 nostrum
3502 4767 3791 4826 condem-'

2146 4877 2243 4927 net
2272 4887 2547 4926 errorem.

2223 4969 2340 5021 l53.
2393 4965 2524 5020 Ideo
2575 4970 2631 5020 et
2671 4964 2968 5018 Matthaaus
3009 4963 3092 5017 ait
3131 4979 3144 5017 :
3190 4983 3218 5011 «
3248 4963 3378 5016 Esto
3418 4955 3765 5015 consentiens

2145 5058 2467 5114 adversario
2501 5062 2622 5127 tuo,
2651 5056 2788 5112 dum
2830 5073 2889 5110 es
2921 5072 3053 5110 cum
3100 5055 3195 5110 illo
3243 5055 3300 5109 in
3331 5054 3423 5108 via
3449 5049 3688 5122 (Matth,
3714 5060 3761 5111 ν,

2145 5153 2265 5224 25);
2298 5175 2324 5202 ››
2377 5157 2578 5206 εὐνοέων
2626 5156 2816 5206 autem
2866 5152 3095 5206 Graecus
3136 5149 3298 5218 dixit,
3338 5149 3446 5202 hoc
3489 5147 3574 5201 est
3609 5141 3763 5196 bene-

2146 5247 2380 5315 volens;
2427 5247 2473 5299 si
2520 5245 2675 5300 enim
2716 5245 2852 5299 dum
2891 5261 3088 5299 sumus
3126 5245 3187 5298 in
3230 5243 3331 5296 hac
3368 5241 3506 5307 vita,
3533 5235 3762 5294 exsolva-

2149 5357 2277 5395 mus
2318 5356 2420 5394 nos
2466 5357 2499 5393 a
2543 5339 2782 5394 vinculis
2827 5338 3058 5408 diaboli,
3105 5353 3210 5391 nec
3253 5337 3344 5391 ille
3391 5334 3620 5406 propter
3669 5341 3758 5380 nos

2149 5433 2528 5502 damnabitur,
2561 5436 2619 5488 et
2666 5450 2768 5489 nos
2809 5452 2843 5489 a
2887 5431 3124 5486 vinculis
3167 5430 3292 5502 ejus
3329 5428 3542 5484 erimus
3578 5417 3756 5478 alieni.

2151 5528 2310 5583 Unde
2353 5532 2409 5582 et
2458 5544 2559 5598 pro
2603 5529 2830 5599 Assyrio
2881 5527 3130 5597 psalmus
3173 5522 3503 5579 inscribitur
3551 5521 3757 5586 septua-

2151 5621 2404 5692 gesimus
2443 5621 2695 5692 quintus.
2739 5623 2888 5674 Bene
2943 5635 3082 5689 ergo
3129 5617 3375 5673 consulis
3423 5606 3754 5668 adversario,

2151 5719 2208 5769 et
2248 5732 2350 5786 pro
2398 5715 2493 5769 illo
2544 5715 2795 5785 Assyrio,
2845 5714 2952 5768 hoc
2997 5716 3082 5768 est
3130 5729 3294 5780 vano,
3337 5709 3480 5764 bene
3520 5702 3670 5768 facis,
3714 5696 3754 5750 si

2153 5810 2276 5888 ejus
2328 5809 2540 5881 laqueis
2587 5815 2789 5870 exutus
2835 5791 3066 5878 praestes
3110 5809 3258 5864 hanc
3298 5796 3749 5881 benevolentiam,
