4022 6176
257 278 364 330 1829

1305 269 1759 324 EXPOSITIONIS
1801 269 1866 324 IN
1907 269 2132 324 LUCAM
2175 268 2299 322 LIB.
2347 267 2448 322 \‘II.

3428 268 3560 320 l830

251 403 299 452 ut
322 405 367 451 et
408 409 618 465 poenam
655 393 742 445 tui
782 393 970 463 lapsus
1013 395 1068 446 et
1111 392 1311 447 mortis
1353 392 1565 446 evadat.
1598 391 1755 456 Quod
1779 392 1824 446 si
1849 391 2368 477 Areminiscimur,
2402 390 2562 459 cujus
2593 387 2875 442 oblatione
2907 391 2971 441 ut
3009 387 3122 442 illic
3164 390 3555 460 unusquisque

250 489 448 544 vinculis
492 487 607 556 ejus
650 485 954 553 inhereas,
1005 487 1188 540 tradet
1233 489 1288 540 te
1342 495 1617 557 tanquam
1662 502 1824 540 reum

252 580 580 653 magistratui,
609 579 760 634 idem
789 584 1082 634 accusator
1107 585 1164 634 et
1190 579 1465 650 proditor.

307 677 408 731 154.
436 672 562 738 Quis
589 677 673 727 est
697 673 1073 743 magistratus,
1103 673 1210 728 nisi
1238 690 1410 745 penes
1440 690 1607 745 quem
1638 674 1825 728 omnis

247 774 452 841 potestas
475 770 572 834 est,
601 772 658 821 et
682 766 778 837 qui
809 767 964 837 pleni
996 774 1052 822 et
1077 768 1314 837 perfecti
1345 767 1617 838 temporis
1647 767 1823 822 subli-

246 879 371 918 mem
399 861 494 915 sibi
527 860 774 914 vindicat
812 860 1191 931 dignitatem?
1216 861 1298 916 Ad
1329 877 1499 932 quem
1537 861 1824 916 bonorum

243 971 441 1026 operum
487 953 660 1008 fretus
712 954 1078 1020 conscientia,
1134 971 1249 1008 non
1298 955 1507 1009 timens
1555 955 1825 1010 adversa-

241 1051 364 1103 rium
402 1052 620 1100 sanctus
663 1047 941 1116 Pr0pheta
989 1047 1216 1102 festinat
1269 1047 1464 1102 dicens
1511 1067 1523 1101 :
1575 1069 1602 1096 ‹‹
1645 1048 1826 1103 Sitivit

240 1143 399 1195 anima
434 1156 557 1195 mea
597 1140 664 1194 ad
709 1141 1012 1194 Dominum
1051 1141 1268 1208 vivum;
1310 1141 1539 1211 quando
1580 1141 1822 1212 veniam,

239 1239 282 1288 et
316 1233 579 1304 apparebo
623 1237 754 1288 ante
793 1233 1000 1288 faciem
1043 1234 1142 1288 Dei
1182 1234 1350 1304 (Psal.
1393 1250 1499 1301 xu,
1545 1236 1635 1302 3)?
1668 1258 1694 1283 ››
1728 1236 1826 1290 Hic

237 1329 358 1382 enim
389 1326 746 1397 magistratus
782 1327 968 1381 tradet
998 1343 1160 1381 reum
1187 1327 1389 1398 judici,
1419 1327 1468 1382 ei
1499 1327 1711 1383 scilicet
1736 1329 1824 1382 cui

237 1420 450 1474 vivorum
488 1426 542 1474 et
583 1428 940 1475 mortuorum
982 1420 1181 1475 tribuit
1219 1425 1581 1492 potestatem;
1626 1425 1683 1476 et
1724 1423 1820 1476 tri-

233 1514 333 1568 buit
375 1530 471 1584 per
519 1521 805 1581 naturam,
857 1531 968 1568 non
1019 1530 1123 1585 per
1172 1515 1448 1585 gratiam;
1500 1531 1615 1569 non
1669 1515 1822 1570 enim

234 1605 454 1678 1448
508 1623 682 1678 quam
734 1623 847 1661 non
902 1606 1152 1662 habebat
1205 1609 1441 1678 accepit,
1500 1608 1599 1662 sed
1654 1625 1822 1680 quam

229 1715 285 1753 ex
320 1699 612 1754 substantia
650 1701 836 1755 Patris
879 1717 1012 1755 cum
1055 1707 1451 1772 generaretur,
1493 1703 1820 1774 assumpsit.

231 1795 363 1847 Hunc
403 1794 800 1864 magistratum
845 1794 945 1848 tibi
991 1800 1048 1849 et
1080 1794 1337 1864 judicem
1384 1801 1682 1864 monstrat,
1723 1796 1821 1867 qui

230 1886 522 1940 monstravit
578 1891 995 1955 accusatorem,
1050 1893 1106 1942 et
1167 1888 1415 1943 ostendit
1465 1889 1695 1959 quando
1753 1888 1823 1943 sit

229 1979 522 2034 revelandus
566 1997 580 2034 :
625 2003 652 2029 ‹‹
695 1983 758 2036 In
801 1981 914 2047 die,
955 1981 1160 2052 inquit,
1203 1998 1313 2053 qua
1348 1981 1632 2051 judicabit
1676 1983 1822 2036 Deus

229 2073 413 2126 occulta
465 2074 769 2129 hominum
825 2076 1142 2130 secundum
1196 2075 1564 2146 Evangelium
1625 2091 1822 2130 meum

226 2181 310 2234 per
339 2168 513 2220 Jesum
554 2167 847 2222 Christum
893 2169 1195 2222 Dominum
1236 2171 1495 2222 nostrum
1537 2171 1727 2235 (Rom,
1764 2187 1818 2236 ιι,

213 2262 312 2329 ⁵16).
340 2282 362 2307 ››
392 2261 480 2315 Hic
508 2262 689 2332 igitur
717 2265 801 2315 est
819 2262 997 2331 judex
1023 2264 1181 2316 .lesus
1205 2262 1479 2330 Christus,
1511 2278 1612 2332 per
1641 2279 1816 2333 quem

225 2353 406 2407 occulta
433 2354 878 2425 redarguuntur,
903 2361 958 2410 et
986 2355 1230 2428 improbi
1257 2356 1442 2426 operis
1471 2373 1636 2426 paena
1665 2374 1820 2411 man-

226 2445 365 2500 datur
394 2453 480 2516 (7).

284 2543 384 2594 155.
419 2542 504 2596 Vis
540 2543 691 2596 scire
732 2543 1017 2598 Christum
1059 2559 1179 2596 esse
1209 2542 1468 2613 judicem
1512 2543 1611 2614 qui
1655 2560 1816 2597 exac-

226 2632 311 2686 tori
355 2636 533 2702 tradit,
594 2641 653 2691 et
700 2637 758 2690 in
806 2652 1088 2691 carcerem
1136 2636 1351 2690 mittit?
1399 2638 1587 2707 Ipsum
1639 2636 1814 2691 inter-

227 2741 351 2796 roga,
401 2729 513 2784 imo
568 2729 761 2800 ipsum
813 2730 938 2799 lege
991 2731 1051 2782 in
1109 2730 1412 2801 Evangelio
1465 2731 1748 2784 dicentem
1803 2748 1814 2784 :

226 2819 456 2876 «Tollite
503 2827 560 2877 et
615 2823 819 2878 mittite
871 2823 1034 2876 illum
1086 2823 1144 2876 in
1199 2823 1460 2878 tenebras
1505 2824 1820 2878 exteriores

225 2913 429 2978 (Matth,
474 2933 610 2983 xm,
666 2920 768 2980 13).
821 2937 846 2965 ››
896 2917 1188 2970 Exactores
1237 2933 1467 2987 quoque
1519 2933 1650 2972 suos
1699 2917 1819 2989 ipse

222 3011 514 3063 monstravit
557 3010 675 3064 alio
717 3009 839 3064 loco
889 3010 982 3064 ubi
1025 3009 1202 3064 dicit:
1245 3011 1390 3065 «Sic
1433 3011 1543 3064 erit
1583 3011 1641 3064 in
1682 3028 1817 3064 con-

222 3102 567 3158 summatione
613 3103 836 3172 saeculi;
867 3103 1100 3158 exibunt
1137 3104 1346 3174 angeli,
1381 3110 1436 3158 et
1474 3104 1822 3176 separabunt

220 3195 369 3248 malos
399 3197 465 3252 de
505 3197 700 3252 medio
733 3198 1042 3268 justorum,
1072 3201 1127 3251 et
1158 3198 1387 3252 mittent
1423 3215 1516 3252 eos
1553 3198 1609 3252 in
1645 3199 1818 3252 cami-

224 3301 335 3342 num
385 3289 526 3360 ignis
586 3308 599 3344 :
663 3291 740 3344 ibi
799 3292 907 3345 erit
959 3291 1126 3345 ﬂetus
1183 3295 1241 3345 et
1294 3291 1506 3346 stridor
1559 3292 1820 3346 dentium

222 3381 428 3446 (Matth,
455 3401 618 3452 χχιιι,
648 3386 735 3450 49,
767 3384 875 3456 50).
907 3408 933 3433 ››

280 3477 384 3530 156.
413 3478 688 3549 Superest
711 3495 864 3532 nunc
891 3483 956 3532 ut
981 3479 1364 3550 intelligamus
1391 3479 1529 3550 quid
1557 3480 1663 3534 sibi
1689 3479 1824 3534 velit

219 3565 370 3636 ﬁgura
398 3573 753 3642 quadrantis.
788 3574 854 3627 Et
880 3573 1102 3627 videtur
1135 3572 1349 3627 usualis
1375 3574 1460 3626 rei
1489 3589 1821 3644 expressum

220 3664 414 3718 nomine
447 3666 773 3721 intellectus
817 3666 1126 3737 spiritualis
1163 3683 1461 3721 arcanum.
1500 3667 1642 3721 Nam
1681 3667 1824 3721 sicut

220 3755 297 3823 qui
332 3761 599 3828 pecunias
637 3759 877 3828 solvunt,
919 3759 1176 3815 debitum
1220 3759 1487 3828 reddunt,
1518 3776 1626 3815 nec
1668 3762 1822 3832 prius

220 3856 492 3906 evacuatur
535 3853 778 3907 fcenoris
824 3869 1056 3919 nomen,
1103 3869 1273 3924 quam
1323 3853 1497 3908 totius
1541 3855 1708 3909 sortis
1749 3853 1821 3908 ad

221 3956 486 4000 nummum
532 3963 720 4018 usque
767 3948 838 4018 (8)
885 3963 1226 4018 quocunque
1274 3948 1569 4002 solutionis
1615 3963 1822 4019 genere

219 4039 468 4102 quantitas
494 4041 766 4095 universa
791 4041 1066 4102 solvatur;
1096 4041 1174 4095 sic
1202 4042 1668 4111 compensatione
1697 4042 1822 4095 cha-

217 4126 364 4184 ritatis
389 4141 739 4206 actuumque
768 4136 1136 4206 reliquorum,
1164 4135 1252 4188 vel
1281 4135 1656 4189 satisfactione
1689 4151 1822 4205 qua-

217 4234 427 4294 cunque,
459 4228 684 4298 peccati
716 4245 880 4298 poena
910 4227 1256 4282 dissolvitur.

275 4319 380 4372 157.
411 4321 533 4375 Non
567 4322 818 4376 otiosum
849 4322 1042 4388 etiam,
1072 4321 1204 4392 quia
1233 4337 1348 4376 non
1380 4338 1497 4376 aera
1522 4322 1631 4376 duo
1661 4323 1822 4390 (sicut

218 4407 346 4479 alibi)
392 4414 566 4481 (Luc.,
624 4431 730 4482 xxi,
780 4418 856 4485 2),
914 4431 1028 4469 non
1080 4431 1262 4469 assem
1310 4416 1550 4483 (Matth.,
1603 4432 1656 4482 x,
1708 4418 1819 4486 29),

1927 485 2146 540 lavandi
2188 484 2387 555 accipit
2424 484 2780 548 facultatem,
2809 482 2887 535 ita
2927 481 3014 536 hic
3057 481 3260 552 accipit
3297 482 3553 550 eluendi;

1925 580 2058 652 quia
2109 579 2549 649 uniuscujusque
2602 581 2899 647 peccatum
2955 591 3130 646 supra
3181 575 3404 646 scriptae
3457 592 3555 646 ge-

1929 690 2062 727 nere
2113 671 2454 727 conditionis
2516 670 2755 736 eluitur;
2815 685 2943 723 cum
3008 668 3208 722 tandiu
3260 671 3556 723 exercetur

1928 768 2129 822 noxius
2157 765 2362 837 poenis,
2390 767 2454 820 ut
2481 763 2763 820 commissi
2796 761 3074 834 supplicia
3105 761 3316 817 erroris
3347 777 3556 832 expen-

1928 861 2045 915 dat.

2000 957 2119 1009 159.
2163 955 2318 1025 (Cap.
2365 954 2496 1008 XIII.
2530 981 2600 993 ——
2637 953 2789 1006 Vers.
2835 953 2907 1020 1.)
2953 951 3028 1004 De
3073 948 3319 1004 Galilaais
3361 952 3555 1003 autem

1927 1048 2053 1116 illis,
2081 1064 2322 1119 quorum
2354 1045 2697 1117 sanguinem
2727 1045 2938 1098 Pilatus
2969 1044 3196 1098 miscuit
3221 1059 3354 1097 cum
3382 1042 3554 1096 sacri-

1926 1142 2064 1195 ﬁciis
2103 1158 2322 1206 eorum,
2362 1141 2548 1210 figura
2584 1138 2851 1210 quaadam
2888 1137 3113 1192 videtur
3153 1153 3247 1190 eos
3287 1140 3554 1205 tangens,

1925 1237 2023 1306 qui
2071 1238 2268 1289 coactu
2320 1233 2616 1297 diabolico,
2669 1248 2784 1286 non
2836 1248 2977 1302 pure
3032 1230 3280 1285 oﬂ‘erunt
3334 1228 3550 1283 sacriﬂ-

1925 1329 2077 1383 cium
2115 1351 2124 1381 :
2159 1344 2405 1399 quorum
2441 1326 2624 1382 oratio
2667 1327 2725 1380 in
2767 1329 3085 1396 peccatum,
3118 1325 3263 1378 sicut
3304 1323 3373 1376 de
3415 1322 3556 1376 Juda

1925 1423 2198 1494 scriptum
2245 1425 2328 1477 est
2366 1422 2537 1492 (Psal.
2579 1436 2724 1486 cvm,
2767 1423 2815 1488 7)
2859 1418 3172 1490 proditore,
3217 1417 3312 1486 qui
3357 1415 3552 1487 prodi-

1927 1517 2140 1571 tionem
2180 1515 2478 1586 sanguinis
2520 1513 2800 1570 Dominici
2846 1513 2998 1566 inter
3028 1509 3300 1566 sacrificia
3338 1509 3557 1580 positus

1925 1609 2230 1680 cogitabat.

1996 1704 2171 1772 (Vers.
2216 1703 2291 1771 6.)
2326 1703 2585 1757 Arborem
2621 1703 2712 1769 ﬁci
2745 1701 2970 1770 quidam
3011 1699 3200 1753 habuit
3236 1697 3552 1767 plantatam

1923 1799 1983 1852 in
2007 1800 2167 1851 vinea
2193 1811 2312 1852 sua.

1998 1894 2116 1946 160.
2159 1889 2306 1954 Quid
2349 1889 2452 1943 sibi
2502 1890 2620 1943 vult
2657 1888 2807 1960 quod
2850 1888 2908 1941 in
2951 1885 3254 1956 Evangelio
3294 1900 3395 1938 suo
3439 1883 3552 1937 Do-

1923 1985 2113 2038 minus
2158 1983 2246 2038 ﬁci
2291 1983 2623 2054 parabolam
2667 1982 3002 2052 frequenter
3044 1979 3268 2033 inducit
3307 1977 3552 2049 (Matth.,

1922 2095 2034 2145 xvi,
2084 2081 2178 2146 t9;
2223 2081 2420 2145 Mam,
2465 2094 2540 2145 ιι,
2590 2076 2718 2146 i3)?
2763 2075 2946 2130 Habes
2995 2074 3149 2128 enim
3198 2071 3354 2137 alibi,
3400 2069 3552 2142 quod

1915 2173 2076 2243 jussu
2107 2171 2354 2238 Domini,
2383 2171 2633 2225 viriditas
2669 2170 2857 2224 omnis
2895 2169 3066 2239 hujus
3095 2167 3239 2237 ligni
3269 2164 3548 2220 fronden-

1923 2267 1991 2319 tis
2016 2265 2230 2320 aruerit
2259 2281 2272 2318 :
2304 2264 2456 2318 unde
2484 2263 2754 2334 intelligis
2787 2262 3044 2317 omnium
3071 2261 3422 2327 Creatorem,
3452 2258 3552 2328 qui

1922 2362 2105 2429 potest
2131 2358 2417 2428 imperare
2447 2357 2682 2424 naturis,
2716 2359 2782 2410 ut
2817 2355 2907 2410 vel
2942 2357 3202 2408 arescant
3229 2351 3436 2419 subito,
3465 2351 3550 2404 vel

1920 2453 2222 2507 virescant.
2272 2451 2416 2504 Alibi
2461 2467 2528 2504 ex
2576 2448 2964 2505 teneritudine
3011 2446 3230 2501 arboris
3279 2445 3451 2515 hujus
3496 2448 3554 2498 et

1922 2547 2072 2601 foliis
2103 2549 2523 2600 commemorat
2553 2542 2753 2614 conjici
2787 2543 2969 2597 solere
3001 2541 3209 2596 aestatis
3241 2538 3552 2592 adventum

1921 2641 2163 2710 (Matth.,
2205 2655 2351 2705 xxnv,
2396 2639 2508 2709 32),
2550 2644 2795 2708 utroque
2837 2634 3160 2706 signiﬁcans
3205 2637 3260 2687 et
3305 2631 3554 2687 Iudaicae

1921 2733 2100 2804 plebis
2145 2733 2377 2786 inanem
2423 2748 2593 2802 quam
2647 2729 3037 2801 pratendebat
3084 2727 3354 2797 gloriam,
3402 2724 3555 2780 velut

1921 2827 2119 2882 ﬂorem
2168 2827 2226 2880 in
2272 2827 2522 2880 adventu
2567 2823 2792 2878 Domini
2837 2822 3145 2886 decidisse;
3187 2820 3318 2892 quia
3365 2819 3553 2890 operi-

1920 2923 2026 2976 bus
2055 2921 2404 2975 infructuosa
2449 2919 2691 2973 durabat
2732 2941 2741 2972 :
2780 2914 3038 2989 1449
3075 2920 3133 2970 et
3161 2913 3362 2985 judicii
3399 2912 3555 2966 diem

1919 3015 2075 3068 velut
2113 3014 2326 3068 uastatis
2368 3012 2700 3080 adventum,
2735 3027 2849 3082 quo
2891 3009 3074 3064 adulti
3109 3008 3328 3062 fructus
3366 3011 3552 3060 terra-

1923 3125 2051 3162 rum
2095 3108 2353 3163 omnium
2395 3105 2805 3170 reconduntur,
2847 3121 2916 3158 ex
2958 3101 3314 3174 plenitudine
3359 3099 3548 3153 Eccle-

1921 3202 2038 3269 siue,
2067 3202 2126 3256 in
2162 3217 2337 3272 quam
2363 3200 2538 3254 Judaei
2566 3215 2789 3270 quoque
2814 3197 3088 3253 credituri
3119 3197 3272 3263 sunt,
3305 3192 3548 3248 metien-

1923 3297 2058 3351 dum
2089 3296 2188 3366 (9).

1999 3394 2118 3444 161.
2148 3390 2244 3443 Hic
2277 3405 2414 3459 ergo
2443 3388 2656 3442 altioris
2685 3401 2885 3440 sensus
2916 3385 3152 3455 aliquod
3181 3383 3356 3438 etiam
3395 3395 3553 3450 quin-

1925 3500 2114 3538 ramus
2173 3498 2469 3536 arcanum.
2531 3480 2690 3534 Ficus
2751 3481 2809 3534 in
2870 3480 3032 3532 vinea
3095 3481 3180 3532 est
3231 3477 3338 3546 (10)
3358 3493 3374 3543 ;
3435 3477 3558 3528 erat

1922 3583 2116 3632 autem
2153 3576 2320 3630 vinea
2349 3573 2575 3628 Domini
2614 3573 2888 3639 Sabaoth,
2927 3587 3099 3643 quam
3130 3569 3289 3624 dedit
3316 3569 3374 3622 in
3415 3566 3560 3636 rapi-

1924 3687 2060 3724 nam
2119 3669 2376 3741 gentium
2427 3671 2580 3735 (Isa.,
2635 3684 2688 3732 v,
2739 3668 2876 3736 5-7).
2930 3667 3123 3735 Itaque
3174 3663 3271 3734 qui
3324 3663 3556 3716 vineam

1922 3781 2082 3819 suam
2129 3761 2301 3832 diripi
2344 3761 2494 3827 fecit,
2543 3761 2634 3814 hic
2683 3760 2855 3814 etiam
2905 3759 3078 3812 ficum
3121 3757 3291 3827 jussit
3343 3751 3552 3812 excidi.

1923 3861 2068 3929 Apta
2119 3859 2312 3911 autem
2362 3869 2668 3925 synagogas
2721 3852 2940 3907 arboris
2990 3851 3150 3905 istius
3199 3851 3554 3920 comparatio

1922 3958 2034 4017 est;
2070 3950 2206 4022 quia
2240 3949 2386 4004 sicut
2423 3950 2532 4002 ista
2560 3948 2731 4002 arbor
2772 3946 2914 4001 foliis
2958 3945 3286 3999 redundans
3319 3945 3550 3999 ﬂuenti-

1921 4046 2026 4099 bus
2066 4061 2223 4115 spem
2257 4041 2596 4114 possessoris
2623 4040 2709 4095 sui
2742 4057 2894 4094 cassa
2923 4042 3282 4110 speratarum
3312 4055 3550 4110 proven-

1923 4143 2086 4193 tuum
2114 4136 2526 4208 exspectatione
2552 4133 2828 4203 destituit,
2860 4135 2934 4188 ita
2959 4133 3131 4188 etiam
3168 4133 3227 4186 in
3255 4133 3553 4204 Synagoga

1921 4233 2063 4286 dum
2096 4232 2355 4286 doctores
2391 4231 2513 4301 ejus
2551 4229 2815 4300 Operibus
2842 4227 3182 4295 infecundis,
3215 4227 3399 4281 verbis
3425 4233 3551 4282 tan-

1922 4333 2066 4392 tum,
2111 4327 2265 4380 velut
2309 4325 2454 4379 foliis
2499 4322 2950 4378 redundantibus
2997 4321 3328 4390 gloriantur,
3372 4321 3558 4375 inanis

1921 4421 2126 4475 umbra
2163 4420 2302 4490 legis
2344 4418 2637 4484 exuberat,
2675 4433 2804 4486 spes
2839 4419 3034 4469 autem
3073 4415 3197 4468 falsi
3239 4420 3556 4484 exspectata

216 4515 304 4555 non
338 4505 640 4562 denarium
670 4509 910 4578 (Matth.,
939 4525 1030 4578 xx,
1065 4510 1140 4578 2),
1173 4510 1270 4563 sed
1300 4510 1671 4579 quadrantem
1711 4510 1820 4564 hoc
1841 4515 1899 4586 Ι)
1924 4518 2248 4586 proventus,
2284 4512 2479 4583 populi
2506 4513 2638 4564 vota
2668 4509 2948 4563 credentis
2989 4507 3192 4561 illudit.

217 4599 376 4660 posuit
419 4602 575 4671 loco;
626 4602 1028 4673 quadrantaria
1076 4602 1229 4656 enim
1277 4603 1622 4672 permutatio
1675 4604 1823 4658 velut

215 4691 449 4756 quasdam
496 4701 582 4750 est
625 4697 1038 4767 compensatio,
1083 4712 1214 4750 cum
1255 4696 1406 4751 aliud
1447 4697 1724 4763 redditur,
1767 4705 1823 4752 et

219 4780 347 4837 aliud
387 4787 743 4859 signiﬁcatur
791 4791 1072 4858 solutum;
1124 4790 1200 4844 ita
1248 4794 1302 4844 et
1354 4790 1444 4844 hic
1492 4793 1590 4844 aut
1637 4792 1820 4860 pretio

216 4874 480 4936 Charitatis
525 4883 833 4938 redimitur
875 4883 1109 4954 injuria,
1154 4889 1253 4939 aut
1303 4883 1525 4954 injurias
1574 4885 1817 4938 aestima-

217 4966 346 5024 tione
374 4991 546 5044 pmna
577 4978 820 5032 laxatur.

273 5068 378 5120 158.
426 5069 816 5134 Quadrantem
864 5077 1054 5126 autem
1097 5071 1156 5126 in
1207 5072 1422 5127 balneis
1468 5071 1596 5127 dari
1640 5074 1822 5129 solere

268 5256 493 5379 ﬁdem».
545 5263 820 5324 nonnulli,
865 5268 913 5313 et
956 5265 1014 5313 in
1057 5263 1400 5328 opprobrium
1447 5265 1622 5328 operis
1664 5277 1822 5329 pana

417 5347 498 5379 υτ.

219 5336 498 5382 mandatur.

269 5397 321 5474 (8)
350 5399 504 5474 Rom.
534 5403 652 5454 edit
675 5407 810 5469 sola,
842 5407 913 5456 ad
950 5409 1225 5457 minimum
1258 5422 1440 5472 usque.
1473 5409 1640 5459 Porro
1675 5408 1822 5474 quod

219 5463 444 5552 intranda
490 5463 879 5552 quadrantaria
924 5463 1823 5552 permutationeisubjiciturietsi

221 5541 456 5620 Bonninhil
479 5545 834 5620 obscuritatis
863 5541 975 5612 prae
1007 5563 1066 5600 se
1091 5549 1248 5608 ferat,
1278 5550 1420 5599 nihil
1448 5541 1632 5600 tamen
1671 5550 1824 5600 aliud

222 5613 496 5684 l‘igniﬂcat,
552 5617 662 5666 nisi
717 5621 1209 5671 commutationem
1266 5620 1568 5684 quamdam
1628 5621 1821 5683 videri,

222 5673 330 5762 (ἔξω
366 5673 806 5762 quipecuniam
845 5691 1028 5762 solvit,
1076 5673 1385 5762 libertatem
1424 5705 1454 5740 a
1502 5703 1724 5741 carcere
1769 5673 1824 5741 et

223 5754 429 5834 iaculis-
441 5757 649 5834 aliisve
671 5762 853 5825 panis
876 5761 1084 5834 quibus
1123 5761 1402 5834 obnoxius
1437 5766 1574 5834 erat,
1605 5762 1818 5834 amipli-

216 5818 272 5865 Δί
297 5818 700 5886 signiﬁcatione
725 5818 984 5885 nonnihil
1015 5833 1232 5884 diversa
1264 5833 1380 5885 Cic.
1423 5818 1569 5884 Orat.
1615 5847 1711 5898 pro
1725 5818 1819 5882 _M.

1932 4651 1938 4658 .
1998 4610 2118 4661 162.
2169 4607 2264 4660 Est
2317 4605 2490 4659 etiam
2549 4603 2607 4655 in
2658 4608 2865 4655 natura
2912 4600 3152 4668 arboris,
3204 4616 3316 4671 quo
3369 4599 3557 4671 magis

1923 4701 2119 4755 credas
2181 4702 2495 4769 Synagogaa
2567 4695 2812 4767 speciem
2887 4694 3313 4764 comparatione
3387 4694 3555 4764 hujus

1923 4809 2284 4864 expressam;
2323 4790 2537 4846 etenim
2579 4790 2624 4843 si
2671 4789 2980 4859 diligenter
3023 4788 3296 4858 inquiras,
3339 4788 3556 4842 discre-

1923 4892 2039 4942 tam
2093 4887 2164 4940 ab
2216 4902 2319 4940 usu
2371 4885 2639 4938 arborum
2690 4888 3028 4937 ceterarum
3083 4880 3553 4935 consuetudinem

1926 4986 2144 5035 naturae
2172 4979 2342 5050 hujus
2369 4978 2639 5033 invenies.
2672 4978 2931 5046 Namque
2959 4976 3086 5028 alia).
3113 4976 3314 5028 ﬂorem
3337 4973 3550 5039 ferunt,

1924 5081 2236 5145 antequam
2293 5073 2561 5140 fructum,
2613 5087 2897 5142 pomaque
2949 5073 3180 5123 ventura
3234 5066 3553 5137 prmnuntio

1924 5264 2118 5325 leio,
2150 5261 2609 5327 quadrantariam
2627 5259 3066 5324 permutationem
3102 5261 3261 5306 vocat
3288 5269 3411 5306 eam
3447 5270 3557 5320 qua

1923 5335 2138 5396 Clodia,
2168 5338 2398 5398 accepto
2427 5332 2754 5398 quadrante,
2780 5330 3024 5393 corporis
3053 5330 3139 5378 sui
3177 5328 3393 5390 copiam
3431 5328 3560 5378 bal-

1924 5408 2133 5457 neatori
2163 5405 2415 5456 faciebat.

1989 5479 2051 5542 (9)
2093 5477 2294 5541 Scripti
2334 5476 2455 5528 cod.
2488 5477 2629 5526 bene
2670 5473 2848 5531 mulli,
2891 5470 3236 5521 metuendum.
3278 5470 3438 5520 Haud
3483 5471 3560 5520 ita

1925 5550 2088 5683 mali?)
2132 5619 2225 5670 Sic
2281 5631 2475 5669 omnes
2531 5616 2661 5666 edit.
2724 5627 2852 5664 cum
2910 5617 3063 5676 parte
3109 5625 3239 5661 mss.
3300 5615 3559 5663 Attamen

1925 5697 2050 5743 octo
2079 5691 2200 5742 cod.
2235 5703 2346 5740 non
2381 5688 2590 5738 inﬁmae
2620 5690 2766 5735 nota:
2802 5685 3126 5748 praeferunt,
3157 5684 3310 5732 Ficus
3343 5683 3560 5732 inventa
