4022 6176
507 253 634 309 1831

1968 241 2024 295 S.
2066 235 2379 294 AMBROSII
2421 271 2426 273 »

3685 235 3700 284 1
3711 235 3796 290 832

506 376 590 430 sui
635 373 775 429 ﬂore
821 371 1155 443 designant;
1201 369 1325 424 hac
1369 368 1486 423 sola
1530 367 1599 421 ab
1643 365 1802 420 initio
1853 363 2139 436 germinat
2159 358 2517 444 Areligione
2563 357 2780 422 devius,
2819 350 3283 426 praevaricatione
3325 350 3585 418 confusus,
3621 359 3743 409 esset
3773 372 3801 410 a

505 484 679 541 poma
713 483 817 539 pro
853 466 1084 520 ﬂoribus
1119 481 1131 518 :
1163 465 1220 518 in
1254 463 1377 518 aliis
1414 464 1514 516 ﬂos
1550 460 1855 527 decutitur,
1886 461 1944 513 et
1970 473 2137 529 poma

508 559 852 622 nascuntur;
881 555 941 609 in
980 555 1087 608 hac
1124 569 1298 624 poma
1327 550 1621 617 decidunt,
1649 553 1714 604 ut
1742 565 1910 620 poma
1940 563 2134 602 succe—

508 653 664 706 dant.
706 652 856 721 Ergo
902 648 1091 720 priora
1132 647 1225 702 illa
1270 663 1425 701 cassa
1469 646 1781 711 fructuum,
1823 641 1940 696 vice
1984 641 2139 696 ﬂoris

510 747 616 816 (ll)
675 745 1010 813 emergunt;
1063 742 1144 796 ita
1201 757 1501 812 pracoqua
1562 738 1804 810 quodam
1869 735 2139 790 nascendi

2239 454 2479 508 Domino
2505 467 2846 517 recessurus,
2872 447 3173 504 verborum
3199 444 3488 498 ﬂuentium
3513 445 3652 500 velut
3674 448 3804 503 folio-

2237 564 2367 603 rum
2397 544 2776 602 velaminibus
2803 542 3110 613 adopertus
3135 536 3404 611 pudenda
3433 543 3714 608 gestorum.

2313 664 2432 716 165.
2475 660 2623 730 Ergo
2670 656 2750 711 illi
2793 654 2893 727 qui
2934 653 3072 708 folia
3116 651 3187 706 de
3232 649 3483 717 ﬁculnea,
3517 666 3623 705 non
3660 667 3808 722 poma

2240 757 2591 826 carpserunt,
2615 749 2889 806 eliminati
2917 749 3048 802 sunt
3071 763 3103 800 a
3131 745 3228 800 Dei
3255 759 3458 815 regno;
3486 748 3662 799 errant
3683 745 3814 800 enim

511 855 638 905 usu,
689 853 817 908 qua
872 835 1134 891 ordinem
1193 840 1410 890 natura
1462 833 1743 899 nesciunt,
1798 829 2140 884 beneficium
2239 849 2297 903 in
2350 847 2597 902 animam
2650 846 2955 900 viventem.
3011 839 3176 895 venit
3227 836 3498 893 secundus
3543 837 3726 907 Adam,
3768 841 3816 893 et

511 939 734 987 natura
760 946 982 985 servare
1016 945 1129 983 non
1164 932 1425 1000 possunt.
1459 925 1681 981 Etenim
1712 941 1822 996 qua
1860 940 1917 978 se
1952 923 2138 978 medio
2234 942 2355 1012 jam
2390 957 2508 996 non
2549 939 2712 1008 folia,
2754 938 2851 994 sed
2889 951 3058 1008 poma
3095 931 3414 1004 quarebat;
3446 933 3562 986 erat
3592 931 3730 986 enim
3769 931 3817 984 in

511 1026 745 1080 trudere
785 1025 852 1079 de
895 1024 1104 1078 cortice
1146 1038 1375 1093 gemma
1419 1019 1728 1085 consuevit,
1771 1034 1834 1072 ea
1880 1017 2138 1072 minutis-

511 1121 657 1174 sima
685 1133 926 1190 quaque
955 1117 1126 1187 hujus
1158 1115 1379 1186 generis
1415 1129 1592 1185 poma
1623 1114 2032 1184 prorumpunt.
2064 1111 2140 1164 De

513 1213 717 1284 quibus
762 1212 1006 1282 legimus
1047 1211 1106 1263 in
1150 1207 1392 1264 Canticis
1437 1207 1791 1262 canticorum
1844 1228 1853 1258 :
1905 1226 1932 1252 ‹‹
1983 1203 2144 1260 Ficus

515 1305 776 1377 producit
838 1320 1063 1375 grossos
1126 1319 1258 1357 suos
1313 1301 1515 1374 (Cant,
1577 1318 1634 1368 ιι,
1691 1300 1798 1371 13).
1859 1321 1886 1348 ››
1944 1300 2142 1371 Itaque

517 1400 734 1455 cateris
771 1398 1090 1453 albentibus
1129 1396 1312 1468 primo
1354 1411 1482 1450 vere
1529 1393 1806 1465 virgultis,
1847 1392 1969 1448 sola
2005 1392 2146 1446 ﬁcus

516 1494 749 1565 proprio
790 1491 970 1546 nescit
1010 1490 1151 1545 ﬂore
1196 1505 1526 1555 canescere;
1557 1488 1688 1542 ideo
1717 1487 1954 1542 fortasse
1992 1485 2145 1557 quod

518 1587 707 1642 nullus
736 1586 856 1640 istis
882 1585 1162 1640 maturior
1190 1583 1264 1638 sit
1291 1600 1426 1637 usus
1453 1581 1513 1636 in
1549 1581 1756 1653 pomis.
1783 1582 1924 1635 Nam
1951 1596 2143 1635 succe-

519 1679 782 1736 dentibus
826 1679 968 1744 aliis,
1020 1679 1141 1733 hac
1189 1677 1352 1749 quasi
1397 1674 1811 1747 degenerantia
1868 1689 2144 1746 respuun-

2241 1035 2503 1107 spiritum
2549 1033 2926 1088 vivificantem
2975 1031 3015 1101 (I
3062 1031 3208 1091 Cor.,
3254 1042 3346 1090 xv,
3395 1024 3498 1096 45).
3543 1025 3600 1078 In
3648 1023 3820 1094 spiritu

2243 1134 2438 1185 autem
2486 1129 2703 1184 fructus
2751 1125 2973 1181 virtutis
3026 1121 3358 1194 acquiritur,
3408 1118 3658 1173 Dominus
3703 1116 3818 1171 ado-

2244 1225 2421 1278 ratur.
2451 1221 2747 1287 Quarebat
2785 1225 2972 1274 autem
3014 1215 3290 1272 Dominus
3319 1229 3432 1267 non
3462 1210 3585 1283 quia
3610 1210 3823 1265 fructum

2243 1317 2503 1372 ﬁculnea
2565 1316 2760 1370 deesse
2821 1312 3089 1377 nesciret,
3145 1308 3248 1364 sed
3311 1310 3373 1361 ut
3425 1305 3731 1361 ostenderet
3778 1303 3826 1357 in

2244 1412 2446 1484 ﬁgura,
2477 1409 2608 1482 quia
2636 1409 2886 1463 fructum
2915 1407 3215 1476 Synagoga
3235 1402 3357 1473 jam
3389 1399 3586 1454 habere
3611 1397 3827 1452 deberet.

2245 1507 2500 1577 Denique
2539 1521 2610 1559 ex
2651 1500 3021 1574 sequentibus
3056 1499 3225 1553 docet
3254 1512 3373 1550 non
3409 1510 3466 1549 se
3492 1497 3615 1548 ante
3639 1495 3832 1561 tempus

2245 1600 2484 1667 venisse,
2515 1598 2613 1670 qui
2648 1613 2754 1668 per
2790 1593 3100 1650 triennium
3135 1590 3317 1658 venit;
3354 1587 3430 1643 sic
3464 1587 3608 1643 enim
3644 1585 3830 1639 habes:

2319 1695 2496 1766 (Vers.
2530 1693 2604 1761 7.)
2636 1693 2767 1746 Ecce
2792 1691 2934 1744 enim
2963 1693 3070 1742 tres
3103 1690 3234 1741 sunt
3259 1700 3326 1739 em
3355 1698 3459 1753 quo
3484 1682 3604 1736 veni
3629 1690 3837 1750 quaerens

519 1781 640 1842 tur,
698 1777 756 1828 et
809 1772 991 1828 arenti
1049 1771 1273 1826 inﬁrma
1323 1770 1546 1837 radice,
1601 1769 1888 1823 renovatis
1945 1767 2147 1839 quibus
2168 1746 2224 1816 B
2246 1746 2493 1857 ﬁgam",
2517 1746 2828 1856 in'ﬁculnea
2853 1784 2973 1844 hac,
3005 1785 3056 1836 et
3091 1794 3199 1835 ηοη
3231 1779 3461 1832 invenio.
3499 1773 3708 1830 εαοοίάε
3733 1784 3837 1840 ergo

519 1868 591 1922 sit
637 1883 834 1922 succus
883 1867 1093 1934 utilior,
1144 1868 1462 1918 exuruntur
1508 1863 1637 1932 (l2).
1684 1863 1904 1916 Manent
1952 1865 2147 1916 tamen

519 1962 710 2033 aliqua
769 1976 1032 2032 perrara,
1089 1975 1192 2013 nec
1245 1956 1550 2026 decidunt,
1610 1956 1815 2027 quibus
1868 1953 1958 2008 hic
2011 1971 2146 2026 pro-

521 2060 722 2110 ventus
772 2053 1056 2122 arriserit;
1101 2057 1164 2106 ut
1206 2051 1274 2105 de
1324 2050 1513 2104 medio
1567 2050 1811 2104 duarum
1860 2049 2150 2120 virgarum

519 2148 791 2204 claviculo
825 2147 977 2202 brevi
1011 2147 1344 2216 erumpente
1385 2146 1780 2215 promergant,
1812 2158 1925 2214 quo
1963 2142 2149 2213 gemi-

522 2244 607 2297 nis
646 2247 795 2296 tecta
831 2239 1110 2312 prasidiis
1150 2243 1423 2310 tanquam
1462 2239 1682 2291 natura
1724 2236 1974 2306 parentis
2022 2252 2149 2307 gre-

523 2337 655 2405 mio,
687 2335 837 2389 succi
863 2335 983 2388 fotu
1010 2333 1277 2405 plenioris
1303 2332 1637 2387 inolescant.
1667 2331 1743 2383 Ea
1768 2329 2153 2384 clementioris

521 2446 676 2485 aura
703 2433 1005 2500 provocata
1034 2427 1332 2497 temperie,
1363 2431 1418 2480 et
1444 2423 1849 2496 prolixioribus
1873 2422 2155 2477 adultiora

523 2523 904 2594 temporibus,
952 2521 1046 2575 ubi
1089 2519 1402 2574 silvestrem
1445 2518 1706 2572 animum
1751 2517 1900 2572 succi
1947 2515 2154 2587 prioris

524 2617 805 2686 exuerint,
836 2615 1022 2687 specie
1058 2613 1282 2669 caeteris
1319 2616 1378 2666 et
1415 2611 1709 2667 maturatis
1739 2610 1920 2682 gratia
1947 2610 2152 2681 prafe-

526 2714 748 2766 runtur.

598 2808 719 2860 163.
762 2805 962 2876 Specta
1007 2819 1158 2857 nunc
1207 2803 1391 2857 cultus
1435 2804 1494 2855 et
1539 2800 1760 2854 animos
1807 2799 2153 2866 Judaorum,

526 2899 623 2970 qui
671 2898 832 2970 quasi
881 2897 1052 2967 primi
1101 2897 1318 2950 fructus
1367 2896 1516 2949 male
1569 2893 1766 2948 feracis
1815 2893 2154 2964 Synagoga,

525 2992 704 3065 grossi
749 2990 995 3046 labentis
1045 2989 1412 3044 similitudine
1467 2992 1830 3053 corruerunt;
1882 2992 1943 3041 ut
1990 3002 2154 3040 man-

529 3102 660 3140 sura
693 3101 866 3156 supra
899 3099 1082 3137 avum
1117 3082 1220 3152 (13)
1256 3080 1435 3136 nostri
1479 3080 1708 3150 generis
1745 3095 1918 3149 poma
1963 3095 2155 3133 succe-

528 3180 750 3233 derent.
803 3177 1022 3232 Etenim
1073 3175 1294 3247 primus
1341 3175 1655 3244 Synagoga
1705 3173 1945 3243 populus
1996 3172 2157 3243 quasi

528 3270 715 3325 radice
761 3285 1002 3340 operum
1049 3268 1311 3322 infirmus
1357 3266 1659 3333 arentium,
1706 3266 2023 3320 ubertatem
2070 3283 2154 3320 sa-

528 3365 758 3437 pientia
787 3362 1064 3418 naturalis
1099 3361 1327 3415 haurire
1363 3376 1477 3414 non
1511 3359 1711 3430 potuit.
1745 3360 1813 3413 Et
1850 3358 1977 3414 ideo
2006 3361 2160 3414 velut

528 3458 745 3514 inutilis
788 3456 1000 3512 decidit
1040 3456 1281 3524 fructus;
1327 3461 1388 3508 ut
1433 3453 1592 3525 quasi
1637 3470 1707 3508 ex
1748 3453 1947 3508 iisdem
1987 3453 2155 3508 clavi-

525 3552 665 3608 culis
711 3550 927 3606 arboris
979 3550 1281 3605 fructuosae
1339 3549 1408 3602 de
1462 3547 1812 3619 pinguedine
1865 3546 2159 3618 religionis

525 3646 770 3718 antiqua
813 3661 994 3699 novus
1036 3642 1298 3698 Ecclesia
1340 3642 1584 3714 populus
1629 3645 1968 3712 emergeret.
2011 3642 2159 3712 Ergo

525 3740 618 3795 ille
665 3740 763 3812 qui
821 3742 960 3805 erat,
1018 3753 1137 3791 esse
1193 3737 1377 3803 desiit,
1432 3741 1496 3790 ut
1553 3751 1672 3789 esse
1727 3734 2001 3806 inciperet
2058 3735 2158 3805 qui

527 3850 646 3890 non
700 3836 840 3888 erat.
894 3831 1070 3886 Primi
1132 3835 1328 3885 tamen
1385 3847 1454 3884 ex
1510 3829 1680 3884 Israel
1735 3845 1879 3899 quos
1941 3833 2162 3883 natura

527 3928 812 3982 validioris
869 3942 1063 3980 ramus
1119 3925 1428 3992 extulerat,
1483 3923 1586 3976 sub
1645 3922 1851 3976 umbra
1906 3922 2050 3994 legis
2105 3927 2162 3976 et

527 4022 730 4087 crucis,
775 4020 835 4074 in
889 4019 1186 4090 utriusque
1232 4018 1359 4072 sinu
1408 4033 1572 4070 succo
1623 4015 1854 4088 gemino
1905 4015 2160 4086 colorati,

532 4113 790 4186 1450
833 4112 1010 4184 grossi
1052 4112 1487 4166 maturescentis
1517 4111 1805 4180 exemplo,
1843 4110 2160 4181 pulcherri-

534 4222 758 4263 morum
798 4205 978 4278 gratia
1015 4205 1303 4259 fructuum
1341 4203 1560 4258 cateris
1598 4205 2006 4274 prastiterunt,
2037 4203 2162 4274 qui-

529 4301 636 4356 bus
677 4300 886 4355 dicitur
922 4316 935 4354 :
972 4318 999 4350 «
1038 4297 1312 4354 Sedebitis
1352 4313 1524 4367 super
1565 4296 1864 4351 duodecim
1906 4297 2162 4366 thronos,

527 4396 849 4467 judicantes
914 4391 1220 4448 duodecim
1285 4391 1466 4446 tribus
1527 4390 1697 4445 Israel
1745 4391 1985 4460 (Matth.,
2047 4407 2162 4458 χιχ,

531 4491 648 4560 28).
682 4512 707 4539 ,ι

606 4585 728 4637 164.
773 4583 886 4636 Nec
925 4581 1063 4637 illud
1105 4580 1360 4636 alienum
1398 4580 1547 4652 quod
1591 4578 1773 4633 Adam
1818 4583 1987 4650 atque
2029 4580 2160 4645 Eva,

532 4675 702 4748 primi
749 4675 832 4728 illi
879 4675 1055 4729 nostri
1100 4680 1166 4729 ut
1219 4675 1448 4746 generis
1497 4674 1573 4728 ita
1617 4672 1829 4727 erroris
1876 4675 2162 4742 parentes,

531 4771 630 4842 qui
681 4769 850 4839 hujus
903 4767 1120 4823 arboris
1174 4774 1369 4822 texere
1422 4784 1480 4821 se
1532 4767 1679 4821 foliis
1728 4765 1902 4836 (Gen.,
1955 4782 2034 4832 Ill,
2086 4764 2161 4837 7),

532 4863 778 4937 paradisi
834 4863 1052 4916 exsules
1105 4877 1227 4916 esse
1284 4865 1624 4916 meruerunt
1681 4877 1692 4915 :
1751 4875 1881 4914 cum
1938 4858 2163 4913 Domini

534 4955 953 5014 deambulantis
979 4956 1344 5026 prasentiam
1379 4953 1847 5025 transgressionis
1880 4969 1994 5007 sua
2026 4968 2160 5007 con-

533 5053 631 5108 scii
684 5050 1066 5117 declinarent;
1125 5055 1185 5104 ut
1239 5049 1626 5120 signiﬁcarent
1689 5048 1946 5102 futurum
2011 5047 2164 5118 quod

538 5145 749 5201 ultimis
773 5145 1125 5217 temporibus
1153 5143 1394 5215 populus
1422 5141 1752 5197 Judaorum
1791 5140 1894 5195 sub
1937 5139 2164 5195 Domini

533 5239 842 5297 Salvatoris
906 5239 1180 5304 adventu,
1237 5235 1332 5308 qui
1394 5252 1493 5290 eos
1547 5239 1845 5290 vocaturus
1909 5233 2161 5303 advenit,

534 5340 770 5389 exutum
797 5350 856 5388 se
887 5331 1191 5387 virtutibus
1215 5346 1318 5402 per
1343 5329 1547 5383 diaboli
1569 5333 1929 5383 tentamenta
1962 5343 2166 5397 cogno-

533 5443 717 5499 scens,
757 5429 816 5482 et
859 5428 1068 5481 intecta
1107 5423 1466 5480 conscientia
1507 5421 1712 5494 probra
1757 5420 2090 5486 formidans,
2133 5437 2166 5474 a

600 5595 695 5652 (11)
719 5592 960 5654 Quidam
986 5605 1141 5652 mss.,
1166 5604 1391 5642 excussa
1417 5589 1686 5653 fructuum
1728 5591 1838 5639 vice
1867 5589 2030 5652 floris,
2058 5592 2162 5639 etc.

599 5661 696 5722 (1‘2)
725 5663 848 5710 Mss.
882 5664 1045 5712 multi
1063 5663 1326 5727 bonique,
1354 5667 1645 5713 exuuntur.
1674 5661 1900 5712 Minime
1939 5659 2101 5711 male.

602 5733 694 5792 (l3)
750 5732 830 5781 Ita
887 5739 1107 5784 cuncta
1163 5734 1292 5785 edit.
1347 5747 1415 5785 ac
1473 5747 1604 5784 mss.
1658 5747 1770 5784 non
1822 5734 2004 5797 pauci.
2056 5732 2166 5782 Alii

538 5807 723 5853 tamen
770 5801 958 5863 plures
996 5806 1050 5851 et
1095 5805 1357 5866 potiores,
1407 5810 1466 5855 ut
1508 5818 1770 5857 mansura
1811 5816 1979 5868 supra
2029 5815 2164 5853 eum.

2251 1883 2430 1947 illam;
2461 1885 2522 1935 ut
2546 1879 2678 1950 quid
2707 1879 2868 1932 etiam
2894 1881 3095 1931 terram
3120 1871 3394 1942 occupat?

2323 1995 2445 2047 166.
2485 1989 2648 2045 Venit
2685 1988 2755 2043 ad
2795 1986 3104 2053 Abraham,
3142 1982 3297 2038 venit
3324 1981 3398 2037 ad
3442 1979 3678 2049 Moysen,
3717 1972 3844 2029 venit

2252 2086 2327 2140 ad
2371 2084 2629 2151 Mariam,
2672 2083 2778 2137 hoc
2824 2085 2928 2148 est,
2966 2079 3123 2133 venit
3163 2077 3221 2131 in
3268 2073 3581 2146 signaculo,
3620 2068 3764 2124 venit
3799 2069 3845 2120 in

2251 2179 2399 2250 lege,
2446 2177 2603 2231 venit
2651 2175 2711 2229 in
2755 2189 3014 2245 corpore.
3058 2171 3380 2225 Adventum
3432 2167 3551 2238 ejus
3595 2180 3657 2218 ex
3696 2161 3844 2215 bene-

2252 2271 2392 2326 ﬁciis
2434 2267 2915 2340 recognoscimus.
2953 2263 3100 2319 Alibi
3143 2260 3480 2335 puriﬁcatio,
3511 2256 3638 2312 alibi
3667 2251 3848 2309 sancti-

2255 2365 2461 2434 ﬁcatio,
2503 2363 2635 2418 alibi
2669 2359 2997 2434 justiﬁcatio
3041 2364 3127 2413 est
3167 2373 3180 2411 :
3223 2351 3576 2410 circumcisio
3618 2346 3848 2422 puriﬁca-

2258 2459 2354 2529 vit,
2409 2456 2776 2513 sanctiﬁcavit
2826 2455 2938 2522 lex,
2980 2449 3310 2523 justificavit
3365 2447 3565 2520 gratia.
3616 2445 3759 2498 Unus
3805 2439 3852 2492 in

2257 2553 2541 2620 omnibus,
2587 2556 2646 2606 et
2687 2550 2746 2604 in
2789 2565 2903 2603 uno
2941 2546 3158 2602 omnia.
3205 2545 3386 2599 Nemo
3434 2541 3587 2596 enim
3625 2532 3856 2592 mandari

2257 2649 2463 2718 potest,
2514 2644 2622 2700 nisi
2675 2642 2773 2716 qui
2829 2641 3034 2697 metuit
3084 2638 3430 2703 Dominum;
3477 2649 3644 2689 nemo
3696 2631 3856 2698 legem

2257 2744 2510 2796 meretur
2552 2738 2828 2809 accipere,
2872 2735 2983 2790 nisi
3027 2732 3362 2805 purificatus
3401 2747 3436 2784 a
3475 2727 3666 2798 culpa;
3709 2735 3856 2776 nemo

2257 2833 2476 2890 accedit
2504 2832 2575 2886 ad
2605 2830 2872 2902 gratiam,
2902 2828 3011 2883 nisi
3037 2825 3258 2881 noverit
3279 2825 3497 2896 legem.
3530 2823 3673 2891 Ergo
3702 2829 3858 2888 popu-

2257 2930 2344 2983 lus
2368 2927 2697 2982 Judaorum
2726 2939 2913 2996 neque
2943 2919 3231 2994 puriﬁcari
3257 2917 3467 2991 potuit,
3494 2914 3625 2986 quia
3646 2911 3859 2966 circum-

2259 3021 2532 3077 cisionem
2577 3035 2692 3074 non
2737 3016 2936 3086 animi,
2978 3015 3074 3070 sed
3122 3012 3400 3084 corporis,
3440 3007 3664 3073 habuit;
3702 3015 3862 3072 neque

2178 3114 2233 3188 Ο
2257 3113 2612 3182 sanctiﬁcari,
2646 3112 2778 3184 quia
2806 3111 3076 3165 virtutem
3118 3107 3262 3179 legis
3301 3102 3608 3178 ignoravit,
3641 3096 3735 3172 qui
3759 3109 3861 3150 car-

2258 3209 2408 3264 nalia
2457 3207 2640 3278 magis
2685 3221 2857 3277 quam
2912 3201 3188 3274 spiritalia
3240 3199 3590 3271 sequebatur
3638 3210 3652 3248 :
3704 3213 3730 3242 ‹‹
3776 3189 3867 3242 Lex

2260 3308 2454 3358 autem
2489 3300 2754 3373 spiritalis
2792 3302 2877 3354 est
2911 3297 3107 3368 (Rom,
3144 3311 3236 3362 vn,
3277 3294 3400 3365 l4);
3439 3313 3467 3344 »
3511 3303 3695 3361 neque
3726 3279 3869 3356 justi-

2259 3396 2435 3463 ﬁcari,
2484 3395 2621 3466 quia
2666 3393 3000 3449 delictorum
3049 3404 3283 3444 suorum
3329 3383 3726 3459 paenitentiam
3773 3389 3868 3430 non

2259 3490 2516 3562 gerebat,
2550 3494 2607 3544 et
2635 3487 2762 3544 ideo
2795 3486 3041 3558 gratiam
3068 3482 3380 3538 nesciebat.

2336 3606 2455 3657 l67.
2508 3600 2704 3656 Merito
2763 3614 2903 3670 ergo
2964 3595 3154 3650 nullus
3209 3595 3269 3649 in
3325 3593 3634 3664 Synagoga
3684 3585 3873 3641 fructus

2262 3697 2525 3751 inventus
2568 3698 2650 3749 est
2694 3712 2705 3747 :
2753 3698 2809 3748 et
2852 3692 2979 3746 ideo
3015 3689 3256 3760 jubetur
3304 3685 3517 3742 excidi.
3565 3681 3672 3739 Sed
3712 3679 3874 3733 bonus

2261 3791 2464 3856 cultor,
2493 3791 2550 3843 et
2590 3787 2831 3841 fortasse
2875 3783 2970 3839 ille
3010 3784 3071 3837 in
3102 3798 3215 3853 quo
3255 3779 3525 3835 Ecclesia
3560 3774 3873 3832 fundamen-

2261 3889 2384 3938 tum
2429 3888 2535 3949 est,
2575 3880 2885 3952 prasciens
2930 3878 3178 3932 alterum
3220 3874 3290 3928 ad
3338 3876 3568 3945 gentes,
3609 3885 3668 3923 se
3711 3867 3879 3920 autem

2265 3976 2337 4031 ad
2377 3991 2470 4030 eos
2512 3973 2610 4046 qui
2642 3990 2707 4028 ex
2749 3969 3124 4027 circumsione
3167 3970 3320 4034 sunt,
3361 3982 3488 4021 esse
3526 3957 3876 4018 mittendum;

2264 4069 2524 4140 religiose
2569 4084 2642 4122 ne
2685 4065 2976 4121 excidatur
3018 4061 3345 4130 intervenit,
3394 4060 3580 4114 fretus
3619 4049 3880 4108 vocatione

2265 4179 2367 4218 sua
2393 4163 2569 4217 etiam
2594 4161 2874 4233 populum
2903 4158 3230 4213 Judaorum
3261 4171 3369 4226 per
3400 4149 3708 4210 Ecclesiam
3737 4154 3879 4216 posse

2265 4256 2465 4312 salvari
2492 4255 2624 4325 (14).
2657 4253 2905 4324 Ideoque
2934 4251 3068 4306 dicit
3099 4268 3112 4304 :

2341 4373 2512 4442 (Vers.
2546 4371 2624 4440 8.)
2663 4371 2890 4426 Remitte
2929 4369 3085 4423 illam
3123 4372 3172 4421 et
3215 4366 3312 4419 hoc
3353 4378 3529 4431 anno,
3568 4372 3735 4429 usque
3771 4352 3882 4407 dum

2183 4486 2243 4558 D
2264 4467 2475 4536 fodiam
2499 4467 2640 4520 circa
2670 4465 2842 4528 illam,
2873 4467 2924 4518 et
2950 4463 3166 4517 mittam
3196 4459 3495 4528 cophinum
3522 4453 3790 4510 stercoris.

2338 4582 2456 4634 168.
2497 4578 2685 4643 Quam
2721 4575 2832 4631 cito
2876 4572 3141 4628 duritiam
3178 4568 3517 4624 Judaorum
3548 4560 3880 4636 superbiam-

2265 4689 2376 4744 que
2405 4671 2454 4744 1
2471 4670 2652 4744 451
2689 4685 2884 4726 causas
2913 4683 3032 4723 esse
3071 4662 3388 4720 sterilitatis
3417 4657 3681 4732 agnovit!
3710 4657 3883 4744 Itaque

2264 4741 2724 4830 novit—excolere,
2753 4763 2853 4834 qui
2883 4761 3042 4816 novit
3070 4758 3205 4814 vitia
3235 4753 3696 4828 deprehendere.
3730 4741 3878 4800 Polli-

2264 4863 2425 4916 cetur
2461 4861 2604 4915 dura
2641 4857 2827 4913 cordis
2859 4871 3059 4911 eorum
3095 4851 3420 4925 apostolicis
3462 4845 3748 4920 ligonibus
3776 4848 3883 4892 esse

2262 4953 2552 5018 fodienda,
2582 4957 2648 5007 ut
2683 4952 2854 5022 longo
2889 4947 3103 5003 incultu
3136 4946 3307 5002 situm
3341 4941 3562 4999 mentis
3594 4933 3884 4994 obductum

2264 5064 2454 5103 sermo
2507 5046 2596 5100 bis
2657 5048 2853 5099 acutus
2909 5043 3191 5110 invertat,
3246 5045 3301 5094 et
3367 5037 3545 5093 corde
3597 5026 3882 5104 proscisso,

2265 5141 2473 5198 excitet
2507 5156 2736 5194 sensum
2766 5138 2925 5194 aerio
2964 5133 3273 5207 spiramine
3307 5131 3438 5202 jam
3477 5129 3791 5199 vigentem;
3820 5126 3883 5167 n6

2265 5235 2514 5290 radicem
2581 5232 2874 5304 sapientia
2931 5234 3219 5284 terrarum
3282 5239 3524 5280 acervus
3587 5217 3781 5274 obruat
3834 5207 3883 5260 et

2269 5328 2594 5384 abscondat.
2642 5325 2968 5398 Cophinum
3013 5336 3243 5394 quoque
3290 5315 3560 5372 stercoris
3607 5307 3737 5366 dicit
3775 5312 3881 5356 esse

2267 5421 2639 5478 mittendum.
2698 5420 2902 5492 Magna
2964 5416 3219 5489 profecto
3283 5412 3370 5467 vis
3435 5404 3722 5468 stercoris,
3768 5406 3882 5467 (Illin

2269 5591 2389 5641 Non
2442 5587 2824 5648 incommode,
2876 5587 2924 5636 si
2984 5585 3274 5635 relativum
3339 5579 3410 5630 ad
3477 5585 3670 5627 vocem
3729 5558 3883 5631 θωπί

2267 5662 2615 5796 τθῖῗξῗέοω.
2643 5730 2795 5792 edit,
2823 5730 2880 5779 in
2903 5726 3136 5780 Ecclesia
3159 5737 3304 5790 pom
3328 5718 3560 5772 salvari.
