  <div class='ocr_page' id='page_1' title='image "/cluster/home/n/w/nwhite01/storage/ocr_20150623/15/hvd.32044048207278/298.png"; bbox 0 0 4022 6176; ppageno 0'>
   <div class='ocr_carea' id='block_1_1' title="bbox 216 269 324 323">
    <p class='ocr_par' dir='ltr' id='par_1_1' title="bbox 216 269 324 323">
     <span class='ocr_line' id='line_1_1' title="bbox 216 269 324 323; baseline -0.019 -1"><span class='ocrx_word' id='word_1_1' title='bbox 216 269 324 323; x_wconf 76' lang='grc'><strong>1833</strong></span> 
     </span>
    </p>
   </div>
   <div class='ocr_carea' id='block_1_2' title="bbox 1226 263 2392 322">
    <p class='ocr_par' dir='ltr' id='par_1_2' title="bbox 1226 263 2392 322">
     <span class='ocr_line' id='line_1_2' title="bbox 1226 263 2392 322; baseline 0.003 -4"><span class='ocrx_word' id='word_1_2' title='bbox 1226 263 1696 320; x_wconf 81' lang='lat' dir='ltr'><strong>EXPOSITIONIS</strong></span> <span class='ocrx_word' id='word_1_3' title='bbox 1731 265 1796 320; x_wconf 78' lang='grc' dir='ltr'>ΙΝ</span> <span class='ocrx_word' id='word_1_4' title='bbox 1838 266 2068 322; x_wconf 79' lang='lat' dir='ltr'><strong>LUCAM</strong></span> <span class='ocrx_word' id='word_1_5' title='bbox 2111 268 2238 322; x_wconf 84' lang='lat' dir='ltr'><strong>LIB.</strong></span> <span class='ocrx_word' id='word_1_6' title='bbox 2281 269 2392 321; x_wconf 86' lang='lat' dir='ltr'><strong>VII.</strong></span> 
     </span>
    </p>
   </div>
   <div class='ocr_carea' id='block_1_3' title="bbox 3387 273 3524 327">
    <p class='ocr_par' dir='ltr' id='par_1_3' title="bbox 3387 273 3524 327">
     <span class='ocr_line' id='line_1_3' title="bbox 3387 273 3524 327; baseline 0.007 -2"><span class='ocrx_word' id='word_1_7' title='bbox 3387 273 3524 327; x_wconf 72' lang='grc'><strong>1834</strong></span> 
     </span>
    </p>
   </div>
   <div class='ocr_carea' id='block_1_4' title="bbox 212 385 3524 474">
    <p class='ocr_par' dir='ltr' id='par_1_4' title="bbox 212 385 3524 474">
     <span class='ocr_line' id='line_1_4' title="bbox 212 385 3524 474; baseline 0.002 -30"><span class='ocrx_word' id='word_1_8' title='bbox 212 393 337 445; x_wconf 86' lang='lat' dir='ltr'><strong>tanta</strong></span> <span class='ocrx_word' id='word_1_9' title='bbox 375 389 465 453; x_wconf 85' lang='lat' dir='ltr'><strong>est,</strong></span> <span class='ocrx_word' id='word_1_10' title='bbox 507 390 565 438; x_wconf 90' lang='lat' dir='ltr'><strong>ut</strong></span> <span class='ocrx_word' id='word_1_11' title='bbox 603 385 671 438; x_wconf 89' lang='lat' dir='ltr'><strong>de</strong></span> <span class='ocrx_word' id='word_1_12' title='bbox 710 385 1031 440; x_wconf 88' lang='lat' dir='ltr'><strong>infecundis</strong></span> <span class='ocrx_word' id='word_1_13' title='bbox 1073 386 1342 454; x_wconf 89' lang='lat' dir='ltr'><strong>fecunda,</strong></span> <span class='ocrx_word' id='word_1_14' title='bbox 1383 388 1454 442; x_wconf 90' lang='lat' dir='ltr'><strong>de</strong></span> <span class='ocrx_word' id='word_1_15' title='bbox 1495 389 1999 474; x_wconf 70' lang='lat' dir='ltr'><strong>arentibusAnec</strong></span> <span class='ocrx_word' id='word_1_16' title='bbox 2044 408 2112 446; x_wconf 87' lang='lat' dir='ltr'><strong>ex</strong></span> <span class='ocrx_word' id='word_1_17' title='bbox 2143 394 2445 464; x_wconf 84' lang='lat' dir='ltr'><strong>Synagoga</strong></span> <span class='ocrx_word' id='word_1_18' title='bbox 2476 388 2733 463; x_wconf 74' lang='grc'><strong>1452</strong></span> <span class='ocrx_word' id='word_1_19' title='bbox 2773 392 3043 461; x_wconf 86' lang='lat' dir='ltr'><strong>nascitur,</strong></span> <span class='ocrx_word' id='word_1_20' title='bbox 3077 393 3172 464; x_wconf 86' lang='lat' dir='ltr'>qui</span> <span class='ocrx_word' id='word_1_21' title='bbox 3212 394 3524 449; x_wconf 82' lang='lat' dir='ltr'><strong>renascitur</strong></span> 
     </span>
    </p>
   </div>
   <div class='ocr_carea' id='block_1_5' title="bbox 214 478 1788 554">
    <p class='ocr_par' dir='ltr' id='par_1_5' title="bbox 214 478 1788 554">
     <span class='ocr_line' id='line_1_5' title="bbox 214 478 1788 554; baseline 0.002 -19"><span class='ocrx_word' id='word_1_22' title='bbox 214 481 443 546; x_wconf 68' lang='lat' dir='ltr'><strong>virentia,</strong></span> <span class='ocrx_word' id='word_1_23' title='bbox 490 478 556 532; x_wconf 89' lang='lat' dir='ltr'><strong>de</strong></span> <span class='ocrx_word' id='word_1_24' title='bbox 615 479 906 534; x_wconf 76' lang='lat' dir='ltr'><strong>sterilibus</strong></span> <span class='ocrx_word' id='word_1_25' title='bbox 961 480 1130 535; x_wconf 85' lang='lat' dir='ltr'><strong>faciat</strong></span> <span class='ocrx_word' id='word_1_26' title='bbox 1191 482 1503 537; x_wconf 76' lang='lat' dir='ltr'><strong>fructuosa.</strong></span> <span class='ocrx_word' id='word_1_27' title='bbox 1559 483 1621 537; x_wconf 89' lang='lat' dir='ltr'><strong>In</strong></span> <span class='ocrx_word' id='word_1_28' title='bbox 1676 500 1788 554; x_wconf 91' lang='lat' dir='ltr'><strong>quo</strong></span> 
     </span>
    </p>
   </div>
   <div class='ocr_carea' id='block_1_6' title="bbox 213 573 1786 648">
    <p class='ocr_par' dir='ltr' id='par_1_6' title="bbox 213 573 1786 648">
     <span class='ocr_line' id='line_1_6' title="bbox 213 573 1786 648; baseline 0 -18"><span class='ocrx_word' id='word_1_29' title='bbox 213 576 326 630; x_wconf 80' lang='lat' dir='ltr'><strong>sedit</strong></span> <span class='ocrx_word' id='word_1_30' title='bbox 361 573 450 627; x_wconf 82' lang='lat' dir='ltr'><strong>Job</strong></span> <span class='ocrx_word' id='word_1_31' title='bbox 496 588 620 625; x_wconf 90' lang='lat' dir='ltr'><strong>cum</strong></span> <span class='ocrx_word' id='word_1_32' title='bbox 670 576 1006 641; x_wconf 78' lang='lat' dir='ltr'><strong>tentaretur,</strong></span> <span class='ocrx_word' id='word_1_33' title='bbox 1059 579 1116 628; x_wconf 90' lang='lat' dir='ltr'><strong>et</strong></span> <span class='ocrx_word' id='word_1_34' title='bbox 1162 575 1310 629; x_wconf 91' lang='lat' dir='ltr'><strong>vinci</strong></span> <span class='ocrx_word' id='word_1_35' title='bbox 1354 576 1611 648; x_wconf 85' lang='lat' dir='ltr'><strong>nequivit</strong></span> <span class='ocrx_word' id='word_1_36' title='bbox 1651 578 1786 647; x_wconf 82' lang='lat' dir='ltr'><strong>(Job,</strong></span> 
     </span>
    </p>
   </div>
   <div class='ocr_carea' id='block_1_7' title="bbox 211 665 1789 737">
    <p class='ocr_par' dir='ltr' id='par_1_7' title="bbox 211 665 1789 737">
     <span class='ocr_line' id='line_1_7' title="bbox 211 665 1789 737; baseline 0.001 -15"><span class='ocrx_word' id='word_1_37' title='bbox 211 688 254 734; x_wconf 83' lang='grc' dir='ltr'><strong>ιι,</strong></span> <span class='ocrx_word' id='word_1_38' title='bbox 288 671 349 734; x_wconf 83' lang='grc'><strong>8).</strong></span> <span class='ocrx_word' id='word_1_39' title='bbox 382 667 443 719; x_wconf 89' lang='lat' dir='ltr'><strong>Et</strong></span> <span class='ocrx_word' id='word_1_40' title='bbox 469 665 671 718; x_wconf 85' lang='lat' dir='ltr'><strong>Paulus</strong></span> <span class='ocrx_word' id='word_1_41' title='bbox 713 667 961 721; x_wconf 67' lang='lat' dir='ltr'><strong>aestimat</strong></span> <span class='ocrx_word' id='word_1_42' title='bbox 998 675 1061 722; x_wconf 89' lang='lat' dir='ltr'><strong>ut</strong></span> <span class='ocrx_word' id='word_1_43' title='bbox 1098 675 1365 737; x_wconf 83' lang='lat' dir='ltr'><strong>stercora,</strong></span> <span class='ocrx_word' id='word_1_44' title='bbox 1398 675 1462 724; x_wconf 91' lang='lat' dir='ltr'><strong>ut</strong></span> <span class='ocrx_word' id='word_1_45' title='bbox 1503 670 1789 724; x_wconf 81' lang='lat' dir='ltr'><strong>Christum</strong></span> 
     </span>
    </p>
   </div>
   <div class='ocr_carea' id='block_1_8' title="bbox 211 759 1788 833">
    <p class='ocr_par' dir='ltr' id='par_1_8' title="bbox 211 759 1788 833">
     <span class='ocr_line' id='line_1_8' title="bbox 211 759 1788 833; baseline 0.002 -18"><span class='ocrx_word' id='word_1_46' title='bbox 211 759 474 815; x_wconf 72' lang='lat' dir='ltr'><strong>lucrifaciat</strong></span> <span class='ocrx_word' id='word_1_47' title='bbox 525 759 808 830; x_wconf 61' lang='lat' dir='ltr'><strong>(Philipp,</strong></span> <span class='ocrx_word' id='word_1_48' title='bbox 861 778 950 829; x_wconf 90' lang='grc' dir='ltr'>ιιι,</span> <span class='ocrx_word' id='word_1_49' title='bbox 1007 764 1082 831; x_wconf 83' lang='grc'><strong>8).</strong></span> <span class='ocrx_word' id='word_1_50' title='bbox 1144 762 1396 833; x_wconf 87' lang='lat' dir='ltr'><strong>Denique</strong></span> <span class='ocrx_word' id='word_1_51' title='bbox 1459 779 1590 817; x_wconf 90' lang='lat' dir='ltr'><strong>cum</strong></span> <span class='ocrx_word' id='word_1_52' title='bbox 1659 771 1788 818; x_wconf 86' lang='lat' dir='ltr'><strong>ante</strong></span> 
     </span>
    </p>
   </div>
   <div class='ocr_carea' id='block_1_9' title="bbox 208 852 1791 927">
    <p class='ocr_par' dir='ltr' id='par_1_9' title="bbox 208 852 1791 927">
     <span class='ocr_line' id='line_1_9' title="bbox 208 852 1791 927; baseline 0.001 -17"><span class='ocrx_word' id='word_1_53' title='bbox 208 854 288 910; x_wconf 81' lang='lat' dir='ltr'><strong>Job</strong></span> <span class='ocrx_word' id='word_1_54' title='bbox 342 852 570 924; x_wconf 87' lang='lat' dir='ltr'><strong>plurima</strong></span> <span class='ocrx_word' id='word_1_55' title='bbox 640 854 1012 926; x_wconf 87' lang='lat' dir='ltr'><strong>perdidisset,</strong></span> <span class='ocrx_word' id='word_1_56' title='bbox 1078 862 1454 927; x_wconf 84' lang='lat' dir='ltr'><strong>posteaquam</strong></span> <span class='ocrx_word' id='word_1_57' title='bbox 1523 858 1666 912; x_wconf 86' lang='lat' dir='ltr'><strong>sedit</strong></span> <span class='ocrx_word' id='word_1_58' title='bbox 1734 859 1791 912; x_wconf 90' lang='lat' dir='ltr'><strong>in</strong></span> 
     </span>
    </p>
   </div>
   <div class='ocr_carea' id='block_1_10' title="bbox 209 948 1790 1023">
    <p class='ocr_par' dir='ltr' id='par_1_10' title="bbox 209 948 1790 1023">
     <span class='ocr_line' id='line_1_10' title="bbox 209 948 1790 1023; baseline 0.001 -19"><span class='ocrx_word' id='word_1_59' title='bbox 209 957 444 1014; x_wconf 83' lang='lat' dir='ltr'><strong>stercore,</strong></span> <span class='ocrx_word' id='word_1_60' title='bbox 500 963 618 1001; x_wconf 89' lang='lat' dir='ltr'><strong>non</strong></span> <span class='ocrx_word' id='word_1_61' title='bbox 685 948 884 1003; x_wconf 82' lang='lat' dir='ltr'><strong>habuit</strong></span> <span class='ocrx_word' id='word_1_62' title='bbox 947 951 1098 1020; x_wconf 93' lang='lat' dir='ltr'><strong>quod</strong></span> <span class='ocrx_word' id='word_1_63' title='bbox 1164 950 1216 1005; x_wconf 90' lang='lat' dir='ltr'><strong>ei</strong></span> <span class='ocrx_word' id='word_1_64' title='bbox 1283 951 1539 1005; x_wconf 86' lang='lat' dir='ltr'><strong>diabolus</strong></span> <span class='ocrx_word' id='word_1_65' title='bbox 1602 955 1790 1023; x_wconf 88' lang='lat' dir='ltr'><strong>posset</strong></span> 
     </span>
    </p>
   </div>
   <div class='ocr_carea' id='block_1_11' title="bbox 206 1042 1792 1114">
    <p class='ocr_par' dir='ltr' id='par_1_11' title="bbox 206 1042 1792 1114">
     <span class='ocr_line' id='line_1_11' title="bbox 206 1042 1792 1114; baseline 0.003 -18"><span class='ocrx_word' id='word_1_66' title='bbox 206 1043 410 1096; x_wconf 84' lang='lat' dir='ltr'><strong>auferre.</strong></span> <span class='ocrx_word' id='word_1_67' title='bbox 441 1042 588 1095; x_wconf 88' lang='lat' dir='ltr'><strong>Bona</strong></span> <span class='ocrx_word' id='word_1_68' title='bbox 620 1057 758 1111; x_wconf 89' lang='lat' dir='ltr'><strong>ergo</strong></span> <span class='ocrx_word' id='word_1_69' title='bbox 789 1046 940 1097; x_wconf 89' lang='lat' dir='ltr'><strong>terra</strong></span> <span class='ocrx_word' id='word_1_70' title='bbox 975 1061 1104 1114; x_wconf 71' lang='lat' dir='ltr'><strong>quae</strong></span> <span class='ocrx_word' id='word_1_71' title='bbox 1141 1044 1376 1112; x_wconf 86' lang='lat' dir='ltr'><strong>foditur,</strong></span> <span class='ocrx_word' id='word_1_72' title='bbox 1404 1045 1622 1100; x_wconf 86' lang='lat' dir='ltr'><strong>bonum</strong></span> <span class='ocrx_word' id='word_1_73' title='bbox 1656 1052 1792 1100; x_wconf 87' lang='lat' dir='ltr'><strong>ster-</strong></span> 
     </span>
    </p>
   </div>
   <div class='ocr_carea' id='block_1_12' title="bbox 205 1134 1794 1209">
    <p class='ocr_par' dir='ltr' id='par_1_12' title="bbox 205 1134 1794 1209">
     <span class='ocr_line' id='line_1_12' title="bbox 205 1134 1794 1209; baseline 0.003 -19"><span class='ocrx_word' id='word_1_74' title='bbox 205 1153 279 1190; x_wconf 88' lang='lat' dir='ltr'><strong>cus</strong></span> <span class='ocrx_word' id='word_1_75' title='bbox 321 1134 462 1206; x_wconf 87' lang='lat' dir='ltr'><strong>quod</strong></span> <span class='ocrx_word' id='word_1_76' title='bbox 510 1135 772 1190; x_wconf 84' lang='lat' dir='ltr'><strong>mittitur.</strong></span> <span class='ocrx_word' id='word_1_77' title='bbox 820 1137 1074 1209; x_wconf 87' lang='lat' dir='ltr'><strong>Denique</strong></span> <span class='ocrx_word' id='word_1_78' title='bbox 1120 1160 1146 1185; x_wconf 82' lang='grc'><em>‹‹</em></span> <span class='ocrx_word' id='word_1_79' title='bbox 1198 1138 1468 1193; x_wconf 89' lang='lat' dir='ltr'><strong>Dominus</strong></span> <span class='ocrx_word' id='word_1_80' title='bbox 1523 1139 1592 1193; x_wconf 91' lang='lat' dir='ltr'><strong>de</strong></span> <span class='ocrx_word' id='word_1_81' title='bbox 1643 1145 1794 1194; x_wconf 88' lang='lat' dir='ltr'><strong>terra</strong></span> 
     </span>
    </p>
   </div>
   <div class='ocr_carea' id='block_1_13' title="bbox 204 1228 1793 1305">
    <p class='ocr_par' dir='ltr' id='par_1_13' title="bbox 204 1228 1793 1305">
     <span class='ocr_line' id='line_1_13' title="bbox 204 1228 1793 1305; baseline 0.002 -21"><span class='ocrx_word' id='word_1_82' title='bbox 204 1229 395 1284; x_wconf 83' lang='lat' dir='ltr'><strong>suscitat</strong></span> <span class='ocrx_word' id='word_1_83' title='bbox 443 1228 694 1299; x_wconf 90' lang='lat' dir='ltr'><strong>inopem,</strong></span> <span class='ocrx_word' id='word_1_84' title='bbox 745 1234 803 1284; x_wconf 90' lang='lat' dir='ltr'><strong>et</strong></span> <span class='ocrx_word' id='word_1_85' title='bbox 848 1231 917 1285; x_wconf 89' lang='lat' dir='ltr'><strong>de</strong></span> <span class='ocrx_word' id='word_1_86' title='bbox 966 1236 1214 1286; x_wconf 88' lang='lat' dir='ltr'><strong>stercore</strong></span> <span class='ocrx_word' id='word_1_87' title='bbox 1263 1232 1432 1302; x_wconf 86' lang='lat' dir='ltr'><strong>erigit</strong></span> <span class='ocrx_word' id='word_1_88' title='bbox 1481 1248 1793 1305; x_wconf 75' lang='lat' dir='ltr'><strong>pauperem</strong></span> 
     </span>
    </p>
   </div>
   <div class='ocr_carea' id='block_1_14' title="bbox 204 1324 653 1392">
    <p class='ocr_par' dir='ltr' id='par_1_14' title="bbox 204 1324 653 1392">
     <span class='ocr_line' id='line_1_14' title="bbox 204 1324 653 1392; baseline -0.009 -13"><span class='ocrx_word' id='word_1_89' title='bbox 204 1324 339 1392; x_wconf 77' lang='lat' dir='ltr'><strong>(Psal.</strong></span> <span class='ocrx_word' id='word_1_90' title='bbox 370 1338 492 1388; x_wconf 81' lang='lat' dir='ltr'><strong>cm,</strong></span> <span class='ocrx_word' id='word_1_91' title='bbox 523 1324 596 1390; x_wconf 86' lang='lat'><strong>7).</strong></span> <span class='ocrx_word' id='word_1_92' title='bbox 626 1345 653 1370; x_wconf 83' lang='grc'><strong>››</strong></span> 
     </span>
    </p>
   </div>
   <div class='ocr_carea' id='block_1_15' title="bbox 258 1416 1794 1490">
    <p class='ocr_par' dir='ltr' id='par_1_15' title="bbox 258 1416 1794 1490">
     <span class='ocr_line' id='line_1_15' title="bbox 258 1416 1794 1490; baseline 0.001 -20"><span class='ocrx_word' id='word_1_93' title='bbox 258 1419 358 1471; x_wconf 79' lang='grc'><strong>169.</strong></span> <span class='ocrx_word' id='word_1_94' title='bbox 395 1418 592 1486; x_wconf 87' lang='lat' dir='ltr'><strong>Itaque</strong></span> <span class='ocrx_word' id='word_1_95' title='bbox 624 1433 725 1487; x_wconf 86' lang='lat' dir='ltr'><strong>per</strong></span> <span class='ocrx_word' id='word_1_96' title='bbox 753 1416 1076 1472; x_wconf 89' lang='lat' dir='ltr'><strong>intellectus</strong></span> <span class='ocrx_word' id='word_1_97' title='bbox 1115 1419 1446 1474; x_wconf 84' lang='lat' dir='ltr'><strong>exercitium</strong></span> <span class='ocrx_word' id='word_1_98' title='bbox 1487 1418 1794 1490; x_wconf 89' lang='lat' dir='ltr'><strong>spiritualis</strong></span> 
     </span>
    </p>
   </div>
   <div class='ocr_carea' id='block_1_16' title="bbox 201 1509 1792 1583">
    <p class='ocr_par' dir='ltr' id='par_1_16' title="bbox 201 1509 1792 1583">
     <span class='ocr_line' id='line_1_16' title="bbox 201 1509 1792 1583; baseline 0.002 -19"><span class='ocrx_word' id='word_1_99' title='bbox 201 1515 243 1564; x_wconf 91' lang='lat' dir='ltr'><strong>et</strong></span> <span class='ocrx_word' id='word_1_100' title='bbox 274 1509 592 1564; x_wconf 85' lang='lat' dir='ltr'><strong>humilitatis</strong></span> <span class='ocrx_word' id='word_1_101' title='bbox 636 1510 903 1565; x_wconf 82' lang='lat' dir='ltr'><strong>affectum</strong></span> <span class='ocrx_word' id='word_1_102' title='bbox 949 1512 1123 1566; x_wconf 91' lang='lat' dir='ltr'><strong>etiam</strong></span> <span class='ocrx_word' id='word_1_103' title='bbox 1163 1513 1390 1568; x_wconf 69' lang='lat' dir='ltr'><strong>Judazos</strong></span> <span class='ocrx_word' id='word_1_104' title='bbox 1427 1513 1487 1567; x_wconf 91' lang='lat' dir='ltr'><strong>in</strong></span> <span class='ocrx_word' id='word_1_105' title='bbox 1533 1514 1792 1583; x_wconf 89' lang='lat' dir='ltr'><strong>Evange-</strong></span> 
     </span>
    </p>
   </div>
   <div class='ocr_carea' id='block_1_17' title="bbox 200 1603 1795 1661">
    <p class='ocr_par' dir='ltr' id='par_1_17' title="bbox 200 1603 1795 1661">
     <span class='ocr_line' id='line_1_17' title="bbox 200 1603 1795 1661; baseline 0.003 -4"><span class='ocrx_word' id='word_1_106' title='bbox 200 1605 311 1659; x_wconf 89' lang='lat' dir='ltr'><strong>lium</strong></span> <span class='ocrx_word' id='word_1_107' title='bbox 333 1603 528 1658; x_wconf 87' lang='lat' dir='ltr'><strong>Christi</strong></span> <span class='ocrx_word' id='word_1_108' title='bbox 560 1606 746 1659; x_wconf 85' lang='lat' dir='ltr'><strong>cultor</strong></span> <span class='ocrx_word' id='word_1_109' title='bbox 771 1606 867 1660; x_wconf 93' lang='lat' dir='ltr'><strong>ille</strong></span> <span class='ocrx_word' id='word_1_110' title='bbox 898 1607 1084 1661; x_wconf 91' lang='lat' dir='ltr'><strong>bonus</strong></span> <span class='ocrx_word' id='word_1_111' title='bbox 1109 1607 1234 1661; x_wconf 91' lang='lat' dir='ltr'><strong>fore</strong></span> <span class='ocrx_word' id='word_1_112' title='bbox 1267 1606 1510 1661; x_wconf 75' lang='lat' dir='ltr'><strong>aestimat</strong></span> <span class='ocrx_word' id='word_1_113' title='bbox 1539 1607 1795 1661; x_wconf 82' lang='lat' dir='ltr'><strong>fructuo-</strong></span> 
     </span>
    </p>
   </div>
   <div class='ocr_carea' id='block_1_18' title="bbox 199 1697 1792 1772">
    <p class='ocr_par' dir='ltr' id='par_1_18' title="bbox 199 1697 1792 1772">
     <span class='ocr_line' id='line_1_18' title="bbox 199 1697 1792 1772; baseline 0.003 -22"><span class='ocrx_word' id='word_1_114' title='bbox 199 1713 285 1751; x_wconf 86' lang='lat' dir='ltr'><strong>sos.</strong></span> <span class='ocrx_word' id='word_1_115' title='bbox 313 1697 636 1753; x_wconf 79' lang='lat' dir='ltr'><strong>Meminerat</strong></span> <span class='ocrx_word' id='word_1_116' title='bbox 675 1699 829 1752; x_wconf 88' lang='lat' dir='ltr'><strong>enim</strong></span> <span class='ocrx_word' id='word_1_117' title='bbox 873 1700 1008 1771; x_wconf 87' lang='lat' dir='ltr'><strong>quia</strong></span> <span class='ocrx_word' id='word_1_118' title='bbox 1051 1716 1156 1771; x_wconf 90' lang='lat' dir='ltr'><strong>per</strong></span> <span class='ocrx_word' id='word_1_119' title='bbox 1194 1705 1468 1772; x_wconf 69' lang='lat' dir='ltr'><strong>Aggteum</strong></span> <span class='ocrx_word' id='word_1_120' title='bbox 1518 1701 1792 1755; x_wconf 87' lang='lat' dir='ltr'><strong>Dominus</strong></span> 
     </span>
    </p>
   </div>
   <div class='ocr_carea' id='block_1_19' title="bbox 1895 484 3522 556">
    <p class='ocr_par' dir='ltr' id='par_1_19' title="bbox 1895 484 3522 556">
     <span class='ocr_line' id='line_1_19' title="bbox 1895 484 3522 556; baseline 0.004 -19"><span class='ocrx_word' id='word_1_121' title='bbox 1895 484 1950 538; x_wconf 90' lang='lat' dir='ltr'><strong>in</strong></span> <span class='ocrx_word' id='word_1_122' title='bbox 1984 485 2225 540; x_wconf 85' lang='lat' dir='ltr'><strong>Ecclesia</strong></span> <span class='ocrx_word' id='word_1_123' title='bbox 2255 502 2266 540; x_wconf 87' lang='lat'>:</span> <span class='ocrx_word' id='word_1_124' title='bbox 2303 506 2328 535; x_wconf 81' lang='grc' dir='ltr'>α</span> <span class='ocrx_word' id='word_1_125' title='bbox 2361 485 2518 541; x_wconf 90' lang='lat' dir='ltr'><strong>Sicut</strong></span> <span class='ocrx_word' id='word_1_126' title='bbox 2553 486 2709 539; x_wconf 87' lang='lat' dir='ltr'><strong>enim</strong></span> <span class='ocrx_word' id='word_1_127' title='bbox 2746 491 2879 540; x_wconf 91' lang='lat' dir='ltr'><strong>sunt</strong></span> <span class='ocrx_word' id='word_1_128' title='bbox 2918 486 3017 556; x_wconf 91' lang='lat' dir='ltr'><strong>qui</strong></span> <span class='ocrx_word' id='word_1_129' title='bbox 3053 501 3122 540; x_wconf 79' lang='lat' dir='ltr'><strong>ex</strong></span> <span class='ocrx_word' id='word_1_130' title='bbox 3167 487 3328 541; x_wconf 90' lang='lat' dir='ltr'><strong>nobis</strong></span> <span class='ocrx_word' id='word_1_131' title='bbox 3371 489 3522 543; x_wconf 75' lang='lat' dir='ltr'><strong>exie-</strong></span> 
     </span>
    </p>
   </div>
   <div class='ocr_carea' id='block_1_20' title="bbox 1891 579 3525 644">
    <p class='ocr_par' dir='ltr' id='par_1_20' title="bbox 1891 579 3525 644">
     <span class='ocr_line' id='line_1_20' title="bbox 1891 579 3525 644; baseline 0.003 -13"><span class='ocrx_word' id='word_1_132' title='bbox 1891 584 2045 644; x_wconf 91' lang='lat' dir='ltr'><strong>runt,</strong></span> <span class='ocrx_word' id='word_1_133' title='bbox 2089 579 2187 633; x_wconf 88' lang='lat' dir='ltr'><strong>sed</strong></span> <span class='ocrx_word' id='word_1_134' title='bbox 2230 595 2348 634; x_wconf 91' lang='lat' dir='ltr'><strong>non</strong></span> <span class='ocrx_word' id='word_1_135' title='bbox 2396 585 2556 633; x_wconf 89' lang='lat' dir='ltr'><strong>erant</strong></span> <span class='ocrx_word' id='word_1_136' title='bbox 2594 595 2660 633; x_wconf 84' lang='lat' dir='ltr'><strong>ex</strong></span> <span class='ocrx_word' id='word_1_137' title='bbox 2700 579 2862 633; x_wconf 91' lang='lat' dir='ltr'><strong>nobis</strong></span> <span class='ocrx_word' id='word_1_138' title='bbox 2901 596 2914 632; x_wconf 90' lang='lat'><strong>:</strong></span> <span class='ocrx_word' id='word_1_139' title='bbox 2963 579 3010 633; x_wconf 90' lang='lat' dir='ltr'><strong>si</strong></span> <span class='ocrx_word' id='word_1_140' title='bbox 3051 579 3206 634; x_wconf 88' lang='lat' dir='ltr'><strong>enim</strong></span> <span class='ocrx_word' id='word_1_141' title='bbox 3250 595 3320 635; x_wconf 81' lang='lat' dir='ltr'><strong>ex</strong></span> <span class='ocrx_word' id='word_1_142' title='bbox 3361 582 3525 636; x_wconf 88' lang='lat' dir='ltr'><strong>nobis</strong></span> 
     </span>
    </p>
   </div>
   <div class='ocr_carea' id='block_1_21' title="bbox 1893 672 3524 745">
    <p class='ocr_par' dir='ltr' id='par_1_21' title="bbox 1893 672 3524 745">
     <span class='ocr_line' id='line_1_21' title="bbox 1893 672 3524 745; baseline 0.002 -20"><span class='ocrx_word' id='word_1_143' title='bbox 1893 675 2100 740; x_wconf 86' lang='lat' dir='ltr'><strong>essent,</strong></span> <span class='ocrx_word' id='word_1_144' title='bbox 2143 672 2437 726; x_wconf 89' lang='lat' dir='ltr'><strong>nobiscum</strong></span> <span class='ocrx_word' id='word_1_145' title='bbox 2477 673 2822 727; x_wconf 89' lang='lat' dir='ltr'><strong>mansissent</strong></span> <span class='ocrx_word' id='word_1_146' title='bbox 2856 673 2894 742; x_wconf 90' lang='grc' dir='ltr'>(Ι</span> <span class='ocrx_word' id='word_1_147' title='bbox 2923 674 3104 740; x_wconf 85' lang='lat' dir='ltr'><strong>Joan.,</strong></span> <span class='ocrx_word' id='word_1_148' title='bbox 3148 689 3206 741; x_wconf 86' lang='grc' dir='ltr'><strong>ιι,</strong></span> <span class='ocrx_word' id='word_1_149' title='bbox 3240 676 3356 745; x_wconf 74' lang='grc'><strong>19);</strong></span> <span class='ocrx_word' id='word_1_150' title='bbox 3388 695 3416 724; x_wconf 83' lang='lat'><strong>»</strong></span> <span class='ocrx_word' id='word_1_151' title='bbox 3447 675 3524 729; x_wconf 90' lang='lat' dir='ltr'><strong>sic</strong></span> 
     </span>
    </p>
   </div>
   <div class='ocr_carea' id='block_1_22' title="bbox 1893 764 3528 837">
    <p class='ocr_par' dir='ltr' id='par_1_22' title="bbox 1893 764 3528 837">
     <span class='ocr_line' id='line_1_22' title="bbox 1893 764 3528 837; baseline 0.002 -20"><span class='ocrx_word' id='word_1_152' title='bbox 1893 764 1961 818; x_wconf 89' lang='lat' dir='ltr'><strong>de</strong></span> <span class='ocrx_word' id='word_1_153' title='bbox 2003 765 2073 818; x_wconf 87' lang='lat' dir='ltr'><strong>iis</strong></span> <span class='ocrx_word' id='word_1_154' title='bbox 2115 765 2213 836; x_wconf 92' lang='lat' dir='ltr'><strong>qui</strong></span> <span class='ocrx_word' id='word_1_155' title='bbox 2250 783 2313 820; x_wconf 86' lang='lat' dir='ltr'><strong>ex</strong></span> <span class='ocrx_word' id='word_1_156' title='bbox 2349 765 2559 820; x_wconf 65' lang='lat' dir='ltr'><strong>Iudaeis</strong></span> <span class='ocrx_word' id='word_1_157' title='bbox 2605 765 2864 834; x_wconf 87' lang='lat' dir='ltr'><strong>credunt,</strong></span> <span class='ocrx_word' id='word_1_158' title='bbox 2899 765 3146 821; x_wconf 87' lang='lat' dir='ltr'><strong>dicimus</strong></span> <span class='ocrx_word' id='word_1_159' title='bbox 3190 767 3322 837; x_wconf 87' lang='lat' dir='ltr'><strong>quia</strong></span> <span class='ocrx_word' id='word_1_160' title='bbox 3366 767 3410 820; x_wconf 90' lang='lat' dir='ltr'><strong>si</strong></span> <span class='ocrx_word' id='word_1_161' title='bbox 3457 783 3528 821; x_wconf 81' lang='lat' dir='ltr'><strong>ex</strong></span> 
     </span>
    </p>
   </div>
   <div class='ocr_carea' id='block_1_23' title="bbox 1893 857 3526 931">
    <p class='ocr_par' dir='ltr' id='par_1_23' title="bbox 1893 857 3526 931">
     <span class='ocr_line' id='line_1_23' title="bbox 1893 857 3526 931; baseline 0.002 -20"><span class='ocrx_word' id='word_1_162' title='bbox 1893 857 2195 930; x_wconf 87' lang='lat' dir='ltr'><strong>Synagoga</strong></span> <span class='ocrx_word' id='word_1_163' title='bbox 2248 862 2461 925; x_wconf 86' lang='lat' dir='ltr'><strong>essent,</strong></span> <span class='ocrx_word' id='word_1_164' title='bbox 2519 860 2578 913; x_wconf 89' lang='lat' dir='ltr'><strong>in</strong></span> <span class='ocrx_word' id='word_1_165' title='bbox 2641 862 2941 931; x_wconf 82' lang='lat' dir='ltr'><strong>Synagoga</strong></span> <span class='ocrx_word' id='word_1_166' title='bbox 2999 866 3300 915; x_wconf 86' lang='lat' dir='ltr'><strong>manerent</strong></span> <span class='ocrx_word' id='word_1_167' title='bbox 3355 877 3368 914; x_wconf 87' lang='lat'><strong>:</strong></span> <span class='ocrx_word' id='word_1_168' title='bbox 3430 861 3526 915; x_wconf 90' lang='lat' dir='ltr'><strong>sed</strong></span> 
     </span>
    </p>
   </div>
   <div class='ocr_carea' id='block_1_24' title="bbox 1894 952 3527 1025">
    <p class='ocr_par' dir='ltr' id='par_1_24' title="bbox 1894 952 3527 1025">
     <span class='ocr_line' id='line_1_24' title="bbox 1894 952 3527 1025; baseline 0.001 -19"><span class='ocrx_word' id='word_1_169' title='bbox 1894 958 2196 1024; x_wconf 88' lang='lat' dir='ltr'><strong>propterea</strong></span> <span class='ocrx_word' id='word_1_170' title='bbox 2235 953 2503 1007; x_wconf 81' lang='lat' dir='ltr'><strong>exierunt</strong></span> <span class='ocrx_word' id='word_1_171' title='bbox 2547 952 2617 1007; x_wconf 90' lang='lat' dir='ltr'><strong>de</strong></span> <span class='ocrx_word' id='word_1_172' title='bbox 2655 952 2983 1024; x_wconf 72' lang='lat' dir='ltr'><strong>Synagoga,</strong></span> <span class='ocrx_word' id='word_1_173' title='bbox 3029 960 3089 1008; x_wconf 90' lang='lat' dir='ltr'><strong>ut</strong></span> <span class='ocrx_word' id='word_1_174' title='bbox 3125 970 3192 1007; x_wconf 79' lang='lat' dir='ltr'><strong>ex</strong></span> <span class='ocrx_word' id='word_1_175' title='bbox 3228 954 3527 1025; x_wconf 80' lang='lat' dir='ltr'><strong>Synagoga</strong></span> 
     </span>
    </p>
   </div>
   <div class='ocr_carea' id='block_1_25' title="bbox 1895 1046 3524 1117">
    <p class='ocr_par' dir='ltr' id='par_1_25' title="bbox 1895 1046 3524 1117">
     <span class='ocr_line' id='line_1_25' title="bbox 1895 1046 3524 1117; baseline 0.001 -19"><span class='ocrx_word' id='word_1_176' title='bbox 1895 1061 2008 1100; x_wconf 90' lang='lat' dir='ltr'><strong>non</strong></span> <span class='ocrx_word' id='word_1_177' title='bbox 2033 1046 2204 1100; x_wconf 85' lang='lat' dir='ltr'><strong>fuisse</strong></span> <span class='ocrx_word' id='word_1_178' title='bbox 2231 1047 2556 1102; x_wconf 88' lang='lat' dir='ltr'><strong>credantur.</strong></span> <span class='ocrx_word' id='word_1_179' title='bbox 2592 1046 2803 1101; x_wconf 90' lang='lat' dir='ltr'><strong>Deinde</strong></span> <span class='ocrx_word' id='word_1_180' title='bbox 2830 1064 2934 1117; x_wconf 91' lang='lat' dir='ltr'><strong>pro</strong></span> <span class='ocrx_word' id='word_1_181' title='bbox 2973 1047 3182 1101; x_wconf 88' lang='lat' dir='ltr'><strong>malitia</strong></span> <span class='ocrx_word' id='word_1_182' title='bbox 3210 1046 3524 1101; x_wconf 85' lang='lat' dir='ltr'><strong>interveni-</strong></span> 
     </span>
    </p>
   </div>
   <div class='ocr_carea' id='block_1_26' title="bbox 1892 1139 3524 1210">
    <p class='ocr_par' dir='ltr' id='par_1_26' title="bbox 1892 1139 3524 1210">
     <span class='ocr_line' id='line_1_26' title="bbox 1892 1139 3524 1210; baseline 0.001 -18"><span class='ocrx_word' id='word_1_183' title='bbox 1892 1145 1979 1193; x_wconf 88' lang='lat' dir='ltr'><strong>ret</strong></span> <span class='ocrx_word' id='word_1_184' title='bbox 2004 1140 2229 1210; x_wconf 87' lang='lat' dir='ltr'><strong>aliquis,</strong></span> <span class='ocrx_word' id='word_1_185' title='bbox 2261 1143 2320 1193; x_wconf 91' lang='lat' dir='ltr'><strong>et</strong></span> <span class='ocrx_word' id='word_1_186' title='bbox 2345 1139 2557 1193; x_wconf 87' lang='lat' dir='ltr'><strong>diceret</strong></span> <span class='ocrx_word' id='word_1_187' title='bbox 2585 1140 2954 1195; x_wconf 83' lang='lat' dir='ltr'><strong>excolendam</strong></span> <span class='ocrx_word' id='word_1_188' title='bbox 2983 1143 3046 1193; x_wconf 92' lang='lat' dir='ltr'><strong>ut</strong></span> <span class='ocrx_word' id='word_1_189' title='bbox 3070 1140 3321 1194; x_wconf 89' lang='lat' dir='ltr'><strong>fructum</strong></span> <span class='ocrx_word' id='word_1_190' title='bbox 3354 1139 3524 1195; x_wconf 73' lang='lat' dir='ltr'><strong>aﬂ‘er-</strong></span> 
     </span>
    </p>
   </div>
   <div class='ocr_carea' id='block_1_27' title="bbox 1894 1233 3528 1304">
    <p class='ocr_par' dir='ltr' id='par_1_27' title="bbox 1894 1233 3528 1304">
     <span class='ocr_line' id='line_1_27' title="bbox 1894 1233 3528 1304; baseline 0 -19"><span class='ocrx_word' id='word_1_191' title='bbox 1894 1235 2010 1301; x_wconf 89' lang='lat' dir='ltr'><strong>ret;</strong></span> <span class='ocrx_word' id='word_1_192' title='bbox 2040 1250 2168 1286; x_wconf 92' lang='lat' dir='ltr'><strong>cum</strong></span> <span class='ocrx_word' id='word_1_193' title='bbox 2201 1233 2326 1288; x_wconf 92' lang='lat' dir='ltr'><strong>ideo</strong></span> <span class='ocrx_word' id='word_1_194' title='bbox 2351 1233 2574 1287; x_wconf 78' lang='lat' dir='ltr'><strong>venerit</strong></span> <span class='ocrx_word' id='word_1_195' title='bbox 2599 1233 2890 1301; x_wconf 88' lang='lat' dir='ltr'><strong>Dominus,</strong></span> <span class='ocrx_word' id='word_1_196' title='bbox 2920 1241 2982 1288; x_wconf 90' lang='lat' dir='ltr'><strong>ut</strong></span> <span class='ocrx_word' id='word_1_197' title='bbox 3007 1234 3227 1288; x_wconf 87' lang='lat' dir='ltr'><strong>semina</strong></span> <span class='ocrx_word' id='word_1_198' title='bbox 3252 1233 3528 1304; x_wconf 88' lang='lat' dir='ltr'><strong>improbi-</strong></span> 
     </span>
    </p>
   </div>
   <div class='ocr_carea' id='block_1_28' title="bbox 1893 1326 2810 1397">
    <p class='ocr_par' dir='ltr' id='par_1_28' title="bbox 1893 1326 2810 1397">
     <span class='ocr_line' id='line_1_28' title="bbox 1893 1326 2810 1397; baseline -0.002 -16"><span class='ocrx_word' id='word_1_199' title='bbox 1893 1326 2028 1381; x_wconf 84' lang='lat' dir='ltr'><strong>tatis</strong></span> <span class='ocrx_word' id='word_1_200' title='bbox 2058 1326 2312 1382; x_wconf 85' lang='lat' dir='ltr'><strong>aboleret</strong></span> <span class='ocrx_word' id='word_1_201' title='bbox 2339 1328 2380 1395; x_wconf 90' lang='lat' dir='ltr'><strong>(l</strong></span> <span class='ocrx_word' id='word_1_202' title='bbox 2407 1330 2586 1388; x_wconf 82' lang='lat' dir='ltr'><strong>Joan.,</strong></span> <span class='ocrx_word' id='word_1_203' title='bbox 2622 1343 2704 1395; x_wconf 87' lang='grc' dir='ltr'>ιιι,</span> <span class='ocrx_word' id='word_1_204' title='bbox 2739 1327 2810 1397; x_wconf 87' lang='grc'><strong>5).</strong></span> 
     </span>
    </p>
   </div>
   <div class='ocr_carea' id='block_1_29' title="bbox 1965 1420 3531 1491">
    <p class='ocr_par' dir='ltr' id='par_1_29' title="bbox 1965 1420 3531 1491">
     <span class='ocr_line' id='line_1_29' title="bbox 1965 1420 3531 1491; baseline 0.001 -17"><span class='ocrx_word' id='word_1_205' title='bbox 1965 1420 2140 1491; x_wconf 88' lang='lat' dir='ltr'><strong>(Vers.</strong></span> <span class='ocrx_word' id='word_1_206' title='bbox 2187 1423 2276 1487; x_wconf 82' lang='grc'><strong>10,</strong></span> <span class='ocrx_word' id='word_1_207' title='bbox 2323 1422 2429 1491; x_wconf 86' lang='lat' dir='ltr'><strong>tl.)</strong></span> <span class='ocrx_word' id='word_1_208' title='bbox 2473 1422 2612 1476; x_wconf 88' lang='lat' dir='ltr'><strong>Erat</strong></span> <span class='ocrx_word' id='word_1_209' title='bbox 2658 1427 2840 1475; x_wconf 85' lang='lat' dir='ltr'><strong>autem</strong></span> <span class='ocrx_word' id='word_1_210' title='bbox 2885 1421 3079 1476; x_wconf 85' lang='lat' dir='ltr'><strong>docens</strong></span> <span class='ocrx_word' id='word_1_211' title='bbox 3128 1423 3188 1474; x_wconf 87' lang='lat' dir='ltr'><strong>in</strong></span> <span class='ocrx_word' id='word_1_212' title='bbox 3236 1424 3531 1491; x_wconf 80' lang='lat' dir='ltr'><strong>Synagoga</strong></span> 
     </span>
    </p>
   </div>
   <div class='ocr_carea' id='block_1_30' title="bbox 1895 1514 3527 1585">
    <p class='ocr_par' dir='ltr' id='par_1_30' title="bbox 1895 1514 3527 1585">
     <span class='ocr_line' id='line_1_30' title="bbox 1895 1514 3527 1585; baseline 0 -17"><span class='ocrx_word' id='word_1_213' title='bbox 1895 1529 2078 1568; x_wconf 86' lang='lat' dir='ltr'><strong>eorum</strong></span> <span class='ocrx_word' id='word_1_214' title='bbox 2115 1514 2384 1570; x_wconf 82' lang='lat' dir='ltr'><strong>Sabbatis.</strong></span> <span class='ocrx_word' id='word_1_215' title='bbox 2430 1517 2500 1569; x_wconf 88' lang='lat' dir='ltr'><strong>Et</strong></span> <span class='ocrx_word' id='word_1_216' title='bbox 2540 1529 2653 1568; x_wconf 88' lang='lat' dir='ltr'><strong>ecce</strong></span> <span class='ocrx_word' id='word_1_217' title='bbox 2697 1515 2894 1568; x_wconf 77' lang='lat' dir='ltr'><strong>mulier</strong></span> <span class='ocrx_word' id='word_1_218' title='bbox 2931 1530 3051 1584; x_wconf 79' lang='lat' dir='ltr'><strong>quae</strong></span> <span class='ocrx_word' id='word_1_219' title='bbox 3093 1514 3322 1569; x_wconf 76' lang='lat' dir='ltr'><strong>habebat</strong></span> <span class='ocrx_word' id='word_1_220' title='bbox 3362 1516 3527 1585; x_wconf 84' lang='lat' dir='ltr'><strong>spiri-</strong></span> 
     </span>
    </p>
   </div>
   <div class='ocr_carea' id='block_1_31' title="bbox 1899 1607 3528 1676">
    <p class='ocr_par' dir='ltr' id='par_1_31' title="bbox 1899 1607 3528 1676">
     <span class='ocr_line' id='line_1_31' title="bbox 1899 1607 3528 1676; baseline -0.001 -15"><span class='ocrx_word' id='word_1_221' title='bbox 1899 1614 2010 1661; x_wconf 89' lang='lat' dir='ltr'><strong>tum</strong></span> <span class='ocrx_word' id='word_1_222' title='bbox 2046 1609 2382 1676; x_wconf 81' lang='lat' dir='ltr'><strong>inﬁrmitatis</strong></span> <span class='ocrx_word' id='word_1_223' title='bbox 2423 1610 2584 1662; x_wconf 83' lang='lat' dir='ltr'><strong>annis</strong></span> <span class='ocrx_word' id='word_1_224' title='bbox 2624 1608 2798 1662; x_wconf 86' lang='lat' dir='ltr'><strong>decem</strong></span> <span class='ocrx_word' id='word_1_225' title='bbox 2840 1614 2890 1661; x_wconf 85' lang='lat' dir='ltr'><strong>et</strong></span> <span class='ocrx_word' id='word_1_226' title='bbox 2927 1614 3062 1668; x_wconf 85' lang='lat' dir='ltr'><strong>octo,</strong></span> <span class='ocrx_word' id='word_1_227' title='bbox 3107 1614 3156 1661; x_wconf 89' lang='lat' dir='ltr'><strong>et</strong></span> <span class='ocrx_word' id='word_1_228' title='bbox 3200 1611 3318 1660; x_wconf 88' lang='lat' dir='ltr'><strong>erat</strong></span> <span class='ocrx_word' id='word_1_229' title='bbox 3364 1607 3528 1662; x_wconf 80' lang='lat' dir='ltr'><strong>incli-</strong></span> 
     </span>
    </p>
   </div>
   <div class='ocr_carea' id='block_1_32' title="bbox 1897 1707 2051 1755">
    <p class='ocr_par' dir='ltr' id='par_1_32' title="bbox 1897 1707 2051 1755">
     <span class='ocr_line' id='line_1_32' title="bbox 1897 1707 2051 1755; baseline 0.006 -2"><span class='ocrx_word' id='word_1_230' title='bbox 1897 1707 2051 1755; x_wconf 84' lang='lat' dir='ltr'><strong>nata.</strong></span> 
     </span>
    </p>
   </div>
   <div class='ocr_carea' id='block_1_33' title="bbox 196 1773 3534 1866">
    <p class='ocr_par' dir='ltr' id='par_1_33' title="bbox 196 1773 3534 1866">
     <span class='ocr_line' id='line_1_33' title="bbox 196 1773 3534 1866; baseline 0.001 -22"><span class='ocrx_word' id='word_1_231' title='bbox 196 1791 376 1845; x_wconf 91' lang='lat' dir='ltr'><strong>locutus</strong></span> <span class='ocrx_word' id='word_1_232' title='bbox 429 1798 544 1854; x_wconf 83' lang='lat' dir='ltr'><strong>est,</strong></span> <span class='ocrx_word' id='word_1_233' title='bbox 603 1793 877 1863; x_wconf 90' lang='lat' dir='ltr'><strong>quoniam</strong></span> <span class='ocrx_word' id='word_1_234' title='bbox 944 1800 1146 1864; x_wconf 88' lang='lat' dir='ltr'><strong>quarto</strong></span> <span class='ocrx_word' id='word_1_235' title='bbox 1199 1797 1256 1848; x_wconf 90' lang='lat' dir='ltr'><strong>et</strong></span> <span class='ocrx_word' id='word_1_236' title='bbox 1313 1793 1584 1848; x_wconf 91' lang='lat' dir='ltr'><strong>vicesimo</strong></span> <span class='ocrx_word' id='word_1_237' title='bbox 1659 1773 1867 1849; x_wconf 84' lang='lat' dir='ltr'><strong>noniB</strong></span> <span class='ocrx_word' id='word_1_238' title='bbox 1968 1797 2086 1850; x_wconf 75' lang='lat'><strong>173.</strong></span> <span class='ocrx_word' id='word_1_239' title='bbox 2131 1795 2316 1858; x_wconf 89' lang='lat' dir='ltr'><strong>Quam</strong></span> <span class='ocrx_word' id='word_1_240' title='bbox 2358 1795 2469 1850; x_wconf 91' lang='lat' dir='ltr'><strong>cito</strong></span> <span class='ocrx_word' id='word_1_241' title='bbox 2509 1795 2662 1865; x_wconf 91' lang='lat' dir='ltr'><strong>quod</strong></span> <span class='ocrx_word' id='word_1_242' title='bbox 2702 1795 2772 1849; x_wconf 88' lang='lat' dir='ltr'><strong>de</strong></span> <span class='ocrx_word' id='word_1_243' title='bbox 2807 1797 3108 1866; x_wconf 88' lang='lat' dir='ltr'><strong>Synagoga</strong></span> <span class='ocrx_word' id='word_1_244' title='bbox 3137 1793 3353 1850; x_wconf 88' lang='lat' dir='ltr'><strong>diceret</strong></span> <span class='ocrx_word' id='word_1_245' title='bbox 3384 1794 3534 1849; x_wconf 90' lang='lat' dir='ltr'><strong>indi-</strong></span> 
     </span>
    </p>
   </div>
   <div class='ocr_carea' id='block_1_34' title="bbox 195 1885 1791 1959">
    <p class='ocr_par' dir='ltr' id='par_1_34' title="bbox 195 1885 1791 1959">
     <span class='ocr_line' id='line_1_34' title="bbox 195 1885 1791 1959; baseline 0.001 -19"><span class='ocrx_word' id='word_1_246' title='bbox 195 1885 391 1952; x_wconf 87' lang='lat' dir='ltr'><strong>mensis,</strong></span> <span class='ocrx_word' id='word_1_247' title='bbox 422 1903 455 1939; x_wconf 89' lang='lat' dir='ltr'><strong>a</strong></span> <span class='ocrx_word' id='word_1_248' title='bbox 485 1886 582 1940; x_wconf 88' lang='lat' dir='ltr'><strong>die</strong></span> <span class='ocrx_word' id='word_1_249' title='bbox 624 1903 736 1957; x_wconf 92' lang='lat' dir='ltr'><strong>quo</strong></span> <span class='ocrx_word' id='word_1_250' title='bbox 770 1887 1074 1942; x_wconf 82' lang='lat' dir='ltr'><strong>fundatum</strong></span> <span class='ocrx_word' id='word_1_251' title='bbox 1117 1891 1202 1942; x_wconf 86' lang='lat' dir='ltr'><strong>est</strong></span> <span class='ocrx_word' id='word_1_252' title='bbox 1245 1888 1526 1959; x_wconf 89' lang='lat' dir='ltr'><strong>templum</strong></span> <span class='ocrx_word' id='word_1_253' title='bbox 1569 1888 1791 1942; x_wconf 86' lang='lat' dir='ltr'><strong>Domini</strong></span> 
     </span>
    </p>
   </div>
   <div class='ocr_carea' id='block_1_35' title="bbox 197 1979 1784 2054">
    <p class='ocr_par' dir='ltr' id='par_1_35' title="bbox 197 1979 1784 2054">
     <span class='ocr_line' id='line_1_35' title="bbox 197 1979 1784 2054; baseline 0.003 -22"><span class='ocrx_word' id='word_1_254' title='bbox 197 1979 592 2049; x_wconf 88' lang='lat' dir='ltr'><strong>omnipotentis,</strong></span> <span class='ocrx_word' id='word_1_255' title='bbox 626 1980 871 2048; x_wconf 87' lang='lat' dir='ltr'><strong>vineam,</strong></span> <span class='ocrx_word' id='word_1_256' title='bbox 899 1981 1106 2053; x_wconf 88' lang='lat' dir='ltr'><strong>inquit,</strong></span> <span class='ocrx_word' id='word_1_257' title='bbox 1134 1987 1189 2037; x_wconf 91' lang='lat' dir='ltr'><strong>et</strong></span> <span class='ocrx_word' id='word_1_258' title='bbox 1217 1981 1377 2048; x_wconf 81' lang='lat' dir='ltr'><strong>ﬁcus,</strong></span> <span class='ocrx_word' id='word_1_259' title='bbox 1418 1988 1474 2036; x_wconf 91' lang='lat' dir='ltr'><strong>et</strong></span> <span class='ocrx_word' id='word_1_260' title='bbox 1507 1983 1784 2054; x_wconf 88' lang='lat' dir='ltr'><strong>malogra-</strong></span> 
     </span>
    </p>
   </div>
   <div class='ocr_carea' id='block_1_36' title="bbox 194 2074 1794 2146">
    <p class='ocr_par' dir='ltr' id='par_1_36' title="bbox 194 2074 1794 2146">
     <span class='ocr_line' id='line_1_36' title="bbox 194 2074 1794 2146; baseline 0.003 -20"><span class='ocrx_word' id='word_1_261' title='bbox 194 2078 317 2139; x_wconf 87' lang='lat' dir='ltr'><strong>nata,</strong></span> <span class='ocrx_word' id='word_1_262' title='bbox 347 2079 400 2128; x_wconf 90' lang='lat' dir='ltr'><strong>et</strong></span> <span class='ocrx_word' id='word_1_263' title='bbox 426 2074 588 2144; x_wconf 88' lang='lat' dir='ltr'><strong>ligna</strong></span> <span class='ocrx_word' id='word_1_264' title='bbox 616 2075 796 2140; x_wconf 57' lang='lat' dir='ltr'><strong>oliva’,</strong></span> <span class='ocrx_word' id='word_1_265' title='bbox 829 2091 959 2146; x_wconf 73' lang='lat' dir='ltr'><strong>quae</strong></span> <span class='ocrx_word' id='word_1_266' title='bbox 989 2093 1106 2130; x_wconf 91' lang='lat' dir='ltr'><strong>non</strong></span> <span class='ocrx_word' id='word_1_267' title='bbox 1145 2075 1389 2130; x_wconf 78' lang='lat' dir='ltr'><strong>afferent</strong></span> <span class='ocrx_word' id='word_1_268' title='bbox 1423 2076 1691 2141; x_wconf 85' lang='lat' dir='ltr'><strong>fructum,</strong></span> <span class='ocrx_word' id='word_1_269' title='bbox 1725 2095 1794 2130; x_wconf 79' lang='lat' dir='ltr'><strong>ex</strong></span> 
     </span>
    </p>
   </div>
   <div class='ocr_carea' id='block_1_37' title="bbox 192 2166 1796 2241">
    <p class='ocr_par' dir='ltr' id='par_1_37' title="bbox 192 2166 1796 2241">
     <span class='ocr_line' id='line_1_37' title="bbox 192 2166 1796 2241; baseline 0.003 -22"><span class='ocrx_word' id='word_1_270' title='bbox 192 2166 275 2220; x_wconf 89' lang='lat' dir='ltr'><strong>hac</strong></span> <span class='ocrx_word' id='word_1_271' title='bbox 309 2166 390 2221; x_wconf 90' lang='lat' dir='ltr'><strong>die</strong></span> <span class='ocrx_word' id='word_1_272' title='bbox 432 2167 772 2222; x_wconf 89' lang='lat' dir='ltr'><strong>benedicam</strong></span> <span class='ocrx_word' id='word_1_273' title='bbox 821 2170 1008 2238; x_wconf 85' lang='lat' dir='ltr'><strong>(Agg.,</strong></span> <span class='ocrx_word' id='word_1_274' title='bbox 1059 2187 1117 2236; x_wconf 88' lang='grc' dir='ltr'>ιι,</span> <span class='ocrx_word' id='word_1_275' title='bbox 1163 2170 1253 2239; x_wconf 90' lang='grc'><strong>20)</strong></span> <span class='ocrx_word' id='word_1_276' title='bbox 1305 2187 1318 2223; x_wconf 89' lang='lat'><strong>:</strong></span> <span class='ocrx_word' id='word_1_277' title='bbox 1363 2186 1475 2241; x_wconf 91' lang='lat' dir='ltr'><strong>quo</strong></span> <span class='ocrx_word' id='word_1_278' title='bbox 1521 2171 1796 2224; x_wconf 77' lang='lat' dir='ltr'><strong>reveletur</strong></span> 
     </span>
    </p>
   </div>
   <div class='ocr_carea' id='block_1_38' title="bbox 194 2260 1792 2333">
    <p class='ocr_par' dir='ltr' id='par_1_38' title="bbox 194 2260 1792 2333">
     <span class='ocr_line' id='line_1_38' title="bbox 194 2260 1792 2333; baseline 0.003 -21"><span class='ocrx_word' id='word_1_279' title='bbox 194 2260 276 2313; x_wconf 89' lang='lat' dir='ltr'><strong>sub</strong></span> <span class='ocrx_word' id='word_1_280' title='bbox 301 2260 477 2330; x_wconf 86' lang='lat' dir='ltr'><strong>ipsum</strong></span> <span class='ocrx_word' id='word_1_281' title='bbox 507 2263 651 2316; x_wconf 90' lang='lat' dir='ltr'><strong>anni</strong></span> <span class='ocrx_word' id='word_1_282' title='bbox 679 2264 965 2333; x_wconf 80' lang='lat' dir='ltr'><strong>vergentis</strong></span> <span class='ocrx_word' id='word_1_283' title='bbox 996 2279 1280 2330; x_wconf 90' lang='lat' dir='ltr'><strong>occasum,</strong></span> <span class='ocrx_word' id='word_1_284' title='bbox 1314 2263 1423 2318; x_wconf 89' lang='lat' dir='ltr'><strong>hoc</strong></span> <span class='ocrx_word' id='word_1_285' title='bbox 1460 2270 1564 2329; x_wconf 90' lang='lat' dir='ltr'><strong>est,</strong></span> <span class='ocrx_word' id='word_1_286' title='bbox 1602 2263 1792 2318; x_wconf 66' lang='lat' dir='ltr'><strong>saeculi</strong></span> 
     </span>
    </p>
   </div>
   <div class='ocr_carea' id='block_1_39' title="bbox 187 2353 1790 2428">
    <p class='ocr_par' dir='ltr' id='par_1_39' title="bbox 187 2353 1790 2428">
     <span class='ocr_line' id='line_1_39' title="bbox 187 2353 1790 2428; baseline 0.002 -22"><span class='ocrx_word' id='word_1_287' title='bbox 187 2353 287 2422; x_wconf 84' lang='lat' dir='ltr'><strong>jam</strong></span> <span class='ocrx_word' id='word_1_288' title='bbox 325 2357 666 2410; x_wconf 87' lang='lat' dir='ltr'><strong>senescentis</strong></span> <span class='ocrx_word' id='word_1_289' title='bbox 717 2357 986 2423; x_wconf 90' lang='lat' dir='ltr'><strong>occiduo,</strong></span> <span class='ocrx_word' id='word_1_290' title='bbox 1039 2363 1296 2411; x_wconf 89' lang='lat' dir='ltr'><strong>sanctum</strong></span> <span class='ocrx_word' id='word_1_291' title='bbox 1346 2358 1446 2411; x_wconf 90' lang='lat' dir='ltr'><strong>Dei</strong></span> <span class='ocrx_word' id='word_1_292' title='bbox 1494 2359 1790 2428; x_wconf 86' lang='lat' dir='ltr'><strong>templum,</strong></span> 
     </span>
    </p>
   </div>
   <div class='ocr_carea' id='block_1_40' title="bbox 192 2447 1796 2522">
    <p class='ocr_par' dir='ltr' id='par_1_40' title="bbox 192 2447 1796 2522">
     <span class='ocr_line' id='line_1_40' title="bbox 192 2447 1796 2522; baseline 0.004 -24"><span class='ocrx_word' id='word_1_293' title='bbox 192 2447 314 2516; x_wconf 89' lang='lat' dir='ltr'><strong>quod</strong></span> <span class='ocrx_word' id='word_1_294' title='bbox 355 2453 432 2502; x_wconf 90' lang='lat' dir='ltr'><strong>est</strong></span> <span class='ocrx_word' id='word_1_295' title='bbox 477 2449 749 2516; x_wconf 86' lang='lat' dir='ltr'><strong>Ecclesia,</strong></span> <span class='ocrx_word' id='word_1_296' title='bbox 799 2467 921 2505; x_wconf 90' lang='lat' dir='ltr'><strong>esse</strong></span> <span class='ocrx_word' id='word_1_297' title='bbox 967 2451 1348 2517; x_wconf 88' lang='lat' dir='ltr'><strong>condendum,</strong></span> <span class='ocrx_word' id='word_1_298' title='bbox 1401 2452 1560 2522; x_wconf 89' lang='lat' dir='ltr'><strong>cujus</strong></span> <span class='ocrx_word' id='word_1_299' title='bbox 1613 2451 1796 2520; x_wconf 88' lang='lat' dir='ltr'><strong>gratia</strong></span> 
     </span>
    </p>
   </div>
   <div class='ocr_carea' id='block_1_41' title="bbox 189 2543 1794 2616">
    <p class='ocr_par' dir='ltr' id='par_1_41' title="bbox 189 2543 1794 2616">
     <span class='ocr_line' id='line_1_41' title="bbox 189 2543 1794 2616; baseline 0.003 -22"><span class='ocrx_word' id='word_1_300' title='bbox 189 2555 270 2609; x_wconf 87' lang='lat' dir='ltr'><strong>per</strong></span> <span class='ocrx_word' id='word_1_301' title='bbox 287 2543 780 2598; x_wconf 83' lang='lat' dir='ltr'><strong>sanctiﬁcationem</strong></span> <span class='ocrx_word' id='word_1_302' title='bbox 799 2545 1007 2598; x_wconf 87' lang='lat' dir='ltr'><strong>lavacri</strong></span> <span class='ocrx_word' id='word_1_303' title='bbox 1025 2544 1352 2599; x_wconf 73' lang='lat' dir='ltr'><strong>Judzeorum</strong></span> <span class='ocrx_word' id='word_1_304' title='bbox 1377 2545 1794 2616; x_wconf 86' lang='lat' dir='ltr'><strong>nationumque</strong></span> 
     </span>
    </p>
   </div>
   <div class='ocr_carea' id='block_1_42' title="bbox 190 2635 1793 2709">
    <p class='ocr_par' dir='ltr' id='par_1_42' title="bbox 190 2635 1793 2709">
     <span class='ocr_line' id='line_1_42' title="bbox 190 2635 1793 2709; baseline 0.004 -22"><span class='ocrx_word' id='word_1_305' title='bbox 190 2635 352 2704; x_wconf 88' lang='lat' dir='ltr'><strong>populi</strong></span> <span class='ocrx_word' id='word_1_306' title='bbox 405 2637 665 2692; x_wconf 89' lang='lat' dir='ltr'><strong>fructum</strong></span> <span class='ocrx_word' id='word_1_307' title='bbox 726 2654 958 2692; x_wconf 90' lang='lat' dir='ltr'><strong>suorum</strong></span> <span class='ocrx_word' id='word_1_308' title='bbox 1021 2637 1236 2709; x_wconf 89' lang='lat' dir='ltr'><strong>possint</strong></span> <span class='ocrx_word' id='word_1_309' title='bbox 1292 2639 1504 2693; x_wconf 85' lang='lat' dir='ltr'><strong>habere</strong></span> <span class='ocrx_word' id='word_1_310' title='bbox 1564 2639 1793 2694; x_wconf 86' lang='lat' dir='ltr'><strong>merito-</strong></span> 
     </span>
    </p>
   </div>
   <div class='ocr_carea' id='block_1_43' title="bbox 191 2741 312 2781">
    <p class='ocr_par' dir='ltr' id='par_1_43' title="bbox 191 2741 312 2781">
     <span class='ocr_line' id='line_1_43' title="bbox 191 2741 312 2781; baseline 0.017 -2"><span class='ocrx_word' id='word_1_311' title='bbox 191 2741 312 2781; x_wconf 90' lang='lat' dir='ltr'><strong>rum.</strong></span> 
     </span>
    </p>
   </div>
   <div class='ocr_carea' id='block_1_44' title="bbox 248 2823 1796 2895">
    <p class='ocr_par' dir='ltr' id='par_1_44' title="bbox 248 2823 1796 2895">
     <span class='ocr_line' id='line_1_44' title="bbox 248 2823 1796 2895; baseline 0.003 -22"><span class='ocrx_word' id='word_1_312' title='bbox 248 2823 349 2875; x_wconf 79' lang='lat' dir='ltr'><strong>l70.</strong></span> <span class='ocrx_word' id='word_1_313' title='bbox 378 2824 521 2894; x_wconf 82' lang='lat' dir='ltr'><strong>Ergo</strong></span> <span class='ocrx_word' id='word_1_314' title='bbox 560 2839 663 2894; x_wconf 92' lang='lat' dir='ltr'><strong>per</strong></span> <span class='ocrx_word' id='word_1_315' title='bbox 694 2832 956 2878; x_wconf 88' lang='lat' dir='ltr'><strong>naturam</strong></span> <span class='ocrx_word' id='word_1_316' title='bbox 987 2824 1208 2880; x_wconf 89' lang='lat' dir='ltr'><strong>arboris</strong></span> <span class='ocrx_word' id='word_1_317' title='bbox 1234 2827 1555 2895; x_wconf 72' lang='lat' dir='ltr'><strong>Synagogue</strong></span> <span class='ocrx_word' id='word_1_318' title='bbox 1585 2825 1796 2895; x_wconf 90' lang='lat' dir='ltr'><strong>species</strong></span> 
     </span>
    </p>
   </div>
   <div class='ocr_carea' id='block_1_45' title="bbox 189 2914 1796 2989">
    <p class='ocr_par' dir='ltr' id='par_1_45' title="bbox 189 2914 1796 2989">
     <span class='ocr_line' id='line_1_45' title="bbox 189 2914 1796 2989; baseline 0.002 -21"><span class='ocrx_word' id='word_1_319' title='bbox 189 2914 466 2984; x_wconf 86' lang='lat' dir='ltr'><strong>iudicatur,</strong></span> <span class='ocrx_word' id='word_1_320' title='bbox 534 2917 805 2972; x_wconf 88' lang='lat' dir='ltr'><strong>secundis</strong></span> <span class='ocrx_word' id='word_1_321' title='bbox 870 2918 1243 2989; x_wconf 87' lang='lat' dir='ltr'><strong>proventibus</strong></span> <span class='ocrx_word' id='word_1_322' title='bbox 1305 2918 1627 2984; x_wconf 81' lang='lat' dir='ltr'><strong>fructuosa;</strong></span> <span class='ocrx_word' id='word_1_323' title='bbox 1693 2934 1796 2972; x_wconf 90' lang='lat' dir='ltr'><strong>nos</strong></span> 
     </span>
    </p>
   </div>
   <div class='ocr_carea' id='block_1_46' title="bbox 193 3008 1796 3082">
    <p class='ocr_par' dir='ltr' id='par_1_46' title="bbox 193 3008 1796 3082">
     <span class='ocr_line' id='line_1_46' title="bbox 193 3008 1796 3082; baseline 0.002 -22"><span class='ocrx_word' id='word_1_324' title='bbox 193 3008 316 3062; x_wconf 90' lang='lat' dir='ltr'><strong>enim</strong></span> <span class='ocrx_word' id='word_1_325' title='bbox 352 3027 418 3064; x_wconf 80' lang='lat' dir='ltr'><strong>ex</strong></span> <span class='ocrx_word' id='word_1_326' title='bbox 454 3019 694 3082; x_wconf 80' lang='lat' dir='ltr'><strong>patrum</strong></span> <span class='ocrx_word' id='word_1_327' title='bbox 737 3012 974 3066; x_wconf 89' lang='lat' dir='ltr'><strong>semine.</strong></span> <span class='ocrx_word' id='word_1_328' title='bbox 1013 3012 1329 3082; x_wconf 85' lang='lat' dir='ltr'><strong>Meritoque</strong></span> <span class='ocrx_word' id='word_1_329' title='bbox 1368 3011 1549 3066; x_wconf 75' lang='lat' dir='ltr'><strong>Judaei</strong></span> <span class='ocrx_word' id='word_1_330' title='bbox 1588 3011 1796 3082; x_wconf 88' lang='lat' dir='ltr'><strong>grossis</strong></span> 
     </span>
    </p>
   </div>
   <div class='ocr_carea' id='block_1_47' title="bbox 188 3098 1793 3176">
    <p class='ocr_par' dir='ltr' id='par_1_47' title="bbox 188 3098 1793 3176">
     <span class='ocr_line' id='line_1_47' title="bbox 188 3098 1793 3176; baseline 0.005 -24"><span class='ocrx_word' id='word_1_331' title='bbox 188 3098 469 3158; x_wconf 87' lang='lat' dir='ltr'><strong>labentibus</strong></span> <span class='ocrx_word' id='word_1_332' title='bbox 517 3109 971 3175; x_wconf 84' lang='lat' dir='ltr'><strong>comparantur,</strong></span> <span class='ocrx_word' id='word_1_333' title='bbox 1024 3106 1174 3176; x_wconf 92' lang='lat' dir='ltr'><strong>quod</strong></span> <span class='ocrx_word' id='word_1_334' title='bbox 1229 3106 1537 3160; x_wconf 87' lang='lat' dir='ltr'><strong>incrassato</strong></span> <span class='ocrx_word' id='word_1_335' title='bbox 1592 3105 1793 3173; x_wconf 90' lang='lat' dir='ltr'><strong>corde,</strong></span> 
     </span>
    </p>
   </div>
   <div class='ocr_carea' id='block_1_48' title="bbox 188 3197 1794 3270">
    <p class='ocr_par' dir='ltr' id='par_1_48' title="bbox 188 3197 1794 3270">
     <span class='ocr_line' id='line_1_48' title="bbox 188 3197 1794 3270; baseline 0.004 -24"><span class='ocrx_word' id='word_1_336' title='bbox 188 3198 231 3247; x_wconf 87' lang='lat' dir='ltr'><strong>et</strong></span> <span class='ocrx_word' id='word_1_337' title='bbox 255 3197 502 3266; x_wconf 64' lang='lat' dir='ltr'><strong>praedura</strong></span> <span class='ocrx_word' id='word_1_338' title='bbox 548 3199 772 3253; x_wconf 89' lang='lat' dir='ltr'><strong>cervice</strong></span> <span class='ocrx_word' id='word_1_339' title='bbox 809 3200 880 3253; x_wconf 91' lang='lat' dir='ltr'><strong>ad</strong></span> <span class='ocrx_word' id='word_1_340' title='bbox 919 3201 1336 3270; x_wconf 81' lang='lat' dir='ltr'><strong>perennitatem</strong></span> <span class='ocrx_word' id='word_1_341' title='bbox 1376 3199 1459 3253; x_wconf 90' lang='lat' dir='ltr'><strong>sui</strong></span> <span class='ocrx_word' id='word_1_342' title='bbox 1496 3198 1794 3270; x_wconf 88' lang='lat' dir='ltr'><strong>pervenire</strong></span> 
     </span>
    </p>
   </div>
   <div class='ocr_carea' id='block_1_49' title="bbox 188 3292 1792 3364">
    <p class='ocr_par' dir='ltr' id='par_1_49' title="bbox 188 3292 1792 3364">
     <span class='ocr_line' id='line_1_49' title="bbox 188 3292 1792 3364; baseline 0.002 -21"><span class='ocrx_word' id='word_1_343' title='bbox 188 3303 279 3342; x_wconf 87' lang='lat' dir='ltr'><strong>non</strong></span> <span class='ocrx_word' id='word_1_344' title='bbox 326 3297 585 3361; x_wconf 86' lang='lat' dir='ltr'><strong>possunt.</strong></span> <span class='ocrx_word' id='word_1_345' title='bbox 644 3292 752 3356; x_wconf 88' lang='lat' dir='ltr'><strong>Qui</strong></span> <span class='ocrx_word' id='word_1_346' title='bbox 810 3292 854 3346; x_wconf 90' lang='lat' dir='ltr'><strong>si</strong></span> <span class='ocrx_word' id='word_1_347' title='bbox 911 3294 1267 3361; x_wconf 87' lang='lat' dir='ltr'><strong>moriantur,</strong></span> <span class='ocrx_word' id='word_1_348' title='bbox 1319 3299 1374 3348; x_wconf 88' lang='lat' dir='ltr'><strong>et</strong></span> <span class='ocrx_word' id='word_1_349' title='bbox 1425 3293 1589 3364; x_wconf 88' lang='lat' dir='ltr'><strong>quasi</strong></span> <span class='ocrx_word' id='word_1_350' title='bbox 1639 3293 1792 3348; x_wconf 85' lang='lat' dir='ltr'><strong>deci-</strong></span> 
     </span>
    </p>
   </div>
   <div class='ocr_carea' id='block_1_50' title="bbox 185 3380 1795 3458">
    <p class='ocr_par' dir='ltr' id='par_1_50' title="bbox 185 3380 1795 3458">
     <span class='ocr_line' id='line_1_50' title="bbox 185 3380 1795 3458; baseline 0.004 -24"><span class='ocrx_word' id='word_1_351' title='bbox 185 3380 295 3436; x_wconf 85' lang='lat' dir='ltr'><strong>dant</strong></span> <span class='ocrx_word' id='word_1_352' title='bbox 327 3385 451 3440; x_wconf 85' lang='lat' dir='ltr'><strong>huic</strong></span> <span class='ocrx_word' id='word_1_353' title='bbox 493 3385 744 3453; x_wconf 85' lang='lat' dir='ltr'><strong>mundo,</strong></span> <span class='ocrx_word' id='word_1_354' title='bbox 785 3392 845 3441; x_wconf 90' lang='lat' dir='ltr'><strong>ut</strong></span> <span class='ocrx_word' id='word_1_355' title='bbox 884 3387 942 3440; x_wconf 91' lang='lat' dir='ltr'><strong>in</strong></span> <span class='ocrx_word' id='word_1_356' title='bbox 978 3386 1308 3442; x_wconf 88' lang='lat' dir='ltr'><strong>interiorem</strong></span> <span class='ocrx_word' id='word_1_357' title='bbox 1348 3387 1643 3441; x_wconf 88' lang='lat' dir='ltr'><strong>hominem</strong></span> <span class='ocrx_word' id='word_1_358' title='bbox 1692 3403 1795 3458; x_wconf 88' lang='lat' dir='ltr'><strong>per</strong></span> 
     </span>
    </p>
   </div>
   <div class='ocr_carea' id='block_1_51' title="bbox 187 3472 1795 3552">
    <p class='ocr_par' dir='ltr' id='par_1_51' title="bbox 187 3472 1795 3552">
     <span class='ocr_line' id='line_1_51' title="bbox 187 3472 1795 3552; baseline 0.006 -27"><span class='ocrx_word' id='word_1_359' title='bbox 187 3472 360 3530; x_wconf 85' lang='lat' dir='ltr'><strong>lavacri</strong></span> <span class='ocrx_word' id='word_1_360' title='bbox 412 3479 670 3548; x_wconf 81' lang='lat' dir='ltr'><strong>gratiam</strong></span> <span class='ocrx_word' id='word_1_361' title='bbox 726 3485 1116 3548; x_wconf 87' lang='lat' dir='ltr'><strong>renascantur,</strong></span> <span class='ocrx_word' id='word_1_362' title='bbox 1175 3484 1344 3534; x_wconf 89' lang='lat' dir='ltr'><strong>erunt</strong></span> <span class='ocrx_word' id='word_1_363' title='bbox 1396 3481 1595 3552; x_wconf 85' lang='lat' dir='ltr'><strong>utique</strong></span> <span class='ocrx_word' id='word_1_364' title='bbox 1649 3480 1795 3534; x_wconf 87' lang='lat' dir='ltr'><strong>fruc-</strong></span> 
     </span>
    </p>
   </div>
   <div class='ocr_carea' id='block_1_52' title="bbox 185 3570 1792 3646">
    <p class='ocr_par' dir='ltr' id='par_1_52' title="bbox 185 3570 1792 3646">
     <span class='ocr_line' id='line_1_52' title="bbox 185 3570 1792 3646; baseline 0.006 -27"><span class='ocrx_word' id='word_1_365' title='bbox 185 3570 321 3625; x_wconf 86' lang='lat' dir='ltr'><strong>tuosi.</strong></span> <span class='ocrx_word' id='word_1_366' title='bbox 359 3573 605 3628; x_wconf 82' lang='lat' dir='ltr'><strong>Perﬁdia</strong></span> <span class='ocrx_word' id='word_1_367' title='bbox 637 3577 830 3628; x_wconf 89' lang='lat' dir='ltr'><strong>autem</strong></span> <span class='ocrx_word' id='word_1_368' title='bbox 860 3573 1162 3628; x_wconf 88' lang='lat' dir='ltr'><strong>hominum</strong></span> <span class='ocrx_word' id='word_1_369' title='bbox 1199 3573 1572 3645; x_wconf 90' lang='lat' dir='ltr'><strong>pertinacium</strong></span> <span class='ocrx_word' id='word_1_370' title='bbox 1616 3574 1792 3646; x_wconf 86' lang='lat' dir='ltr'><strong>Syna-</strong></span> 
     </span>
    </p>
   </div>
   <div class='ocr_carea' id='block_1_53' title="bbox 187 3666 1797 3738">
    <p class='ocr_par' dir='ltr' id='par_1_53' title="bbox 187 3666 1797 3738">
     <span class='ocr_line' id='line_1_53' title="bbox 187 3666 1797 3738; baseline 0.004 -23"><span class='ocrx_word' id='word_1_371' title='bbox 187 3675 362 3733; x_wconf 80' lang='lat' dir='ltr'><strong>gogam</strong></span> <span class='ocrx_word' id='word_1_372' title='bbox 392 3666 668 3721; x_wconf 90' lang='lat' dir='ltr'><strong>inutilem</strong></span> <span class='ocrx_word' id='word_1_373' title='bbox 693 3667 857 3735; x_wconf 84' lang='lat' dir='ltr'><strong>fecit;</strong></span> <span class='ocrx_word' id='word_1_374' title='bbox 887 3672 944 3723; x_wconf 89' lang='lat' dir='ltr'><strong>et</strong></span> <span class='ocrx_word' id='word_1_375' title='bbox 974 3666 1104 3722; x_wconf 92' lang='lat' dir='ltr'><strong>ideo</strong></span> <span class='ocrx_word' id='word_1_376' title='bbox 1137 3668 1294 3738; x_wconf 86' lang='lat' dir='ltr'><strong>quasi</strong></span> <span class='ocrx_word' id='word_1_377' title='bbox 1326 3667 1530 3724; x_wconf 88' lang='lat' dir='ltr'><strong>sterilis</strong></span> <span class='ocrx_word' id='word_1_378' title='bbox 1559 3668 1797 3738; x_wconf 86' lang='lat' dir='ltr'><strong>jubetur</strong></span> 
     </span>
    </p>
   </div>
   <div class='ocr_carea' id='block_1_54' title="bbox 185 3757 358 3812">
    <p class='ocr_par' dir='ltr' id='par_1_54' title="bbox 185 3757 358 3812">
     <span class='ocr_line' id='line_1_54' title="bbox 185 3757 358 3812; baseline 0.035 -6"><span class='ocrx_word' id='word_1_379' title='bbox 185 3757 358 3812; x_wconf 83' lang='lat' dir='ltr'><strong>excidi.</strong></span> 
     </span>
    </p>
   </div>
   <div class='ocr_carea' id='block_1_55' title="bbox 246 3853 1790 3924">
    <p class='ocr_par' dir='ltr' id='par_1_55' title="bbox 246 3853 1790 3924">
     <span class='ocr_line' id='line_1_55' title="bbox 246 3853 1790 3924; baseline 0.004 -21"><span class='ocrx_word' id='word_1_380' title='bbox 246 3855 348 3906; x_wconf 75' lang='grc' dir='ltr'>ιιι.</span> <span class='ocrx_word' id='word_1_381' title='bbox 376 3853 544 3917; x_wconf 86' lang='lat' dir='ltr'><strong>Quod</strong></span> <span class='ocrx_word' id='word_1_382' title='bbox 579 3855 650 3908; x_wconf 90' lang='lat' dir='ltr'><strong>de</strong></span> <span class='ocrx_word' id='word_1_383' title='bbox 674 3855 882 3908; x_wconf 65' lang='lat' dir='ltr'><strong>iudicis</strong></span> <span class='ocrx_word' id='word_1_384' title='bbox 909 3854 1149 3924; x_wconf 91' lang='lat' dir='ltr'><strong>dictum,</strong></span> <span class='ocrx_word' id='word_1_385' title='bbox 1180 3855 1444 3910; x_wconf 90' lang='lat' dir='ltr'><strong>omnibus</strong></span> <span class='ocrx_word' id='word_1_386' title='bbox 1478 3855 1790 3910; x_wconf 90' lang='lat' dir='ltr'><strong>cavendum</strong></span> 
     </span>
    </p>
   </div>
   <div class='ocr_carea' id='block_1_56' title="bbox 183 3942 1794 4015">
    <p class='ocr_par' dir='ltr' id='par_1_56' title="bbox 183 3942 1794 4015">
     <span class='ocr_line' id='line_1_56' title="bbox 183 3942 1794 4015; baseline 0.006 -22"><span class='ocrx_word' id='word_1_387' title='bbox 183 3942 415 4015; x_wconf 84' lang='lat' dir='ltr'><strong>arbitror,</strong></span> <span class='ocrx_word' id='word_1_388' title='bbox 457 3951 516 4003; x_wconf 89' lang='lat' dir='ltr'><strong>et</strong></span> <span class='ocrx_word' id='word_1_389' title='bbox 553 3947 720 4002; x_wconf 89' lang='lat' dir='ltr'><strong>nobis</strong></span> <span class='ocrx_word' id='word_1_390' title='bbox 758 3949 1037 4015; x_wconf 83' lang='lat' dir='ltr'><strong>maxime;</strong></span> <span class='ocrx_word' id='word_1_391' title='bbox 1084 3965 1153 4002; x_wconf 90' lang='lat' dir='ltr'><strong>ne</strong></span> <span class='ocrx_word' id='word_1_392' title='bbox 1194 3949 1499 4004; x_wconf 87' lang='lat' dir='ltr'><strong>fecundum</strong></span> <span class='ocrx_word' id='word_1_393' title='bbox 1538 3948 1794 4003; x_wconf 73' lang='lat' dir='ltr'><strong>Ecclesia:</strong></span> 
     </span>
    </p>
   </div>
   <div class='ocr_carea' id='block_1_57' title="bbox 183 4033 1790 4114">
    <p class='ocr_par' dir='ltr' id='par_1_57' title="bbox 183 4033 1790 4114">
     <span class='ocr_line' id='line_1_57' title="bbox 183 4033 1790 4114; baseline 0.006 -26"><span class='ocrx_word' id='word_1_394' title='bbox 183 4033 340 4093; x_wconf 87' lang='lat' dir='ltr'><strong>locum</strong></span> <span class='ocrx_word' id='word_1_395' title='bbox 383 4042 556 4096; x_wconf 86' lang='lat' dir='ltr'><strong>vacui</strong></span> <span class='ocrx_word' id='word_1_396' title='bbox 596 4042 815 4096; x_wconf 90' lang='lat' dir='ltr'><strong>meritis</strong></span> <span class='ocrx_word' id='word_1_397' title='bbox 854 4059 1228 4113; x_wconf 89' lang='lat' dir='ltr'><strong>occupemus;</strong></span> <span class='ocrx_word' id='word_1_398' title='bbox 1271 4043 1368 4114; x_wconf 92' lang='lat' dir='ltr'><strong>qui</strong></span> <span class='ocrx_word' id='word_1_399' title='bbox 1410 4043 1568 4114; x_wconf 88' lang='lat' dir='ltr'><strong>quasi</strong></span> <span class='ocrx_word' id='word_1_400' title='bbox 1612 4043 1790 4097; x_wconf 88' lang='lat' dir='ltr'><strong>malo-</strong></span> 
     </span>
    </p>
   </div>
   <div class='ocr_carea' id='block_1_58' title="bbox 182 4134 1791 4205">
    <p class='ocr_par' dir='ltr' id='par_1_58' title="bbox 182 4134 1791 4205">
     <span class='ocr_line' id='line_1_58' title="bbox 182 4134 1791 4205; baseline 0.006 -23"><span class='ocrx_word' id='word_1_401' title='bbox 182 4139 387 4198; x_wconf 80' lang='lat' dir='ltr'><strong>granata</strong></span> <span class='ocrx_word' id='word_1_402' title='bbox 415 4134 736 4205; x_wconf 89' lang='lat' dir='ltr'><strong>benedicti,</strong></span> <span class='ocrx_word' id='word_1_403' title='bbox 773 4135 988 4190; x_wconf 84' lang='lat' dir='ltr'><strong>fructus</strong></span> <span class='ocrx_word' id='word_1_404' title='bbox 1019 4136 1168 4190; x_wconf 91' lang='lat' dir='ltr'><strong>ferre</strong></span> <span class='ocrx_word' id='word_1_405' title='bbox 1201 4136 1476 4191; x_wconf 86' lang='lat' dir='ltr'><strong>debemus</strong></span> <span class='ocrx_word' id='word_1_406' title='bbox 1514 4137 1791 4204; x_wconf 87' lang='lat' dir='ltr'><strong>internus,</strong></span> 
     </span>
    </p>
   </div>
   <div class='ocr_carea' id='block_1_59' title="bbox 181 4219 1795 4300">
    <p class='ocr_par' dir='ltr' id='par_1_59' title="bbox 181 4219 1795 4300">
     <span class='ocr_line' id='line_1_59' title="bbox 181 4219 1795 4300; baseline 0.007 -27"><span class='ocrx_word' id='word_1_407' title='bbox 181 4219 366 4280; x_wconf 73' lang='lat' dir='ltr'><strong>fructus</strong></span> <span class='ocrx_word' id='word_1_408' title='bbox 431 4228 709 4299; x_wconf 90' lang='lat' dir='ltr'><strong>pudoris,</strong></span> <span class='ocrx_word' id='word_1_409' title='bbox 777 4229 992 4283; x_wconf 89' lang='lat' dir='ltr'><strong>fructus</strong></span> <span class='ocrx_word' id='word_1_410' title='bbox 1056 4230 1511 4300; x_wconf 85' lang='lat' dir='ltr'><strong>conjunctionis,</strong></span> <span class='ocrx_word' id='word_1_411' title='bbox 1579 4230 1795 4284; x_wconf 86' lang='lat' dir='ltr'><strong>fructus</strong></span> 
     </span>
    </p>
   </div>
   <div class='ocr_carea' id='block_1_60' title="bbox 182 4322 1796 4392">
    <p class='ocr_par' dir='ltr' id='par_1_60' title="bbox 182 4322 1796 4392">
     <span class='ocr_line' id='line_1_60' title="bbox 182 4322 1796 4392; baseline 0.006 -22"><span class='ocrx_word' id='word_1_412' title='bbox 182 4323 368 4374; x_wconf 78' lang='lat' dir='ltr'><strong>mutuae</strong></span> <span class='ocrx_word' id='word_1_413' title='bbox 399 4322 698 4376; x_wconf 87' lang='lat' dir='ltr'><strong>charitatis</strong></span> <span class='ocrx_word' id='word_1_414' title='bbox 737 4328 795 4377; x_wconf 88' lang='lat' dir='ltr'><strong>et</strong></span> <span class='ocrx_word' id='word_1_415' title='bbox 831 4323 1063 4392; x_wconf 89' lang='lat' dir='ltr'><strong>amoris,</strong></span> <span class='ocrx_word' id='word_1_416' title='bbox 1103 4324 1206 4378; x_wconf 92' lang='lat' dir='ltr'><strong>sub</strong></span> <span class='ocrx_word' id='word_1_417' title='bbox 1243 4340 1361 4379; x_wconf 90' lang='lat' dir='ltr'><strong>uno</strong></span> <span class='ocrx_word' id='word_1_418' title='bbox 1409 4329 1570 4379; x_wconf 90' lang='lat' dir='ltr'><strong>utero</strong></span> <span class='ocrx_word' id='word_1_419' title='bbox 1615 4325 1796 4380; x_wconf 86' lang='lat' dir='ltr'><strong>Eccle-</strong></span> 
     </span>
    </p>
   </div>
   <div class='ocr_carea' id='block_1_61' title="bbox 186 4409 1794 4490">
    <p class='ocr_par' dir='ltr' id='par_1_61' title="bbox 186 4409 1794 4490">
     <span class='ocr_line' id='line_1_61' title="bbox 186 4409 1794 4490; baseline 0.005 -26"><span class='ocrx_word' id='word_1_420' title='bbox 186 4409 260 4464; x_wconf 68' lang='lat' dir='ltr'><strong>siae</strong></span> <span class='ocrx_word' id='word_1_421' title='bbox 308 4417 505 4470; x_wconf 89' lang='lat' dir='ltr'><strong>matris</strong></span> <span class='ocrx_word' id='word_1_422' title='bbox 558 4416 788 4482; x_wconf 88' lang='lat' dir='ltr'><strong>inclusi;</strong></span> <span class='ocrx_word' id='word_1_423' title='bbox 846 4434 916 4472; x_wconf 92' lang='lat' dir='ltr'><strong>ne</strong></span> <span class='ocrx_word' id='word_1_424' title='bbox 969 4433 1110 4472; x_wconf 88' lang='lat' dir='ltr'><strong>aura</strong></span> <span class='ocrx_word' id='word_1_425' title='bbox 1164 4421 1395 4486; x_wconf 89' lang='lat' dir='ltr'><strong>noceat,</strong></span> <span class='ocrx_word' id='word_1_426' title='bbox 1449 4435 1522 4472; x_wconf 91' lang='lat' dir='ltr'><strong>ne</strong></span> <span class='ocrx_word' id='word_1_427' title='bbox 1579 4417 1794 4490; x_wconf 82' lang='lat' dir='ltr'><strong>grando</strong></span> 
     </span>
    </p>
   </div>
   <div class='ocr_carea' id='block_1_62' title="bbox 1894 1888 3521 1960">
    <p class='ocr_par' dir='ltr' id='par_1_62' title="bbox 1894 1888 3521 1960">
     <span class='ocr_line' id='line_1_62' title="bbox 1894 1888 3521 1960; baseline 0 -18"><span class='ocrx_word' id='word_1_428' title='bbox 1894 1889 2065 1942; x_wconf 86' lang='lat' dir='ltr'><strong>cavit!</strong></span> <span class='ocrx_word' id='word_1_429' title='bbox 2111 1889 2197 1942; x_wconf 80' lang='lat' dir='ltr'><strong>Ad</strong></span> <span class='ocrx_word' id='word_1_430' title='bbox 2239 1889 2420 1959; x_wconf 89' lang='lat' dir='ltr'><strong>ipsam</strong></span> <span class='ocrx_word' id='word_1_431' title='bbox 2465 1890 2658 1960; x_wconf 86' lang='lat' dir='ltr'><strong>utique</strong></span> <span class='ocrx_word' id='word_1_432' title='bbox 2701 1888 2965 1944; x_wconf 90' lang='lat' dir='ltr'><strong>arborem</strong></span> <span class='ocrx_word' id='word_1_433' title='bbox 3005 1888 3225 1942; x_wconf 87' lang='lat' dir='ltr'><strong>venisse</strong></span> <span class='ocrx_word' id='word_1_434' title='bbox 3263 1905 3322 1942; x_wconf 92' lang='lat' dir='ltr'><strong>se</strong></span> <span class='ocrx_word' id='word_1_435' title='bbox 3356 1903 3521 1942; x_wconf 88' lang='lat' dir='ltr'><strong>mon-</strong></span> 
     </span>
    </p>
   </div>
   <div class='ocr_carea' id='block_1_63' title="bbox 1895 1981 3532 2053">
    <p class='ocr_par' dir='ltr' id='par_1_63' title="bbox 1895 1981 3532 2053">
     <span class='ocr_line' id='line_1_63' title="bbox 1895 1981 3532 2053; baseline 0.001 -18"><span class='ocrx_word' id='word_1_436' title='bbox 1895 1984 2056 2050; x_wconf 91' lang='lat' dir='ltr'><strong>strat,</strong></span> <span class='ocrx_word' id='word_1_437' title='bbox 2110 1982 2206 2052; x_wconf 90' lang='lat' dir='ltr'><strong>qui</strong></span> <span class='ocrx_word' id='word_1_438' title='bbox 2247 1983 2302 2036; x_wconf 87' lang='lat' dir='ltr'><strong>in</strong></span> <span class='ocrx_word' id='word_1_439' title='bbox 2347 1983 2548 2036; x_wconf 87' lang='lat' dir='ltr'><strong>eadem</strong></span> <span class='ocrx_word' id='word_1_440' title='bbox 2593 1981 2956 2052; x_wconf 62' lang='lat' dir='ltr'><strong>praedicabat.</strong></span> <span class='ocrx_word' id='word_1_441' title='bbox 2998 1982 3250 2053; x_wconf 88' lang='lat' dir='ltr'><strong>Denique</strong></span> <span class='ocrx_word' id='word_1_442' title='bbox 3295 1982 3354 2035; x_wconf 92' lang='lat' dir='ltr'><strong>in</strong></span> <span class='ocrx_word' id='word_1_443' title='bbox 3407 1997 3532 2036; x_wconf 85' lang='lat' dir='ltr'><strong>mu-</strong></span> 
     </span>
    </p>
   </div>
   <div class='ocr_carea' id='block_1_64' title="bbox 1895 2075 3527 2147">
    <p class='ocr_par' dir='ltr' id='par_1_64' title="bbox 1895 2075 3527 2147">
     <span class='ocr_line' id='line_1_64' title="bbox 1895 2075 3527 2147; baseline -0.001 -17"><span class='ocrx_word' id='word_1_444' title='bbox 1895 2077 2033 2130; x_wconf 88' lang='lat' dir='ltr'><strong>liere</strong></span> <span class='ocrx_word' id='word_1_445' title='bbox 2063 2075 2283 2130; x_wconf 89' lang='lat' dir='ltr'><strong>infirma</strong></span> <span class='ocrx_word' id='word_1_446' title='bbox 2315 2076 2472 2146; x_wconf 89' lang='lat' dir='ltr'><strong>quasi</strong></span> <span class='ocrx_word' id='word_1_447' title='bbox 2505 2076 2762 2130; x_wconf 61' lang='lat' dir='ltr'><strong>Ecclesiae</strong></span> <span class='ocrx_word' id='word_1_448' title='bbox 2788 2076 2972 2147; x_wconf 82' lang='lat' dir='ltr'><strong>ﬁgura</strong></span> <span class='ocrx_word' id='word_1_449' title='bbox 2998 2075 3247 2130; x_wconf 86' lang='lat' dir='ltr'><strong>succedit</strong></span> <span class='ocrx_word' id='word_1_450' title='bbox 3284 2075 3527 2144; x_wconf 60' lang='lat' dir='ltr'><strong>(Matth,</strong></span> 
     </span>
    </p>
   </div>
   <div class='ocr_carea' id='block_1_65' title="bbox 1895 2169 3531 2240">
    <p class='ocr_par' dir='ltr' id='par_1_65' title="bbox 1895 2169 3531 2240">
     <span class='ocr_line' id='line_1_65' title="bbox 1895 2169 3531 2240; baseline 0 -17"><span class='ocrx_word' id='word_1_451' title='bbox 1895 2186 1983 2236; x_wconf 85' lang='lat' dir='ltr'><strong>xv,</strong></span> <span class='ocrx_word' id='word_1_452' title='bbox 2011 2171 2120 2239; x_wconf 87' lang='grc'>22),</span> <span class='ocrx_word' id='word_1_453' title='bbox 2151 2185 2280 2240; x_wconf 64' lang='lat' dir='ltr'><strong>qum</strong></span> <span class='ocrx_word' id='word_1_454' title='bbox 2309 2186 2438 2223; x_wconf 90' lang='lat' dir='ltr'><strong>cum</strong></span> <span class='ocrx_word' id='word_1_455' title='bbox 2478 2185 2807 2224; x_wconf 90' lang='lat' dir='ltr'><strong>mensuram</strong></span> <span class='ocrx_word' id='word_1_456' title='bbox 2835 2170 2977 2240; x_wconf 84' lang='lat' dir='ltr'><strong>legis</strong></span> <span class='ocrx_word' id='word_1_457' title='bbox 3005 2174 3061 2224; x_wconf 92' lang='lat' dir='ltr'><strong>et</strong></span> <span class='ocrx_word' id='word_1_458' title='bbox 3098 2169 3531 2224; x_wconf 85' lang='lat' dir='ltr'><strong>resurrectionis</strong></span> 
     </span>
    </p>
   </div>
   <div class='ocr_carea' id='block_1_66' title="bbox 1872 2251 3530 2333">
    <p class='ocr_par' dir='ltr' id='par_1_66' title="bbox 1872 2251 3530 2333">
     <span class='ocr_line' id='line_1_66' title="bbox 1872 2251 3530 2333; baseline 0 -17"><span class='ocrx_word' id='word_1_459' title='bbox 1872 2251 2239 2333; x_wconf 82' lang='lat' dir='ltr'><strong>impleverit,</strong></span> <span class='ocrx_word' id='word_1_460' title='bbox 2261 2263 2317 2316; x_wconf 88' lang='lat' dir='ltr'><strong>in</strong></span> <span class='ocrx_word' id='word_1_461' title='bbox 2338 2263 2436 2317; x_wconf 91' lang='lat' dir='ltr'><strong>illa</strong></span> <span class='ocrx_word' id='word_1_462' title='bbox 2461 2262 2653 2333; x_wconf 90' lang='lat' dir='ltr'><strong>quiete</strong></span> <span class='ocrx_word' id='word_1_463' title='bbox 2679 2269 2954 2333; x_wconf 86' lang='lat' dir='ltr'><strong>perpetua</strong></span> <span class='ocrx_word' id='word_1_464' title='bbox 2981 2263 3040 2318; x_wconf 94' lang='lat' dir='ltr'><strong>in</strong></span> <span class='ocrx_word' id='word_1_465' title='bbox 3067 2263 3311 2318; x_wconf 87' lang='lat' dir='ltr'><strong>sublime</strong></span> <span class='ocrx_word' id='word_1_466' title='bbox 3342 2267 3530 2317; x_wconf 83' lang='lat' dir='ltr'><strong>erecta</strong></span> 
     </span>
    </p>
   </div>
   <div class='ocr_carea' id='block_1_67' title="bbox 1892 2356 3530 2427">
    <p class='ocr_par' dir='ltr' id='par_1_67' title="bbox 1892 2356 3530 2427">
     <span class='ocr_line' id='line_1_67' title="bbox 1892 2356 3530 2427; baseline 0.001 -17"><span class='ocrx_word' id='word_1_467' title='bbox 1892 2357 2206 2427; x_wconf 84' lang='lat' dir='ltr'><strong>fastigium,</strong></span> <span class='ocrx_word' id='word_1_468' title='bbox 2237 2356 2661 2410; x_wconf 90' lang='lat' dir='ltr'><strong>inclinationem</strong></span> <span class='ocrx_word' id='word_1_469' title='bbox 2691 2362 2899 2411; x_wconf 74' lang='lat' dir='ltr'><strong>nostrae</strong></span> <span class='ocrx_word' id='word_1_470' title='bbox 2937 2357 3283 2411; x_wconf 84' lang='lat' dir='ltr'><strong>infirmitatis</strong></span> <span class='ocrx_word' id='word_1_471' title='bbox 3323 2356 3530 2411; x_wconf 88' lang='lat' dir='ltr'><strong>sentire</strong></span> 
     </span>
    </p>
   </div>
   <div class='ocr_carea' id='block_1_68' title="bbox 1895 2450 3530 2520">
    <p class='ocr_par' dir='ltr' id='par_1_68' title="bbox 1895 2450 3530 2520">
     <span class='ocr_line' id='line_1_68' title="bbox 1895 2450 3530 2520; baseline 0 -16"><span class='ocrx_word' id='word_1_472' title='bbox 1895 2466 2011 2504; x_wconf 90' lang='lat' dir='ltr'><strong>non</strong></span> <span class='ocrx_word' id='word_1_473' title='bbox 2039 2451 2269 2520; x_wconf 88' lang='lat' dir='ltr'><strong>poterit.</strong></span> <span class='ocrx_word' id='word_1_474' title='bbox 2296 2451 2406 2504; x_wconf 81' lang='lat' dir='ltr'><strong>Nec</strong></span> <span class='ocrx_word' id='word_1_475' title='bbox 2433 2450 2600 2503; x_wconf 90' lang='lat' dir='ltr'><strong>aliter</strong></span> <span class='ocrx_word' id='word_1_476' title='bbox 2625 2451 2807 2504; x_wconf 89' lang='lat' dir='ltr'><strong>curari</strong></span> <span class='ocrx_word' id='word_1_477' title='bbox 2836 2450 3120 2520; x_wconf 90' lang='lat' dir='ltr'><strong>potuisset</strong></span> <span class='ocrx_word' id='word_1_478' title='bbox 3145 2451 3268 2503; x_wconf 61' lang='lat' dir='ltr'><strong>haec</strong></span> <span class='ocrx_word' id='word_1_479' title='bbox 3304 2450 3530 2515; x_wconf 90' lang='lat' dir='ltr'><strong>mulier,</strong></span> 
     </span>
    </p>
   </div>
   <div class='ocr_carea' id='block_1_69' title="bbox 1894 2542 3532 2614">
    <p class='ocr_par' dir='ltr' id='par_1_69' title="bbox 1894 2542 3532 2614">
     <span class='ocr_line' id='line_1_69' title="bbox 1894 2542 3532 2614; baseline -0.001 -17"><span class='ocrx_word' id='word_1_480' title='bbox 1894 2543 2002 2598; x_wconf 90' lang='lat' dir='ltr'><strong>nisi</strong></span> <span class='ocrx_word' id='word_1_481' title='bbox 2057 2543 2189 2614; x_wconf 92' lang='lat' dir='ltr'><strong>quia</strong></span> <span class='ocrx_word' id='word_1_482' title='bbox 2233 2544 2424 2613; x_wconf 84' lang='lat' dir='ltr'><strong>legem</strong></span> <span class='ocrx_word' id='word_1_483' title='bbox 2480 2543 2734 2613; x_wconf 88' lang='lat' dir='ltr'><strong>implevit</strong></span> <span class='ocrx_word' id='word_1_484' title='bbox 2779 2549 2837 2597; x_wconf 86' lang='lat' dir='ltr'><strong>et</strong></span> <span class='ocrx_word' id='word_1_485' title='bbox 2883 2544 3130 2614; x_wconf 88' lang='lat' dir='ltr'><strong>gratiam</strong></span> <span class='ocrx_word' id='word_1_486' title='bbox 3181 2560 3195 2597; x_wconf 90' lang='lat'>:</span> <span class='ocrx_word' id='word_1_487' title='bbox 3238 2543 3425 2612; x_wconf 87' lang='lat' dir='ltr'><strong>legem</strong></span> <span class='ocrx_word' id='word_1_488' title='bbox 3473 2542 3532 2596; x_wconf 91' lang='lat' dir='ltr'><strong>in</strong></span> 
     </span>
    </p>
   </div>
   <div class='ocr_carea' id='block_1_70' title="bbox 1895 2635 3532 2708">
    <p class='ocr_par' dir='ltr' id='par_1_70' title="bbox 1895 2635 3532 2708">
     <span class='ocr_line' id='line_1_70' title="bbox 1895 2635 3532 2708; baseline -0.001 -17"><span class='ocrx_word' id='word_1_489' title='bbox 1895 2637 2224 2708; x_wconf 69' lang='lat' dir='ltr'><strong>praeceptis,</strong></span> <span class='ocrx_word' id='word_1_490' title='bbox 2269 2636 2326 2690; x_wconf 93' lang='lat' dir='ltr'><strong>in</strong></span> <span class='ocrx_word' id='word_1_491' title='bbox 2369 2637 2589 2691; x_wconf 89' lang='lat' dir='ltr'><strong>lavacro</strong></span> <span class='ocrx_word' id='word_1_492' title='bbox 2631 2637 2911 2706; x_wconf 86' lang='lat' dir='ltr'><strong>gratiam,</strong></span> <span class='ocrx_word' id='word_1_493' title='bbox 2955 2653 3058 2708; x_wconf 90' lang='lat' dir='ltr'><strong>per</strong></span> <span class='ocrx_word' id='word_1_494' title='bbox 3099 2652 3277 2707; x_wconf 86' lang='lat' dir='ltr'><strong>quam</strong></span> <span class='ocrx_word' id='word_1_495' title='bbox 3317 2635 3532 2690; x_wconf 90' lang='lat' dir='ltr'><strong>mortui</strong></span> 
     </span>
    </p>
   </div>
   <div class='ocr_carea' id='block_1_71' title="bbox 1896 2729 3530 2800">
    <p class='ocr_par' dir='ltr' id='par_1_71' title="bbox 1896 2729 3530 2800">
     <span class='ocr_line' id='line_1_71' title="bbox 1896 2729 3530 2800; baseline -0.001 -16"><span class='ocrx_word' id='word_1_496' title='bbox 1896 2731 2102 2785; x_wconf 58' lang='lat' dir='ltr'><strong>saeculo</strong></span> <span class='ocrx_word' id='word_1_497' title='bbox 2145 2730 2499 2800; x_wconf 91' lang='lat' dir='ltr'><strong>resurgimus</strong></span> <span class='ocrx_word' id='word_1_498' title='bbox 2535 2730 2789 2796; x_wconf 89' lang='lat' dir='ltr'><strong>Christo;</strong></span> <span class='ocrx_word' id='word_1_499' title='bbox 2819 2745 2957 2784; x_wconf 89' lang='lat' dir='ltr'><strong>nam</strong></span> <span class='ocrx_word' id='word_1_500' title='bbox 2992 2730 3050 2784; x_wconf 91' lang='lat' dir='ltr'><strong>in</strong></span> <span class='ocrx_word' id='word_1_501' title='bbox 3086 2730 3282 2784; x_wconf 90' lang='lat' dir='ltr'><strong>decem</strong></span> <span class='ocrx_word' id='word_1_502' title='bbox 3323 2729 3530 2795; x_wconf 88' lang='lat' dir='ltr'><strong>verbis,</strong></span> 
     </span>
    </p>
   </div>
   <div class='ocr_carea' id='block_1_72' title="bbox 1895 2823 3534 2895">
    <p class='ocr_par' dir='ltr' id='par_1_72' title="bbox 1895 2823 3534 2895">
     <span class='ocr_line' id='line_1_72' title="bbox 1895 2823 3534 2895; baseline -0.001 -17"><span class='ocrx_word' id='word_1_503' title='bbox 1895 2825 2039 2895; x_wconf 91' lang='lat' dir='ltr'><strong>legis</strong></span> <span class='ocrx_word' id='word_1_504' title='bbox 2083 2823 2356 2894; x_wconf 86' lang='lat' dir='ltr'><strong>perfectio</strong></span> <span class='ocrx_word' id='word_1_505' title='bbox 2401 2829 2479 2877; x_wconf 90' lang='lat' dir='ltr'><strong>est</strong></span> <span class='ocrx_word' id='word_1_506' title='bbox 2535 2840 2546 2877; x_wconf 94' lang='lat'><strong>:</strong></span> <span class='ocrx_word' id='word_1_507' title='bbox 2595 2824 2654 2877; x_wconf 91' lang='lat' dir='ltr'><strong>in</strong></span> <span class='ocrx_word' id='word_1_508' title='bbox 2699 2828 2890 2877; x_wconf 89' lang='lat' dir='ltr'><strong>octavo</strong></span> <span class='ocrx_word' id='word_1_509' title='bbox 2932 2839 3206 2890; x_wconf 89' lang='lat' dir='ltr'><strong>numero,</strong></span> <span class='ocrx_word' id='word_1_510' title='bbox 3254 2838 3534 2877; x_wconf 87' lang='lat' dir='ltr'><strong>resurrec-</strong></span> 
     </span>
    </p>
   </div>
   <div class='ocr_carea' id='block_1_73' title="bbox 1895 2915 3531 2988">
    <p class='ocr_par' dir='ltr' id='par_1_73' title="bbox 1895 2915 3531 2988">
     <span class='ocr_line' id='line_1_73' title="bbox 1895 2915 3531 2988; baseline -0.001 -18"><span class='ocrx_word' id='word_1_511' title='bbox 1895 2918 2072 2972; x_wconf 88' lang='lat' dir='ltr'><strong>tionis</strong></span> <span class='ocrx_word' id='word_1_512' title='bbox 2125 2922 2212 2972; x_wconf 89' lang='lat' dir='ltr'><strong>est</strong></span> <span class='ocrx_word' id='word_1_513' title='bbox 2257 2917 2579 2988; x_wconf 89' lang='lat' dir='ltr'><strong>plenitudo.</strong></span> <span class='ocrx_word' id='word_1_514' title='bbox 2632 2917 2785 2987; x_wconf 90' lang='lat' dir='ltr'><strong>Opus</strong></span> <span class='ocrx_word' id='word_1_515' title='bbox 2831 2932 2970 2987; x_wconf 89' lang='lat' dir='ltr'><strong>ergo</strong></span> <span class='ocrx_word' id='word_1_516' title='bbox 3019 2915 3248 2971; x_wconf 88' lang='lat' dir='ltr'><strong>Sabbati</strong></span> <span class='ocrx_word' id='word_1_517' title='bbox 3297 2915 3531 2988; x_wconf 89' lang='lat' dir='ltr'><strong>signum</strong></span> 
     </span>
    </p>
   </div>
   <div class='ocr_carea' id='block_1_74' title="bbox 1896 3009 3532 3082">
    <p class='ocr_par' dir='ltr' id='par_1_74' title="bbox 1896 3009 3532 3082">
     <span class='ocr_line' id='line_1_74' title="bbox 1896 3009 3532 3082; baseline -0.001 -17"><span class='ocrx_word' id='word_1_518' title='bbox 1896 3011 2074 3065; x_wconf 84' lang='lat' dir='ltr'><strong>futuri</strong></span> <span class='ocrx_word' id='word_1_519' title='bbox 2123 3017 2228 3077; x_wconf 88' lang='lat' dir='ltr'><strong>est,</strong></span> <span class='ocrx_word' id='word_1_520' title='bbox 2277 3011 2426 3082; x_wconf 90' lang='lat' dir='ltr'><strong>quod</strong></span> <span class='ocrx_word' id='word_1_521' title='bbox 2473 3010 2865 3081; x_wconf 88' lang='lat' dir='ltr'><strong>unusquisque</strong></span> <span class='ocrx_word' id='word_1_522' title='bbox 2917 3010 3043 3081; x_wconf 87' lang='lat' dir='ltr'><strong>lege</strong></span> <span class='ocrx_word' id='word_1_523' title='bbox 3091 3009 3430 3080; x_wconf 87' lang='lat' dir='ltr'><strong>perfunctus</strong></span> <span class='ocrx_word' id='word_1_524' title='bbox 3473 3011 3532 3064; x_wconf 89' lang='lat' dir='ltr'><strong>et</strong></span> 
     </span>
    </p>
   </div>
   <div class='ocr_carea' id='block_1_75' title="bbox 1899 3102 3526 3176">
    <p class='ocr_par' dir='ltr' id='par_1_75' title="bbox 1899 3102 3526 3176">
     <span class='ocr_line' id='line_1_75' title="bbox 1899 3102 3526 3176; baseline -0.001 -17"><span class='ocrx_word' id='word_1_525' title='bbox 1899 3104 2099 3176; x_wconf 89' lang='lat' dir='ltr'><strong>gratia,</strong></span> <span class='ocrx_word' id='word_1_526' title='bbox 2129 3121 2228 3175; x_wconf 90' lang='lat' dir='ltr'><strong>per</strong></span> <span class='ocrx_word' id='word_1_527' title='bbox 2255 3103 2704 3158; x_wconf 87' lang='lat' dir='ltr'><strong>misericordiam</strong></span> <span class='ocrx_word' id='word_1_528' title='bbox 2733 3103 2942 3160; x_wconf 88' lang='lat' dir='ltr'><strong>Christi</strong></span> <span class='ocrx_word' id='word_1_529' title='bbox 2980 3119 3272 3173; x_wconf 68' lang='lat' dir='ltr'><strong>corporea:</strong></span> <span class='ocrx_word' id='word_1_530' title='bbox 3309 3102 3526 3173; x_wconf 82' lang='lat' dir='ltr'><strong>fragili-</strong></span> 
     </span>
    </p>
   </div>
   <div class='ocr_carea' id='block_1_76' title="bbox 1896 3197 3532 3268">
    <p class='ocr_par' dir='ltr' id='par_1_76' title="bbox 1896 3197 3532 3268">
     <span class='ocr_line' id='line_1_76' title="bbox 1896 3197 3532 3268; baseline -0.001 -16"><span class='ocrx_word' id='word_1_531' title='bbox 1896 3198 2027 3253; x_wconf 89' lang='lat' dir='ltr'><strong>tatis</strong></span> <span class='ocrx_word' id='word_1_532' title='bbox 2068 3198 2339 3252; x_wconf 87' lang='lat' dir='ltr'><strong>molestiis</strong></span> <span class='ocrx_word' id='word_1_533' title='bbox 2382 3203 2640 3252; x_wconf 72' lang='lat' dir='ltr'><strong>eruetur.</strong></span> <span class='ocrx_word' id='word_1_534' title='bbox 2688 3198 2757 3252; x_wconf 92' lang='lat' dir='ltr'><strong>Et</strong></span> <span class='ocrx_word' id='word_1_535' title='bbox 2795 3197 2921 3251; x_wconf 91' lang='lat' dir='ltr'><strong>ideo</strong></span> <span class='ocrx_word' id='word_1_536' title='bbox 2961 3197 3021 3250; x_wconf 91' lang='lat' dir='ltr'><strong>in</strong></span> <span class='ocrx_word' id='word_1_537' title='bbox 3061 3197 3225 3268; x_wconf 87' lang='lat' dir='ltr'><strong>signo</strong></span> <span class='ocrx_word' id='word_1_538' title='bbox 3267 3203 3396 3251; x_wconf 88' lang='lat' dir='ltr'><strong>ante</strong></span> <span class='ocrx_word' id='word_1_539' title='bbox 3427 3212 3532 3266; x_wconf 90' lang='lat' dir='ltr'><strong>per</strong></span> 
     </span>
    </p>
   </div>
   <div class='ocr_carea' id='block_1_77' title="bbox 1894 3291 3527 3364">
    <p class='ocr_par' dir='ltr' id='par_1_77' title="bbox 1894 3291 3527 3364">
     <span class='ocr_line' id='line_1_77' title="bbox 1894 3291 3527 3364; baseline -0.002 -17"><span class='ocrx_word' id='word_1_540' title='bbox 1894 3293 2123 3364; x_wconf 81' lang='lat' dir='ltr'><strong>Moysen</strong></span> <span class='ocrx_word' id='word_1_541' title='bbox 2154 3293 2450 3363; x_wconf 71' lang='lat' dir='ltr'><strong>praemissa</strong></span> <span class='ocrx_word' id='word_1_542' title='bbox 2487 3294 2572 3346; x_wconf 90' lang='lat' dir='ltr'><strong>est</strong></span> <span class='ocrx_word' id='word_1_543' title='bbox 2608 3291 2976 3346; x_wconf 83' lang='lat' dir='ltr'><strong>sanctificatio</strong></span> <span class='ocrx_word' id='word_1_544' title='bbox 3015 3291 3234 3362; x_wconf 72' lang='lat' dir='ltr'><strong>(Emod.,</strong></span> <span class='ocrx_word' id='word_1_545' title='bbox 3263 3305 3373 3358; x_wconf 74' lang='grc' dir='ltr'>ιιι,</span> <span class='ocrx_word' id='word_1_546' title='bbox 3418 3291 3527 3361; x_wconf 87' lang='lat' dir='ltr'><strong>l0),</strong></span> 
     </span>
    </p>
   </div>
   <div class='ocr_carea' id='block_1_78' title="bbox 1898 3383 3531 3452">
    <p class='ocr_par' dir='ltr' id='par_1_78' title="bbox 1898 3383 3531 3452">
     <span class='ocr_line' id='line_1_78' title="bbox 1898 3383 3531 3452; baseline -0.001 -11"><span class='ocrx_word' id='word_1_547' title='bbox 1898 3392 1958 3441; x_wconf 91' lang='lat' dir='ltr'><strong>ut</strong></span> <span class='ocrx_word' id='word_1_548' title='bbox 1981 3392 2126 3441; x_wconf 90' lang='lat' dir='ltr'><strong>esset</strong></span> <span class='ocrx_word' id='word_1_549' title='bbox 2153 3386 2487 3441; x_wconf 85' lang='lat' dir='ltr'><strong>exercitium</strong></span> <span class='ocrx_word' id='word_1_550' title='bbox 2515 3385 2724 3440; x_wconf 74' lang='lat' dir='ltr'><strong>futurae</strong></span> <span class='ocrx_word' id='word_1_551' title='bbox 2749 3384 3233 3452; x_wconf 86' lang='lat' dir='ltr'><strong>sanctificationis,</strong></span> <span class='ocrx_word' id='word_1_552' title='bbox 3259 3389 3317 3438; x_wconf 87' lang='lat' dir='ltr'><strong>et</strong></span> <span class='ocrx_word' id='word_1_553' title='bbox 3342 3383 3531 3439; x_wconf 81' lang='lat' dir='ltr'><strong>obser-</strong></span> 
     </span>
    </p>
   </div>
   <div class='ocr_carea' id='block_1_79' title="bbox 1895 3478 3528 3551">
    <p class='ocr_par' dir='ltr' id='par_1_79' title="bbox 1895 3478 3528 3551">
     <span class='ocr_line' id='line_1_79' title="bbox 1895 3478 3528 3551; baseline -0.001 -17"><span class='ocrx_word' id='word_1_554' title='bbox 1895 3481 2098 3535; x_wconf 69' lang='lat' dir='ltr'><strong>vantiaa</strong></span> <span class='ocrx_word' id='word_1_555' title='bbox 2148 3479 2489 3551; x_wconf 90' lang='lat' dir='ltr'><strong>spiritualis,</strong></span> <span class='ocrx_word' id='word_1_556' title='bbox 2535 3496 2567 3532; x_wconf 91' lang='lat' dir='ltr'><strong>a</strong></span> <span class='ocrx_word' id='word_1_557' title='bbox 2621 3478 2986 3533; x_wconf 75' lang='lat' dir='ltr'><strong>saecularibus</strong></span> <span class='ocrx_word' id='word_1_558' title='bbox 3035 3478 3300 3549; x_wconf 87' lang='lat' dir='ltr'><strong>operibus</strong></span> <span class='ocrx_word' id='word_1_559' title='bbox 3350 3479 3528 3532; x_wconf 87' lang='lat' dir='ltr'><strong>absti-</strong></span> 
     </span>
    </p>
   </div>
   <div class='ocr_carea' id='block_1_80' title="bbox 1894 3571 3530 3644">
    <p class='ocr_par' dir='ltr' id='par_1_80' title="bbox 1894 3571 3530 3644">
     <span class='ocr_line' id='line_1_80' title="bbox 1894 3571 3530 3644; baseline -0.002 -14"><span class='ocrx_word' id='word_1_560' title='bbox 1894 3573 2101 3630; x_wconf 90' lang='lat' dir='ltr'><strong>nendo.</strong></span> <span class='ocrx_word' id='word_1_561' title='bbox 2147 3572 2404 3644; x_wconf 87' lang='lat' dir='ltr'><strong>Denique</strong></span> <span class='ocrx_word' id='word_1_562' title='bbox 2448 3577 2502 3626; x_wconf 90' lang='lat' dir='ltr'><strong>et</strong></span> <span class='ocrx_word' id='word_1_563' title='bbox 2553 3574 2698 3628; x_wconf 86' lang='lat' dir='ltr'><strong>Deus</strong></span> <span class='ocrx_word' id='word_1_564' title='bbox 2746 3572 2817 3626; x_wconf 90' lang='lat' dir='ltr'><strong>ab</strong></span> <span class='ocrx_word' id='word_1_565' title='bbox 2863 3571 3129 3642; x_wconf 89' lang='lat' dir='ltr'><strong>operibus</strong></span> <span class='ocrx_word' id='word_1_566' title='bbox 3176 3573 3284 3640; x_wconf 83' lang='lat' dir='ltr'><strong>(t5)</strong></span> <span class='ocrx_word' id='word_1_567' title='bbox 3328 3571 3530 3627; x_wconf 87' lang='lat' dir='ltr'><strong>mundi</strong></span> 
     </span>
    </p>
   </div>
   <div class='ocr_carea' id='block_1_81' title="bbox 1896 3663 3526 3739">
    <p class='ocr_par' dir='ltr' id='par_1_81' title="bbox 1896 3663 3526 3739">
     <span class='ocr_line' id='line_1_81' title="bbox 1896 3663 3526 3739; baseline -0.001 -18"><span class='ocrx_word' id='word_1_568' title='bbox 1896 3667 2109 3739; x_wconf 89' lang='lat' dir='ltr'><strong>quievit</strong></span> <span class='ocrx_word' id='word_1_569' title='bbox 2163 3668 2334 3736; x_wconf 67' lang='lat' dir='ltr'><strong>(Gem,</strong></span> <span class='ocrx_word' id='word_1_570' title='bbox 2383 3682 2444 3736; x_wconf 90' lang='grc' dir='ltr'><strong>ιι,</strong></span> <span class='ocrx_word' id='word_1_571' title='bbox 2494 3667 2571 3735; x_wconf 85' lang='grc'><strong>2),</strong></span> <span class='ocrx_word' id='word_1_572' title='bbox 2621 3665 2722 3719; x_wconf 89' lang='lat' dir='ltr'><strong>sed</strong></span> <span class='ocrx_word' id='word_1_573' title='bbox 2770 3681 2887 3720; x_wconf 91' lang='lat' dir='ltr'><strong>non</strong></span> <span class='ocrx_word' id='word_1_574' title='bbox 2937 3664 3006 3718; x_wconf 92' lang='lat' dir='ltr'><strong>ab</strong></span> <span class='ocrx_word' id='word_1_575' title='bbox 3051 3663 3320 3736; x_wconf 85' lang='lat' dir='ltr'><strong>operibus</strong></span> <span class='ocrx_word' id='word_1_576' title='bbox 3364 3666 3526 3736; x_wconf 86' lang='lat' dir='ltr'><strong>cujus</strong></span> 
     </span>
    </p>
   </div>
   <div class='ocr_carea' id='block_1_82' title="bbox 1895 3757 3524 3832">
    <p class='ocr_par' dir='ltr' id='par_1_82' title="bbox 1895 3757 3524 3832">
     <span class='ocr_line' id='line_1_82' title="bbox 1895 3757 3524 3832; baseline -0.002 -16"><span class='ocrx_word' id='word_1_577' title='bbox 1895 3761 2244 3832; x_wconf 88' lang='lat' dir='ltr'><strong>sempiterna</strong></span> <span class='ocrx_word' id='word_1_578' title='bbox 2282 3765 2338 3815; x_wconf 89' lang='lat' dir='ltr'><strong>et</strong></span> <span class='ocrx_word' id='word_1_579' title='bbox 2370 3760 2527 3831; x_wconf 87' lang='lat' dir='ltr'><strong>jugis</strong></span> <span class='ocrx_word' id='word_1_580' title='bbox 2562 3759 2821 3830; x_wconf 90' lang='lat' dir='ltr'><strong>operatio</strong></span> <span class='ocrx_word' id='word_1_581' title='bbox 2860 3762 2973 3825; x_wconf 90' lang='lat' dir='ltr'><strong>est;</strong></span> <span class='ocrx_word' id='word_1_582' title='bbox 3017 3758 3161 3812; x_wconf 89' lang='lat' dir='ltr'><strong>sicut</strong></span> <span class='ocrx_word' id='word_1_583' title='bbox 3200 3757 3369 3811; x_wconf 87' lang='lat' dir='ltr'><strong>Filius</strong></span> <span class='ocrx_word' id='word_1_584' title='bbox 3402 3758 3524 3812; x_wconf 87' lang='lat' dir='ltr'><strong>ait:</strong></span> 
     </span>
    </p>
   </div>
   <div class='ocr_carea' id='block_1_83' title="bbox 1896 3853 3530 3924">
    <p class='ocr_par' dir='ltr' id='par_1_83' title="bbox 1896 3853 3530 3924">
     <span class='ocr_line' id='line_1_83' title="bbox 1896 3853 3530 3924; baseline -0.002 -14"><span class='ocrx_word' id='word_1_585' title='bbox 1896 3877 1924 3906; x_wconf 84' lang='lat'><strong>«</strong></span> <span class='ocrx_word' id='word_1_586' title='bbox 1968 3857 2137 3910; x_wconf 90' lang='lat' dir='ltr'><strong>Pater</strong></span> <span class='ocrx_word' id='word_1_587' title='bbox 2165 3871 2326 3910; x_wconf 90' lang='lat' dir='ltr'><strong>meus</strong></span> <span class='ocrx_word' id='word_1_588' title='bbox 2353 3869 2530 3924; x_wconf 86' lang='lat' dir='ltr'><strong>usque</strong></span> <span class='ocrx_word' id='word_1_589' title='bbox 2558 3853 2732 3908; x_wconf 89' lang='lat' dir='ltr'><strong>modo</strong></span> <span class='ocrx_word' id='word_1_590' title='bbox 2756 3855 3046 3922; x_wconf 89' lang='lat' dir='ltr'><strong>operatur,</strong></span> <span class='ocrx_word' id='word_1_591' title='bbox 3081 3857 3140 3906; x_wconf 88' lang='lat' dir='ltr'><strong>et</strong></span> <span class='ocrx_word' id='word_1_592' title='bbox 3175 3867 3280 3922; x_wconf 92' lang='lat' dir='ltr'><strong>ego</strong></span> <span class='ocrx_word' id='word_1_593' title='bbox 3320 3867 3530 3922; x_wconf 89' lang='lat' dir='ltr'><strong>operor</strong></span> 
     </span>
    </p>
   </div>
   <div class='ocr_carea' id='block_1_84' title="bbox 1894 3945 3528 4023">
    <p class='ocr_par' dir='ltr' id='par_1_84' title="bbox 1894 3945 3528 4023">
     <span class='ocr_line' id='line_1_84' title="bbox 1894 3945 3528 4023; baseline -0.004 -17"><span class='ocrx_word' id='word_1_594' title='bbox 1894 3951 2096 4023; x_wconf 84' lang='lat' dir='ltr'><strong>(Joan.,</strong></span> <span class='ocrx_word' id='word_1_595' title='bbox 2127 3966 2179 4016; x_wconf 88' lang='lat' dir='ltr'><strong>v,</strong></span> <span class='ocrx_word' id='word_1_596' title='bbox 2227 3948 2342 4019; x_wconf 82' lang='lat' dir='ltr'><strong>l7);</strong></span> <span class='ocrx_word' id='word_1_597' title='bbox 2379 3969 2405 3997; x_wconf 88' lang='grc'><strong>››</strong></span> <span class='ocrx_word' id='word_1_598' title='bbox 2437 3953 2501 4002; x_wconf 91' lang='lat' dir='ltr'><strong>ut</strong></span> <span class='ocrx_word' id='word_1_599' title='bbox 2524 3947 2593 4002; x_wconf 91' lang='lat' dir='ltr'><strong>ad</strong></span> <span class='ocrx_word' id='word_1_600' title='bbox 2625 3946 3057 4002; x_wconf 90' lang='lat' dir='ltr'><strong>similitudinem</strong></span> <span class='ocrx_word' id='word_1_601' title='bbox 3097 3945 3193 4000; x_wconf 89' lang='lat' dir='ltr'><strong>Dei</strong></span> <span class='ocrx_word' id='word_1_602' title='bbox 3235 3945 3528 4001; x_wconf 66' lang='lat' dir='ltr'><strong>smeularia</strong></span> 
     </span>
    </p>
   </div>
   <div class='ocr_carea' id='block_1_85' title="bbox 1902 4041 3096 4114">
    <p class='ocr_par' dir='ltr' id='par_1_85' title="bbox 1902 4041 3096 4114">
     <span class='ocr_line' id='line_1_85' title="bbox 1902 4041 3096 4114; baseline -0.003 -16"><span class='ocrx_word' id='word_1_603' title='bbox 1902 4047 2090 4099; x_wconf 89' lang='lat' dir='ltr'><strong>nostra</strong></span> <span class='ocrx_word' id='word_1_604' title='bbox 2125 4058 2319 4114; x_wconf 89' lang='lat' dir='ltr'><strong>opera,</strong></span> <span class='ocrx_word' id='word_1_605' title='bbox 2345 4058 2461 4096; x_wconf 89' lang='lat' dir='ltr'><strong>non</strong></span> <span class='ocrx_word' id='word_1_606' title='bbox 2491 4041 2762 4112; x_wconf 88' lang='lat' dir='ltr'><strong>religiosa</strong></span> <span class='ocrx_word' id='word_1_607' title='bbox 2787 4045 3096 4094; x_wconf 90' lang='lat' dir='ltr'><strong>cessarent.</strong></span> 
     </span>
    </p>
   </div>
   <div class='ocr_carea' id='block_1_86' title="bbox 1974 4133 3524 4205">
    <p class='ocr_par' dir='ltr' id='par_1_86' title="bbox 1974 4133 3524 4205">
     <span class='ocr_line' id='line_1_86' title="bbox 1974 4133 3524 4205; baseline -0.003 -12"><span class='ocrx_word' id='word_1_608' title='bbox 1974 4139 2094 4193; x_wconf 80' lang='grc'><strong>174.</strong></span> <span class='ocrx_word' id='word_1_609' title='bbox 2134 4139 2308 4205; x_wconf 90' lang='lat' dir='ltr'><strong>(Vers.</strong></span> <span class='ocrx_word' id='word_1_610' title='bbox 2362 4137 2470 4204; x_wconf 77' lang='grc'><strong>14.)</strong></span> <span class='ocrx_word' id='word_1_611' title='bbox 2515 4135 2631 4190; x_wconf 86' lang='lat' dir='ltr'><strong>Hoc</strong></span> <span class='ocrx_word' id='word_1_612' title='bbox 2668 4139 2858 4190; x_wconf 89' lang='lat' dir='ltr'><strong>autem</strong></span> <span class='ocrx_word' id='word_1_613' title='bbox 2903 4151 3016 4188; x_wconf 89' lang='lat' dir='ltr'><strong>non</strong></span> <span class='ocrx_word' id='word_1_614' title='bbox 3048 4133 3378 4205; x_wconf 87' lang='lat' dir='ltr'><strong>intelligens</strong></span> <span class='ocrx_word' id='word_1_615' title='bbox 3427 4149 3524 4189; x_wconf 87' lang='lat' dir='ltr'><strong>ar-</strong></span> 
     </span>
    </p>
   </div>
   <div class='ocr_carea' id='block_1_87' title="bbox 1895 4227 3524 4303">
    <p class='ocr_par' dir='ltr' id='par_1_87' title="bbox 1895 4227 3524 4303">
     <span class='ocr_line' id='line_1_87' title="bbox 1895 4227 3524 4303; baseline -0.002 -17"><span class='ocrx_word' id='word_1_616' title='bbox 1895 4232 2330 4303; x_wconf 88' lang='lat' dir='ltr'><strong>chisynagogus,</strong></span> <span class='ocrx_word' id='word_1_617' title='bbox 2376 4228 2718 4300; x_wconf 87' lang='lat' dir='ltr'><strong>prohibebat</strong></span> <span class='ocrx_word' id='word_1_618' title='bbox 2761 4244 3113 4299; x_wconf 88' lang='lat' dir='ltr'><strong>quemquam</strong></span> <span class='ocrx_word' id='word_1_619' title='bbox 3159 4227 3342 4283; x_wconf 86' lang='lat' dir='ltr'><strong>curari</strong></span> <span class='ocrx_word' id='word_1_620' title='bbox 3385 4227 3524 4284; x_wconf 86' lang='lat' dir='ltr'><strong>Sab-</strong></span> 
     </span>
    </p>
   </div>
   <div class='ocr_carea' id='block_1_88' title="bbox 1895 4322 3524 4394">
    <p class='ocr_par' dir='ltr' id='par_1_88' title="bbox 1895 4322 3524 4394">
     <span class='ocr_line' id='line_1_88' title="bbox 1895 4322 3524 4394; baseline -0.002 -14"><span class='ocrx_word' id='word_1_621' title='bbox 1895 4326 2046 4394; x_wconf 91' lang='lat' dir='ltr'><strong>bato,</strong></span> <span class='ocrx_word' id='word_1_622' title='bbox 2074 4341 2206 4379; x_wconf 92' lang='lat' dir='ltr'><strong>cum</strong></span> <span class='ocrx_word' id='word_1_623' title='bbox 2233 4323 2540 4380; x_wconf 84' lang='lat' dir='ltr'><strong>Sabbatum</strong></span> <span class='ocrx_word' id='word_1_624' title='bbox 2565 4323 2888 4378; x_wconf 89' lang='lat' dir='ltr'><strong>futurarum</strong></span> <span class='ocrx_word' id='word_1_625' title='bbox 2915 4327 3083 4393; x_wconf 82' lang='lat' dir='ltr'><strong>typus</strong></span> <span class='ocrx_word' id='word_1_626' title='bbox 3120 4323 3190 4376; x_wconf 87' lang='lat' dir='ltr'><strong>sit</strong></span> <span class='ocrx_word' id='word_1_627' title='bbox 3224 4322 3524 4377; x_wconf 84' lang='lat' dir='ltr'><strong>feriarum.</strong></span> 
     </span>
    </p>
   </div>
   <div class='ocr_carea' id='block_1_89' title="bbox 1896 4415 3522 4488">
    <p class='ocr_par' dir='ltr' id='par_1_89' title="bbox 1896 4415 3522 4488">
     <span class='ocr_line' id='line_1_89' title="bbox 1896 4415 3522 4488; baseline -0.002 -14"><span class='ocrx_word' id='word_1_628' title='bbox 1896 4421 1963 4476; x_wconf 89' lang='lat' dir='ltr'><strong>Et</strong></span> <span class='ocrx_word' id='word_1_629' title='bbox 2009 4418 2136 4473; x_wconf 91' lang='lat' dir='ltr'><strong>ideo</strong></span> <span class='ocrx_word' id='word_1_630' title='bbox 2189 4435 2305 4473; x_wconf 89' lang='lat' dir='ltr'><strong>non</strong></span> <span class='ocrx_word' id='word_1_631' title='bbox 2351 4417 2536 4488; x_wconf 90' lang='lat' dir='ltr'><strong>operis</strong></span> <span class='ocrx_word' id='word_1_632' title='bbox 2579 4416 2734 4482; x_wconf 91' lang='lat' dir='ltr'><strong>boni,</strong></span> <span class='ocrx_word' id='word_1_633' title='bbox 2784 4415 2882 4470; x_wconf 92' lang='lat' dir='ltr'><strong>sed</strong></span> <span class='ocrx_word' id='word_1_634' title='bbox 2928 4415 3062 4469; x_wconf 92' lang='lat' dir='ltr'><strong>mali</strong></span> <span class='ocrx_word' id='word_1_635' title='bbox 3113 4415 3273 4469; x_wconf 70' lang='lat' dir='ltr'><strong>ferite</strong></span> <span class='ocrx_word' id='word_1_636' title='bbox 3323 4421 3456 4469; x_wconf 89' lang='lat' dir='ltr'><strong>sunt</strong></span> <span class='ocrx_word' id='word_1_637' title='bbox 3508 4432 3522 4470; x_wconf 91' lang='lat'><strong>:</strong></span> 
     </span>
    </p>
   </div>
   <div class='ocr_carea' id='block_1_90' title="bbox 182 4500 3525 4584">
    <p class='ocr_par' dir='ltr' id='par_1_90' title="bbox 182 4500 3525 4584">
     <span class='ocr_line' id='line_1_90' title="bbox 182 4500 3525 4584; baseline 0.001 -26"><span class='ocrx_word' id='word_1_638' title='bbox 182 4500 420 4575; x_wconf 83' lang='lat' dir='ltr'><strong>decutiat,</strong></span> <span class='ocrx_word' id='word_1_639' title='bbox 463 4527 540 4565; x_wconf 90' lang='lat' dir='ltr'><strong>ne</strong></span> <span class='ocrx_word' id='word_1_640' title='bbox 581 4515 752 4566; x_wconf 58' lang='lat' dir='ltr'><strong>aestus</strong></span> <span class='ocrx_word' id='word_1_641' title='bbox 793 4511 1122 4583; x_wconf 89' lang='lat' dir='ltr'><strong>cupiditatis</strong></span> <span class='ocrx_word' id='word_1_642' title='bbox 1161 4515 1380 4580; x_wconf 77' lang='lat' dir='ltr'><strong>exurat,</strong></span> <span class='ocrx_word' id='word_1_643' title='bbox 1421 4529 1491 4567; x_wconf 91' lang='lat' dir='ltr'><strong>ne</strong></span> <span class='ocrx_word' id='word_1_644' title='bbox 1540 4511 1874 4583; x_wconf 87' lang='lat' dir='ltr'><strong>humorisD</strong></span> <span class='ocrx_word' id='word_1_645' title='bbox 1898 4529 2081 4584; x_wconf 91' lang='lat' dir='ltr'><strong>eoque</strong></span> <span class='ocrx_word' id='word_1_646' title='bbox 2108 4511 2499 4584; x_wconf 81' lang='lat' dir='ltr'><strong>praescriptum</strong></span> <span class='ocrx_word' id='word_1_647' title='bbox 2525 4509 2596 4563; x_wconf 91' lang='lat' dir='ltr'><strong>sit</strong></span> <span class='ocrx_word' id='word_1_648' title='bbox 2625 4515 2685 4563; x_wconf 90' lang='lat' dir='ltr'><strong>ut</strong></span> <span class='ocrx_word' id='word_1_649' title='bbox 2713 4508 2924 4562; x_wconf 88' lang='lat' dir='ltr'><strong>nullam</strong></span> <span class='ocrx_word' id='word_1_650' title='bbox 2955 4508 3203 4562; x_wconf 85' lang='lat' dir='ltr'><strong>ferentes</strong></span> <span class='ocrx_word' id='word_1_651' title='bbox 3242 4507 3525 4563; x_wconf 88' lang='lat' dir='ltr'><strong>sarcinam</strong></span> 
     </span>
    </p>
   </div>
   <div class='ocr_carea' id='block_1_91' title="bbox 180 4596 558 4658">
    <p class='ocr_par' dir='ltr' id='par_1_91' title="bbox 180 4596 558 4658">
     <span class='ocr_line' id='line_1_91' title="bbox 180 4596 558 4658; baseline 0.021 -8"><span class='ocrx_word' id='word_1_652' title='bbox 180 4596 334 4654; x_wconf 84' lang='lat' dir='ltr'><strong>imber</strong></span> <span class='ocrx_word' id='word_1_653' title='bbox 357 4603 558 4658; x_wconf 87' lang='lat' dir='ltr'><strong>elidat.</strong></span> 
     </span>
    </p>
   </div>
   <div class='ocr_carea' id='block_1_92' title="bbox 235 4696 1793 4772">
    <p class='ocr_par' dir='ltr' id='par_1_92' title="bbox 235 4696 1793 4772">
     <span class='ocr_line' id='line_1_92' title="bbox 235 4696 1793 4772; baseline 0.004 -25"><span class='ocrx_word' id='word_1_654' title='bbox 235 4696 345 4750; x_wconf 70' lang='lat'><strong>472.</strong></span> <span class='ocrx_word' id='word_1_655' title='bbox 401 4698 676 4752; x_wconf 85' lang='lat' dir='ltr'><strong>Nonnulli</strong></span> <span class='ocrx_word' id='word_1_656' title='bbox 729 4703 927 4754; x_wconf 87' lang='lat' dir='ltr'><strong>tamen</strong></span> <span class='ocrx_word' id='word_1_657' title='bbox 983 4699 1153 4753; x_wconf 82' lang='lat' dir='ltr'><strong>ticum</strong></span> <span class='ocrx_word' id='word_1_658' title='bbox 1207 4700 1373 4755; x_wconf 91' lang='lat' dir='ltr'><strong>istam</strong></span> <span class='ocrx_word' id='word_1_659' title='bbox 1429 4716 1533 4770; x_wconf 91' lang='lat' dir='ltr'><strong>per</strong></span> <span class='ocrx_word' id='word_1_660' title='bbox 1588 4700 1793 4772; x_wconf 85' lang='lat' dir='ltr'><strong>allego-</strong></span> 
     </span>
    </p>
   </div>
   <div class='ocr_carea' id='block_1_93' title="bbox 179 4781 1791 4866">
    <p class='ocr_par' dir='ltr' id='par_1_93' title="bbox 179 4781 1791 4866">
     <span class='ocr_line' id='line_1_93' title="bbox 179 4781 1791 4866; baseline 0.007 -29"><span class='ocrx_word' id='word_1_661' title='bbox 179 4781 299 4840; x_wconf 85' lang='lat' dir='ltr'><strong>riam</strong></span> <span class='ocrx_word' id='word_1_662' title='bbox 341 4806 453 4844; x_wconf 88' lang='lat' dir='ltr'><strong>non</strong></span> <span class='ocrx_word' id='word_1_663' title='bbox 500 4791 843 4862; x_wconf 75' lang='lat' dir='ltr'><strong>Synagogae,</strong></span> <span class='ocrx_word' id='word_1_664' title='bbox 889 4792 985 4847; x_wconf 90' lang='lat' dir='ltr'><strong>sed</strong></span> <span class='ocrx_word' id='word_1_665' title='bbox 1018 4793 1250 4848; x_wconf 81' lang='lat' dir='ltr'><strong>malitiae</strong></span> <span class='ocrx_word' id='word_1_666' title='bbox 1296 4792 1791 4866; x_wconf 89' lang='lat' dir='ltr'><strong>improbitatisque</strong></span> 
     </span>
    </p>
   </div>
   <div class='ocr_carea' id='block_1_94' title="bbox 175 4874 1789 4956">
    <p class='ocr_par' dir='ltr' id='par_1_94' title="bbox 175 4874 1789 4956">
     <span class='ocr_line' id='line_1_94' title="bbox 175 4874 1789 4956; baseline 0.005 -22"><span class='ocrx_word' id='word_1_667' title='bbox 175 4874 393 4948; x_wconf 77' lang='lat' dir='ltr'><strong>ﬁguram</strong></span> <span class='ocrx_word' id='word_1_668' title='bbox 446 4889 684 4956; x_wconf 85' lang='lat' dir='ltr'><strong>putant;</strong></span> <span class='ocrx_word' id='word_1_669' title='bbox 734 4886 794 4939; x_wconf 89' lang='lat' dir='ltr'><strong>hi</strong></span> <span class='ocrx_word' id='word_1_670' title='bbox 839 4889 1036 4941; x_wconf 90' lang='lat' dir='ltr'><strong>tamen</strong></span> <span class='ocrx_word' id='word_1_671' title='bbox 1084 4887 1142 4940; x_wconf 93' lang='lat' dir='ltr'><strong>in</strong></span> <span class='ocrx_word' id='word_1_672' title='bbox 1196 4887 1355 4942; x_wconf 93' lang='lat' dir='ltr'><strong>nullo</strong></span> <span class='ocrx_word' id='word_1_673' title='bbox 1403 4887 1634 4956; x_wconf 88' lang='lat' dir='ltr'><strong>distant,</strong></span> <span class='ocrx_word' id='word_1_674' title='bbox 1681 4889 1789 4943; x_wconf 90' lang='lat' dir='ltr'><strong>nisi</strong></span> 
     </span>
    </p>
   </div>
   <div class='ocr_carea' id='block_1_95' title="bbox 177 4973 1790 5052">
    <p class='ocr_par' dir='ltr' id='par_1_95' title="bbox 177 4973 1790 5052">
     <span class='ocr_line' id='line_1_95' title="bbox 177 4973 1790 5052; baseline 0.007 -27"><span class='ocrx_word' id='word_1_675' title='bbox 177 4973 306 5040; x_wconf 87' lang='lat' dir='ltr'><strong>quod</strong></span> <span class='ocrx_word' id='word_1_676' title='bbox 335 4993 439 5048; x_wconf 88' lang='lat' dir='ltr'><strong>pro</strong></span> <span class='ocrx_word' id='word_1_677' title='bbox 469 4979 660 5049; x_wconf 86' lang='lat' dir='ltr'><strong>specie</strong></span> <span class='ocrx_word' id='word_1_678' title='bbox 693 4995 877 5051; x_wconf 87' lang='lat' dir='ltr'><strong>genus</strong></span> <span class='ocrx_word' id='word_1_679' title='bbox 907 4981 1148 5052; x_wconf 88' lang='lat' dir='ltr'><strong>eligunt.</strong></span> <span class='ocrx_word' id='word_1_680' title='bbox 1182 4981 1236 5035; x_wconf 93' lang='lat' dir='ltr'><strong>ld</strong></span> <span class='ocrx_word' id='word_1_681' title='bbox 1273 4985 1466 5036; x_wconf 89' lang='lat' dir='ltr'><strong>autem</strong></span> <span class='ocrx_word' id='word_1_682' title='bbox 1507 4998 1703 5037; x_wconf 89' lang='lat' dir='ltr'><strong>cavere</strong></span> <span class='ocrx_word' id='word_1_683' title='bbox 1733 4999 1790 5037; x_wconf 90' lang='lat' dir='ltr'><strong>se</strong></span> 
     </span>
    </p>
   </div>
   <div class='ocr_carea' id='block_1_96' title="bbox 176 5063 1791 5147">
    <p class='ocr_par' dir='ltr' id='par_1_96' title="bbox 176 5063 1791 5147">
     <span class='ocr_line' id='line_1_96' title="bbox 176 5063 1791 5147; baseline 0.007 -28"><span class='ocrx_word' id='word_1_684' title='bbox 176 5063 368 5138; x_wconf 86' lang='lat' dir='ltr'><strong>dicunt,</strong></span> <span class='ocrx_word' id='word_1_685' title='bbox 398 5073 539 5143; x_wconf 87' lang='lat' dir='ltr'><strong>quia</strong></span> <span class='ocrx_word' id='word_1_686' title='bbox 583 5074 851 5128; x_wconf 89' lang='lat' dir='ltr'><strong>Dominus</strong></span> <span class='ocrx_word' id='word_1_687' title='bbox 890 5073 1033 5128; x_wconf 84' lang='lat' dir='ltr'><strong>dixit</strong></span> <span class='ocrx_word' id='word_1_688' title='bbox 1071 5075 1145 5129; x_wconf 89' lang='lat' dir='ltr'><strong>ad</strong></span> <span class='ocrx_word' id='word_1_689' title='bbox 1182 5076 1352 5130; x_wconf 80' lang='lat' dir='ltr'><strong>ticum</strong></span> <span class='ocrx_word' id='word_1_690' title='bbox 1385 5093 1398 5130; x_wconf 87' lang='lat'><strong>:</strong></span> <span class='ocrx_word' id='word_1_691' title='bbox 1431 5097 1458 5124; x_wconf 86' lang='grc'><strong>‹‹</strong></span> <span class='ocrx_word' id='word_1_692' title='bbox 1491 5065 1791 5147; x_wconf 80' lang='lat' dir='ltr'><strong>Nunquam</strong></span> 
     </span>
    </p>
   </div>
   <div class='ocr_carea' id='block_1_97' title="bbox 178 5167 1790 5239">
    <p class='ocr_par' dir='ltr' id='par_1_97' title="bbox 178 5167 1790 5239">
     <span class='ocr_line' id='line_1_97' title="bbox 178 5167 1790 5239; baseline 0.011 -31"><span class='ocrx_word' id='word_1_693' title='bbox 178 5171 230 5210; x_wconf 79' lang='lat' dir='ltr'><strong>ex</strong></span> <span class='ocrx_word' id='word_1_694' title='bbox 271 5167 322 5216; x_wconf 88' lang='lat' dir='ltr'><strong>te</strong></span> <span class='ocrx_word' id='word_1_695' title='bbox 371 5167 595 5220; x_wconf 89' lang='lat' dir='ltr'><strong>fructus</strong></span> <span class='ocrx_word' id='word_1_696' title='bbox 644 5172 911 5222; x_wconf 86' lang='lat' dir='ltr'><strong>nascatur</strong></span> <span class='ocrx_word' id='word_1_697' title='bbox 964 5168 1022 5224; x_wconf 87' lang='lat' dir='ltr'><strong>in</strong></span> <span class='ocrx_word' id='word_1_698' title='bbox 1079 5169 1493 5239; x_wconf 89' lang='lat' dir='ltr'><strong>sempiternum</strong></span> <span class='ocrx_word' id='word_1_699' title='bbox 1547 5170 1790 5239; x_wconf 57' lang='lat' dir='ltr'><strong>(Matth,</strong></span> 
     </span>
    </p>
   </div>
   <div class='ocr_carea' id='block_1_98' title="bbox 176 5260 1791 5333">
    <p class='ocr_par' dir='ltr' id='par_1_98' title="bbox 176 5260 1791 5333">
     <span class='ocr_line' id='line_1_98' title="bbox 176 5260 1791 5333; baseline 0.006 -24"><span class='ocrx_word' id='word_1_700' title='bbox 176 5264 269 5321; x_wconf 74' lang='lat' dir='ltr'><strong>XXI,</strong></span> <span class='ocrx_word' id='word_1_701' title='bbox 309 5260 411 5326; x_wconf 87' lang='lat' dir='ltr'><strong>l9),</strong></span> <span class='ocrx_word' id='word_1_702' title='bbox 450 5279 480 5308; x_wconf 78' lang='lat' dir='ltr'><strong>n</strong></span> <span class='ocrx_word' id='word_1_703' title='bbox 515 5277 646 5315; x_wconf 90' lang='lat' dir='ltr'><strong>cum</strong></span> <span class='ocrx_word' id='word_1_704' title='bbox 687 5261 884 5332; x_wconf 90' lang='lat' dir='ltr'><strong>utique</strong></span> <span class='ocrx_word' id='word_1_705' title='bbox 926 5262 1208 5333; x_wconf 86' lang='lat' dir='ltr'><strong>plurimos</strong></span> <span class='ocrx_word' id='word_1_706' title='bbox 1248 5279 1316 5317; x_wconf 80' lang='lat' dir='ltr'><strong>ex</strong></span> <span class='ocrx_word' id='word_1_707' title='bbox 1352 5263 1566 5318; x_wconf 73' lang='lat' dir='ltr'><strong>Judteis</strong></span> <span class='ocrx_word' id='word_1_708' title='bbox 1611 5263 1791 5318; x_wconf 88' lang='lat' dir='ltr'><strong>credi-</strong></span> 
     </span>
    </p>
   </div>
   <div class='ocr_carea' id='block_1_99' title="bbox 179 5345 1791 5428">
    <p class='ocr_par' dir='ltr' id='par_1_99' title="bbox 179 5345 1791 5428">
     <span class='ocr_line' id='line_1_99' title="bbox 179 5345 1791 5428; baseline 0.01 -31"><span class='ocrx_word' id='word_1_709' title='bbox 179 5345 322 5414; x_wconf 85' lang='lat' dir='ltr'><strong>disse,</strong></span> <span class='ocrx_word' id='word_1_710' title='bbox 369 5359 428 5406; x_wconf 85' lang='lat' dir='ltr'><strong>et</strong></span> <span class='ocrx_word' id='word_1_711' title='bbox 471 5354 794 5409; x_wconf 88' lang='lat' dir='ltr'><strong>credituros</strong></span> <span class='ocrx_word' id='word_1_712' title='bbox 836 5371 960 5409; x_wconf 91' lang='lat' dir='ltr'><strong>esse</strong></span> <span class='ocrx_word' id='word_1_713' title='bbox 1003 5355 1347 5411; x_wconf 90' lang='lat' dir='ltr'><strong>noverimus.</strong></span> <span class='ocrx_word' id='word_1_714' title='bbox 1381 5356 1490 5412; x_wconf 89' lang='lat' dir='ltr'><strong>Sed</strong></span> <span class='ocrx_word' id='word_1_715' title='bbox 1531 5357 1627 5428; x_wconf 89' lang='lat' dir='ltr'><strong>qui</strong></span> <span class='ocrx_word' id='word_1_716' title='bbox 1671 5374 1791 5412; x_wconf 87' lang='lat' dir='ltr'><strong>cre-</strong></span> 
     </span>
    </p>
   </div>
   <div class='ocr_carea' id='block_1_100' title="bbox 180 5437 1791 5520">
    <p class='ocr_par' dir='ltr' id='par_1_100' title="bbox 180 5437 1791 5520">
     <span class='ocr_line' id='line_1_100' title="bbox 180 5437 1791 5520; baseline 0.01 -30"><span class='ocrx_word' id='word_1_717' title='bbox 180 5437 264 5510; x_wconf 88' lang='lat' dir='ltr'><strong>dit,</strong></span> <span class='ocrx_word' id='word_1_718' title='bbox 293 5460 409 5500; x_wconf 89' lang='lat' dir='ltr'><strong>non</strong></span> <span class='ocrx_word' id='word_1_719' title='bbox 446 5446 774 5520; x_wconf 67' lang='lat' dir='ltr'><strong>Synagogm</strong></span> <span class='ocrx_word' id='word_1_720' title='bbox 805 5449 925 5519; x_wconf 87' lang='lat' dir='ltr'><strong>jam</strong></span> <span class='ocrx_word' id='word_1_721' title='bbox 972 5451 1188 5504; x_wconf 87' lang='lat' dir='ltr'><strong>fructus</strong></span> <span class='ocrx_word' id='word_1_722' title='bbox 1217 5455 1320 5518; x_wconf 92' lang='lat' dir='ltr'><strong>est,</strong></span> <span class='ocrx_word' id='word_1_723' title='bbox 1357 5451 1457 5505; x_wconf 90' lang='lat' dir='ltr'><strong>sed</strong></span> <span class='ocrx_word' id='word_1_724' title='bbox 1487 5451 1748 5508; x_wconf 70' lang='lat' dir='ltr'><strong>Ecclesiae</strong></span> <span class='ocrx_word' id='word_1_725' title='bbox 1778 5469 1791 5506; x_wconf 87' lang='lat'>:</span> 
     </span>
    </p>
   </div>
   <div class='ocr_carea' id='block_1_101' title="bbox 232 5612 1797 5683">
    <p class='ocr_par' dir='ltr' id='par_1_101' title="bbox 232 5612 1797 5683">
     <span class='ocr_line' id='line_1_101' title="bbox 232 5612 1797 5683; baseline -0.001 -14"><span class='ocrx_word' id='word_1_726' title='bbox 232 5612 317 5674; x_wconf 76' lang='grc'><strong>(15)</strong></span> <span class='ocrx_word' id='word_1_727' title='bbox 347 5612 512 5665; x_wconf 84' lang='lat' dir='ltr'><strong>Rom.</strong></span> <span class='ocrx_word' id='word_1_728' title='bbox 549 5616 672 5666; x_wconf 87' lang='lat' dir='ltr'><strong>edit.</strong></span> <span class='ocrx_word' id='word_1_729' title='bbox 699 5617 835 5681; x_wconf 89' lang='lat' dir='ltr'><strong>sola,</strong></span> <span class='ocrx_word' id='word_1_730' title='bbox 863 5617 930 5667; x_wconf 88' lang='lat' dir='ltr'><strong>ab</strong></span> <span class='ocrx_word' id='word_1_731' title='bbox 956 5618 1202 5681; x_wconf 82' lang='lat' dir='ltr'><strong>operibus</strong></span> <span class='ocrx_word' id='word_1_732' title='bbox 1241 5619 1424 5670; x_wconf 85' lang='lat' dir='ltr'><strong>mundi</strong></span> <span class='ocrx_word' id='word_1_733' title='bbox 1465 5619 1682 5683; x_wconf 79' lang='lat' dir='ltr'><strong>quievit,</strong></span> <span class='ocrx_word' id='word_1_734' title='bbox 1707 5619 1797 5670; x_wconf 83' lang='lat' dir='ltr'><strong>sed</strong></span> 
     </span>
    </p>
   </div>
   <div class='ocr_carea' id='block_1_102' title="bbox 182 5685 1797 5753">
    <p class='ocr_par' dir='ltr' id='par_1_102' title="bbox 182 5685 1797 5753">
     <span class='ocr_line' id='line_1_102' title="bbox 182 5685 1797 5753; baseline 0.006 -21"><span class='ocrx_word' id='word_1_735' title='bbox 182 5690 271 5753; x_wconf 63' lang='lat' dir='ltr'><strong>{wn</strong></span> <span class='ocrx_word' id='word_1_736' title='bbox 295 5685 358 5732; x_wconf 89' lang='lat' dir='ltr'><strong>ab</strong></span> <span class='ocrx_word' id='word_1_737' title='bbox 389 5686 640 5749; x_wconf 81' lang='lat' dir='ltr'><strong>operibus</strong></span> <span class='ocrx_word' id='word_1_738' title='bbox 667 5691 882 5742; x_wconf 78' lang='lat' dir='ltr'><strong>sanctis.</strong></span> <span class='ocrx_word' id='word_1_739' title='bbox 916 5690 1178 5741; x_wconf 89' lang='lat' dir='ltr'><strong>Nonnulli</strong></span> <span class='ocrx_word' id='word_1_740' title='bbox 1208 5705 1361 5753; x_wconf 74' lang='lat' dir='ltr'><strong>mss,</strong></span> <span class='ocrx_word' id='word_1_741' title='bbox 1391 5704 1498 5740; x_wconf 81' lang='lat' dir='ltr'><strong>non</strong></span> <span class='ocrx_word' id='word_1_742' title='bbox 1523 5705 1585 5741; x_wconf 75' lang='lat' dir='ltr'><strong>ea:</strong></span> <span class='ocrx_word' id='word_1_743' title='bbox 1613 5693 1797 5753; x_wconf 75' lang='lat' dir='ltr'><strong>operi—</strong></span> 
     </span>
    </p>
   </div>
   <div class='ocr_carea' id='block_1_103' title="bbox 182 5746 1794 5830">
    <p class='ocr_par' dir='ltr' id='par_1_103' title="bbox 182 5746 1794 5830">
     <span class='ocr_line' id='line_1_103' title="bbox 182 5746 1794 5830; baseline 0.006 -27"><span class='ocrx_word' id='word_1_744' title='bbox 182 5746 270 5830; x_wconf 42' lang='lat' dir='ltr'><strong>bus</strong></span> <span class='ocrx_word' id='word_1_745' title='bbox 299 5746 484 5806; x_wconf 79' lang='lat' dir='ltr'><strong>mundi</strong></span> <span class='ocrx_word' id='word_1_746' title='bbox 535 5762 772 5823; x_wconf 77' lang='lat' dir='ltr'><strong>quievit;</strong></span> <span class='ocrx_word' id='word_1_747' title='bbox 812 5761 901 5811; x_wconf 81' lang='lat' dir='ltr'><strong>sed</strong></span> <span class='ocrx_word' id='word_1_748' title='bbox 947 5763 1014 5812; x_wconf 90' lang='lat' dir='ltr'><strong>ab</strong></span> <span class='ocrx_word' id='word_1_749' title='bbox 1061 5762 1303 5826; x_wconf 76' lang='lat' dir='ltr'><strong>operibus</strong></span> <span class='ocrx_word' id='word_1_750' title='bbox 1350 5746 1539 5813; x_wconf 78' lang='lat' dir='ltr'><strong>mundi</strong></span> <span class='ocrx_word' id='word_1_751' title='bbox 1580 5746 1794 5827; x_wconf 62' lang='lat' dir='ltr'><strong>quievit.</strong></span> 
     </span>
    </p>
   </div>
   <div class='ocr_carea' id='block_1_104' title="bbox 183 5820 1799 5892">
    <p class='ocr_par' dir='ltr' id='par_1_104' title="bbox 183 5820 1799 5892">
     <span class='ocr_line' id='line_1_104' title="bbox 183 5820 1799 5892; baseline 0.009 -24"><span class='ocrx_word' id='word_1_752' title='bbox 183 5820 275 5871; x_wconf 77' lang='lat' dir='ltr'><strong>Alii</strong></span> <span class='ocrx_word' id='word_1_753' title='bbox 311 5839 516 5892; x_wconf 85' lang='lat' dir='ltr'><strong>magno</strong></span> <span class='ocrx_word' id='word_1_754' title='bbox 547 5820 782 5883; x_wconf 74' lang='lat' dir='ltr'><strong>humero</strong></span> <span class='ocrx_word' id='word_1_755' title='bbox 816 5846 944 5883; x_wconf 90' lang='lat' dir='ltr'><strong>cum</strong></span> <span class='ocrx_word' id='word_1_756' title='bbox 984 5820 1105 5883; x_wconf 52' lang='lat' dir='ltr'><strong>aut:</strong></span> <span class='ocrx_word' id='word_1_757' title='bbox 1135 5831 1264 5883; x_wconf 89' lang='lat' dir='ltr'><strong>edit.</strong></span> <span class='ocrx_word' id='word_1_758' title='bbox 1307 5838 1364 5883; x_wconf 88' lang='lat' dir='ltr'><strong>ut</strong></span> <span class='ocrx_word' id='word_1_759' title='bbox 1413 5835 1470 5883; x_wconf 90' lang='lat' dir='ltr'><strong>in</strong></span> <span class='ocrx_word' id='word_1_760' title='bbox 1513 5820 1683 5884; x_wconf 71' lang='lat' dir='ltr'><strong>teitu.</strong></span> <span class='ocrx_word' id='word_1_761' title='bbox 1731 5833 1799 5883; x_wconf 85' lang='lat' dir='ltr'><strong>Et</strong></span> 
     </span>
    </p>
   </div>
   <div class='ocr_carea' id='block_1_105' title="bbox 404 5909 1366 5994">
    <p class='ocr_par' dir='ltr' id='par_1_105' title="bbox 404 5909 1366 5994">
     <span class='ocr_line' id='line_1_105' title="bbox 404 5909 1366 5994; baseline 0.007 -25"><span class='ocrx_word' id='word_1_762' title='bbox 404 5909 658 5975; x_wconf 71' lang='lat' dir='ltr'><strong>PATBOL.</strong></span> <span class='ocrx_word' id='word_1_763' title='bbox 705 5913 808 5976; x_wconf 79' lang='lat' dir='ltr'><strong>XV</strong></span> <span class='ocrx_word' id='word_1_764' title='bbox 853 5913 1012 5994; x_wconf 80' lang='lat' dir='ltr'><strong>(XIV</strong></span> <span class='ocrx_word' id='word_1_765' title='bbox 1057 5933 1192 5976; x_wconf 77' lang='lat' dir='ltr'><strong>PARS</strong></span> <span class='ocrx_word' id='word_1_766' title='bbox 1236 5913 1366 5994; x_wconf 86' lang='lat'><strong>11.).</strong></span> 
     </span>
    </p>
   </div>
   <div class='ocr_carea' id='block_1_106' title="bbox 1894 4600 3523 4672">
    <p class='ocr_par' dir='ltr' id='par_1_106' title="bbox 1894 4600 3523 4672">
     <span class='ocr_line' id='line_1_106' title="bbox 1894 4600 3523 4672; baseline -0.002 -11"><span class='ocrx_word' id='word_1_767' title='bbox 1894 4607 2250 4672; x_wconf 88' lang='lat' dir='ltr'><strong>delictorum,</strong></span> <span class='ocrx_word' id='word_1_768' title='bbox 2293 4620 2396 4658; x_wconf 90' lang='lat' dir='ltr'><strong>nec</strong></span> <span class='ocrx_word' id='word_1_769' title='bbox 2436 4604 2719 4658; x_wconf 89' lang='lat' dir='ltr'><strong>honorum</strong></span> <span class='ocrx_word' id='word_1_770' title='bbox 2757 4601 2946 4672; x_wconf 87' lang='lat' dir='ltr'><strong>jejuni</strong></span> <span class='ocrx_word' id='word_1_771' title='bbox 2993 4617 3229 4672; x_wconf 87' lang='lat' dir='ltr'><strong>operum</strong></span> <span class='ocrx_word' id='word_1_772' title='bbox 3275 4600 3523 4658; x_wconf 83' lang='lat' dir='ltr'><strong>Sabbata</strong></span> 
     </span>
    </p>
   </div>
   <div class='ocr_carea' id='block_1_107' title="bbox 1893 4695 3526 4773">
    <p class='ocr_par' dir='ltr' id='par_1_107' title="bbox 1893 4695 3526 4773">
     <span class='ocr_line' id='line_1_107' title="bbox 1893 4695 3526 4773; baseline -0.003 -18"><span class='ocrx_word' id='word_1_773' title='bbox 1893 4705 2019 4773; x_wconf 92' lang='lat' dir='ltr'><strong>post</strong></span> <span class='ocrx_word' id='word_1_774' title='bbox 2070 4704 2317 4754; x_wconf 87' lang='lat' dir='ltr'><strong>mortem</strong></span> <span class='ocrx_word' id='word_1_775' title='bbox 2369 4698 2558 4751; x_wconf 88' lang='lat' dir='ltr'><strong>futura</strong></span> <span class='ocrx_word' id='word_1_776' title='bbox 2606 4695 2979 4751; x_wconf 88' lang='lat' dir='ltr'><strong>celebremus.</strong></span> <span class='ocrx_word' id='word_1_777' title='bbox 3034 4695 3197 4750; x_wconf 89' lang='lat' dir='ltr'><strong>Unde</strong></span> <span class='ocrx_word' id='word_1_778' title='bbox 3247 4696 3526 4751; x_wconf 88' lang='lat' dir='ltr'><strong>Dominus</strong></span> 
     </span>
    </p>
   </div>
   <div class='ocr_carea' id='block_1_108' title="bbox 1894 4788 3236 4866">
    <p class='ocr_par' dir='ltr' id='par_1_108' title="bbox 1894 4788 3236 4866">
     <span class='ocr_line' id='line_1_108' title="bbox 1894 4788 3236 4866; baseline -0.003 -18"><span class='ocrx_word' id='word_1_779' title='bbox 1894 4793 2224 4866; x_wconf 90' lang='lat' dir='ltr'><strong>spiritaliter</strong></span> <span class='ocrx_word' id='word_1_780' title='bbox 2253 4790 2476 4845; x_wconf 90' lang='lat' dir='ltr'><strong>videtur</strong></span> <span class='ocrx_word' id='word_1_781' title='bbox 2504 4790 2868 4861; x_wconf 87' lang='lat' dir='ltr'><strong>respondere,</strong></span> <span class='ocrx_word' id='word_1_782' title='bbox 2896 4805 3027 4843; x_wconf 92' lang='lat' dir='ltr'><strong>cum</strong></span> <span class='ocrx_word' id='word_1_783' title='bbox 3057 4788 3194 4844; x_wconf 91' lang='lat' dir='ltr'><strong>dicit</strong></span> <span class='ocrx_word' id='word_1_784' title='bbox 3225 4806 3236 4843; x_wconf 94' lang='lat'><strong>:</strong></span> 
     </span>
    </p>
   </div>
   <div class='ocr_carea' id='block_1_109' title="bbox 1968 4883 3524 4956">
    <p class='ocr_par' dir='ltr' id='par_1_109' title="bbox 1968 4883 3524 4956">
     <span class='ocr_line' id='line_1_109' title="bbox 1968 4883 3524 4956; baseline -0.002 -16"><span class='ocrx_word' id='word_1_785' title='bbox 1968 4889 2141 4956; x_wconf 89' lang='lat' dir='ltr'><strong>(Vers.</strong></span> <span class='ocrx_word' id='word_1_786' title='bbox 2194 4887 2298 4954; x_wconf 79' lang='lat' dir='ltr'><strong>l5.)</strong></span> <span class='ocrx_word' id='word_1_787' title='bbox 2343 4886 2665 4955; x_wconf 63' lang='lat' dir='ltr'><strong>Hypocritw,</strong></span> <span class='ocrx_word' id='word_1_788' title='bbox 2708 4885 3080 4953; x_wconf 79' lang='lat' dir='ltr'><strong>unusquisque</strong></span> <span class='ocrx_word' id='word_1_789' title='bbox 3108 4888 3342 4938; x_wconf 81' lang='lat' dir='ltr'><strong>vestrum</strong></span> <span class='ocrx_word' id='word_1_790' title='bbox 3385 4883 3524 4939; x_wconf 89' lang='lat' dir='ltr'><strong>Sab-</strong></span> 
     </span>
    </p>
   </div>
   <div class='ocr_carea' id='block_1_110' title="bbox 1896 4976 3530 5038">
    <p class='ocr_par' dir='ltr' id='par_1_110' title="bbox 1896 4976 3530 5038">
     <span class='ocr_line' id='line_1_110' title="bbox 1896 4976 3530 5038; baseline -0.004 -1"><span class='ocrx_word' id='word_1_791' title='bbox 1896 4984 2020 5037; x_wconf 89' lang='lat' dir='ltr'><strong>bato</strong></span> <span class='ocrx_word' id='word_1_792' title='bbox 2061 4996 2168 5034; x_wconf 88' lang='lat' dir='ltr'><strong>non</strong></span> <span class='ocrx_word' id='word_1_793' title='bbox 2214 4979 2376 5035; x_wconf 82' lang='lat' dir='ltr'><strong>solvit</strong></span> <span class='ocrx_word' id='word_1_794' title='bbox 2426 4979 2605 5033; x_wconf 81' lang='lat' dir='ltr'><strong>bovem</strong></span> <span class='ocrx_word' id='word_1_795' title='bbox 2651 4993 2808 5032; x_wconf 90' lang='lat' dir='ltr'><strong>suum</strong></span> <span class='ocrx_word' id='word_1_796' title='bbox 2855 4981 2954 5032; x_wconf 83' lang='lat' dir='ltr'><strong>aut</strong></span> <span class='ocrx_word' id='word_1_797' title='bbox 3002 4979 3234 5038; x_wconf 85' lang='lat' dir='ltr'><strong>asinum,</strong></span> <span class='ocrx_word' id='word_1_798' title='bbox 3285 4982 3338 5032; x_wconf 85' lang='lat' dir='ltr'><strong>et</strong></span> <span class='ocrx_word' id='word_1_799' title='bbox 3377 4976 3530 5032; x_wconf 81' lang='lat' dir='ltr'><strong>ducit</strong></span> 
     </span>
    </p>
   </div>
   <div class='ocr_carea' id='block_1_111' title="bbox 1895 5076 2215 5145">
    <p class='ocr_par' dir='ltr' id='par_1_111' title="bbox 1895 5076 2215 5145">
     <span class='ocr_line' id='line_1_111' title="bbox 1895 5076 2215 5145; baseline -0.009 -14"><span class='ocrx_word' id='word_1_800' title='bbox 1895 5077 2174 5145; x_wconf 84' lang='lat' dir='ltr'><strong>adaquare</strong></span> <span class='ocrx_word' id='word_1_801' title='bbox 2189 5076 2215 5128; x_wconf 69' lang='grc' dir='ltr'><em>ἵ</em></span> 
     </span>
    </p>
   </div>
   <div class='ocr_carea' id='block_1_112' title="bbox 1968 5163 3529 5230">
    <p class='ocr_par' dir='ltr' id='par_1_112' title="bbox 1968 5163 3529 5230">
     <span class='ocr_line' id='line_1_112' title="bbox 1968 5163 3529 5230; baseline -0.003 -7"><span class='ocrx_word' id='word_1_802' title='bbox 1968 5173 2089 5224; x_wconf 79' lang='grc'><strong>175.</strong></span> <span class='ocrx_word' id='word_1_803' title='bbox 2145 5169 2256 5221; x_wconf 89' lang='lat' dir='ltr'><strong>Cur</strong></span> <span class='ocrx_word' id='word_1_804' title='bbox 2305 5183 2417 5221; x_wconf 92' lang='lat' dir='ltr'><strong>non</strong></span> <span class='ocrx_word' id='word_1_805' title='bbox 2470 5165 2622 5220; x_wconf 89' lang='lat' dir='ltr'><strong>aliud</strong></span> <span class='ocrx_word' id='word_1_806' title='bbox 2673 5165 2889 5219; x_wconf 89' lang='lat' dir='ltr'><strong>animal</strong></span> <span class='ocrx_word' id='word_1_807' title='bbox 2944 5163 3245 5230; x_wconf 87' lang='lat' dir='ltr'><strong>indicavit,</strong></span> <span class='ocrx_word' id='word_1_808' title='bbox 3304 5164 3412 5219; x_wconf 90' lang='lat' dir='ltr'><strong>nisi</strong></span> <span class='ocrx_word' id='word_1_809' title='bbox 3466 5168 3529 5220; x_wconf 92' lang='lat' dir='ltr'><strong>ut</strong></span> 
     </span>
    </p>
   </div>
   <div class='ocr_carea' id='block_1_113' title="bbox 1893 5257 3524 5329">
    <p class='ocr_par' dir='ltr' id='par_1_113' title="bbox 1893 5257 3524 5329">
     <span class='ocr_line' id='line_1_113' title="bbox 1893 5257 3524 5329; baseline -0.003 -11"><span class='ocrx_word' id='word_1_810' title='bbox 1893 5263 2246 5329; x_wconf 87' lang='lat' dir='ltr'><strong>ostenderet,</strong></span> <span class='ocrx_word' id='word_1_811' title='bbox 2292 5259 2725 5315; x_wconf 86' lang='lat' dir='ltr'><strong>adversantibus</strong></span> <span class='ocrx_word' id='word_1_812' title='bbox 2773 5258 2908 5312; x_wconf 91' lang='lat' dir='ltr'><strong>licet</strong></span> <span class='ocrx_word' id='word_1_813' title='bbox 2951 5259 3266 5328; x_wconf 68' lang='lat' dir='ltr'><strong>Synagogaa</strong></span> <span class='ocrx_word' id='word_1_814' title='bbox 3314 5257 3524 5327; x_wconf 84' lang='lat' dir='ltr'><strong>princi-</strong></span> 
     </span>
    </p>
   </div>
   <div class='ocr_carea' id='block_1_114' title="bbox 1895 5350 3524 5428">
    <p class='ocr_par' dir='ltr' id='par_1_114' title="bbox 1895 5350 3524 5428">
     <span class='ocr_line' id='line_1_114' title="bbox 1895 5350 3524 5428; baseline -0.002 -17"><span class='ocrx_word' id='word_1_815' title='bbox 1895 5357 2081 5428; x_wconf 89' lang='lat' dir='ltr'><strong>pibus,</strong></span> <span class='ocrx_word' id='word_1_816' title='bbox 2114 5355 2369 5409; x_wconf 92' lang='lat' dir='ltr'><strong>futurum</strong></span> <span class='ocrx_word' id='word_1_817' title='bbox 2414 5358 2609 5408; x_wconf 87' lang='lat' dir='ltr'><strong>tamen</strong></span> <span class='ocrx_word' id='word_1_818' title='bbox 2649 5358 2710 5406; x_wconf 89' lang='lat' dir='ltr'><strong>ut</strong></span> <span class='ocrx_word' id='word_1_819' title='bbox 2747 5350 3008 5405; x_wconf 72' lang='lat' dir='ltr'><strong>Iudaicus</strong></span> <span class='ocrx_word' id='word_1_820' title='bbox 3053 5358 3106 5404; x_wconf 88' lang='lat' dir='ltr'><strong>et</strong></span> <span class='ocrx_word' id='word_1_821' title='bbox 3152 5350 3382 5420; x_wconf 87' lang='lat' dir='ltr'><strong>gentilis</strong></span> <span class='ocrx_word' id='word_1_822' title='bbox 3420 5367 3524 5422; x_wconf 88' lang='lat' dir='ltr'><strong>po-</strong></span> 
     </span>
    </p>
   </div>
   <div class='ocr_carea' id='block_1_115' title="bbox 1897 5443 3533 5521">
    <p class='ocr_par' dir='ltr' id='par_1_115' title="bbox 1897 5443 3533 5521">
     <span class='ocr_line' id='line_1_115' title="bbox 1897 5443 3533 5521; baseline -0.003 -16"><span class='ocrx_word' id='word_1_823' title='bbox 1897 5451 2064 5521; x_wconf 90' lang='lat' dir='ltr'><strong>pulus</strong></span> <span class='ocrx_word' id='word_1_824' title='bbox 2102 5449 2250 5503; x_wconf 88' lang='lat' dir='ltr'><strong>sitim</strong></span> <span class='ocrx_word' id='word_1_825' title='bbox 2301 5447 2557 5517; x_wconf 87' lang='lat' dir='ltr'><strong>corporis</strong></span> <span class='ocrx_word' id='word_1_826' title='bbox 2591 5451 2873 5516; x_wconf 66' lang='lat' dir='ltr'><strong>estusque</strong></span> <span class='ocrx_word' id='word_1_827' title='bbox 2902 5443 3102 5499; x_wconf 91' lang='lat' dir='ltr'><strong>mundi</strong></span> <span class='ocrx_word' id='word_1_828' title='bbox 3141 5443 3302 5499; x_wconf 88' lang='lat' dir='ltr'><strong>istius</strong></span> <span class='ocrx_word' id='word_1_829' title='bbox 3343 5445 3533 5500; x_wconf 81' lang='lat' dir='ltr'><strong>Domi-</strong></span> 
     </span>
    </p>
   </div>
   <div class='ocr_carea' id='block_1_116' title="bbox 1896 5611 3534 5670">
    <p class='ocr_par' dir='ltr' id='par_1_116' title="bbox 1896 5611 3534 5670">
     <span class='ocr_line' id='line_1_116' title="bbox 1896 5611 3534 5670; baseline -0.004 0"><span class='ocrx_word' id='word_1_830' title='bbox 1896 5633 2030 5670; x_wconf 88' lang='lat' dir='ltr'><strong>sane</strong></span> <span class='ocrx_word' id='word_1_831' title='bbox 2055 5633 2120 5670; x_wconf 85' lang='lat' dir='ltr'><strong>ea</strong></span> <span class='ocrx_word' id='word_1_832' title='bbox 2145 5631 2274 5669; x_wconf 85' lang='lat' dir='ltr'><strong>vera</strong></span> <span class='ocrx_word' id='word_1_833' title='bbox 2308 5617 2470 5667; x_wconf 85' lang='lat' dir='ltr'><strong>lectio</strong></span> <span class='ocrx_word' id='word_1_834' title='bbox 2513 5618 2596 5665; x_wconf 89' lang='lat' dir='ltr'><strong>est</strong></span> <span class='ocrx_word' id='word_1_835' title='bbox 2635 5629 2646 5661; x_wconf 91' lang='lat'><strong><em>:</em></strong></span> <span class='ocrx_word' id='word_1_836' title='bbox 2680 5611 2821 5661; x_wconf 84' lang='lat' dir='ltr'><strong>nihil</strong></span> <span class='ocrx_word' id='word_1_837' title='bbox 2864 5611 3012 5661; x_wconf 90' lang='lat' dir='ltr'><strong>enim</strong></span> <span class='ocrx_word' id='word_1_838' title='bbox 3055 5612 3206 5662; x_wconf 84' lang='lat' dir='ltr'><strong>aliud</strong></span> <span class='ocrx_word' id='word_1_839' title='bbox 3246 5613 3368 5664; x_wconf 87' lang='lat' dir='ltr'><strong>vult</strong></span> <span class='ocrx_word' id='word_1_840' title='bbox 3404 5616 3534 5664; x_wconf 81' lang='lat' dir='ltr'><strong>Am-</strong></span> 
     </span>
    </p>
   </div>
   <div class='ocr_carea' id='block_1_117' title="bbox 1897 5681 3536 5753">
    <p class='ocr_par' dir='ltr' id='par_1_117' title="bbox 1897 5681 3536 5753">
     <span class='ocr_line' id='line_1_117' title="bbox 1897 5681 3536 5753; baseline -0.004 -12"><span class='ocrx_word' id='word_1_841' title='bbox 1897 5690 2134 5751; x_wconf 89' lang='lat' dir='ltr'><strong>brosius,</strong></span> <span class='ocrx_word' id='word_1_842' title='bbox 2189 5701 2356 5753; x_wconf 84' lang='lat' dir='ltr'><strong>quam</strong></span> <span class='ocrx_word' id='word_1_843' title='bbox 2405 5686 2586 5736; x_wconf 90' lang='lat' dir='ltr'><strong>Deum</strong></span> <span class='ocrx_word' id='word_1_844' title='bbox 2641 5682 2867 5747; x_wconf 89' lang='lat' dir='ltr'><strong>quidem</strong></span> <span class='ocrx_word' id='word_1_845' title='bbox 2919 5681 2989 5733; x_wconf 87' lang='lat' dir='ltr'><strong>ab</strong></span> <span class='ocrx_word' id='word_1_846' title='bbox 3032 5681 3292 5746; x_wconf 85' lang='lat' dir='ltr'><strong>Operibus</strong></span> <span class='ocrx_word' id='word_1_847' title='bbox 3339 5686 3536 5736; x_wconf 87' lang='lat' dir='ltr'><strong>mundi</strong></span> 
     </span>
    </p>
   </div>
   <div class='ocr_carea' id='block_1_118' title="bbox 1899 5753 3534 5824">
    <p class='ocr_par' dir='ltr' id='par_1_118' title="bbox 1899 5753 3534 5824">
     <span class='ocr_line' id='line_1_118' title="bbox 1899 5753 3534 5824; baseline -0.003 -14"><span class='ocrx_word' id='word_1_848' title='bbox 1899 5761 2196 5824; x_wconf 87' lang='lat' dir='ltr'><strong>quievisse,</strong></span> <span class='ocrx_word' id='word_1_849' title='bbox 2240 5771 2352 5808; x_wconf 89' lang='lat' dir='ltr'><strong>non</strong></span> <span class='ocrx_word' id='word_1_850' title='bbox 2395 5770 2527 5807; x_wconf 88' lang='lat' dir='ltr'><strong>vero</strong></span> <span class='ocrx_word' id='word_1_851' title='bbox 2565 5754 2891 5818; x_wconf 86' lang='lat' dir='ltr'><strong>simpliciter</strong></span> <span class='ocrx_word' id='word_1_852' title='bbox 2928 5753 2999 5804; x_wconf 90' lang='lat' dir='ltr'><strong>ab</strong></span> <span class='ocrx_word' id='word_1_853' title='bbox 3045 5753 3309 5806; x_wconf 80' lang='lat' dir='ltr'><strong>omnibus</strong></span> <span class='ocrx_word' id='word_1_854' title='bbox 3351 5757 3534 5821; x_wconf 79' lang='lat' dir='ltr'><strong>Opert-</strong></span> 
     </span>
    </p>
   </div>
   <div class='ocr_carea' id='block_1_119' title="bbox 1898 5825 2956 5892">
    <p class='ocr_par' dir='ltr' id='par_1_119' title="bbox 1898 5825 2956 5892">
     <span class='ocr_line' id='line_1_119' title="bbox 1898 5825 2956 5892; baseline -0.007 -10"><span class='ocrx_word' id='word_1_855' title='bbox 1898 5831 2022 5892; x_wconf 85' lang='lat' dir='ltr'><strong>bus,</strong></span> <span class='ocrx_word' id='word_1_856' title='bbox 2049 5843 2181 5882; x_wconf 86' lang='lat' dir='ltr'><strong>cum</strong></span> <span class='ocrx_word' id='word_1_857' title='bbox 2210 5831 2333 5892; x_wconf 88' lang='lat' dir='ltr'><strong>ejus</strong></span> <span class='ocrx_word' id='word_1_858' title='bbox 2363 5831 2569 5879; x_wconf 79' lang='lat' dir='ltr'><strong>aeterna</strong></span> <span class='ocrx_word' id='word_1_859' title='bbox 2597 5827 2667 5877; x_wconf 81' lang='lat' dir='ltr'><strong>sit</strong></span> <span class='ocrx_word' id='word_1_860' title='bbox 2694 5825 2956 5891; x_wconf 82' lang='lat' dir='ltr'><strong>operatio.</strong></span> 
     </span>
    </p>
   </div>
   <div class='ocr_carea' id='block_1_120' title="bbox 3034 5913 3110 5980">
    <p class='ocr_par' dir='ltr' id='par_1_120' title="bbox 3034 5913 3110 5980">
     <span class='ocr_line' id='line_1_120' title="bbox 3034 5913 3110 5980; baseline 0.105 -8"><span class='ocrx_word' id='word_1_861' title='bbox 3034 5913 3110 5980; x_wconf 75' lang='grc'>58</span> 
     </span>
    </p>
   </div>
  </div>
