3936 6158
557 258 689 310 1835

2022 255 2077 309 S.
2119 253 2432 310 AMBROSII

3690 263 3788 316 1836

555 377 663 431 uici
703 377 878 433 fontis
919 377 1175 433 ubertate
1218 377 1503 450 deponat?
1543 399 1569 425 ‹‹
1606 377 1843 449 Agnovit
1879 377 2033 432 enim
2073 377 2173 432 bos
2198 391 2252 460 Α
2276 379 2494 430 teratur
2531 373 2801 440 adversis,
2843 372 3085 444 gratiam
3133 387 3247 427 suae
3294 372 3498 428 virtutis
3533 375 3715 446 eﬁudit;
3749 390 3796 437 ut

547 487 938 543 possessorem
973 488 1163 540 suum,
1201 479 1256 528 et
1297 472 1489 527 asinus
1531 488 1786 543 praesepe
1825 471 2044 527 domini
2089 471 2174 525 sui

547 564 766 636 (Isa.,1,
795 565 872 636 3).
904 585 932 615 ››
966 568 1165 636 Itaque
1192 565 1287 619 ille
1324 566 1566 637 populus
1608 565 1706 638 qui
1747 570 1912 620 antea
1939 563 2054 618 feni
2090 564 2174 618 vi-

549 657 616 713 lis
671 658 824 730 qnod
885 658 1214 729 priusquam
1279 659 1551 714 evellatur
1611 658 1847 726 arescit,
1904 657 2174 712 alimonia

548 752 903 823 pascebatur,
943 768 1154 822 panem
1198 752 1359 807 illum
1399 753 1496 823 qui
1526 769 1554 805 e
1585 753 1725 807 coelo
1764 751 2056 806 descendit
2089 767 2175 804 ac-

550 847 716 917 cepit.
764 846 830 900 Et
871 845 997 901 ideo
1034 862 1140 917 per
1173 846 1529 902 vocationem
1561 846 1805 900 duorum
1833 845 2171 916 p0pulorum

550 939 854 994 Ecclesiam
879 939 1016 993 dicit
1039 941 1251 994 salvam
1277 940 1548 1008 futuram,
1583 955 1711 1011 quae
1741 943 2001 1010 tempore
2030 939 2172 1008 legis

549 1033 808 1104 impleto,
841 1037 898 1087 et
930 1033 1240 1088 Dominicas
1270 1033 1699 1088 resurrectionis
1737 1035 1922 1101 aetate,
1950 1037 2173 1103 tempus

549 1142 665 1181 suae
722 1126 1089 1181 absolutionis
1135 1131 1451 1198 acceperat.
1506 1128 1682 1191 Quam
1737 1127 1986 1181 clemens
2035 1141 2172 1197 ergo

553 1218 810 1293 1453
851 1221 1140 1288 Dominus,
1169 1237 1340 1292 quam
1370 1221 1499 1292 pius
1527 1222 1586 1275 in
1621 1227 1880 1292 utroque,
1909 1237 2039 1275 cum
2076 1224 2175 1274 aut

551 1314 872 1381 miseretur,
916 1319 1015 1368 aut
1057 1313 1338 1368 vindicat!
1370 1320 1430 1368 In
1474 1314 1791 1386 Synagogae
1830 1318 1966 1386 typo
2004 1314 2168 1368 arbo-

549 1422 674 1461 rem
701 1406 883 1461 excidi
902 1407 1087 1476 jubet,
1116 1409 1176 1460 in
1204 1412 1340 1478 typo
1369 1408 1630 1463 Ecclesiae
1664 1408 1939 1463 feminam
1971 1408 2171 1462 salvat.

551 1500 733 1564 Quam
777 1500 952 1554 dulcis
995 1501 1295 1572 parabole!
1324 1501 1502 1556 facilis
1539 1506 1730 1556 autem
1774 1502 1994 1556 solutio.
2038 1501 2169 1555 Vin-

547 1596 738 1648 culum
770 1594 990 1648 vinculo
1020 1599 1350 1665 comparat;
1386 1599 1449 1650 ut
1487 1595 1914 1651 insimulatione
1949 1596 2171 1650 Judmo-

2277 470 2417 524 alios
2441 485 2668 541 quoque
2695 467 2792 540 qui
2826 468 2914 522 vel
2939 467 3196 532 audiunt,
3225 467 3312 521 vel
3339 466 3533 538 legunt,
3559 470 3701 526 odore
3733 477 3795 529 sui

2274 563 2576 634 compleat.
2637 563 2889 616 Granum
2945 560 3158 631 sinapis
3213 563 3478 630 martyres
3514 564 3665 618 nostri
3704 574 3800 622 sunt

2277 657 2445 725 Felix,
2495 656 2701 722 Nabor,
2749 659 2805 709 et
2853 654 3042 708 Victor
3091 655 3200 725 (17)
3257 670 3270 708 :
3323 653 3584 709 habebant
3626 657 3800 713 odorem

2274 751 2423 818 ﬁdei,
2471 750 2573 804 sed
2627 748 2854 804 latebat.
2906 747 3070 802 Venit
3122 747 3446 818 persecutio,
3487 764 3620 803 arma
3648 766 3805 821 posue-

2274 848 2426 913 runt,
2455 844 2596 898 colla
2621 842 2923 912 ﬂexerunt,
2954 841 3181 896 contriti
3217 841 3402 912 gladio
3429 857 3522 911 per
3554 842 3694 897 totius
3723 851 3805 899 ter-

2275 937 2460 993 minos
2513 935 2715 991 mundi
2767 934 3007 1007 gratiam
3055 935 3140 989 sui
3190 949 3439 1006 sparsere
3490 937 3726 1006 martyrii,
3767 943 3810 991 ut

2267 1032 2399 1102 jure
2428 1030 2644 1085 dicatur
2669 1047 2681 1085 :
2719 1052 2746 1078 «
2775 1032 2838 1084 In
2864 1043 3096 1084 omnem
3137 1033 3350 1084 terram
3387 1027 3542 1082 exivit
3572 1045 3713 1084 sonus
3742 1046 3810 1085 eo-

2273 1141 2401 1180 rum
2423 1125 2594 1195 (Psal.
2619 1141 2770 1191 xvm,
2801 1128 2875 1191 5).
2909 1145 2936 1172 »

2349 1221 2469 1272 179.
2503 1217 2614 1273 Sed
2653 1218 2793 1272 alias
2823 1217 3027 1272 teritur
3053 1217 3214 1283 ﬁdes,
3256 1216 3392 1270 alias
3428 1217 3691 1288 premitur,
3717 1217 3818 1271 alias

2273 1311 2604 1368 seminatur.
2633 1314 2756 1383 Ipse
2796 1311 3069 1366 Dominus
3111 1327 3352 1382 granum
3385 1315 3465 1365 est
3495 1310 3694 1381 sinapis.
3720 1311 3818 1365 Erat

2273 1406 2499 1477 integer
2539 1406 2609 1460 ab
2648 1405 2888 1476 injuria;
2919 1405 3014 1461 sed
3043 1421 3174 1460 eum
3214 1405 3370 1459 velut
3409 1420 3631 1475 granum
3663 1403 3824 1474 sinapis

2276 1500 2373 1572 qui
2403 1517 2520 1555 non
2553 1501 2844 1555 attriverat
2880 1501 3126 1571 populus
3162 1497 3466 1554 nesciebat.
3507 1497 3620 1552 Teri
3655 1497 3823 1563 maluit,

2275 1597 2338 1648 ut
2383 1595 2704 1649 diceremus
2736 1613 2747 1647 :
2783 1614 2810 1643 ‹‹
2845 1593 3052 1651 Christi
3094 1593 3251 1647 enim
3293 1592 3480 1647 bonus
3522 1591 3649 1646 odor
3681 1606 3829 1645 sumus

548 1703 677 1742 rum
733 1693 887 1742 actus
940 1689 1045 1758 (l6)
1097 1688 1349 1759 ipsorum
1396 1689 1792 1760 redarguetur.
1847 1691 1989 1746 Nam
2043 1704 2171 1742 cum
2276 1689 2392 1744 Deo
2423 1690 2487 1758 (ll
2529 1691 2675 1750 Cor.,
2714 1704 2774 1756 ιι,
2817 1688 2923 1757 15).
2969 1707 2996 1738 η
3028 1686 3340 1758 Comprimi
3383 1685 3602 1752 maluit;
3638 1683 3759 1738 unde
3791 1688 3829 1736 et

546 1781 650 1852 ipsi
708 1780 1046 1835 animalibus
1095 1781 1338 1836 Sabbato
1399 1783 1616 1837 solvant
1665 1783 1924 1852 vincula,
1980 1760 2471 1852 repre-BPetrus
2503 1782 2689 1837 dixit:
2725 1804 2753 1830 «
2799 1781 3204 1852 Comprimunt
3248 1786 3300 1834 te
3347 1779 3523 1834 turbas
3561 1781 3712 1850 (Lua,
3749 1793 3831 1842 vm,

545 1874 806 1930 hendunt
833 1875 1158 1943 Dominum,
1189 1876 1284 1947 qui
1316 1877 1576 1931 homines
1603 1894 1635 1931 a
1665 1882 2024 1948 peccatorum
2056 1875 2175 1929 vin-

547 1969 687 2023 culis
719 1969 995 2023 liberavit.

618 2064 790 2132 (Vers.
845 2067 929 2132 l8,
979 2064 1085 2134 19.)
1117 2064 1218 2119 Cui
1250 2065 1422 2119 simile
1451 2072 1530 2118 est
1572 2080 1797 2134 regnum
1837 2067 1950 2127 Dei,
1995 2071 2048 2119 et
2088 2065 2176 2120 cui

541 2159 715 2212 simile
764 2157 906 2210 illud
963 2158 1278 2212 aestimabo?
1337 2157 1525 2213 Simile
1580 2163 1656 2213 est
1709 2173 1880 2226 grano
1940 2159 2169 2228 sinapis,

541 2252 686 2320 quod
709 2256 987 2321 acceptum
1013 2252 1164 2306 homo
1195 2253 1342 2306 misit
1368 2254 1428 2305 in
1455 2252 1668 2306 hortum
1703 2267 1880 2315 suum,
1908 2256 1958 2306 et
1983 2254 2170 2315 crevit,

541 2350 589 2399 et
626 2346 780 2411 facta
819 2351 896 2400 est
936 2345 1118 2407 arbor,
1166 2351 1216 2400 et
1258 2347 1497 2401 volucres
1541 2347 1660 2401 cali
1699 2348 2078 2416 requieverunt
2112 2347 2171 2400 in

537 2441 706 2492 ramis
735 2439 865 2508 ejus.

613 2535 732 2587 176.
781 2532 954 2587 Docet
995 2549 1098 2588 nos
1144 2549 1392 2604 praesens
1434 2533 1597 2589 lectio
1642 2536 1905 2588 naturam
1947 2551 2171 2605 compa-

536 2625 820 2680 rationum
863 2627 1233 2698 spectandam
1277 2643 1431 2693 esse,
1484 2644 1600 2682 non
1653 2627 1923 2698 speciem.
1974 2630 2169 2699 Itaque

535 2718 828 2774 videamus
863 2736 966 2774 cur
1003 2721 1246 2776 sublime
1285 2737 1528 2791 regnum
1567 2721 1838 2775 coelorum
1882 2736 2062 2791 grano
2105 2720 2172 2774 si-

537 2813 697 2884 napis
740 2819 1102 2886 comparetur
1149 2832 1162 2869 :
1212 2831 1346 2868 nam
1393 2814 1634 2868 memini
1676 2815 1849 2870 etiam
1895 2814 2004 2869 alio
2047 2815 2170 2868 loco

537 2923 784 2976 granum
827 2907 1037 2978 sinapis
1091 2908 1328 2974 lectum,
1385 2907 1478 2962 ubi
1531 2907 1662 2962 ﬁdei
1709 2908 2029 2970 confertur.
2079 2908 2168 2962 di-

535 2999 696 3055 cente
725 3001 966 3056 Domino
995 3019 1007 3055 :
1045 3023 1074 3050 ‹‹
1102 3001 1161 3056 Si
1197 3001 1510 3055 habueritis
1535 3001 1708 3056 ﬁdem
1747 3002 1889 3057 sicut
1924 3018 2168 3073 granum

535 3093 769 3164 sinapis,
813 3094 1010 3148 dicetis
1047 3095 1181 3150 huic
1219 3094 1396 3149 monti
1444 3111 1456 3150 :
1497 3095 1733 3165 Tollere,
1778 3099 1833 3150 et
1859 3096 2071 3166 jactare
2110 3096 2167 3150 in

534 3203 691 3241 mare
746 3187 987 3257 (Matth,
1040 3204 1165 3256 xvu,
1217 3190 1323 3258 19).
1377 3211 1405 3238 ››
1458 3189 1569 3244 Nec
1623 3188 1825 3260 exigua
1869 3190 2018 3255 haec,
2066 3189 2162 3244 sed

536 3296 747 3352 magna
774 3286 856 3333 est
886 3279 1042 3347 ﬁdes,
1073 3297 1201 3352 quin
1241 3281 1422 3336 monti
1460 3282 1638 3353 possit
1668 3285 1732 3337 ut
1765 3299 1822 3336 se
1861 3283 2166 3338 transferat

531 3373 850 3445 imperare;
880 3390 1068 3446 neque
1107 3375 1261 3430 enim
1303 3375 1648 3431 mediocrem
1690 3376 1860 3432 ﬁdem
1895 3378 2166 3433 Dominus

534 3467 710 3539 exigit
759 3468 828 3522 ab
880 3468 1178 3540 apostolis,
1235 3469 1442 3540 quibus
1489 3471 1757 3526 adversus
1803 3471 2165 3528 altitudinem

534 3561 901 3617 extollentem
933 3578 991 3618 se
1021 3563 1294 3635 nequitiae
1334 3564 1604 3634 spiritalis
1635 3565 1738 3620 scit
1776 3582 1897 3620 esse
1945 3572 2162 3621 certan-

535 3649 692 3711 d‘um.
737 3656 831 3710 Vis
872 3656 1014 3712 scire
1066 3673 1337 3729 magnam
1386 3656 1558 3714 ﬁdem
1607 3660 1863 3732 requiri?
1915 3661 2060 3732 Lege
2106 3661 2164 3715 in

532 3751 798 3822 Apostolo
843 3768 856 3806 :
905 3771 932 3798 ‹‹
978 3751 1044 3805 Et
1082 3751 1129 3805 si
1179 3751 1421 3806 habeam
1463 3769 1699 3809 omnem
1739 3754 1936 3821 ﬁdem,
1981 3755 2061 3809 ita
2107 3759 2168 3808 ut

532 3851 756 3900 montes
782 3844 1122 3900 transferam
1151 3845 1192 3916 (Ι
1219 3845 1361 3909 Con,
1391 3863 1504 3917 xin,
1533 3850 1608 3918 2).
1644 3870 1670 3896 ››

607 3944 726 3994 177.
760 3940 909 4010 Ergo
949 3941 994 3994 si
1021 3956 1263 4011 regnum
1292 3943 1568 3996 caelorum
1607 3943 1754 3997 sicut
1794 3960 2038 4014 granum
2087 3943 2164 3998 si-

536 4034 714 4104 napis,
745 4037 802 4087 et
840 4034 978 4089 ﬁdes
1023 4035 1166 4090 sicut
1204 4051 1451 4106 granum
1493 4035 1706 4108 sinapis
1742 4060 1752 4090 :
1793 4037 1932 4093 ﬁdes
1971 4038 2166 4110 utique

535 4141 779 4197 regnum
841 4126 1110 4182 caelorum
1167 4133 1284 4198 est,
1339 4133 1396 4183 et
1446 4145 1691 4202 regnum
1755 4133 2027 4187 ccelorum
2083 4137 2167 4188 est

536 4218 692 4274 ﬁdes.
734 4221 931 4292 itaque
971 4222 1067 4291 qui
1109 4223 1284 4277 ﬁdem
1323 4222 1512 4293 habet,
1559 4224 1732 4280 habet
1770 4242 2012 4298 regnum
2054 4243 2162 4282 caa-

533 4315 742 4369 lorum.
774 4315 840 4368 Et
865 4331 1110 4386 regnum
1139 4317 1232 4371 Dei
1265 4316 1419 4370 intra
1443 4333 1565 4384 nos,
1600 4324 1658 4373 et
1695 4318 1836 4374 ﬁdes
1875 4321 2027 4375 intra
2065 4337 2167 4375 nos

533 4411 648 4474 est;
688 4407 928 4480 legimus
973 4409 1128 4464 enim
1172 4429 1182 4464 :
1235 4432 1261 4460 ‹‹
1305 4411 1570 4482 Regnum
1621 4411 1715 4466 Dei
1757 4413 1907 4468 intra
1950 4431 2045 4467 vos
2085 4421 2169 4470 est

2273 1877 2382 1947 45).
2435 1900 2460 1927 n
2512 1875 2790 1932 Seminari
2828 1875 3032 1930 maluit
3059 1874 3215 1929 velut
3239 1889 3481 1945 granum
3522 1871 3662 1944 quod
3690 1886 3832 1941 accep-

2274 1975 2394 2025 tum
2436 1971 2613 2026 homo
2663 1970 2817 2024 misit
2841 1970 2901 2024 in
2930 1969 3165 2024 hortum
3204 1983 3410 2034 suum;
3438 1967 3498 2021 in
3534 1966 3686 2021 horto
3725 1965 3834 2018 enim

2272 2065 2526 2122 Christus
2557 2068 2613 2117 et
2641 2066 2835 2135 captus
2866 2069 2922 2118 et
2946 2063 3200 2134 sepultus
3229 2079 3242 2117 :
3272 2061 3332 2116 in
3369 2062 3535 2115 horto
3570 2058 3742 2125 crevit,
3768 2055 3833 2109 ubi

2273 2159 2449 2214 etiam
2501 2158 2832 2226 resurrexit,
2878 2162 2934 2212 et
2972 2157 3152 2212 factus
3194 2161 3279 2211 est
3323 2155 3510 2222 arbor,
3552 2153 3684 2208 sicut
3717 2151 3839 2220 scrip

2272 2257 2397 2308 tum
2435 2258 2562 2308 est:
2601 2273 2626 2300 ‹‹
2660 2251 2812 2307 Sicut
2851 2250 3021 2305 arbor
3065 2249 3196 2304 mali
3244 2247 3506 2320 1454
3552 2247 3691 2301 inter
3729 2245 3839 2313 ligna

2271 2346 2452 2414 silvas,
2513 2346 2589 2400 ita
2640 2346 2816 2400 frater
2887 2360 3050 2398 meus
3114 2344 3267 2398 inter
3332 2341 3588 2397 medium
3650 2339 3845 2394 ﬁliorum

2271 2441 2479 2509 (Cant.,
2516 2456 2574 2506 ιι,
2605 2440 2679 2509 3).
2711 2461 2736 2489 υ

2346 2537 2466 2589 180.
2502 2535 2650 2606 Ergo
2692 2537 2749 2587 et
2786 2536 2844 2588 tu
2883 2531 3100 2587 semina
3142 2530 3198 2586 in
3245 2531 3414 2586 horto
3454 2534 3555 2585 tuo
3596 2527 3848 2586 Christum.

2272 2630 2476 2682 Hortus
2501 2629 2700 2698 utique
2725 2627 2878 2682 locus
2903 2628 3108 2698 plenus
3148 2630 3233 2681 est
3273 2625 3488 2680 florum
3529 2627 3583 2678 et
3613 2623 3847 2677 fructuum
3896 2693 3897 2708 χ

2271 2721 2649 2787 diversorum,
2691 2720 2749 2774 in
2797 2736 2908 2791 quo
2956 2719 3139 2790 gratia
3178 2719 3259 2774 tui
3307 2719 3499 2789 operis
3543 2715 3790 2779 efﬁoreat,
3816 2715 3852 2763 et
3896 2735 3897 2754 :

2271 2815 2567 2885 multiplex
2610 2815 2750 2869 odor
2788 2815 2955 2868 varias
2994 2813 3214 2868 virtutis
3245 2812 3496 2867 exhalet.
3529 2810 3607 2865 Ibi
3645 2823 3767 2878 ergo
3804 2804 3850 2856 sit

2271 2909 2546 2975 Christus,
2580 2908 2677 2962 ubi
2707 2908 2923 2963 fructus
2950 2913 3052 2962 est.
3093 2907 3325 2962 Semina
3357 2904 3662 2960 Dominum
3689 2902 3853 2956 Iesum.

2271 3002 2523 3057 Granum
2567 3006 2651 3057 est
2691 3018 2820 3056 cum
2863 3000 3400 3072 comprehenditur,
3445 2999 3615 3053 arbor
3651 3001 3726 3050 est
3762 3007 3855 3046 cum
3896 3019 3897 3030 ι

2269 3097 2537 3167 resurgit,
2580 3095 2752 3150 arbor
2791 3095 3070 3150 mundum
3119 3093 3501 3148 obumbrans.
3534 3091 3763 3147 Granum
3799 3089 3857 3138 est
3896 3087 3897 3146 ἦ

2269 3207 2398 3245 cum
2428 3191 2703 3261 sepelitur
2731 3189 2789 3243 in
2824 3195 2990 3256 terra,
3036 3187 3207 3242 arbor
3251 3191 3340 3243 est
3376 3202 3511 3241 cum
3550 3186 3779 3240 elevatur
3807 3177 3856 3230 ad
3896 3215 3897 3228 χ

2265 3285 2495 3340 coelum.

2342 3381 2429 3433 181
2447 3420 2460 3434 .
2487 3380 2687 3433 Preme
2712 3377 2886 3432 etiam
2919 3393 3049 3432 cum
3076 3376 3320 3443 Christo,
3370 3379 3432 3431 et
3458 3373 3676 3430 semina
3700 3369 3853 3424 ﬁdem.
3896 3397 3897 3444 ξ

2267 3473 2550 3528 Premitur
2597 3472 2770 3539 ﬁdes,
2819 3488 2950 3526 cum
3003 3470 3348 3526 cruciﬁxum
3393 3467 3685 3524 credimus
3721 3459 3858 3518 Chris-

2265 3574 2407 3622 tum.
2449 3566 2653 3621 Pressit
2683 3565 2860 3620 ﬁdem
2890 3565 3111 3632 Paulus,
3157 3581 3293 3618 cum
3337 3562 3563 3618 diceret
3591 3579 3602 3615 :
3639 3581 3662 3607 α
3694 3560 3752 3611 Et
3785 3567 3860 3622 ego
3896 3561 3897 3632 1

2265 3662 2500 3716 veniens
2527 3661 2598 3716 ad
2636 3676 2753 3727 vos,
2801 3661 3028 3725 fratres,
3075 3659 3206 3712 veni
3254 3674 3378 3712 non
3427 3672 3566 3711 cum
3611 3646 3862 3709 eminentia

2266 3755 2549 3810 sermonis
2599 3759 2698 3809 aut
2741 3753 3063 3825 sapientiae,
3115 3752 3448 3823 praedicans
3507 3749 3664 3805 vobis
3710 3745 3897 3818 mysi?)

2267 3849 2417 3905 rium
2443 3849 2567 3918 Dei;
2597 3864 2784 3920 neque
2823 3847 2980 3902 enim
3001 3845 3250 3918 judicavi
3279 3862 3378 3901 me
3413 3846 3562 3900 scire
3606 3841 3731 3915 quid
3755 3838 3862 3892 inter

2266 3960 2388 4012 vos,
2454 3944 2561 3998 nisi
2613 3945 2805 3997 Jesum
2869 3941 3192 4007 Christum,
3257 3945 3316 3996 et
3377 3941 3534 3995 hunc
3591 3931 3897 4000 cruciﬁxum)

2267 4039 2308 4108 (1
2351 4039 2491 4101 Cor.,
2526 4054 2580 4106 ιι,
2629 4040 2677 4103 1,
2709 4037 2784 4106 2).
2821 4057 2847 4085 »
2880 4038 2944 4090 Et
2982 4035 3112 4107 quia
3154 4034 3361 4090 docuit
3411 4046 3677 4106 premere
3713 4027 3864 4083 ﬁdem.
3896 4033 3897 4078 ἒ

3896 3561 3897 3616 1

3895 3645 3897 3706 4

3896 3843 3897 3916 1

3895 3947 3897 4000 ι

2267 4131 2458 4187 docuit
2499 4137 2554 4185 et
2592 4131 2800 4199 levare,
2852 4129 3046 4184 dicens
3077 4145 3091 4183 :
3123 4149 3150 4177 ‹‹
3179 4130 3346 4183 Nunc
3381 4129 3544 4183 enim
3585 4122 3866 4183 cruciﬁxum

2261 4226 2383 4296 jam
2430 4240 2546 4279 non
2589 4224 2850 4279 novimus
2886 4223 3170 4280 Christum
3205 4224 3273 4288 (ll
3307 4225 3466 4285 Cor.,
3509 4238 3565 4290 γ,
3600 4222 3703 4289 16).
3740 4238 3764 4262 ν)
3802 4213 3897 4272 56-)

2267 4320 2552 4373 minamus
2579 4323 2770 4373 autem
2807 4317 3003 4384 ﬁdem,
3051 4333 3182 4371 cum
3220 4333 3293 4371 ex
3341 4315 3657 4386 Evangelio
3687 4316 3737 4367 et
3762 4322 3866 4378 apo-
3896 4325 3897 4364 ξ

2266 4412 2475 4467 stolicis
2503 4428 2567 4466 ac
2597 4411 2941 4483 propheticis
2983 4411 3334 4466 lectionibus
3377 4409 3674 4465 credimus
3709 4405 3760 4459 in
3799 4401 3897 4458 DO-l

537 4505 706 4568 (Luc.,
739 4517 865 4573 xvu,
899 4504 1005 4574 2t).
1035 4525 1062 4553 ››
1094 4505 1163 4558 Et
1193 4503 1327 4559 alibi
1358 4521 1370 4558 :
1409 4527 1435 4554 ‹‹
1472 4504 1683 4560 Habete
1713 4505 1888 4561 ﬁdem
1920 4507 1978 4560 in
2011 4504 2245 4576 vobisD
2270 4506 2414 4561 mini
2443 4506 2781 4577 passionem.
2820 4505 3186 4560 Seminamus
3214 4521 3366 4577 ergo
3394 4504 3597 4571 ﬁdem,
3627 4515 3749 4556 cum
3773 4507 3869 4549 eam
3896 4509 3897 4540 ξ

533 4594 670 4666 ipsis
710 4597 922 4665 (Marc,
969 4613 1044 4664 x1,
1077 4598 1189 4668 22).
1221 4620 1248 4648 »
1286 4599 1543 4671 Denique
1577 4605 1803 4655 sanctus
1833 4601 2033 4656 Petrus
2063 4604 2161 4674 qui

534 4691 770 4745 'omnem
809 4690 1012 4746 habuit
1054 4691 1249 4762 ﬁdem,
1290 4695 1451 4764 regni
1490 4695 1760 4749 ccelorum
1796 4695 1973 4751 claves
2013 4701 2073 4752 ut
2107 4703 2162 4752 et

536 4783 661 4839 aliis
690 4789 987 4852 reserarat,
1015 4786 1247 4856 accepit.

614 4880 730 4934 l78.
777 4877 935 4932 Nunc
980 4893 1048 4932 ex
1091 4882 1295 4933 natura
1337 4880 1571 4953 sinapis,
1622 4899 1752 4954 quae
1790 4884 1964 4938 virtus
2001 4901 2158 4940 com-

533 4972 842 5043 parationis
884 4972 954 5026 sit
999 4972 1366 5028 aestimemus.
1414 4976 1664 5030 Granum
1711 4979 1833 5049 ejus
1874 4982 2026 5033 certe
2072 4995 2164 5033 res

533 5072 616 5121 est
664 5066 788 5120 vilis
826 5070 883 5120 et
936 5067 1172 5138 simplex
1222 5085 1235 5121 :
1287 5068 1332 5122 si
1375 5069 1480 5123 teri
1528 5071 1792 5142 coeperit,
1843 5072 1955 5126 vim
1999 5089 2164 5128 suam

529 5159 738 5215 fundit.
786 5160 968 5214 Etiam
1008 5160 1151 5216 ﬁdes
1191 5160 1376 5232 primo
1414 5162 1654 5234 simplex
1683 5163 1938 5232 videtur;
1983 5166 2080 5220 sed
2119 5167 2162 5220 si

583 5328 691 5390 (16)
732 5328 940 5379 Omnes
992 5327 1122 5378 edit.
1165 5341 1231 5378 ac
1276 5342 1408 5379 mss.
1451 5329 1682 5394 aliquot,
1733 5337 1790 5381 ut
1838 5331 2165 5387 insimulatio

523 5397 833 5466 Iudaeorum
879 5403 1019 5457 actu,
1064 5401 1171 5449 etc.
1217 5397 1330 5449 Sed
1365 5400 1458 5449 alii
1501 5402 1689 5464 plures
1731 5407 1786 5452 et
1825 5403 2165 5466 probatiores

532 5462 824 5518 nobiscum
851 5469 1080 5530 faciunt,
1113 5474 1346 5533 excepto
1377 5462 1527 5534 quod
1556 5472 1613 5520 in
1650 5462 1987 5536 quibusdam
2030 5475 2164 5540 legi-

534 5543 620 5586 tur
648 5552 742 5601 per
765 5540 1110 5602 divisionem,
1147 5542 1206 5590 in
1233 5541 1590 5593 simulatione.

594 5608 689 5670 (17)
732 5609 811 5658 Ita
855 5624 983 5660 mss.
1025 5612 1139 5662 fere
1178 5612 1248 5662 ad
1291 5626 1486 5664 unum.
1535 5614 1744 5666 Omnes
1791 5620 1977 5667 tamen
2030 5617 2159 5667 edit.

530 5678 895 5744 subjungunt,
948 5685 1262 5743 Gervasius,
1318 5690 1364 5735 et
1415 5687 1718 5746 Protasius,
1769 5691 1814 5736 et
1870 5687 2159 5740 Nazarius.

521 5748 937 5812 ’Quarum'edlt.
967 5753 1012 5802 si
1041 5755 1302 5813 standum
1329 5762 1475 5808 esset
1504 5759 1841 5821 auctoritati,
1867 5763 2055 5810 nostra
2093 5763 2161 5812 de

531 5823 703 5885 hujus
750 5822 929 5884 operis
970 5835 1091 5872 aevo
1143 5828 1664 5880 sententia'invicte
1707 5832 1899 5882 contra
1942 5831 2162 5882 Baronii

2261 4601 2416 4657 velut
2448 4600 2665 4655 mollito
2705 4603 2762 4654 et
2791 4599 3023 4659 subacto
3063 4599 3182 4654 solo
3222 4599 3550 4654 Dominicae
3580 4595 3752 4650 carnis
3773 4601 3874 4658 ope-

2264 4697 2477 4763 rimus;
2508 4700 2572 4749 ut
2598 4693 2763 4764 quasi
2791 4710 2996 4765 vapore
3023 4696 3079 4748 et
3113 4709 3464 4764 compressu
3495 4691 3637 4746 sacri
3666 4680 3897 4755 cor-poni»?

2266 4790 2402 4844 ﬁdes
2431 4805 2488 4843 se
2515 4788 2639 4859 ipsa
2664 4787 3140 4851 disseminet.0ui
3170 4787 3335 4841 enim
3368 4783 3678 4841 crediderit
3698 4780 3870 4835 factum

2264 4883 2561 4938 hominem
2618 4883 2710 4937 Dei
2763 4881 3000 4951 Filium,
3055 4881 3238 4936 credit
3288 4884 3593 4936 mortuum
3645 4891 3755 4931 esse
3798 4882 3873 4940 pro

2267 4977 2451 5046 nobis,
2491 4977 2670 5032 credit
2709 4976 3084 5032 resurrexisse
3127 4991 3233 5047 pro
3283 4975 3478 5042 nobis,
3511 4970 3684 5027 credit
3711 4976 3869 5021 ascen-

2265 5071 2411 5126 disse
2456 5087 2560 5142 pro
2608 5070 2788 5125 nobis.
2816 5069 3044 5124 Semino
3083 5085 3221 5140 ergo
3263 5068 3472 5136 ﬁdem,
3501 5081 3632 5122 cum
3667 5057 3870 5131 sepultu-

2264 5181 2389 5220 ram
2419 5164 2548 5234 ejus
2574 5165 2876 5219 intersero.

2267 5331 2404 5384 illud
2454 5346 2601 5383 anno
2655 5332 2749 5383 376
2804 5331 3101 5382 tribuentis
3155 5330 3489 5393 opinionem
3536 5323 3864 5378 instrueretur;

2264 5418 2394 5454 nam
2421 5416 2486 5454 eo
2513 5417 2660 5453 anno
2685 5417 2754 5453 ne
2796 5404 3023 5453 nomina
3062 5401 3292 5465 quidem
3342 5402 3546 5453 horum
3587 5398 3863 5449 sanctorum

2264 5478 2484 5542 cognita
2539 5481 2710 5527 erant.
2759 5475 2967 5526 Verum
3020 5476 3218 5538 ingens
3268 5475 3520 5538 suspicio
3573 5474 3650 5521 est
3697 5465 3860 5542 hortuli

2265 5535 2431 5599 trium
2460 5549 2688 5597 nomina
2720 5547 2899 5596 tribus
2924 5535 3198 5610 prioribus
3234 5560 3268 5595 a
3308 5535 3574 5610 quopiam
3614 5535 3862 5610 “propter

2264 5619 2322 5668 in
2353 5632 2452 5668 ms.
2485 5618 2672 5682 aliquo
2700 5601 3020 5669 recentioris
3046 5619 3151 5668 aevi
3188 5601 3381 5667 addita
3420 5601 3558 5673 esse,
3599 5605 3734 5674 quod
3755 5601 3860 5686 ‘Mt’f

2263 5690 2490 5753 diolani,
2521 5704 2632 5754 qua
2658 5692 2714 5740 in
2744 5689 2882 5740 urbe
2911 5689 2994 5740 illi
3021 5701 3211 5740 omnes
3241 5688 3397 5752 passi
3437 5689 3580 5742 sunt,
3615 5683 3859 5754 Ρΐεῖοἱρυῗ

2264 5762 2321 5811 in
2369 5747 2579 5811 honore
2628 5761 2985 5823 haberentur,
3027 5765 3081 5811 et
3125 5747 3472 5824 reperiantur
3515 5756 3570 5804 in
3613 5747 3854 5804 Ambros"

2263 5833 2482 5898 scriptis
2511 5832 2792 5884 celebrati.
