4022 6176
129 309 233 362 1837
1172 304 1635 361 EXPOSITIONIS
1676 305 1746 359 IN
1783 305 2008 362 LUCAM
2048 306 2175 360 LIB.
2217 306 2331 360 VII.
3299 313 3435 365 1838

179 431 282 483 182.
314 427 400 479 Vis
441 426 575 480 scire
617 442 863 496 granum
908 426 1214 494 Christum,
1257 434 1313 482 et
1357 429 2056 513 seminatumAtantibus
2110 428 2349 496 Iudaeis,
2405 429 2538 499 quia
2588 429 2742 499 quasi
2796 429 2923 484 latae
2973 430 3190 486 arboris
3248 449 3435 488 ramos

121 519 416 578 Christum?
445 540 471 567 ‹‹
509 519 620 575 Nisi
662 537 906 590 granum
948 521 1119 575 tritici
1157 522 1360 576 cadens
1398 522 1457 576 in
1487 526 1700 576 terram
1802 539 1919 577 non
1974 526 2237 592 poterant
2287 522 2790 592 comprehendere,
2844 523 3096 577 dicentes
3141 542 3153 577 ε
3203 545 3228 574 ει
3276 525 3434 582 Unde

121 615 376 678 moriatur,
407 613 588 683 ipsum
621 613 805 667 solum
847 620 1079 682 manet;
1115 615 1158 668 si
1193 619 1381 669 autem
1416 618 1700 669 mortuum
1802 617 1937 670 huic
1965 616 2070 669 ista
2099 615 2379 686 sapientia
2404 616 2592 686 (Ibid.,
2629 615 2754 683 56)?
2786 635 2812 666 ιι

120 707 276 773 fuerit,
312 707 547 760 multum
593 707 842 761 fructum
890 707 1090 762 afferet
1131 711 1333 774 (Joan.,
1379 725 1475 774 xu,
1513 711 1627 775 24).
1673 731 1700 757 ››

119 804 236 870 Ergo
273 815 378 853 non
418 799 748 867 erravimus,
789 801 924 872 quia
955 801 1204 855 diximus
1239 801 1393 872 quod
1432 802 1554 873 ipse
1581 802 1698 872 jam

117 895 322 947 dixerat.
371 894 461 946 Est
506 899 699 947 autem
747 900 804 948 et
854 911 1096 964 granum
1145 895 1338 960 tritici,
1389 896 1524 965 quia
1561 912 1700 950 con-

116 990 268 1042 ﬁrmat
307 1002 400 1040 cor
438 987 722 1055 hominis;
767 992 824 1041 et
866 1005 1109 1058 granum
1156 988 1387 1060 sinapis,
1432 990 1564 1060 quia
1605 1005 1703 1043 cor

117 1080 323 1136 hominis
374 1081 650 1135 accendit.
709 1084 774 1137 Et
827 1081 958 1136 licet
1017 1083 1089 1136 ad
1142 1083 1338 1136 omnia
1395 1089 1702 1153 utrumque

122 1175 400 1240 conveniat,
439 1174 663 1228 videtur
701 1179 890 1229 tamen
936 1192 1179 1246 granum
1224 1177 1415 1240 tritici,
1462 1193 1590 1230 cum
1631 1177 1700 1230 de

119 1270 212 1337 ejus
253 1268 658 1321 resurrectione
703 1273 1004 1335 tractatur;
1052 1271 1216 1340 panis
1257 1270 1411 1323 enim
1451 1270 1547 1324 Dei
1594 1275 1698 1337 est,

118 1360 190 1428 qui
228 1360 289 1413 de
336 1361 472 1414 ccelo
519 1361 810 1414 descendit
855 1365 1055 1429 (Joan.,
1103 1379 1188 1427 Vl,
1247 1365 1374 1430 33);
1428 1379 1494 1416 eo
1547 1361 1703 1432 quod

120 1451 321 1506 Verbum
363 1453 481 1518 Dei,
530 1460 586 1507 et
627 1454 1060 1509 resurrectionis
1101 1456 1429 1526 exemplum
1479 1461 1703 1510 mentes

119 1547 216 1611 alat,
251 1563 402 1616 spem
442 1551 631 1614 acuat,
674 1548 864 1602 ﬁrmet
893 1548 1190 1616 affectum;
1233 1565 1474 1618 granum
1505 1555 1701 1603 autem

118 1640 305 1709 sinapis,
351 1656 416 1694 co
460 1640 618 1710 quod
663 1641 917 1695 amarior
953 1645 1009 1694 et
1056 1643 1240 1695 acrior
1286 1658 1474 1696 sermo
1521 1642 1590 1695 sit
1634 1643 1704 1695 de

119 1733 303 1786 Domini
347 1733 640 1803 passione;
681 1735 929 1788 amarior
968 1735 1039 1789 ad
1081 1735 1359 1802 ﬂendum,
1405 1736 1590 1789 acrior
1633 1736 1704 1790 ad

118 1827 572 1881 commovendum.
632 1829 824 1898 Itaque
871 1844 1001 1882 cum
1052 1828 1312 1883 audimus
1361 1836 1415 1882 et
1460 1829 1704 1899 legimus

115 1920 357 1987 jejunasse
402 1920 714 1974 Dominum
759 1922 1000 1986 (Matth.,
1051 1939 1120 1989 IV,
1168 1925 1242 1990 2),
1290 1922 1468 1977 sitisse
1518 1923 1701 1976 Domi-

121 2029 227 2066 num
256 2016 442 2080 (Joun.,
474 2030 551 2083 iv,
587 2015 662 2082 7),
691 2015 1027 2086 lacrymasse
1058 2016 1362 2070 Dominum
1399 2019 1598 2080 (Joan.,
1629 2033 1702 2083 iii,

121 2108 203 2171 35),
246 2108 532 2176 vapulasse
581 2109 909 2176 Dominum,
956 2109 1245 2163 dicentem
1291 2125 1519 2180 quoque
1569 2127 1703 2164 eum

120 2198 197 2250 sub
219 2205 457 2271 tempore
479 2201 798 2272 passionis:
825 2223 850 2253 ι(
872 2202 1111 2272 Vigilate
1144 2208 1201 2257 et
1220 2209 1401 2271 orate,
1435 2220 1505 2257 ne
1537 2203 1704 2258 intre-

121 2293 171 2344 tis
196 2293 244 2346 in
279 2295 650 2348 tentationem
686 2318 711 2344 ››
749 2297 988 2365 (Matth.,
1023 2312 1168 2364 xxvx,
1211 2296 1320 2366 41);
1355 2298 1508 2350 velut
1536 2313 1704 2351 succo

121 2386 363 2441 amarioris
388 2389 675 2442 sermonis
703 2389 986 2459 increpiti,
1016 2389 1293 2443 dulciores
1315 2390 1472 2458 justo
1503 2391 1701 2461 volup-

122 2483 260 2533 tatum
307 2482 612 2536 suavitates
678 2483 786 2551 (18)
851 2482 1236 2552 corporalium
1292 2490 1701 2554 temperamus.

124 2571 234 2642 Ergo
257 2574 342 2645 qui
371 2576 618 2629 seminat
645 2591 890 2646 granum
919 2576 1150 2646 sinapis,
1183 2575 1429 2631 seminat
1459 2593 1702 2647 regnum

126 2666 341 2721 ccelorum
353 2710 364 2722 .

180 2762 274 2814 183.
313 2762 383 2814 Ne
423 2761 706 2832 despicias
752 2761 858 2816 hoc
895 2778 1136 2832 granum
1177 2764 1392 2833 sinapis
1430 2771 1442 2817 ξ
1481 2783 1508 2813 α
1537 2763 1701 2817 Mini-

127 2868 247 2906 mum
290 2855 516 2925 quidem
568 2859 652 2909 est
698 2855 962 2909 omnibus
1015 2856 1349 2924 seminibus,
1399 2857 1462 2910 ﬁt
1514 2862 1705 2911 autem

127 2962 222 2999 cum
245 2950 488 3015 creverit,
524 2948 714 3018 majus
741 2949 1010 3002 omnibus
1041 2950 1290 3004 oleribus
1319 2953 1558 3018 (Matth.,
1587 2968 1702 3018 xm,

130 3041 206 3100 3'2).
234 3063 258 3090 »
285 3042 336 3096 Si
365 3053 616 3113 granum
659 3042 870 3113 sinapis
906 3043 1181 3110 Christus,
1211 3044 1703 3114 quemadmodum

1878 736 1997 787 185.
2027 732 2279 786 Granum
2324 732 2499 803 igitur
2534 736 2616 786 est
2653 732 2854 802 ﬁgura,
2889 731 3058 786 arbor
3093 738 3176 788 est
3211 734 3431 806 sapien-

1803 826 1878 880 tia
1923 843 1934 878 :
1978 827 2036 880 in
2081 825 2239 894 cujus
2293 826 2686 880 frondentibus
2734 827 2909 880 ramis
2962 827 3056 881 ille
3108 829 3433 900 nycticorax

1804 919 1860 972 in
1918 918 2236 985 domicilio,
2296 919 2387 974 ille
2451 937 2642 990 passer
2705 921 3008 992 singularis
3064 922 3121 975 in
3189 923 3428 977 zediﬁcin

1803 1013 1970 1081 (Psal.
2022 1029 2092 1079 Cl,
2153 1017 2226 1081 7),
2282 1012 2372 1068 ille
2419 1018 2617 1084 raptus
2666 1015 2724 1068 in
2782 1014 3110 1085 paradisum
3160 1018 3227 1082 (II
3283 1017 3429 1082 Cor,

1803 1123 1897 1172 xu,
1943 1107 2020 1173 4),
2054 1107 2112 1160 in
2146 1123 2338 1161 aerem
2385 1108 2686 1178 rapiendus
2725 1113 2781 1162 et
2818 1109 2997 1162 nubes
3036 1111 3075 1177 (Ι
3117 1111 3320 1172 Thess,
3360 1127 3434 1176 iv,

1806 1201 1914 1270 16),
1963 1204 2083 1254 tuta
2128 1200 2248 1270 jam
2294 1200 2426 1254 sede
2469 1201 2808 1270 requiescat.
2851 1202 3232 1272 Requiescunt
3262 1204 3434 1258 etiam

1805 1296 2112 1364 potestates
2133 1297 2190 1347 et
2208 1293 2398 1362 angeli
2420 1294 2712 1363 caelorum,
2737 1298 2791 1348 et
2813 1295 3138 1365 quicunque
3167 1296 3430 1366 spiritua-

1805 1387 1948 1440 libus
1993 1386 2149 1440 factis
2199 1387 2426 1440 evolare
2469 1390 2822 1441 meruerunt.
2873 1388 3171 1458 Reqiiievit
3210 1394 3435 1444 sanctus

1801 1480 2062 1547 Joannes,
2105 1496 2234 1533 cum
2271 1479 2631 1534 recumberet
2665 1496 2837 1550 super
2880 1483 3075 1550 pectus
3112 1483 3270 1549 .lesu;
3316 1482 3432 1536 imo

1805 1576 1861 1626 et
1899 1573 2018 1644 ipse
2057 1573 2180 1643 ejus
2210 1573 2426 1626 arboris
2468 1589 2634 1627 succo
2672 1573 2825 1627 velut
2854 1589 3047 1627 ramus
3089 1574 3430 1629 extenditur.

1806 1667 2015 1720 Hamus
2063 1673 2146 1720 est
2191 1668 2402 1732 Petrus,
2456 1683 2643 1719 ramus
2693 1669 2775 1719 est
2833 1667 3061 1735 Paulus,
3115 1668 3433 1737 posteriora

1806 1759 2158 1828 obliviscens,
2192 1763 2247 1814 et
2277 1776 2338 1814 ea
2367 1775 2495 1829 quas
2525 1764 2657 1813 sunt
2684 1759 2877 1829 priora
2903 1763 3201 1830 appetens.

1879 1878 2000 1929 186.
2047 1877 2104 1929 In
2149 1892 2394 1945 quorum
2441 1875 2617 1941 sinus,
2669 1881 2726 1928 et
2773 1875 3054 1946 quosdam
3096 1876 3428 1947 disputatio-

1808 1986 1943 2022 num
1980 1986 2258 2036 recessus,
2306 1969 2406 2040 qui
2451 1985 2682 2023 eramus
2727 1969 2920 2039 longe,
2975 1986 3076 2022 nos
3121 1970 3329 2024 scilicet
3366 1987 3433 2024 ex

1808 2063 2134 2116 nationibus
2176 2062 2526 2134 congregati,
2567 2078 2711 2133 quos
2755 2061 2851 2115 diu
2893 2077 2994 2132 per
3031 2063 3196 2117 inane
3235 2063 3435 2117 mundi

1806 2157 1910 2224 (20)
1955 2156 2202 2226 procella
2244 2161 2300 2210 et
2338 2156 2506 2210 turbo
2537 2155 2810 2225 nequitiae
2851 2155 3114 2226 spiritalis
3155 2156 3432 2227 agitabat,

1807 2250 2108 2319 assumptis
2158 2249 2431 2302 virtutum
2489 2249 2744 2318 remigiis
2801 2248 3163 2315 advolamus;
3224 2252 3286 2302 ut
3331 2265 3438 2304 nos

1809 2343 2007 2396 umbra
2033 2348 2362 2396 sanctorum
2391 2343 2460 2396 ab
2494 2342 2654 2395 istius
2682 2341 2881 2395 mundi
2907 2341 3109 2396 ardore
3137 2341 3434 2408 defendat,

1805 2441 1970 2489 certae
2015 2435 2266 2490 stationis
2304 2435 2425 2505 jam
2473 2434 2770 2489 securitate
2815 2439 3147 2499 vernantes;
3178 2450 3244 2488 eo
3286 2435 3436 2504 quod

1807 2529 1997 2582 anima
2033 2533 2227 2582 nostra
2259 2528 2526 2598 gravibus
2563 2534 2715 2592 ante,
2757 2527 2902 2581 sicut
2943 2527 3037 2580 illa
3080 2527 3308 2596 mulier,
3347 2528 3435 2580 in-

1805 2623 2008 2676 clinata
2045 2621 2308 2692 peccatis,
2341 2627 2402 2675 ut
2432 2638 2622 2691 passer
2653 2625 2851 2691 erepta
2878 2620 2947 2674 de
2987 2621 3190 2690 laqueo
3222 2636 3434 2674 venan-

1808 2716 1951 2769 tium
1983 2716 2040 2768 in
2070 2731 2262 2769 ramos
2298 2714 2519 2768 Domini
2549 2718 2888 2784 montesque
2921 2713 3202 2783 migravit.
3241 2715 3436 2784 Itaque

1806 2812 1940 2862 ante
1990 2808 2292 2879 superiluis
2337 2807 2825 2862 observationibus
2867 2806 3014 2871 vani,
3059 2810 3117 2858 et
3163 2805 3319 2860 inani
3362 2806 3438 2860 le-

1805 2903 1971 2957 vitate
1998 2901 2312 2967 volitantes,
2342 2917 2491 2954 nunc
2521 2901 2646 2970 jam
2676 2916 2780 2970 per
2816 2898 2992 2953 ﬁdem
3025 2899 3231 2954 Christi
3266 2899 3436 2954 soluti

1807 3013 2030 3064 manus,
2066 3001 2122 3049 et
2153 2995 2315 3048 liberi
2347 3011 2380 3048 a
2412 2993 2648 3047 vinculis
2677 2992 3072 3058 Sabbatorum,
3106 2992 3274 3046 bonis
3301 3009 3438 3063 ope-

286 3085 616 3145 “”⁰“’““”Ϊ
659 3085 869 3145 tum?"
909 3085 1181 3110 “unum”
1212 3085 1703 3158 ’¹“””Ῐ”ξ““’”““’”
1807 3090 1966 3144 ribus
2019 3089 2393 3156 intendimus;
2448 3091 2505 3142 et
2556 3088 2615 3140 in
2667 3086 2801 3157 ipsis
2871 3085 3054 3156 epulis
3113 3085 3441 3140 libertatem

193 3139 328 3187 nstus
377 3141 473 3189 aut
529 3152 806 3190 minimus
859 3140 980 3192 est.
1046 3143 1146 3192 aut
1203 3138 1441 3192 crescit?
1498 3139 1822 3192 Verumn.
1883 3183 1896 3192 .
2155 3182 2164 3191 .
2218 3188 2224 3192 .
2521 3179 2554 3192 ..
2811 3179 2824 3192 .
2890 3179 2928 3192 ..
3431 3178 3441 3188 .

193 3143 349 3252 imi]:
377 3143 1007 3252 a_u_t‘__I:l-l:lmu_:es_tj_
1729 3168 1783 3242 C
1810 3183 2105 3249 habemus,
2152 3179 2654 3252 intemperantiam
2706 3179 3068 3234 excludimus
3091 3196 3107 3246 ;
3162 3195 3231 3232 ne
3281 3177 3445 3233 liberi

133 3241 217 3279 non
259 3244 350 3298 per
396 3235 702 3295 naturam,
760 3230 854 3283 sed
905 3246 1008 3300 per
1057 3231 1300 3300 speciem
1354 3233 1462 3300 (19)
1517 3230 2105 3286 rursus““""""’
2155 3230 2664 3284 “ῗ“ἷ”“ῗ““”“”“’“.
3215 3230 3224 3232 ⁷

138 3321 354 3348 mnu”
410 3323 495 3348 ιη,
544 3322 686 3348 Μεη
721 3322 1054 3348 ,κε’-εωᾞε,
1106 3345 1124 3348 μ
1166 3324 1415 3348 "mum
1460 3341 1584 3348 mm
1661 3331 1708 3348 ,Δ
1809 3295 1841 3331 a
1884 3278 2030 3348 lege,
2073 3274 2478 3347 cupiditatibus
2526 3289 2868 3340 serViamus,
2915 3272 3002 3326 lex
3053 3288 3208 3325 enim
3255 3272 3450 3343 ligavit

138 3323 376 3376 excrescit.
410 3323 498 3376 Vis
544 3323 688 3375 scire
721 3323 1054 3378 minimum?
1102 3345 1124 3373 ε(
1166 3324 1418 3378 Vidimus
1456 3341 1623 3392 eum,
1657 3331 1712 3380 et
2915 3323 3446 3436 ἓξᾚὰξᾳυωσωὶ-

138 3427 216 3438 η..
261 3414 483 3438 ι-ι.-1--.ι
550 3417 794 3438 ___-:___
848 3433 1026 3438 --.μη
1092 3417 1345 3438 .1---____
1399 3419 1502 3438 [ιη-
1599 3435 1686 3438 ____
1923 3412 1935 3435 ι
2872 3407 2884 3420 ⁸

136 3427 218 3465 non
261 3414 489 3470 habebat
547 3417 800 3485 speciem
848 3433 1032 3488 neque
1085 3417 1352 3472 decorem
1397 3419 1550 3488 (Isa.,
1599 3435 1708 3485 Lm,
1811 3414 1935 3435 ””’“’
1987 3414 2046 3424 ““’
2095 3414 2408 3472 ““’””Ῑ’“”
2437 3414 2884 3470 .⁷“¹”““““”“”
2945 3414 3121 3467 ’““ῗ“
3173 3414 3291 3436 ³”“
3339 3414 3418 3419 ’““

137 3507 172 3530 η,
239 3529 244 3530 ί
295 3509 437 3530 “LM
501 3509 816 3530 *ΔΑ-μμ,
878 3527 887 3530 _
1022 3511 1312 3530 (μμ-,μή
1614 3529 1658 3530 7,
1811 3479 2012 3518 norem
2041 3462 2268 3516 abstulit
2305 3464 2657 3527 serVitutem,
2703 3460 2882 3513 multo
2933 3474 3196 3529 graViora
3237 3475 3450 3530 prince-

168 3521 172 3532 ι
341 3509 349 3517 .
645 3509 654 3518 .
877 3527 888 3538 ⁸
1168 3511 1178 3520 .
1812 3507 2012 3518 μνη...
2041 3507 2268 3516 ..υ-...η-
2305 3507 2657 3527 ---.--_--_,
2703 3507 2877 3513 ---κ-ν-
2933 3507 3196 3529 ,επ-η---
3238 3507 3420 3530 τη.--

137 3507 275 3628 ξἰῗ,
293 3509 1713 3628 2"§?,fnffff‘_‘_'f‘_°,,ﬁifp‘i‘f'_‘f?“i\f°rmﬁfff
1813 3557 1938 3628 pit:
1972 3578 1997 3604 ‹‹
2037 3555 2245 3610 Omnia
2288 3554 2451 3609 nobis
2492 3552 2685 3619 licent,
2728 3551 2825 3604 sed
2874 3566 2991 3605 non
3034 3550 3228 3606 omnia
3273 3568 3449 3623 expe-

371 3603 1078 3719 Eliiithﬂlfl‘i
2006 3596 2218 3719 (ἶσοι,
2249 3664 2301 3714 x,
2330 3648 2442 3716 22);
2476 3668 2502 3695 »
2536 3596 2708 3716 grave
2737 3648 2822 3697 est
2848 3643 3001 3698 enim
3030 3650 3305 3714 potestate
3335 3596 3447 3714 uti,

139 3693 206 3812 tua
227 3696 306 3795 qni
328 3713 435 3812 Eon
463 3697 714 3751 habebat
733 3697 984 3812 Speciem
1011 3714 1199 3812 Itaque
1224 3699 1507 3766 decorem’
1539 3701 1715 3755 excel'
2070 3690 2691 3812 potestate-mnreccidas.
2742 3737 2951 3791 Desiste
2987 3690 3108 3792 esrse
3154 3739 3257 3792 sub
3295 3690 3448 3810 lege:

140 3784 299 3841 lentior
344 3790 516 3844 factus
568 3794 650 3844 est
701 3792 943 3862 angelis,
996 3793 1144 3846 ultra
1193 3809 1426 3846 omnem
1476 3794 1714 3863 gloriam
1920 3784 2022 3845 ”.“”
2073 3784 2409 3812 ¹””””’“’”’“
2457 3784 2648 3842 ’””’Ϊ“’

143 3881 490 3905 κώμη-ψ
561 3899 691 3905 ψη
722 3884 976 3905 ,_,,______
1341 3890 1352 3905 ,
1599 3904 1606 3905 ί
1816 3841 1876 3891 ut
1907 3841 2111 3890 virtute
2137 3851 2308 3905 supra
2336 3833 2525 3904 legem
2550 3849 2648 3886 διε.

143 3881 695 3955 prophetarum,_quos
720 3884 980 3939 inﬁrmus
1011 3886 1179 3940 Israel
1206 3888 1360 3940 velut
1386 3887 1538 3942 olera
1563 3904 1718 3941 man-

144 3971 424 4043 ducaverat;
455 3950 672 4049 panem
705 3979 857 4033 enim
885 3996 998 4050 quo
1029 3980 1202 4034 corda
1229 3981 1548 4046 ﬁrmantur,
1578 3982 1714 4037 alte-
1890 3958 2064 4024 δίεπε·
2101 3958 2216 4024 21⁸)
2258 3953 2356 4007 συί
2397 3954 2570 4050 Simili;
2609 3953 2885 4008 aestimabo
2922 3967 3147 4050 "93?”
3184 3953 3320 4050 1.)“?

144 4079 235 4120 mm
258 4044 601 4136 refutavérat,
635 4073 877 4127 alterum
904 4044 1022 4128 ξιοη
1054 4079 1374 4146 acceperat.
1537 4044 1542 4046 ’
1815 4052 1941 4105 mile
1986 4057 2061 4104 est
2107 4051 2370 4116 fermento
2411 4047 2560 4117 quod
2604 4053 2880 4146 acceptum
2918 4046 3112 4100 mulier
3164 4044 3446 4100 abscondit

195 4163 288 4215 184.
331 4165 538 4220 Semen
574 4169 767 4220 autem
807 4167 1082 4233 Christus,
1128 4143 1266 4239 quia
1308 4185 1504 4222 semen
1550 4167 1703 4222 Abra

1817 4147 1874 4198 in
1897 4145 2107 4211 farina,
2137 4143 2302 4197 donec
2327 4143 2715 4208 fermentatum
2740 4145 2818 4195 est
2849 4145 3045 4194 totum.

148 4248 210 4304 δῖε
235 4271 246 4307 :
272 4277 296 4302 ς(
323 4258 562 4314 Abrahae
608 4259 762 4313 enim
813 4260 977 4315 dictae
1016 4265 1151 4315 sunt
1196 4263 1621 4332 promissiones,
1665 4265 1721 4316 et
1895 4264 2013 4314 187.
2048 4259 2176 4313 Haec
2212 4257 2284 4311 de
2321 4255 2680 4328 requirendis
2711 4255 3124 4327 quaestionibus
3152 4270 3446 4327 compara-

150 4348 304 4402 semini
341 4353 476 4422 ejus.
508 4354 633 4408 Non
662 4353 836 4408 dicit:
871 4356 937 4408 Et
969 4355 1300 4424 seminibus,
1342 4362 1616 4426 tanquam
1661 4356 1718 4409 in
1824 4354 1899 4408 tio
1946 4357 2055 4423 (21)
2099 4355 2324 4406 tantum
2365 4349 2758 4420 ambiguitatis
2798 4348 3059 4415 offundit,
3099 4355 3159 4402 ut
3197 4348 3448 4403 diversas

155 4441 317 4510 multis,
356 4447 449 4500 sed
481 4448 634 4501 sicut
661 4448 719 4501 in
758 4464 874 4501 uno
907 4465 920 4502 :
957 4449 1023 4502 Et
1057 4449 1262 4504 semini
1289 4455 1410 4518 tuo,
1451 4451 1600 4520 quod
1639 4454 1722 4504 est
1825 4445 2083 4520 1456
2114 4446 2320 4500 habeat
2349 4445 2660 4498 sententias
2688 4443 3088 4514 plurimorum.
3118 4441 3448 4512 Opportune

152 4531 346 4592 Christus
390 4541 614 4608 (Gulat.,
665 4557 740 4606 iii,
795 4545 898 4610 16).
951 4565 977 4591 »
1024 4544 1134 4598 Nec
1177 4543 1359 4597 solum
1402 4560 1598 4598 semen
1640 4541 2015 4613 estDitaque
2043 4555 2286 4611 granum
2313 4538 2482 4592 tritici
2511 4553 2684 4607 supra
2710 4535 2954 4590 diximus
2981 4535 3290 4600 Christum,
3319 4535 3448 4606 quia

155 4623 367 4700 Christus,
422 4635 520 4688 sed
573 4634 749 4689 etiam
793 4635 1103 4691 minimum
1163 4637 1428 4691 omnibus
1481 4637 1719 4692 semini-
1823 4637 2056 4691 suberat
2107 4633 2266 4688 nobis
2310 4631 2564 4702 spiritale
2612 4632 2985 4696 fermentum,
3039 4645 3221 4700 eoque
3274 4629 3446 4700 pleri-

79 4741 88 4802 ξ
154 4713 394 4794 bus:quia
423 4745 535 4782 non
573 4730 729 4783 venit
762 4729 820 4784 in
862 4746 1060 4801 regno,
1108 4747 1223 4785 non
1259 4732 1317 4784 in
1349 4731 1572 4799 divitiis,
1607 4748 1722 4785 non
1825 4747 1934 4802 que
1981 4730 2330 4783 fermentum
2379 4725 2664 4781 Christum
2709 4726 2934 4794 putant,
2981 4723 3136 4794 quod
3181 4722 3448 4778 virtutem

157 4807 195 4861 in
221 4813 352 4871 istius
388 4822 587 4876 mundi
633 4823 924 4894 sapientia.
965 4825 1162 4880 Subito
1204 4831 1396 4880 autem
1436 4825 1592 4878 velut
1630 4843 1721 4879 ar-
1826 4823 2045 4879 attollat
2093 4823 2404 4891 acceptam.
2459 4820 2523 4874 Et
2567 4817 2698 4889 quia
2743 4817 3095 4871 fermentum
3133 4834 3199 4872 ex
3249 4817 3454 4887 farina,

155 4901 229 4958 bor
258 4911 544 4970 sublimem
590 4934 708 4973 suae
757 4919 1028 4974 verticem
1069 4919 1358 4990 potestatis
1398 4919 1617 4984 effudit,
1662 4925 1727 4973 ut
1825 4921 1891 4973 ut
1929 4933 2044 4972 non
2092 4914 2276 4986 specie
2319 4913 2514 4983 generi
2558 4928 2659 4966 suo
2703 4915 2937 4982 praestat
2973 4928 2984 4965 :
3018 4911 3273 4967 Christus
3317 4927 3451 4981 quo-

157 4995 356 5058 dicamus
405 5024 417 5061 :
470 5031 498 5056 ‹ι
557 5011 672 5064 Sub
722 5012 927 5066 umbra
971 5013 1092 5083 ejus
1143 5013 1456 5083 concupivi,
1505 5017 1562 5066 et
1611 5013 1727 5066 sedi
1829 5028 1938 5083 que
1987 5027 2052 5064 ex
2105 5007 2382 5080 patribus,
2429 5006 2661 5077 aequalis
2701 5022 2965 5076 corpore,
3012 5003 3107 5059 sed
3160 5004 3453 5059 divinitate

158 5090 310 5159 (Cant,
349 5116 404 5166 ii,
449 5107 524 5172 3).
566 5124 614 5155 »ι
643 5106 709 5160 Et
749 5106 1082 5177 frequenter
1125 5107 1313 5175 simul,
1357 5112 1418 5161 ut
1459 5107 1725 5172 arbitror,
1827 5101 2292 5175 incomparabilis
2338 5099 2764 5172 praeeminebat.
2812 5100 2992 5168 Igitur
3035 5103 3228 5152 sancta
3270 5098 3452 5152 Eccle-

162 5185 396 5248 Videbatur
434 5202 493 5251 et
531 5199 720 5265 arbor,
761 5207 819 5254 et
860 5217 1126 5271 granum.
1170 5201 1419 5255 Granum
1468 5207 1551 5254 est
1598 5217 1728 5255 cum
1831 5201 1907 5254 sia
1945 5214 2071 5270 quae
2115 5202 2247 5266 typo
2287 5194 2544 5248 mulieris
2581 5194 2742 5247 istius
2774 5192 3117 5262 evangelica:
3153 5192 3455 5261 ﬁguratur,

163 5275 352 5340 dicitur:
386 5311 409 5334 α
443 5293 634 5348 Nonne
663 5295 753 5348 hic
785 5300 869 5349 est
896 5295 1041 5349 ﬁlius
1069 5295 1277 5365 Joseph
1307 5295 1453 5349 fabri
1485 5295 1726 5364 (Matth.,
1831 5293 1991 5363 cujus
2030 5290 2212 5344 farina
2257 5305 2359 5342 nos
2397 5303 2610 5348 sumus,
2645 5285 2946 5340 Dominum
2987 5286 3171 5338 Jesum
3212 5285 3267 5336 in
3311 5283 3454 5338 inte-

167 5380 424 5449 “1855)?”
462 5386 572 5439 Sed
612 5386 763 5442 inter
801 5389 922 5443 haec
952 5388 1125 5442 verba
1153 5389 1331 5443 crevit
1367 5387 1574 5456 subito,
1615 5394 1726 5443 tes-
1833 5385 2080 5441 rioribus
2127 5385 2338 5436 nostrae
2398 5379 2606 5434 mentis
2659 5377 2986 5443 abscondat,
3043 5377 3220 5430 donec
3282 5376 3456 5431 animi

209 5495 280 5573 με)
304 5500 418 5553 Mss.
447 5507 675 5570 aliquot,
706 5510 942 5560 dulciora
974 5516 1141 5562 musto
1181 5510 1512 5573 voluptatum
1542 5511 1731 5561 suavi-
1834 5508 1940 5558 Alii
1965 5506 2383 5569 frequentiores,
2408 5515 2506 5565 per
2536 5501 2697 5573 inane
2719 5499 2903 5573 mundi“
2921 5513 2937 5558 ,·
2958 5498 3106 5561 quod
3133 5501 3321 5573 aptius
3358 5513 3461 5550 co-

169 5561 299 5640 ’νειμ
326 5578 424 5624 W3-
543 5561 557 5570 .
665 5561 674 5569 '
1071 5561 1074 5562 ν
1308 5561 1320 5573 ’
1833 5581 2006 5630 haeret
2036 5561 2162 5628 cum
2197 5561 2578 5640 sequentibus.
2627 5571 2866 5634 Quidam
2913 5577 3097 5620 tamen
3132 5570 3342 5635 legunt,
3368 5585 3463 5635 per

323 5643 445 5721 Vel;
478 5649 606 5698 edit.
652 5653 900 5714 vocibus,
936 5654 1025 5704 sed
1071 5668 1166 5718 per
1214 5655 1453 5719 speciem,
1501 5651 1730 5712 addunt,
1831 5653 2048 5721 inanem
2070 5637 2770 5721 mundi_procel_tam_turbo,
2798 5643 2900 5720 etc.
2939 5711 2974 5721 Η
3308 5713 3338 5721 Δ.

169 5711 384 5824 ﬁgam;
415 5717 589 5782 Rom,
613 5711 954 5789 assumptum.
983 5711 1091 5776 Sed
1124 5711 1383 5776 neutrum
1425 5711 1734 5788 agnoscunt
1835 5720 2180 5856 “(82239236
2212 5717 2344 5768 edit.
2391 5713 2526 5774 sola,
2566 5713 2630 5763 de
2667 5711 3000 5775 requirendis
3045 5713 3465 5791 comparationi—

216 5846 290 5911 βο)
313 5852 439 5908 Edit.
466 5874 652 5915 omnes
679 5871 736 5917 et
763 5880 893 5918 mss.
923 5869 1199 5929 nonnulli,
1228 5881 1332 5933 per
1356 5881 1507 5918 mare
1527 5865 1730 5916 mundi.
