4022 6176
587 281 718 335 1839

2053 276 2109 328 S.
2152 274 2467 329 AMBROSH

3748 284 3853 336 1840

581 395 755 451 nostri
806 397 1020 449 secreta
1073 391 1382 464 penetralia
1428 391 1576 445 calor
1626 391 1916 462 sapientia
1961 389 2283 475 coelestisA
2307 398 2477 462 atque
2519 392 2734 458 anima,
2781 394 2837 444 et
2869 390 2991 461 ipsa
3031 387 3280 462 1457
3317 391 3490 460 gratia
3521 392 3755 462 spiritalis
3782 415 3852 452 ac-

583 488 848 544 obducat.

657 584 776 637 188.
806 582 873 636 Et
908 580 1039 652 quia
1066 579 1125 634 in
1167 578 1433 634 Matthao
1471 577 1720 650 legimus
1756 577 1939 632 tribus
1975 591 2203 630 mensu-

580 676 655 732 ris
683 673 1072 729 absconditum
1113 690 1234 728 esse
1277 673 1632 727 fermentum
1668 671 1910 740 (Matth.,
1943 686 2063 736 xm,
2094 669 2204 741 33),

580 784 896 841 congruere
925 767 1102 822 visum
1130 771 1215 822 est
1241 770 1302 820 ut
1330 767 1426 822 Dei
1459 766 1658 820 Filium
1687 764 2050 820 crederemus
2078 762 2202 816 abs-

582 863 872 918 conditum
902 861 960 915 in
997 862 1170 931 Lege,
1201 860 1541 931 adopertum
1582 860 1641 912 in
1679 858 1996 929 prophetis,
2033 873 2205 912 evan-

584 955 775 1028 gelicis
818 953 1317 1026 praedicationibus
1357 951 1760 1022 adimpletum;
1800 955 1862 1005 ut
1894 951 2205 1021 perfectam

581 1050 756 1105 fidem
808 1049 972 1104 nobis
1020 1047 1277 1119 acquirat
1324 1063 1391 1101 ex
1439 1046 1722 1112 omnibus,
1767 1048 1825 1099 et
1868 1044 2207 1117 scriptorum

581 1143 880 1199 collatione
929 1142 1204 1196 formatus
1248 1140 1306 1193 in
1362 1139 1556 1206 nobis,
1607 1139 1705 1209 qui
1755 1155 1950 1193 sumus
2005 1153 2206 1208 corpus

581 1238 773 1309 ipsius,
805 1235 999 1290 omnia
1034 1237 1092 1288 et
1121 1234 1178 1288 in
1218 1233 1483 1288 omnibus
1521 1232 1854 1302 impleatur;
1898 1232 2020 1302 ipse
2050 1230 2204 1286 enim

581 1333 702 1386 erat
729 1328 971 1384 Verbum
1001 1326 1120 1395 Dei,
1149 1331 1320 1397 atque
1353 1327 1688 1398 mysterium
1722 1324 1874 1396 quod
1905 1324 2202 1379 abscondi-

580 1430 703 1478 tum
745 1425 829 1477 est
872 1439 905 1476 a
943 1421 1161 1476 saculis
1203 1425 1260 1474 et
1298 1436 1330 1474 a
1374 1419 1836 1491 generationibus
1881 1419 2121 1486 (Coloss.,
2169 1435 2203 1483 ι,

579 1517 691 1586 26);
724 1531 835 1586 quo
867 1515 1014 1569 nihil
1053 1517 1241 1585 potest
1274 1514 1343 1568 ad
1383 1513 1806 1584 expressionem
1836 1510 2207 1583 perennitatis

580 1609 702 1681 ejus
744 1608 1064 1664 attestatius
1104 1607 1235 1661 dici.
1284 1610 1416 1663 Erat
1459 1607 1608 1662 enim
1655 1606 1933 1677 profecto,
1977 1608 2036 1663 ut
2076 1604 2205 1658 abs-

579 1702 838 1757 conditus
883 1701 1194 1771 sacrilegis,
1240 1701 1632 1754 manifestatus
1677 1699 1735 1753 in
1785 1698 2011 1768 sanctis,
2059 1713 2205 1768 pra-

2305 485 2444 555 cipit
2506 484 2609 554 (22)
2666 483 3120 539 sanctiﬁcationis
3175 489 3566 553 augmentum;
3618 502 3732 542 cum
3780 507 3858 560 per

2305 575 2566 631 Ecclesia
2634 576 2789 631 velut
2850 575 3138 647 quoddam
3201 575 3577 630 fermentantis
3623 578 3856 648 ofﬁcium,

2306 670 2840 741 Scripturarumque
2878 669 3216 736 doctrinam,
3256 685 3379 739 qua
3421 669 3565 724 velut
3601 671 3862 730 calestium

2306 764 2596 818 collatione
2624 779 2960 818 sermonum
2989 768 3043 818 et
3071 762 3328 817 ubertate
3358 764 3663 830 concrescit,
3687 765 3862 822 infusus

2306 857 2406 912 toti
2458 857 2673 912 homini
2726 863 2894 928 atque
2948 856 3256 928 permistus
3309 871 3439 910 usus
3491 856 3776 924 inoleverit,
3819 866 3866 915 ut

2308 951 2444 1006 fiant
2482 967 2664 1006 unum
2703 952 2876 1007 etiam
2913 951 3037 1022 ipsa
3079 950 3425 1005 fermentum
3458 950 3578 1020 (23).
3606 951 3747 1015 Quod
3781 952 3865 1006 uti-

2308 1060 2416 1115 que
2452 1048 2586 1100 tunc
2625 1045 2708 1112 ﬁt,
2746 1061 2875 1100 cum
2914 1043 3018 1098 sibi
3056 1044 3163 1098 tria
3191 1043 3314 1098 hac
3351 1042 3468 1113 pari
3500 1042 3729 1114 quadam
3752 1045 3870 1115 cupi-

2308 1137 2555 1194 ditatum
2581 1139 2742 1194 lance
2773 1137 3162 1206 consentiunt,
3192 1140 3251 1191 et
3285 1135 3518 1206 aqualis
3551 1136 3743 1208 aspirat
3767 1153 3869 1192 con-

2308 1231 2501 1287 cordia
2525 1233 2885 1304 voluptatum
2913 1231 3044 1302 (24).

2383 1329 2502 1382 l9].
2529 1327 2644 1381 Hoc
2671 1325 2848 1397 igitur
2874 1323 3135 1380 Ecclesia
3157 1340 3301 1396 opus
3325 1340 3439 1378 non
3466 1323 3873 1391 tumultuarium,
3974 1351 3975 1356 η

2308 1435 2410 1473 nec
2438 1419 2761 1486 fortuitum,
2790 1418 2890 1474 sed
2919 1417 3189 1473 diuturna
3221 1416 3593 1472 meditatione
3620 1415 3876 1480 collatum;

2308 1516 2371 1566 ut
2423 1512 2545 1567 hac
2598 1513 2706 1568 tria
2758 1529 2935 1567 unum
2990 1512 3122 1579 sint,
3172 1511 3403 1581 integra
3447 1527 3481 1564 a
3528 1509 3645 1581 lege
3688 1508 3877 1579 peccati.

2307 1605 2477 1676 Cujus
2523 1606 2816 1661 sententia
2871 1609 3214 1660 assertorem
3267 1603 3546 1658 habemus
3599 1600 3881 1672 Apostolum

2310 1699 2590 1754 dicentem
2636 1719 2649 1754 :
2702 1721 2729 1749 «
2772 1701 2895 1771 Ipse
2940 1702 3132 1753 autem
3176 1697 3448 1752 Dominus
3483 1694 3775 1750 sanctificet
3808 1709 3882 1748 vos

582 1796 892 1851 destinatus
917 1801 1047 1848 ante
1075 1795 1297 1861 sacula,
1327 1796 1650 1847 servaretur
1676 1793 1744 1847 ad
1776 1793 2038 1864 gloriam.
2075 1793 2204 1846 Hac
2228 1769 2283 1842 B
2309 1809 2412 1864 per
2447 1793 2671 1859 omnia;
2718 1798 2782 1848 ut
2824 1793 3051 1863 integer
3089 1790 3342 1862 spiritus,
3385 1795 3441 1844 et
3479 1789 3686 1856 anima,
3714 1791 3764 1842 et
3794 1802 3883 1841 cor-

580 1893 664 1943 est
693 1893 884 1943 autem
927 1886 1123 1958 gloria,
1165 1892 1229 1940 ut
1268 1887 1570 1958 possimus,
1609 1885 1832 1951 fratres,
1867 1884 2204 1956 investigare

579 1969 917 2053 mysterium
945 1979 1344 2034 absconditum
1382 1996 1415 2033 a
1453 1979 1665 2034 saculis
1697 1978 1754 2032 in
1793 1979 1927 2033 Deo.
1958 1979 2118 2042 Quod
2144 1977 2203 2031 in

580 2076 719 2141 Deo,
758 2073 958 2144 utique
995 2079 1051 2127 et
1093 2089 1160 2127 ex
1203 2074 1351 2140 Deo;
1393 2089 1583 2144 neque
1621 2073 1776 2126 enim
1818 2073 1962 2126 Deus
2005 2071 2204 2125 aliena

577 2183 749 2238 capax
780 2169 966 2238 potest
991 2182 1110 2220 esse
1141 2171 1385 2221 natura.

652 2263 770 2316 189.
803 2261 914 2314 Nec
951 2276 1079 2314 sum
1118 2258 1323 2314 dubius
1365 2259 1565 2326 animi,
1601 2258 1751 2330 quod
1779 2257 1956 2329 aliqui
1985 2257 2054 2312 de
2098 2257 2203 2310 hoc

577 2355 790 2411 mundo
823 2353 1040 2408 dictum
1069 2357 1290 2423 putent,
1322 2353 1502 2408 donec
1541 2353 1922 2408 fermentetur
1947 2351 2004 2405 in
2031 2351 2200 2420 Lege,

573 2447 888 2519 Prophetis,
934 2447 1273 2518 Evangelio;
1319 2451 1384 2501 ut
1419 2446 1724 2501 Dominum
1777 2445 1962 2500 omnis
2005 2445 2202 2513 lingua

572 2540 836 2597 fateatur.
871 2542 1066 2611 Itaque
1105 2539 1475 2594 discutiamus
1520 2539 1730 2606 omnia,
1777 2541 1834 2592 et
1875 2536 2202 2608 diligentius

572 2634 954 2705 requiramus.
987 2634 1163 2688 Nemo
1201 2632 1420 2688 invenit
1454 2633 1566 2687 nisi
1595 2632 1694 2704 qui
1729 2637 1859 2686 ante
1890 2629 2197 2702 quasierit.

572 2727 936 2784 ﬁdiﬁcemus
967 2726 1194 2792 turrim,
1229 2732 1626 2797 computemus
1664 2729 1922 2796 sumptus
1953 2725 2197 2794 Scriptu-

573 2837 786 2890 rarum,
835 2820 1194 2876 conferamus
1239 2819 1558 2891 impensas;
1609 2836 1680 2873 ne
1731 2818 1856 2889 quis
1900 2818 2074 2872 etiam
2130 2816 2199 2870 de

573 2921 834 2970 nostrum
858 2913 1046 2985 aliquo
1073 2913 1224 2967 dicat
1247 2929 1259 2966 :
1291 2934 1318 2961 (ι
1347 2913 1444 2966 Hic
1472 2911 1651 2966 voluit
1675 2911 1978 2978 adiﬁcare,
2001 2916 2056 2965 et
2084 2926 2197 2964 non

572 3007 758 3082 potuit
794 3021 1197 3062 consummare
1235 3004 1414 3077 (Luc.,
1457 3021 1566 3072 xw,
1609 3007 1719 3072 30).
1755 3024 1781 3056 ι)
1825 3003 1932 3067 Qui
1965 3003 2201 3058 aediﬁcat

575 3101 836 3168 domum,
878 3101 1096 3154 bonum
1147 3098 1316 3154 debet
1352 3098 1542 3169 jacere
1590 3098 2048 3152 fundamentum.
2092 3097 2274 3213 Bo-C

575 3209 704 3213 ηδ..-
739 3192 1174 3213 B__--J_‘--_L___.
1215 3197 1289 3213 Δ.ι
1320 3191 1458 3213 ΑΕΔ--
1511 3191 1722 3213 1.-..--..,
1757 3190 2194 3213 D.-_J-_..-_L--__

572 3209 712 3250 num
737 3192 1180 3248 fundamentum
1209 3197 1293 3246 est
1320 3191 1481 3260 fides,
1509 3191 1728 3246 bonum
1757 3190 2199 3245 fundamentum

573 3286 965 3359 apostolorum
992 3289 1050 3340 et
1091 3285 1504 3356 prOphetarum
1544 3285 1780 3355 (Ephes.,
1823 3300 1882 3350 ιι,
1915 3283 2027 3355 2Ο);
2057 3284 2198 3339 duo-

571 3379 677 3436 bus
715 3380 873 3435 enim
913 3378 1288 3434 Testamentis
1319 3378 1458 3434 ﬁdes
1497 3381 1687 3432 nostra
1730 3377 2055 3448 consurgit;
2097 3394 2200 3432 nec

568 3462 844 3545 injuriam
885 3472 1020 3528 facit
1061 3472 1161 3544 qui
1205 3488 1404 3543 parem
1441 3472 1648 3527 dixerit
1690 3472 1749 3526 in
1795 3476 2035 3542 utroque
2079 3488 2200 3542 per-

568 3567 888 3640 fectamque
937 3565 1068 3622 fidei
1118 3582 1241 3621 esse
1291 3582 1648 3634 mensuram,
1698 3581 1827 3620 cum
1883 3566 1997 3636 ipse
2050 3565 2202 3620 dicat

569 3659 843 3719 Dominus
871 3677 885 3717 :
917 3682 946 3710 ‹‹
977 3660 1036 3716 Si
1069 3660 1377 3716 crederetis
1405 3659 1598 3730 Moysi,
1631 3659 1936 3714 crederetis
1961 3664 2015 3715 et
2057 3658 2198 3713 mihi

564 3754 771 3828 (Ιοαηυ
811 3771 861 3824 ν,
898 3755 1012 3824 46);
1045 3775 1072 3804 ››
1107 3753 1244 3826 quia
1282 3757 1338 3809 et
1373 3753 1431 3808 in
1470 3754 1654 3824 Moyse
1691 3751 1963 3808 Dominus
1992 3757 2076 3808 est
2115 3752 2194 3806 lo-

566 3856 748 3906 cutus.
803 3848 952 3905 Bene
1005 3863 1142 3919 ergo
1196 3847 1254 3903 in
1318 3852 1563 3920 utroque
1627 3846 1872 3918 perfecta
1933 3861 2200 3901 mensura

565 3943 702 4016 quia
736 3942 1022 4014 perfectus
1065 3942 1123 3995 in
1168 3946 1442 4013 utroque;
1482 3943 1538 3995 et
1573 3939 1712 3995 ﬁdes
1744 3939 2034 4011 utriusque
2065 3955 2196 4008 una,

565 4036 695 4108 quia
739 4035 905 4090 unius
951 4040 1037 4090 est
1081 4034 1305 4089 virtutis
1354 4039 1410 4089 et
1455 4050 1654 4090 sensus
1691 4033 1984 4088 oraculum
2026 4035 2196 4104 atque

566 4144 929 4201 responsum.

644 4224 762 4278 l90.
817 4221 900 4278 Me
943 4226 1137 4276 tamen
1179 4221 1338 4293 sequi
1373 4222 1540 4292 juvat
1580 4221 1734 4293 quod
1777 4221 1895 4292 ipse
1928 4221 2198 4276 Dominus

567 4316 759 4374 docuit
785 4316 1136 4372 fermentum
1174 4315 1435 4372 Ecclesia
1473 4315 1788 4387 spiritalem
1827 4331 1950 4370 esse
1988 4315 2195 4370 doctri-

567 4428 737 4480 nam;
778 4428 909 4467 nam
951 4427 1079 4466 cum
1111 4410 1387 4482 scriptum
1425 4410 1535 4465 sit:
1573 4431 1599 4459 ‹‹
1633 4411 1831 4464 Cavete
1857 4425 1890 4464 a
1918 4409 2198 4464 fermento

2305 1903 2409 1957 pus
2446 1887 2567 1941 sine
2609 1886 2837 1958 querela
2872 1885 2931 1940 in
2968 1885 3058 1940 die
3094 1884 3325 1940 Domini
3353 1882 3533 1938 nostri
3561 1883 3683 1936 Jesu
3721 1879 3883 1935 Christi

2305 1983 2562 2034 servetur
2611 1980 2652 2051 (l
2709 1980 2911 2041 Thess.,
2962 1995 3014 2046 ν,
3058 1979 3166 2048 23).
3218 1999 3245 2027 ››
3295 1976 3457 2042 Quod
3502 1991 3604 2049 per
3648 1971 3884 2029 saecularia

2303 2073 2537 2144 quidem
2569 2076 2922 2128 tentamenta
2961 2089 3073 2126 non
3112 2071 3398 2143 provenit,
3439 2069 3546 2124 nisi
3584 2068 3885 2124 fermentum

2303 2167 2442 2222 illud
2473 2167 2563 2222 cui
2600 2171 2964 2238 comparatur
2994 2181 3236 2236 regnum
3281 2164 3577 2230 caelorum,
3609 2161 3797 2216 mulier
3820 2157 3888 2212 illa

2305 2260 2640 2331 evangelica
2688 2259 3002 2315 abscondat
3052 2259 3109 2312 in
3158 2258 3363 2313 farina
3412 2256 3684 2312 mensuris
3730 2252 3889 2316 tribus,

2304 2354 2480 2409 donec
2523 2355 2903 2408 fermentatur
2951 2355 3137 2407 totum
3181 2352 3431 2420 (Matth.,
3490 2366 3607 2418 xm,
3659 2350 3761 2418 33);
3805 2349 3891 2399 tres

2303 2447 2457 2503 enim
2489 2463 2771 2502 mensura
2803 2449 2954 2516 sunt,
2984 2451 3049 2501 ut
3075 2446 3214 2513 dixi,
3243 2445 3459 2512 carnis,
3488 2444 3714 2508 anima,
3741 2446 3792 2495 et
3813 2437 3895 2509 spi-

2303 2541 2462 2610 ritus,
2501 2541 2597 2596 sed
2630 2541 2858 2612 spiritus
2889 2557 3003 2612 quo
3039 2539 3282 2594 vivimus
3325 2555 3529 2594 omnes
3568 2537 3627 2591 in
3666 2536 3764 2591 hoc
3797 2547 3892 2587 cor-

2302 2650 2440 2706 pore
2488 2635 2612 2704 siti;
2665 2636 2771 2689 hoc
2807 2633 3004 2689 .verius
3049 2634 3160 2705 (25)
3201 2633 3436 2705 quando
3483 2630 3668 2688 carnis
3710 2626 3897 2682 lascivia

2301 2745 2416 2783 non
2448 2728 2746 2794 redundat,
2786 2732 2840 2782 et
2879 2727 3072 2782 anima
3105 2726 3501 2798 corporalibus
3534 2741 3649 2780 non
3677 2723 3894 2777 incurva-

2299 2827 2394 2878 tur
2427 2822 2732 2891 erroribus,
2761 2839 2824 2876 ac
2859 2838 3126 2877 mensura
3169 2821 3402 2876 vivendi
3447 2822 3509 2874 in
3541 2823 3660 2874 toto
3703 2813 3901 2871 homine

2299 2915 2572 2970 inoffensa
2623 2921 2895 2971 servatur.
2946 2915 3056 2970 Sed
3107 2914 3242 2985 quia
3296 2927 3704 2969 mensurarum
3751 2921 3904 2978 aqua-

2300 3010 2426 3064 litas
2462 3011 2583 3064 sine
2618 3009 2951 3079 adjumento
2980 3008 3240 3063 Ecclesia
3275 3013 3456 3079 atque
3487 3005 3758 3062 doctrina
3784 2999 3903 3055 difﬁ-

2299 3104 2402 3159 cile
2444 3109 2799 3175 perseverat;
2846 3103 3058 3157 idcirco
3099 3101 3312 3156 mulier
3356 3101 3475 3168 illa,
3524 3115 3654 3172 qua
3697 3097 3905 3168 ﬁguram
3974 3097 3975 3172 ι

2300 3197 2558 3252 Ecclesia
2597 3196 2765 3267 gerit,
2809 3196 3004 3251 tandiu
3048 3195 3318 3250 virtutem
3361 3195 3475 3249 illis
3513 3191 3780 3249 doctrina
3817 3186 3904 3258 spi-

2301 3289 2480 3345 ritalis
2511 3290 2808 3356 admiscet,
2854 3289 3034 3343 donec
3085 3289 3478 3344 fermentatur
3525 3291 3678 3343 totus
3720 3284 3805 3337 ille
3848 3279 3905 3333 in-
3974 3279 3975 3308 ἶ

2300 3384 2476 3439 terior
2503 3383 2677 3438 homo
2705 3382 2890 3437 cordis
2915 3381 3305 3451 absconditus,
3339 3387 3399 3437 et
3426 3382 3486 3436 in
3519 3380 3754 3454 gratiam
3778 3373 3905 3448 panis

2302 3478 2540 3534 caelestis
2573 3481 2878 3552 assurgat.
2943 3478 3095 3531 Bene
3163 3476 3325 3530 enim
3393 3476 3750 3532 fermentum
3803 3469 3902 3524 doc-

2301 3571 2454 3626 trina
2501 3570 2707 3625 dicitur
2748 3569 2974 3638 Christi,
3021 3569 3153 3642 quia
3201 3570 3380 3640 panis
3429 3574 3518 3626 est
3569 3566 3832 3632 Christus,
3870 3563 3909 3613 et

2301 3664 2603 3736 Apostolus
2648 3665 2726 3718 ait
2765 3680 2779 3718 :
2812 3685 2840 3713 «
2884 3663 3031 3728 Quia
3068 3679 3220 3719 unus
3269 3664 3468 3735 panis,
3515 3677 3703 3718 unum
3746 3667 3908 3727 corpus

2302 3757 2462 3813 multi
2491 3773 2687 3812 sumus
2718 3757 2760 3828 (l
2788 3757 2932 3821 Cor.,
2960 3774 3016 3824 ι,
3049 3758 3156 3829 l7).
3191 3779 3218 3806 ››

2377 3855 2495 3908 192.
2551 3851 2635 3906 Fit
2679 3868 2815 3923 ergo
2870 3867 3050 3906 unum
3104 3851 3498 3921 fermentum,
3543 3849 3769 3923 quando
3815 3855 3911 3898 caro

2304 3962 2417 4001 non
2446 3945 2794 4017 concupiscit
2826 3946 3092 4000 adversus
3125 3945 3426 4016 spiritum,
3459 3961 3570 4001 nec
3597 3943 3819 4016 spiritus
3839 3934 3912 3990 ad-

2299 4056 2490 4095 versus
2531 4055 2797 4105 carnem;
2845 4040 2943 4094 sed
2986 4040 3130 4094 facta
3177 4040 3372 4094 carnis
3429 4033 3917 4098 mortificamus,el

2302 4133 2495 4188 anima
2521 4150 2588 4188 ex
2619 4133 2756 4188 ﬂatu
2784 4131 2879 4189 Dei
2906 4133 3106 4188 flatum
3127 4134 3256 4188 vita
3285 4134 3613 4205 sumpsisse
3637 4147 3693 4186 se
3713 4124 3916 4185 conscia,

2300 4227 2586 4284 sacularis
2624 4227 3058 4283 necessitudinis
3100 4227 3378 4298 contagia
3409 4232 3651 4283 terrena
3687 4220 3916 4280 declinat.

2300 4321 2461 4377 Unde
2512 4327 2570 4377 et
2620 4322 2921 4393 Apostolus
2969 4338 3083 4376 non
3133 4321 3191 4375 in
3240 4337 3446 4389 carne,
3503 4321 3606 4376 sed
3652 4321 3712 4374 in
3752 4313 3918 4388 spiritu

2299 4416 2592 4471 ambulare
2639 4432 2743 4471 nos
2782 4415 3040 4488 pracipit
3079 4417 3273 4484 (Hom,
3313 4431 3446 4486 vm,
3490 4417 3573 4484 4);
3603 4419 3671 4471 ut
3707 4403 3919 4467 sanctiﬁ-

562 4505 980 4563 Pharisaorum
1023 4505 1258 4575 (Matth.,
1293 4521 1405 4572 xvi,
1437 4506 1512 4573 6),
1561 4527 1588 4554 »
1629 4508 1684 4559 et
1719 4521 1847 4559 cum
1888 4504 2399 4579 ApostolusDcati
2442 4527 2549 4582 per
2595 4511 2882 4565 lavacrum
2934 4509 3416 4582 regenerationis,
3464 4514 3724 4565 veterem
3769 4498 3916 4558 homi-

562 4600 765 4656 dixerit
805 4619 817 4654 :
871 4622 898 4650 ιι
941 4599 1061 4654 Non
1105 4600 1163 4654 in
1207 4599 1488 4654 fermento
1538 4597 1811 4670 nequitia
1856 4601 1913 4653 et
1959 4597 2189 4653 malitia

562 4694 603 4766 (l
635 4693 779 4754 Cor.,
808 4709 861 4760 v,
892 4696 968 4761 8),
994 4714 1022 4743 ι)
1045 4691 1364 4748 ostenditur
1389 4692 1525 4764 quia
1553 4691 1811 4748 doctrina
1842 4691 2189 4748 fermentum

560 4791 662 4844 est.
709 4786 821 4843 Sed
859 4786 1013 4841 aliud
1059 4791 1143 4841 est
1189 4787 1536 4842 fermentum
1581 4786 1830 4853 zizania,
1875 4785 2031 4842 aliud
2079 4787 2189 4840 fer-

558 4887 817 4940 mentum
856 4879 1046 4935 tritici.
1091 4880 1252 4936 Unde
1296 4883 1354 4934 et
1385 4879 1549 4936 bonis
1579 4880 1903 4936 auctoribus
1933 4878 2187 4952 acquies-

557 4977 758 5045 cimus,
793 4981 853 5031 ut
879 4974 1136 5030 dicamus
1166 4974 1298 5046 quia
1327 4974 1571 5030 Ecclesia
1597 4978 1865 5030 renatum
1893 4974 2190 5030 hominem

557 5070 653 5144 qui
698 5074 782 5125 est
824 5069 882 5125 in
927 5085 1161 5141 corpore
1203 5074 1260 5124 et
1299 5069 1491 5123 anima
1538 5073 1596 5124 et
1634 5068 1857 5140 spiritu,
1901 5069 2189 5124 fermento

556 5163 862 5221 sanctificat
941 5161 1242 5235 spirituali.
1310 5161 1706 5217 Sanctiﬁcatnr
1769 5161 1921 5216 enim
1986 5178 2190 5232 corpus

618 5333 713 5393 (22)
741 5333 948 5383 Omnes
972 5330 1126 5393 edit.,
1156 5343 1348 5394 corpus
1385 5335 1547 5394 atque
1587 5330 1772 5380 anima
1819 5343 1916 5394 per
1956 5331 2188 5397 gratiam

552 5403 869 5469 spiritalem,
894 5409 939 5453 et
973 5403 1184 5466 accipit,
1213 5407 1316 5453 etc.
1343 5401 1386 5451 E
1427 5403 1703 5452 contrario
1742 5415 1937 5453 omnes
1971 5415 2187 5464 mss....,

553 5480 598 5523 et
625 5477 742 5538 ipsa
770 5475 948 5538 gratia
971 5473 1237 5535 spiritalis
1266 5474 1477 5535 accipit,
1509 5477 1614 5523 etc.
1653 5472 1882 5535 Melius;
1912 5473 2004 5524 hic
2037 5474 2186 5524 enim

555 5544 704 5593 idem
729 5549 830 5604 est,
858 5545 1040 5607 gratia
1074 5543 1338 5609 spiritalis
1366 5556 1432 5594 ac
1472 5544 1583 5606 ipse
1615 5544 1838 5609 spiritus
1862 5559 1881 5593 :
1915 5543 2184 5608 quemad-

557 5613 784 5662 modum
827 5615 1040 5664 virtutis
1085 5615 1284 5678 gratia,
1319 5614 1427 5674 vel,
1467 5614 1644 5671 decus.
1684 5627 1834 5679 sape
1876 5629 1990 5667 non
2035 5616 2187 5666 aliud

556 5685 946 5751 sonat,_quam
991 5685 1111 5746 ipsa
1155 5686 1346 5735 virtus.
1390 5686 1659 5751 Alioquin
1704 5686 1798 5739 hic
1843 5688 2188 5739 omitteretur

557 5749 920 5824 sanctiﬁcatio
948 5755 1191 5815 spiritus,
1223 5757 1322 5819 qui
1351 5769 1518 5821 supra
1539 5749 1622 5809 'ac
1658 5758 1924 5823 deinceps
1969 5773 2188 5824 semper

559 5831 690 5872 cum
716 5820 898 5868 anima
927 5825 982 5870 et
1005 5834 1230 5887 corpore
1255 5820 1590 5880 numeratur.

2293 4619 2422 4658 nem
2471 4619 2599 4658 cum
2643 4603 2757 4657 suis
2801 4602 3102 4658 desideriis
3135 4607 3451 4671 exuentes,
3488 4600 3682 4658 induti
3716 4607 3916 4655 novum.

2290 4697 2391 4769 qui
2431 4697 2743 4753 secundum
2783 4696 3070 4754 Christum
3117 4699 3348 4752 creatur
3394 4713 3520 4752 non
3569 4697 3630 4750 in
3675 4691 3916 4749 vetustate

2291 4790 2518 4858 littera,
2548 4789 2647 4845 sed
2680 4791 2738 4845 in
2773 4791 3025 4845 novitate
3059 4789 3293 4862 spiritus
3331 4790 3687 4863 gradiamur
3710 4784 3917 4859 (Calussa

2291 4900 2374 4950 ιιι,
2417 4887 2471 4952 9,
2526 4886 2634 4952 lO);
2685 4900 2797 4955 quo
2839 4883 3017 4956 possit
3061 4883 3224 4939 nobis
3273 4885 3466 4940 etiam
3515 4872 3920 4939 resurrectionis

2291 4983 2545 5049 tempore
2591 4977 2918 5050 incorrupta
2958 4977 3210 5049 corporis
3247 4983 3310 5033 et
3355 4979 3579 5034 anima
3622 4982 3677 5032 et
3719 4969 3920 5046 spiritus

2291 5088 2528 5127 manere
2575 5064 2950 5141 communio;
2976 5077 3033 5127 ct
3071 5075 3208 5126 tunc
3251 5073 3466 5126 omnia
3507 5087 3642 5144 qua
3678 5067 3917 5141 petimus:

2290 5166 2688 5236 impetremus.
2726 5166 2884 5230 Quod
2931 5166 3218 5238 plerisque
3262 5165 3504 5223 videtur
3545 5165 3716 5222 etiam
3757 5154 3916 5215 Domi-

2355 5333 2450 5396 (23;
2478 5334 2741 5384 Nonnulli
2771 5346 2924 5395 mss.,
2953 5334 3070 5397 ipsa
3098 5346 3192 5398 per
3217 5332 3571 5394 fermentum.

2340 5405 2451 5467 ’(24)
2492 5405 2659 5465 Edit.,
2707 5406 2992 5456 concordia
3027 5405 3394 5457 voluntatum.
3427 5405 3598 5457 Haud
3632 5403 3800 5458 male;
3825 5407 3920 5446 me-

2287 5475 2396 5525 lius
2422 5480 2604 5526 tamen
2631 5490 2760 5526 mss.
2794 5478 2908 5527 fere
2934 5476 3002 5526 ad
3031 5489 3226 5538 unum,
3256 5478 3565 5528 concordia
3594 5474 3920 5536 voluptatum,

2290 5547 2343 5596 id
2384 5550 2486 5610 est,
2513 5561 2640 5598 cum
2681 5561 2898 5613 corpus,
2931 5548 3131 5608 anima,
3167 5552 3222 5598 et
3261 5549 3507 5611 spiritus
3548 5546 3742 5598 iisdem
3780 5539 3922 5592 rebus

2287 5617 2649 5670 delectantur.

2348 5690 2444 5753 (25)
2475 5691 2576 5740 Sed
2611 5691 2893 5754 spiritus...
2938 5693 3034 5743 hoc
3064 5692 3263 5742 verius.
3305 5690 3432 5742 Ista
3477 5692 3538 5741 in
3578 5690 3767 5741 decem
3810 5690 3914 5732 mss.

2287 5774 2399 5811 non
2425 5761 2808 5825 reperiuntur:
2843 5763 3049 5826 quibus
3077 5760 3284 5812 ablatis
3316 5774 3530 5813 sensus
3561 5761 3702 5812 nihil
3727 5755 3919 5806 videtur

2285 5845 2553 5898 passurus
2578 5832 2914 5888 detrimenti.
