4022 6176
161 264 255 319 1841
1199 256 1661 313 EXPOSITIONIS
1701 257 1768 311 IN
1807 256 2036 314 LUCAM
2076 258 2202 312 LIB.
2241 258 2354 317 Vll.

3329 260 3460 317 1842

154 398 234 439 nus
269 377 623 452 significasse,
667 377 806 432 dum
845 377 1023 432 dicit:
1060 397 1088 429 α
1133 377 1190 433 Si
1218 377 1434 432 duobus
1469 393 1532 431 ex
1573 377 1730 432 vobis
1754 376 2009 461 Alimite
2065 377 2393 433 humanitas
2447 381 2780 451 copulatur,
2839 397 2967 452 qua
3019 380 3098 435 ita
3151 379 3461 437 Dominica

153 474 454 538 convenerit,
487 487 653 543 super
681 475 918 540 terram,
948 471 1016 526 de
1048 471 1204 526 omni
1235 487 1297 525 re
1325 486 1729 543 quamcunque

149 566 404 642 petieritis,
435 563 528 619 ﬁet
562 564 721 618 vobis
761 582 794 619 a
837 566 998 618 Patre
1030 581 1184 630 meo,
1226 565 1324 634 qui
1364 565 1420 618 in
1453 564 1607 619 caelis
1647 570 1730 617 est

147 663 347 730 (Matth,
380 675 522 724 xvm,
554 659 732 729 19).ζ››

207 757 305 809 193.
352 755 539 824 Itaque
583 750 682 806 alii
731 751 892 819 duos,
941 752 1189 806 animam
1232 758 1286 807 et
1332 768 1541 823 corpus
1584 752 1725 806 acci-

145 849 307 922 piunt;
351 845 438 899 alii
487 843 744 899 animum
789 851 844 899 et
898 845 1194 916 spiritum;
1244 849 1306 899 ut
1356 845 1402 899 si
1452 845 1511 900 in
1557 849 1726 914 terra,

145 943 231 998 hoc
267 944 360 1008 est,
404 939 459 993 in
502 954 741 1010 corpore
791 938 894 992 sibi
947 938 1144 993 anima
1193 937 1537 1010 spiritusque
1585 955 1724 993 con-

145 1034 367 1098 sentiant,
398 1048 502 1087 nec
544 1049 602 1088 se
639 1032 981 1103 impugnent
1022 1033 1264 1087 invicem
1305 1031 1537 1087 diversis
1568 1033 1726 1103 cupi-

146 1127 392 1193 ditatibus,
421 1126 614 1181 omnia
640 1125 696 1181 in
729 1125 993 1181 effectum
1027 1126 1331 1180 videantur
1365 1133 1527 1181 orata
1566 1142 1730 1197 posse

147 1221 328 1276 deduci.
367 1220 521 1284 Quod
566 1220 645 1273 ita
687 1220 768 1286 fit,
813 1236 944 1273 cum
985 1219 1197 1274 fuerint
1241 1225 1482 1291 utraque
1528 1236 1727 1286 unum,

145 1318 179 1371 si
206 1314 483 1369 subtractis
518 1313 854 1380 inimicitiis,
888 1314 974 1368 vel
1017 1313 1231 1382 solutis,
1265 1314 1376 1368 duo
1415 1313 1732 1368 condantur

143 1411 185 1464 in
216 1425 375 1463 unum
407 1424 618 1462 novum
658 1407 976 1475 hominem,
1011 1407 1068 1462 id
1099 1411 1203 1478 est,
1241 1407 1428 1462 anima
1473 1405 1730 1480 1458

143 1511 183 1558 et
206 1502 415 1573 spiritus
448 1519 460 1554 :
500 1523 527 1549 ‹‹
558 1501 631 1555 Ut
669 1518 902 1556 oremus
939 1501 1160 1573 spiritu,
1192 1517 1420 1556 oremus
1451 1505 1508 1556 et
1537 1507 1730 1556 mente

144 1597 317 1663 (lCor.,
346 1612 450 1662 xiv,
484 1596 590 1666 l5).
623 1617 651 1644 )›
679 1595 836 1650 Licet
862 1595 1120 1667 plerique
1152 1595 1291 1650 duos
1327 1596 1564 1667 populos
1591 1594 1731 1650 acci-

141 1691 284 1762 piant,
327 1707 390 1744 ex
431 1689 640 1744 Israele
687 1692 744 1743 et
786 1707 851 1744 ex
902 1689 1166 1760 gentibus
1209 1689 1270 1744 in
1313 1705 1495 1744 unum
1541 1706 1727 1745 resur-

141 1759 364 1838 rectionis
404 1788 667 1855 tempore
710 1759 1175 1854 congregandos;
1222 1787 1284 1837 ut
1327 1783 1422 1838 fiat
1465 1785 1523 1838 in
1571 1759 1807 1838 ater—B

143 1894 249 1932 num
281 1894 540 1932 mansura
585 1876 876 1948 perfectio,
921 1881 979 1931 et
1017 1876 1071 1931 id
1111 1876 1258 1949 quod
1305 1894 1373 1932 ex
1415 1883 1579 1949 parte
1622 1881 1725 1948 est,

141 1972 436 2027 destruatur.
471 1971 739 2042 Plerique
778 1975 973 2026 autem
1012 1970 1194 2026 virum
1232 1977 1287 2026 et
1323 1987 1557 2026 uxorem
1589 1988 1725 2026 con-

142 2066 402 2119 sentientes
428 2064 538 2118 sibi
565 2064 754 2119 studio
780 2063 1075 2118 charitatis
1101 2064 1404 2135 accipiunt.

197 2159 296 2212 194.
322 2159 510 2230 Itaque
544 2159 590 2212 si
617 2157 675 2212 in
704 2158 810 2212 hac
843 2157 950 2212 vita
982 2162 1092 2211 tres
1117 2173 1404 2212 mensura
1433 2157 1503 2212 in
1524 2157 1730 2213 eodem

141 2253 373 2306 fermento
414 2251 756 2322 manserint,
797 2252 972 2306 donec
1018 2251 1450 2320 fermententur,
1492 2254 1552 2306 et
1592 2253 1731 2306 fiant

143 2361 312 2412 unum;
341 2350 397 2399 ut
422 2345 816 2417 aqualitatum
849 2345 1004 2400 nulla
1027 2345 1298 2400 distantia
1325 2345 1416 2413 sit,
1451 2361 1555 2401 nec
1580 2362 1730 2400 com-

142 2439 273 2509 positi
305 2455 367 2494 ex
404 2439 585 2494 trium
625 2439 950 2494 diversitate
981 2438 1293 2506 videamur,
1334 2439 1445 2493 erit
1480 2439 1540 2493 in
1580 2441 1729 2495 futu-

143 2550 237 2586 rum
269 2533 630 2605 diligentibus
671 2533 958 2589 Christum
1006 2532 1336 2603 incorrupta
1375 2534 1726 2602 communio,

144 2643 219 2681 nec
252 2627 540 2700 compositi
585 2626 977 2695 manebimus;
1025 2643 1157 2680 nam
1200 2632 1256 2681 et
1293 2627 1392 2698 qui
1433 2627 1729 2698 compositi

145 2737 261 2775 nunc
283 2738 490 2789 sumus,
517 2737 704 2776 unum
731 2720 965 2789 erimus,
988 2724 1044 2774 et
1066 2719 1122 2774 in
1154 2736 1328 2775 unam
1354 2720 1729 2775 substantiam

144 2815 660 2870 transformabimur.
723 2814 913 2884 Neque
975 2813 1126 2868 enim
1190 2813 1248 2867 in
1313 2815 1730 2868 resurrectione

145 2907 262 2962 aliud
290 2910 386 2964 erit
412 2909 530 2964 alio
565 2907 818 2975 inferius,
851 2907 992 2961 sicut
1030 2924 1182 2962 nunc
1220 2908 1434 2978 fragilis
1475 2907 1532 2961 in
1565 2908 1730 2963 nobis

147 3006 208 3054 est
229 3003 392 3057 carnis
417 3001 744 3070 inﬁrmitas,
774 3007 829 3056 et
859 3001 1168 3072 corporalis
1203 3000 1477 3056 habitudo
1509 3007 1729 3057 natura

145 3095 207 3147 vel
238 3097 554 3152 vulneribus
597 3100 769 3166 patet,
810 3096 897 3149 vel
943 3095 1164 3166 injuriis
1209 3095 1476 3165 subjacet,
1519 3095 1604 3150 vel
1645 3097 1730 3150 sui

145 3189 287 3244 oneris
319 3191 462 3246 mole
498 3190 768 3260 depressa
803 3205 972 3259 supra
1009 3194 1188 3243 terras
1226 3189 1425 3260 nequit
1463 3190 1730 3244 extollere

145 3281 272 3336 altius
316 3291 479 3356 atque
543 3284 760 3338 elevare
811 3283 1145 3354 vestigium;
1194 3283 1289 3338 sed
1348 3283 1401 3336 in
1459 3284 1731 3355 simplicis

146 3381 367 3430 creatura
418 3376 669 3449 gratiam
725 3375 1134 3447 figurabimur,
1193 3393 1321 3430 cum
1386 3376 1730 3447 completum

147 3467 277 3524 fuerit
311 3472 454 3544 quod
505 3470 727 3524 dictum
772 3472 856 3524 est
901 3487 935 3523 a
976 3471 1191 3524 Joanne
1243 3487 1255 3524 :
1303 3490 1329 3521 ‹‹
1381 3470 1728 3536 Charissimi,

149 3577 262 3617 nunc
285 3563 370 3619 filii
399 3565 490 3620 Dei
525 3579 744 3631 sumus,
775 3569 831 3618 et
857 3562 1113 3618 nondum
1141 3563 1451 3618 revelatum
1479 3570 1562 3618 est
1593 3563 1729 3635 quid

151 3655 343 3727 erimus;
387 3659 483 3714 sed
547 3657 756 3712 scimus
805 3657 938 3728 quia
991 3673 1122 3711 cum
1170 3657 1483 3712 revelatum
1535 3657 1727 3723 fuerit,

149 3749 311 3805 similes
347 3752 396 3806 ei
431 3751 650 3806 erimus
677 3751 720 3822 (Ι
745 3754 926 3813 Joan.,
965 3767 1044 3819 Ill,
1074 3749 1148 3820 2).
1183 3771 1208 3800 ι)
1249 3753 1443 3822 Itaque
1471 3766 1601 3805 cum
1636 3751 1726 3805 Dei

149 3844 306 3896 natura
350 3845 419 3900 sit
468 3843 712 3916 simplex
761 3843 1014 3915 (spiritus
1057 3843 1212 3898 enim
1260 3845 1404 3898 Deus
1449 3844 1577 3914 est),
1629 3860 1730 3898 nos

150 3949 326 4009 quoque
351 3938 407 3992 in
442 3937 712 3994 eamdem
737 3937 1052 4009 imaginem
1086 3936 1462 4008 ﬁgurabimur
1490 3938 1552 4009 (ll
1583 3937 1726 4000 Cor.,

149 4043 212 4090 ιιι,
262 4033 366 4101 l8);
426 4040 485 4087 ut
559 4032 742 4104 qualis
809 4030 1078 4096 calestis,
1145 4030 1288 4085 tales
1354 4034 1411 4084 et
1476 4031 1730 4086 calestes

149 4120 175 4182 ί]
199 4121 313 4189 Cor.,
340 4143 425 4193 xv,
460 4124 578 4196 48).
611 4126 793 4197 igitur
835 4125 978 4179 sicut
1017 4125 1367 4196 portavimus
1415 4124 1729 4196 imaginem

149 4211 262 4269 illius
283 4220 510 4286 terreni,
543 4223 834 4290 portemus
863 4223 918 4274 et
953 4218 1266 4291 imaginem
1293 4219 1464 4290 hujus
1491 4219 1730 4274 calestis

148 4305 289 4375 (Ibid,
318 4314 420 4382 49),
451 4329 625 4386 quam
656 4313 882 4368 animus
910 4317 1106 4367 noster
1135 4313 1301 4367 debet
1332 4312 1594 4366 induere.

205 4405 302 4459 l9'5.
346 4407 496 4479 (Cap.
552 4407 680 4460 XIV.
730 4438 796 4445 ——
840 4407 994 4461 Vers.
1043 4406 1209 4475 2-14.)
1254 4407 1322 4461 Et
1367 4406 1494 4460 ideo
1544 4405 1732 4478 primo

1832 473 2127 527 sententia
2158 472 2484 528 deﬁnitione
2511 473 2903 544 distinguitur,
2932 474 2976 527 si
3002 473 3058 527 in
3092 489 3372 545 pauperes
3401 478 3460 530 et

1831 565 2044 620 debiles
2081 566 2436 635 conferatur;
2466 583 2596 620 nam
2639 567 2976 638 hospitalem
3015 567 3460 623 remuneraturis

1831 676 1951 714 esse
1978 659 2216 714 affectus
2245 660 2496 715 avaritia
2527 667 2628 716 est.

1905 755 2025 808 196.
2080 755 2256 824 (Vers.
2316 757 2511 824 l8-2l.)
2569 756 2921 810 Postremum
2977 753 3139 826 quasi
3204 754 3460 809 emerita

1833 846 2048 902 militia
2079 847 2198 903 viro
2236 849 2781 903 contemnendarum
2821 847 3172 920 stipendium
3207 847 3460 918 prascri-

1831 941 1988 996 bitur
2029 942 2385 1006 facultatem;
2425 942 2578 1014 quod
2624 957 2808 1013 neque
2851 940 2944 995 ille
2989 941 3088 1013 qui
3136 939 3336 996 studiis
3379 940 3462 996 in-

1831 1038 2024 1089 tentus
2063 1035 2430 1090 inferioribus
2469 1036 2848 1106 possessiones
2889 1035 2994 1089 sibi
3037 1037 3296 1090 terrenas
3337 1049 3462 1090 coe-

1832 1129 1956 1194 mit,
2009 1145 2254 1199 regnum
2303 1130 2422 1184 cali
2482 1129 2659 1200 possit
2706 1129 2956 1200 adipisci,
3007 1145 3135 1183 cum
3189 1128 3462 1184 Dominus

1833 1222 1979 1277 dicat
2011 1240 2024 1276 :
2064 1245 2089 1271 u
2127 1223 2315 1278 Vende
2352 1223 2545 1278 omnia
2581 1225 2702 1290 tua,
2733 1227 2791 1277 et
2826 1239 3067 1294 sequere
3099 1239 3191 1277 me
3219 1222 3457 1292 (Matth,

1831 1332 1940 1385 xxx,
1973 1319 2090 1385 2f);
2137 1337 2162 1366 υ
2206 1334 2310 1371 nec
2356 1317 2448 1371 ille
2493 1316 2594 1387 qui
2640 1317 2780 1371 emit
2821 1316 3011 1384 boves,
3054 1332 3184 1371 cum
3233 1317 3462 1372 Elisaus

1832 1409 2122 1476 occiderit,
2148 1417 2204 1464 et
2233 1410 2441 1481 populo
2468 1409 2720 1465 diviserit
2749 1426 2890 1482 quos
2922 1409 3164 1465 habebat
3194 1411 3278 1477 (ΙΙΙ
3305 1413 3457 1480 Reg.,

1833 1519 1939 1569 χιχ,
1989 1504 2112 1570 2t);
2161 1507 2216 1557 et
2264 1503 2356 1558 ille
2409 1503 2508 1575 qui
2559 1503 2714 1558 ducit
2767 1519 3027 1571 uxorem,
3073 1503 3283 1574 cogitet
3331 1518 3458 1575 qua

1831 1596 2034 1652 mundi
2069 1603 2220 1664 sunt,
2251 1614 2362 1651 non
2402 1615 2529 1669 qua
2561 1597 2674 1652 Dei.
2713 1598 2832 1652 Non
2861 1613 2972 1670 quo
3004 1596 3333 1669 conjugium
3367 1612 3452 1650 re-

1832 1691 2236 1762 prehendatur,
2272 1691 2368 1746 sed
2404 1691 2536 1763 quia
2567 1693 2637 1747 ad
2670 1692 2946 1761 maiorem
2985 1690 3261 1746 honorem
3299 1705 3457 1746 voce-

1835 1789 1925 1839 tur
1956 1785 2280 1855 integritas;
2310 1786 2584 1857 quoniam
2625 1808 2652 1834 ‹‹
2689 1785 2884 1840 Mulier
2922 1785 3159 1856 innupta
3197 1788 3255 1838 et
3289 1784 3457 1840 vidua

1830 1879 2038 1952 cogitat
2075 1896 2203 1950 qua
2241 1883 2378 1934 sunt
2415 1879 2656 1945 Domini,
2696 1885 2756 1934 ut
2791 1880 2864 1934 sit
2902 1884 3096 1934 sancta
3124 1894 3364 1951 corpore
3405 1884 3461 1934 et

1831 1972 2052 2045 spiritu.
2108 1974 2242 2027 Nam
2302 1989 2429 2045 qua
2485 1978 2662 2044 nupta
2717 1977 2830 2040 est,
2890 1972 3102 2044 cogitat
3152 1989 3277 2044 qua
3327 1975 3460 2026 sunt

1832 2067 2051 2136 mundi,
2082 2067 2370 2137 quomodo
2397 2067 2620 2138 placeat
2642 2066 2761 2121 viro
2790 2067 2830 2137 (Ι
2861 2069 3001 2131 Cor.,
3035 2083 3130 2133 vn,
3159 2066 3272 2138 34).
3304 2089 3332 2117 »

1906 2164 2022 2216 197.
2076 2161 2181 2215 Sed
2229 2167 2292 2215 ut
2336 2161 2392 2215 in
2445 2161 2712 2232 gratiam,
2763 2166 2823 2216 ut
2867 2177 3036 2232 supra
3081 2176 3210 2215 cum
3259 2160 3460 2226 viduis,

1834 2256 1908 2310 ita
1954 2271 2104 2310 nunc
2150 2254 2319 2309 etiam
2369 2271 2500 2308 cum
2545 2254 2881 2326 conjugibus
2927 2256 3298 2323 revertamur,
3343 2271 3459 2310 non

1832 2349 2146 2420 refugimus
2196 2348 2553 2418 opinionem,
2603 2364 2774 2419 quam
2819 2352 3140 2420 sequuntur
3183 2347 3460 2419 plerique,

1831 2447 1892 2496 ut
1931 2443 2038 2496 tria
2077 2458 2288 2512 genera
2327 2441 2622 2496 hominum
2655 2459 2687 2495 a
2717 2442 3004 2496 consortio
3042 2457 3271 2513 magna
3315 2440 3461 2494 illius

1834 2533 2092 2608 1459
2127 2551 2300 2590 coena
2335 2535 2681 2590 aestimemus
2717 2535 2956 2603 excludi,
2999 2536 3318 2606 gentilium,
3361 2535 3462 2588 Ju-

1831 2630 2111 2697 daorum,
2141 2630 2557 2684 haereticorum.

1907 2728 2026 2780 198.
2066 2726 2134 2779 Et
2178 2725 2302 2780 ideo
2347 2726 2648 2797 Apostolus
2690 2724 2987 2779 avaritiam
3033 2725 3169 2780 dicit
3214 2742 3333 2781 esse
3383 2727 3464 2780 fu-

1833 2819 2127 2890 giendam,
2175 2835 2246 2873 ne
2303 2818 2563 2888 impediti
2629 2835 2787 2873 more
2852 2819 3073 2889 gentili,
3133 2819 3459 2891 iniquitate,

1833 2909 2070 2976 malitia,
2100 2909 2475 2980 impudicitia,
2506 2908 2743 2963 avaritia
2767 2908 2965 2979 (Rom.,
3003 2927 3042 2976 ι,
3072 2909 3182 2979 29),
3220 2909 3292 2963 ad
3331 2924 3458 2979 reg-

1831 3021 1969 3058 num
2007 3003 2209 3058 Christi
2249 3002 2544 3074 pervenire
2583 3018 2958 3074 nequeamus.
3005 3023 3031 3050 ‹‹
3068 3003 3263 3057 Omnis
3305 3003 3459 3057 enim

1831 3098 2188 3164 immundus,
2218 3100 2318 3152 aut
2347 3113 2569 3165 avarus,
2599 3097 2749 3168 quod
2778 3101 2861 3150 est
2889 3096 3174 3151 idolorum
3204 3096 3460 3162 servitus,

1832 3209 1948 3247 non
2000 3191 2171 3246 habet
2221 3192 2616 3247 hareditatem
2665 3191 2722 3244 in
2779 3206 2955 3261 regno
3003 3190 3208 3244 Christi
3260 3195 3318 3244 et
3365 3191 3459 3246 Dei

1835 3287 2072 3357 (Ephes..
2101 3303 2153 3354 v,
2190 3288 2263 3355 5).
2298 3307 2322 3334 »ι

1909 3383 2026 3434 199.
2061 3378 2243 3433 Judaei
2277 3383 2466 3433 autem
2509 3379 2784 3450 corporali
2822 3379 3140 3434 ministerio
3173 3380 3314 3451 juga
3355 3379 3461 3434 sibi

1831 3473 1972 3544 legis
2021 3473 2348 3542 imponunt,
2398 3477 2453 3526 et
2502 3473 2628 3527 ideo
2683 3473 2994 3527 secundum
3049 3474 3389 3544 Prophetam
3444 3489 3458 3525 :

1836 3589 1862 3614 «
1918 3567 2323 3636 Dirumpamus
2373 3565 2604 3620 vincula
2646 3582 2864 3633 eorum,
2911 3570 2968 3620 et
3017 3565 3383 3636 projiciamus
3429 3583 3460 3618 a

1831 3660 1990 3714 nobis
2033 3661 2243 3730 jugum
2303 3659 2559 3730 ipsorum
2611 3661 2779 3728 (Psal.
2839 3676 2898 3726 ιι,
2955 3658 3030 3729 3).
3085 3682 3112 3708 ››
3170 3659 3458 3714 Christum

1831 3754 1984 3810 enim
2020 3753 2356 3824 recepimus,
2389 3752 2484 3824 qui
2514 3752 2822 3807 cervicibus
2851 3752 3057 3806 nostris
3087 3752 3307 3822 pietatis
3342 3769 3457 3806 sua

1828 3848 2034 3920 jugum
2078 3847 2218 3901 mite
2260 3845 2578 3917 suspendit.
2618 3846 2879 3918 Quinque
2917 3851 3108 3900 autem
3147 3845 3289 3916 juga
3329 3850 3459 3899 sunt

1833 3941 2135 3996 verborum
2169 3939 2384 4008 decem,
2416 3939 2501 3993 vel
2529 3939 2779 4011 quinque
2809 3939 2940 3993 libri
2969 3938 3179 3993 veteris
3203 3937 3360 4010 legis,
3391 3939 3457 3992 de

1831 4033 2036 4106 quibus
2081 4033 2138 4086 in
2192 4032 2498 4104 Evangelia
2545 4032 2766 4086 videtur
2810 4031 3175 4088 Samaritana
3218 4032 3400 4088 dicere
3445 4049 3455 4086 :

1836 4149 1860 4179 «
1893 4126 2157 4198 Quinque
2191 4127 2347 4181 enim
2374 4127 2520 4181 viros
2547 4126 2790 4181 habuisti
2822 4128 3023 4197 (Joan.,
3050 4143 3123 4196 ιν,
3158 4128 3264 4196 18).
3295 4149 3322 4174 ››

1906 4224 2027 4275 '200.
2056 4223 2124 4274 At
2152 4237 2283 4274 vero
2319 4221 2553 4275 haresis
2589 4222 2743 4274 velut
2778 4221 2887 4274 Eva
2925 4220 3176 4275 femineo
3211 4221 3462 4292 rigorem

1834 4315 1963 4370 fidei
1992 4319 2175 4370 tentat
2212 4315 2434 4382 affectu,
2475 4322 2530 4368 et
2570 4315 2787 4369 lubrica
2824 4314 3094 4369 facilitate
3136 4315 3460 4386 prolabens,

1833 4409 2112 4463 lenocinia
2151 4409 2277 4463 falsi
2313 4409 2531 4464 decoris
2571 4409 2811 4475 affectat,
2844 4409 3239 4462 intemeratam
3278 4409 3458 4479 negli-

152 4493 310 4553 abhinc
367 4501 484 4556 loco
551 4504 783 4555 curatur
842 4500 1212 4571 hydropicus,
1265 4499 1323 4553 in
1376 4516 1490 4571 quo
1549 4499 1810 4571 fluxusD
1835 4519 1971 4574 gens
1996 4501 2478 4573 pulchritudinem
2506 4501 2776 4555 veritatis.
2809 4501 2944 4554 Ideo
2973 4500 3147 4571 igitur
3172 4504 3458 4566 excusant,

153 4591 293 4645 carnis
327 4595 656 4659 exuberans,
697 4593 905 4648 anima
943 4593 1216 4664 gravabat
1257 4592 1462 4662 officia,
1503 4593 1732 4664 spiritus

154 4685 500 4758 exstinguebat
544 4687 833 4742 ardorem.
877 4687 1086 4742 Deinde
1142 4686 1373 4742 docetur
1417 4687 1729 4753 humilitas,

154 4771 256 4830 dum
281 4779 330 4833 in
364 4781 459 4835 illo
490 4781 744 4836 convivio
783 4781 1021 4852 nuptiali
1061 4780 1389 4852 appetentia
1427 4781 1529 4836 loci
1572 4798 1732 4852 supe-

153 4867 281 4924 rioris
321 4880 538 4929 arcetur
582 4876 718 4945 (26);
763 4875 1082 4929 clementer
1132 4877 1342 4939 tamen,
1392 4879 1452 4928 ut
1505 4890 1732 4945 persua-

155 4958 284 5018 sionis
330 4967 650 5024 humanitas
707 4968 1074 5040 asperitatem
1130 4968 1489 5023 coercitionis
1551 4969 1732 5023 exclu-

155 5053 293 5125 deret,
326 5062 462 5117 ratio
505 5063 803 5134 proficeret
834 5063 907 5117 ad
937 5062 1319 5134 persuasionis
1356 5061 1642 5129 effectum,
1677 5067 1733 5116 et

155 5155 376 5209 correctio
413 5158 745 5212 emendaret
781 5156 1065 5212 affectum.
1101 5155 1237 5210 Huic
1269 5155 1430 5228 quasi
1472 5156 1732 5227 proximo

203 5316 278 5376 (26)
303 5321 419 5373 Mss.
452 5325 723 5388 nonnulli,
753 5326 818 5376 de
839 5325 1076 5388 potentia
1121 5323 1219 5374 loci
1253 5325 1546 5388 superioris
1582 5337 1732 5375 arce-

159 5387 234 5433 tur.
267 5390 451 5444 Paucis
487 5407 614 5446 vero
656 5387 983 5460 interjectis,
1019 5395 1116 5446 ubi
1155 5398 1263 5446 vet.
1302 5387 1432 5445 edit.
1471 5409 1538 5446 ac
1577 5409 1730 5457 mss.,

159 5465 468 5516 Wsuasiom's
515 5465 831 5518 humanitas.
883 5467 1041 5518 Rom.
1092 5465 1419 5518 invertendo
1465 5468 1730 5531 reposuit,

160 5534 383 5603 Persuasio
423 5534 785 5588 humanitatis.
819 5539 1070 5603 Denique
1113 5537 1211 5587 ubi
1255 5550 1449 5587 omnes
1487 5537 1617 5588 edit.
1667 5551 1731 5588 ac

162 5601 454 5674 paucimss.,
477 5610 714 5670 proximo
755 5609 952 5668 limine,
981 5601 1181 5674 reliqui
1220 5609 1528 5672 elegantius
1567 5608 1733 5659 exhi—

162 5662 274 5729 bent,
299 5662 534 5736 proximo
565 5679 740 5730 limite.

167 5739 287 5816 H.127)
307 5745 378 5795 Ita
406 5754 585 5802 cuncti
611 5766 740 5802 mss.
769 5765 836 5803 ac
863 5755 972 5802 vet.
999 5751 1131 5803 edit.
1161 5752 1270 5802 nisi
1300 5752 1451 5816 quod
1477 5751 1564 5802 ha
1602 5765 1732 5802 cum

164 5807 337 5866 illorum
365 5823 634 5873 nonnullis
666 5825 790 5874 loco
818 5823 1126 5882 obruerunt,
1157 5807 1370 5874 habent
1396 5822 1731 5874 sai-buerunt.

1834 4595 1966 4667 quia
2009 4596 2226 4649 nemini
2275 4594 2670 4649 intercluditur
2717 4610 2983 4664 regnum,
3030 4592 3138 4647 nisi
3189 4593 3240 4648 ei
3288 4609 3461 4664 quem

1836 4706 1951 4744 sua
2005 4689 2286 4760 professio
2351 4687 2501 4742 vocis
2561 4686 2900 4755 excluserit;
2952 4687 3220 4741 Dominus
3272 4691 3463 4742 autem

1836 4799 2037 4837 omnes
2075 4784 2388 4836 clementer
2417 4781 2638 4846 invitat,
2671 4781 2767 4835 sed
2812 4797 2914 4834 nos
2947 4786 3045 4834 aut
3086 4780 3300 4835 desidia
3339 4797 3464 4834 nos-

1836 4885 1939 4946 tra,
1968 4879 2065 4931 aut
2090 4891 2252 4930 error
2277 4875 2498 4929 avertit.

1903 4973 2025 5024 201.
2062 4971 2210 5040 Ergo
2245 4971 2300 5022 et
2328 4969 2417 5022 ille
2451 4968 2548 5040 qui
2577 4968 2758 5022 villam
2795 4968 2953 5035 emit,
2982 4967 3200 5022 alienus
3225 4983 3255 5019 a
3286 4981 3462 5039 regno

1836 5070 1948 5134 est;
2001 5068 2254 5118 ementes
2301 5062 2456 5116 enim
2507 5064 2675 5134 atque
2724 5061 3037 5116 vendentes
3086 5061 3225 5124 Noe,
3274 5065 3333 5114 ut
3381 5061 3460 5114 le-

1836 5157 1985 5229 gisti,
2029 5161 2290 5228 tempore
2339 5155 2554 5210 diluvia
2604 5156 2919 5211 obruerunt.
2960 5155 3071 5222 (27)
3121 5155 3287 5216 lLuc.,
3333 5169 3460 5216 xvu.

1835 5325 1980 5376 Edit.
2018 5328 2204 5376 autem
2247 5324 2428 5384 Rom.,
2457 5325 2600 5380 Loth,
2639 5329 2696 5372 ut
2735 5323 2920 5386 legisti,
2958 5326 3186 5383 tempore
3223 5319 3464 5370 incendio

1833 5398 2122 5461 perierunt.
2147 5395 2257 5447 Sed
2285 5396 2470 5446 locum
2501 5395 2572 5445 ab
2596 5393 2889 5444 Ambrosio
2917 5404 2987 5442 ex
3011 5390 3278 5440 memoria
3307 5392 3463 5442 citari

1834 5469 2194 5520 manifestum
2232 5471 2331 5519 est.
2369 5467 2538 5517 Porro
2575 5462 2847 5530 quidquid
2893 5462 3093 5525 legitur
3132 5476 3163 5511 a
3205 5461 3460 5523 vocibus,

1833 5544 2050 5590 excusat
2084 5551 2325 5596 uxorem,
2349 5550 2529 5602 usque
2556 5535 2622 5585 ad
2654 5533 2870 5584 numeri
2896 5532 3180 5596 sequentis
3216 5532 3456 5602 initium,

1836 5612 1892 5660 in
1917 5609 2047 5661 edit.
2081 5609 2238 5660 Rom.
2267 5600 2460 5661 contra
2483 5607 2717 5658 aliarum
2747 5618 2813 5655 ac
2842 5615 2972 5654 mss.
3001 5602 3253 5653 omnium
3293 5600 3461 5653 fidem

1836 5683 2101 5745 rejectum
2149 5681 2328 5730 fuerat
2371 5683 2495 5744 post
2539 5677 2726 5738 verba,
2778 5674 3113 5740 improbitate
3157 5673 3462 5739 deliquerit,

1835 5767 1986 5804 num.
2015 5752 2078 5804 26
2106 5752 2300 5816 posita.
