4022 6176
578 216 712 276 18.43
1629 177 1631 182 “
2047 216 2102 268 s.
2145 214 2462 270 AMBROSII
3743 234 3852 291 1344

575 339 684 409 28),
728 340 786 392 et
829 339 925 393 ille
969 338 1068 409 qui
1106 337 1313 409 jugum
1365 338 1550 409 potius
1591 339 1734 411 legis
1780 356 1951 412 quam
2000 339 2201 410 gratim
2225 340 2414 422 A33).
2459 360 2485 388 »
2535 341 2599 395 Et
2647 341 2939 410 Apostolus
2988 339 3243 394 medium
3285 341 3544 409 parietem
3585 348 3713 416 scpis
3750 351 3854 407 dicit

571 449 784 488 munus
814 432 986 503 elegit
1016 454 1026 485 :
1064 437 1121 486 et
1145 432 1238 486 ille
1275 433 1374 503 qui
1414 437 1648 504 propter
1681 434 2000 489 ducendam
2032 450 2200 488 excu-

1716 552 1742 578 ‹‹
1781 531 1835 584 Si
1880 532 2006 600 quis
2049 529 2204 584 venit

571 621 644 675 ad
689 637 784 676 me
827 627 883 675 et
929 638 1042 675 non
1090 622 1207 676 odit
1253 627 1478 692 patrem
1523 640 1709 693 suum,
1757 626 1814 678 et
1859 627 2101 677 matrem
2147 628 2204 677 et

573 730 835 784 uxorem,
874 731 990 770 non
1035 719 1220 786 potest
1258 732 1422 770 meus
1461 717 1766 788 discipulus
1797 733 1913 770 esse
1956 717 2199 787 (Matth.,

575 824 685 876 xw,
741 809 852 879 26).
902 831 930 859 »
981 809 1208 864 Etenim
1260 810 1305 862 si
1357 813 1591 881 propter
1643 819 1698 864 te
1760 811 2034 865 Dominus
2085 828 2201 865 suae

571 902 859 957 renuntiat
881 902 1071 969 matri,
1101 903 1293 957 dicens
1327 921 1338 958 ε
1373 925 1401 951 ‹‹
1429 905 1564 968 Quze
1598 909 1682 958 est
1715 908 1898 958 mater
1926 921 2075 970 mea,
2104 910 2203 959 aut

570 995 668 1067 qui
707 995 913 1050 fratres
950 996 1066 1050 mei
1099 997 1342 1066 (Mutth.,
1376 1014 1470 1064 xu,
1508 998 1631 1067 48);
1667 1018 1694 1046 »
1724 1014 1824 1051 cur
1865 1001 1928 1052 tu
1964 998 2198 1052 Domino

571 1095 671 1144 tuo
725 1090 836 1161 (28)
892 1090 1083 1160 cupias
1144 1091 1465 1145 anteferre?
1517 1091 1629 1145 Sed
1691 1108 1875 1162 neque
1938 1092 2200 1162 ignorare

567 1186 854 1251 naturam,
910 1200 1099 1255 neque
1153 1184 1361 1238 servire
1409 1188 1632 1238 naturae
1682 1184 1952 1240 Dominus
1998 1185 2196 1255 jubet;

571 1277 671 1333 sed
714 1278 789 1333 ita
827 1279 1132 1350 indulgere
1178 1281 1413 1347 naturas,
1453 1284 1518 1333 ut
1562 1278 1845 1333 venereris
1887 1284 2198 1347 auctorem,

571 531 657 583 sat
697 544 968 596 uxorem;
1007 528 1280 598 scriptum
1328 533 1412 582 est
1455 529 1609 583 enim
1654 547 1667 583 :

570 1388 676 1427 nec
704 1389 737 1426 a
762 1374 874 1428 Deo
907 1377 1215 1444 parentum
1247 1389 1444 1429 amore
1475 1372 1774 1427 desciscas.

639 1469 764 1521 202.
795 1467 968 1536 (Vers.
1007 1469 1221 1538 21-23.)
1256 1469 1457 1538 Itaque
1487 1470 1616 1538 post
1653 1467 1894 1521 divitum
1933 1469 2202 1540 resupina

567 1560 788 1616 fastidia
815 1560 1057 1615 contulit
1087 1577 1144 1615 se
1181 1561 1252 1615 ad
1293 1565 1511 1631 gentes,
1533 1561 1695 1631 jubet
1730 1561 1907 1616 bonos
1933 1568 1989 1616 et
2020 1564 2203 1618 malos

567 1653 830 1720 introire,
882 1660 941 1708 ut
987 1655 1164 1709 bonos
1212 1660 1439 1725 augeat,
1491 1656 1775 1710 malorum
1822 1655 2090 1710 ali'ectum
2141 1657 2200 1710 in

2303 449 2421 487 esse
2461 433 2746 487 sublatum
2793 436 3020 503 (Ephes.,
3061 451 3118 501 ιι,
3162 435 3269 503 14),
3300 434 3392 504 qui
3434 439 3852 500 continuationem

2301 527 2634 581 munitionis
2675 528 2979 600 irruperat.
3024 527 3187 581 Fides
3229 528 3400 598 igitur
3436 536 3487 584 et
3519 533 3648 587 ratio
3685 540 3854 605 quieri-

2303 624 2414 687 tur,
2461 625 2516 675 et
2562 623 2838 691 quaeritur
2880 622 2937 675 in
2983 621 3204 692 plateis,
3249 621 3355 675 hoc
3398 629 3493 690 est,
3535 626 3587 679 in
3629 630 3856 685 meatibus

2302 713 2588 769 interioris
2615 715 2876 783 affectus;
2916 716 3053 786 quia
3097 715 3370 785 scriptum
3407 723 3486 771 est
3517 735 3528 772 :
3561 740 3587 768 ι(
3616 721 3668 774 1η
3695 723 3857 790 plateis

2304 810 2412 862 tuis
2441 810 2832 864 diffundantur
2860 825 3022 880 aquae
3055 813 3165 864 tute
3193 808 3394 877 (Prov.,
3421 827 3470 877 v,
3501 815 3597 881 16).
3629 835 3652 862 n

2369 905 2492 956 204.
2527 905 2636 957 Nec
2665 905 2771 958 hoc
2798 908 2991 958 tamen
3021 904 3258 972 plenum
3293 909 3392 967 est,
3422 909 3484 958 ut
3514 905 3696 976 aliquis
3727 925 3859 965 voca-

2300 1001 2390 1051 tus
2436 997 2719 1064 adveniat,
2765 996 2872 1050 nisi
2920 1001 3136 1051 vestem
3184 997 3392 1052 habeat
3433 1000 3738 1069 nuptialem,
3779 1004 3860 1058 hoc

2302 1095 2405 1157 est,
2451 1090 2623 1145 iidem
2669 1091 2872 1145 habeat
2911 1096 2968 1145 et
3007 1091 3344 1145 charitatem
3387 1092 3510 1160 (29).
3548 1094 3610 1145 Et
3645 1093 3753 1148 ideo
3789 1098 3864 1166 qui

2301 1201 2494 1256 pacem
2530 1188 2584 1238 et
2624 1185 2959 1239 charitatem
3001 1202 3114 1238 non
3145 1184 3412 1239 detulerit
3437 1185 3502 1239 ad
3538 1185 3721 1241 Christi
3755 1190 3861 1242 alta-

2300 1279 2403 1346 ria,
2445 1279 2672 1332 tolletur
2715 1278 2903 1349 ligatis
2943 1278 3180 1349 pedibus
3223 1283 3280 1333 et
3320 1278 3593 1347 manibus,
3629 1301 3654 1328 ‹‹
3679 1285 3728 1334 et
3759 1283 3864 1335 mit-

2299 1377 2450 1426 tetur
2501 1372 2559 1426 in
2614 1372 2876 1426 tenebras
2927 1372 3260 1427 exteriores.
3312 1372 3428 1426 lllic
3476 1373 3578 1427 erit
3624 1374 3784 1440 ﬂetus,
3824 1379 3867 1429 et

2300 1467 2510 1521 stridor
2561 1466 2818 1521 dentium
2873 1468 3112 1535 (Matth.,
3171 1483 3305 1533 χχιι,
3361 1467 3463 1535 13).
3518 1486 3543 1519 ››
3598 1467 3722 1530 Quae
3766 1471 3870 1520 sunt

2300 1560 2553 1615 tenebrae
2581 1561 2928 1614 exteriores?
2954 1561 3238 1631 Numquid
3273 1559 3388 1614 illic
3419 1576 3634 1631 quoque
3662 1576 3868 1614 carceres

2304 1654 2477 1725 aliqui
2529 1654 2888 1725 latumiaeque
2938 1655 3245 1708 subeundae
3301 1653 3470 1708 sunt?
3516 1653 3744 1708 Minime.
3787 1654 3869 1708 Sed

568 1748 812 1803 meliora
836 1752 1169 1819 commutet,
1195 1754 1255 1804 ut
1281 1721 1664 1819 compleretur
1689 1750 1827 1803 illud
1854 1750 2005 1820 quod
2032 1751 2201 1805 hodie
2223 1721 2278 1792 B
2305 1721 2627 1820 quicunque
2668 1721 2823 1802 extra
2855 1749 3132 1819 promissa
3171 1753 3304 1802 sunt
3343 1748 3638 1802 caelestium
3673 1747 3867 1801 manda-

566 1843 779 1898 lectum
821 1846 905 1897 est
942 1861 954 1897 :
996 1864 1024 1892 <<
1066 1845 1220 1898 Tunc
1261 1843 1383 1914 lupi
1422 1849 1478 1898 et
1516 1844 1650 1914 agni
1687 1844 1856 1897 simul
1899 1848 2203 1914 pascentur

571 1936 726 2008 (lsa.,
755 1954 886 2006 va,
913 1937 1024 2008 25).
1059 1958 1087 1987 ν
1116 1937 1321 1992 lnvitat
1357 1953 1656 2007 pauperes,
1697 1937 1932 2004 debiles,
1971 1954 2146 1993 caecos
2184 1955 2197 1992 :

570 2047 684 2102 quo
734 2031 1053 2085 ostenditur
1095 2031 1259 2086 nobis
1308 2031 1458 2102 quod
1503 2031 1725 2084 nullum
1772 2031 2034 2086 debilitas
2076 2049 2199 2087 cor-

566 2124 719 2196 poris
771 2125 1028 2179 excludat
1077 2141 1110 2178 a
1159 2141 1368 2196 regno,
1421 2124 1716 2195 rariusque
1767 2125 2064 2197 delinquat
2111 2127 2199 2180 cui

569 2218 833 2274 illecebra
863 2218 1006 2274 desit
1035 2219 1311 2290 peccandi
1341 2235 1353 2272 :
1389 2219 1475 2273 vel
1502 2218 1654 2289 quod
1685 2218 1984 2274 infirmitas
2013 2237 2203 2292 pecca-

567 2317 756 2368 torum
803 2329 905 2384 per
957 2312 1406 2367 misericordiam
1455 2312 1687 2367 Domini
1739 2313 2092 2381 remittatur,
2138 2319 2204 2370 ut

572 2422 689 2461 non
723 2422 793 2461 ex
828 2407 1116 2478 operibus,
1151 2407 1254 2460 sed
1293 2423 1361 2460 ex
1398 2406 1509 2461 ﬁde
1545 2406 1877 2476 redemptus
1905 2424 1938 2460 a
1964 2406 2202 2463 crimine

570 2501 659 2567 sit,
702 2507 763 2556 ut
809 2499 1067 2574 1460
1115 2501 1213 2572 qui
1257 2501 1556 2572 gloriatur,
1600 2500 1663 2554 in
1710 2501 1944 2555 Domino
1989 2502 2198 2573 glorie-

568 2599 684 2648 tur.

639 2690 764 2743 203.
807 2687 971 2742 Mittit
1014 2687 1206 2760 itaque
1248 2689 1318 2743 ad
1363 2689 1546 2744 exitus
1584 2688 1806 2744 viarum
1846 2707 1858 2745 :
1899 2689 2202 2760 prudentia

569 2783 722 2838 enim
781 2782 838 2836 in
897 2781 1055 2837 exitu
1117 2782 1357 2838 canitur.
1413 2782 1578 2838 Mittit
1637 2784 1707 2838 ad
1771 2785 2017 2855 plateas,
2070 2783 2204 2855 quia

568 2876 724 2932 misit
764 2877 832 2930 ad
881 2880 1231 2948 peccatores;
1279 2882 1338 2930 ut
1379 2876 1448 2931 de
1492 2877 1787 2932 latioribus
1830 2878 1936 2931 viis
1978 2877 2052 2932 ad
2098 2895 2197 2932 an-

568 2973 796 3042 gustam
846 2969 1122 3039 venirent,
1173 2986 1299 3040 quae
1349 2970 1502 3024 ducit
1554 2971 1622 3024 ad
1672 2971 1867 3024 vitam.
1913 2971 2077 3025 Mittit
2129 2971 2202 3025 ad

2302 1846 2512 1910 torum,
2559 1843 2616 1896 in
2661 1842 2913 1896 tenebris
2961 1841 3343 1897 exterioribus
3387 1847 3540 1908 sunt;
3583 1840 3704 1912 quia
3743 1857 3869 1893 man-

2303 1937 2436 1991 data
2477 1936 2580 1990 Dei
2625 1937 2821 1990 lumen
2861 1939 2994 1990 sunt
3035 1953 3046 1989 :
3091 1941 3146 1991 et
3185 1936 3504 2007 quicunque
3548 1935 3658 1989 sine
3694 1933 3870 1988 Christo

2304 2038 2406 2099 est,
2457 2030 2515 2084 in
2568 2030 2818 2085 tenebris
2864 2033 2976 2098 est;
3025 2030 3156 2102 quia
3205 2031 3403 2085 lumen
3447 2029 3505 2083 in
3552 2027 3776 2082 tenebris
3814 2030 3873 2080 est

2303 2124 2556 2182 Christus
2583 2125 2711 2194 (30).

2375 2220 2498 2273 205.
2538 2219 2682 2288 Ergo
2724 2233 2907 2288 neque
2948 2220 3033 2272 est
3068 2217 3448 2288 corporalium
3485 2216 3682 2271 stridor
3715 2214 3875 2285 aliquis

2304 2312 2585 2376 dentium,
2617 2327 2801 2382 neque
2831 2311 2977 2382 ignis
3002 2310 3205 2382 aliquis
3235 2316 3543 2383 perpetuus
3567 2310 3873 2364 ﬂammarum

2305 2406 2710 2477 corporalium,
2772 2422 2962 2476 neque
3028 2405 3236 2460 vermis
3299 2408 3385 2460 est
3443 2404 3730 2476 corporalis
3775 2402 3874 2473 (3i).

2304 2501 2415 2556 Sed
2454 2500 2575 2554 haec
2615 2500 2743 2554 ideo
2788 2504 3097 2570 ponuntur,
3127 2500 3263 2570 quia
3305 2499 3448 2554 sicut
3489 2516 3552 2553 ex
3588 2497 3750 2553 multa
3779 2511 3874 2549 cru-

2303 2595 2474 2650 ditate
2521 2600 2577 2648 et
2622 2593 2808 2648 febres
2854 2598 3164 2648 nascuntur
3209 2596 3266 2648 et
3308 2609 3549 2659 vermes,
3593 2593 3665 2646 ita
3705 2590 3744 2644 si
3783 2587 3878 2660 quis

2302 2705 2418 2743 non
2461 2687 2743 2759 decoquat
2780 2692 3010 2759 peccata
3041 2703 3164 2754 sua,
3197 2687 3352 2742 velut
3390 2686 3631 2758 quadam
3671 2685 3876 2752 interpo-

2302 2781 2408 2836 sita
2453 2781 2761 2837 sobrietate
2805 2780 3181 2848 abstinentiae,
3225 2781 3324 2835 sed
3369 2779 3654 2835 miscendo
3697 2780 3880 2848 peccata

2302 2876 2568 2947 peccatis,
2599 2879 2869 2947 tanquam
2912 2874 3250 2929 cruditatem
3290 2873 3599 2946 quamdam
3628 2870 3880 2928 contrahat
3962 2893 3963 2896 η

2302 2972 2559 3023 veterum
2608 2972 2664 3023 et
2712 2968 3026 3023 recentium
3072 2967 3440 3037 delictorum,
3485 2968 3617 3039 igne
3659 2965 3882 3019 aduretur

566 3064 702 3131 vias,
755 3067 813 3118 et
864 3064 1008 3117 circa
1058 3079 1240 3133 sepes,
1290 3063 1447 3135 quod
1499 3063 1557 3116 hi
1605 3063 1869 3117 videlicet
1917 3064 2032 3134 apti
2089 3065 2274 3167 sintC
2302 3062 2553 3134 proprio,
2613 3068 2668 3116 et
2725 3062 2838 3116 suis
2889 3062 3176 3116 vermibus
3227 3067 3608 3117 consumetur.
3660 3059 3798 3115 Unde
3840 3061 3880 3108 et
3962 3057 3963 3068 ‘

567 3173 747 3227 regno
786 3156 1078 3223 caelorum,
1118 3157 1218 3226 qui
1257 3157 1430 3210 nullis
1468 3158 1833 3227 praesentium
1873 3157 2196 3227 cupiditati-

568 3250 674 3304 bus
713 3250 970 3320 occupati
1007 3250 1078 3303 ad
1106 3250 1300 3303 futura
1338 3250 1627 3318 festinant,
1657 3251 1717 3305 in
1754 3251 1998 3322 quodam
2036 3253 2199 3307 bona;

569 3341 876 3397 voluntatis
927 3342 1159 3397 tramite
1213 3342 1529 3410 constituti;
1577 3350 1632 3398 et
1683 3345 1781 3414 qui
1832 3347 2001 3400 modo
2053 3347 2199 3418 sepis

571 3453 700 3508 qua
741 3436 811 3490 ab
851 3436 1075 3491 incultis
1116 3437 1270 3491 culta
1309 3440 1582 3506 secernat,
1623 3442 1680 3493 et
1716 3439 1972 3493 incursus
2009 3444 2201 3496 arceat

565 3530 895 3600 bestiarum,
949 3531 1140 3585 norint
1196 3531 1347 3587 bona
1399 3532 1660 3603 malaque
1715 3533 2090 3604 distinguere,
2143 3541 2199 3590 et

568 3624 834 3679 adversus
877 3627 1235 3680 tentamenta
1275 3625 1546 3697 nequitiae
1585 3625 1870 3696 spiritalis,
1903 3627 2038 3681 ﬁdei
2068 3645 2194 3682 mu-

569 3717 763 3772 nimen
817 3718 1144 3773 obtendere.
1195 3719 1448 3790 Denique
1501 3719 1807 3787 Dominus,
1863 3727 1924 3775 ut
1974 3721 2198 3777 vineam

566 3828 726 3866 suam
765 3812 1091 3866 ostenderet
1118 3812 1291 3867 fuisse
1322 3813 1606 3867 munitam
1637 3829 1650 3867 :
1684 3834 1712 3862 ‹‹
1746 3816 1813 3868 Et
1851 3831 2064 3885 sepem,
2106 3816 2196 3870 in-

566 3905 708 3977 quit,
747 3905 1120 3974 circumdedi,
1163 3909 1220 3961 et
1259 3905 1597 3962 circumfodi
1641 3923 1765 3961 eam
1807 3906 2053 3978 (Matth,
2084 3926 2194 3980 XXI,

631 4072 726 4135 (28)
773 4073 944 4122 Paris.
1001 4071 1257 4137 quaedam
1325 4071 1479 4135 edit.,
1535 4085 1631 4122 cur
1697 4077 1742 4122 te
1803 4075 2027 4126 Domino
2089 4081 2195 4126 tuo.

568 4145 778 4206 Inepte.

631 4216 726 4276 (29)
760 4216 888 4265 Mss.
929 4228 1042 4264 non
1073 4216 1255 4278 pauci,
1283 4227 1388 4266 nec
1420 4219 1712 4278 postrema
1752 4216 1959 4278 classis,
1989 4219 2198 4281 ﬁrmam

567 4287 775 4348 (aliqui,
801 4286 980 4351 ﬁdam)
1007 4285 1197 4336 habeat
1231 4287 1565 4336 charitalcm.

630 4357 723 4421 (30)
745 4359 1002 4422 Plerique
1027 4371 1157 4407 mss.
1191 4361 1357 4421 atque
1388 4358 1517 4408 edit.
1555 4359 1680 4408 Era.
1715 4362 1769 4410 et
1795 4359 1926 4410 Gill.
1956 4361 2011 4410 in
2043 4375 2197 4412 mar-

563 4429 709 4492 gine.
739 4429 913 4478 tamen
942 4430 1168 4480 interius
1197 4434 1269 4479 est
1299 4430 1554 4480 Christus.

629 4501 726 4565 (3t)
765 4501 1044 4565 Coquaaus
1082 4503 1138 4550 in
1185 4502 1282 4551 lib.
1324 4515 1430 4552 xx:
1469 4501 1534 4550 de
1578 4501 1798 4552 Civitatc
1834 4504 1949 4561 Dei,
1985 4518 2102 4568 cap.
2148 4507 2194 4566 9,

564 4574 758 4624 scribit
784 4573 1158 4633 Ambrosium,
1188 4574 1406 4624 tametsi
1445 4573 1545 4623 has
1586 4586 1780 4636 poenas
1826 4575 2200 4639 metaphorice

566 4645 812 4695 videatur
863 4646 1226 4709 interpretari,
1281 4659 1393 4695 non
1449 4651 1635 4696 tamen
1681 4659 1884 4709 negare
1925 4660 2106 4696 verum
2150 4651 2201 4696 et

563 4719 844 4780 proprium
873 4719 1066 4780 ignem,
1094 4718 1188 4780 qui
1218 4723 1464 4780 torqueat
1497 4718 1792 4768 damnatos.
1831 4717 2035 4768 Contra
2066 4733 2199 4770 vero

564 4789 821 4846 Huetius,
851 4787 1071 4851 Origen.
1103 4788 1198 4838 lib.
1229 4801 1285 4848 II,
1313 4793 1509 4851 quaest.
1539 4791 1616 4847 Η,
1645 4791 1810 4839 citato
1855 4789 1962 4839 hoc
1995 4791 2199 4840 Docto-

562 4861 636 4909 ris
665 4861 834 4909 nostri
862 4859 1002 4908 loco.
1029 4861 1221 4921 Ignem,
1253 4860 1457 4922 inquit,
1489 4860 1546 4908 in
1572 4861 1900 4909 conscientias
1923 4859 2128 4922 facibus
2153 4867 2200 4911 et

560 4929 778 4994 ﬂagellis
803 4929 982 4978 itidem
1010 4935 1067 4978 ut
1105 4930 1351 4994 Origenes
1381 4931 1648 4980 constituit
1677 4931 1854 4980 Ambr.
1886 4932 2046 4983 Certe
2072 4935 2197 4996 qui—

566 5003 692 5052 dem
725 5003 997 5066 apertiora
1024 5006 1158 5051 sunt
1184 5003 1550 5052 Ambrosiana
1579 5003 1762 5064 verba,
1795 5019 1960 5067 quam
1987 5009 2047 5054 ut
2072 5019 2194 5069 pos-

562 5075 672 5122 sint
702 5071 1078 5136 Coquaaanam
1119 5073 1624 5136 interpretationem
1669 5074 1974 5126 admittere.
2008 5077 2197 5139 Neque

561 5158 692 5193 vero
723 5145 874 5193 solus
898 5144 1227 5193 Ambrosius
1257 5145 1364 5194 hac
1390 5147 1445 5194 in
1473 5159 1529 5195 re
1561 5147 1848 5209 amplexus
1879 5152 1962 5196 est
1999 5147 2198 5210 Orige-

557 5217 648 5265 nis
673 5216 1010 5278 opinionem.
1041 5216 1195 5266 Idem
1235 5217 1443 5280 quippe
1487 5219 1656 5267 sentit
1697 5217 1860 5283 Greg.
1893 5220 2049 5282 Nyss.
2097 5219 2192 5268 lib.

557 5287 620 5336 de
660 5287 847 5335 anima
882 5292 929 5336 et
971 5301 1174 5337 resurr.
1221 5288 1360 5337 Item
1399 5289 1556 5337 Joan.
1600 5289 1860 5340 Damasc.
1900 5290 1995 5340 lib.
2033 5304 2088 5341 ιν
2135 5290 2198 5339 de

560 5357 772 5407 Orthod.
805 5357 904 5420 ﬁde
929 5358 1034 5408 sub
1069 5358 1256 5408 finem.
1289 5359 1480 5408 Plures
1518 5361 1687 5409 etiam
1729 5360 1899 5410 fuisse
1943 5363 2038 5424 qui
2083 5365 2196 5410 sta-

557 5434 679 5479 rent
732 5429 801 5479 ab
840 5429 945 5480 hac
989 5431 1263 5480 sententia
1308 5435 1544 5480 testatur
1593 5431 1818 5481 Hieron.
1874 5432 1966 5481 lib.
2013 5446 2088 5490 III,
2139 5433 2196 5480 in

558 5501 721 5562 Epist.
777 5500 848 5549 ad
897 5501 1103 5562 Ephes.,
1157 5514 1215 5561 v,
1258 5502 1304 5550 6.
1363 5501 1474 5564 Qui
1525 5501 1753 5566 quidem
1809 5502 1939 5552 licet
1996 5504 2195 5552 acriter

558 5569 738 5618 eidem
779 5574 1068 5622 sententias
1095 5571 1188 5622 hic
1231 5577 1287 5623 et
1325 5573 1458 5622 alibi
1501 5574 1822 5637 refragetur,
1861 5575 2070 5624 alicubi
2111 5578 2192 5624 ta-

558 5650 688 5709 men
718 5653 829 5688 non
854 5641 1075 5691 videtur
1113 5643 1290 5706 ipsam
1335 5645 1587 5706 rejicere,
1614 5649 1678 5694 ut
1713 5649 1871 5709 putat
1909 5645 2001 5695 lib.
2052 5659 2192 5696 xvm

559 5706 842 5780 Comment.
897 5710 954 5780 in
1003 5713 1108 5761 lsa.
1171 5715 1314 5777 Aug.
1369 5728 1501 5765 vero
1549 5706 1841 5780 postquam
1909 5715 2076 5766 dubie
2139 5721 2193 5766 et

559 5777 724 5822 anxie
768 5775 861 5825 lib.
907 5778 968 5826 de
1007 5780 1131 5830 Gen.
1177 5782 1248 5831 ad
1273 5775 1386 5833 litt.
1429 5775 1568 5850 cap:
1598 5786 1661 5837 32
1692 5775 1760 5838 vet
1801 5787 1881 5850 33,
1926 5787 1989 5838 de
2032 5785 2186 5837 Civit.

2216 4463 2276 4534 D

2301 3157 2475 3211 Isaias
2516 3156 2593 3211 ait
2630 3172 2642 3210 :
2687 3177 2713 3205 ‹‹
2755 3156 3051 3212 Ambulate
3091 3157 3151 3210 in
3198 3158 3419 3212 lumine
3468 3156 3610 3227 ignis
3650 3151 3816 3218 vestri,
3844 3155 3884 3202 et

2299 3249 2530 3305 flamma
2591 3267 2762 3321 quam
2822 3250 3152 3305 accendistis
3206 3251 3366 3305 vobis
3421 3252 3569 3321 (lsa.,
3621 3267 3677 3315 L,
3731 3248 3818 3312 ll).
3863 3263 3879 3290 ιι

2299 3343 2454 3414 Ignis
2482 3348 2567 3399 est
2606 3360 2776 3415 quem
2816 3348 3053 3416 generat
3093 3345 3364 3400 maestitia
3405 3344 3760 3407 delictorum;
3786 3354 3881 3392 ver-

2297 3437 2404 3491 mis
2446 3443 2549 3507 est,
2590 3454 2658 3492 eo
2695 3439 2850 3509 quod
2881 3439 3282 3494 irrationabilis
3322 3440 3532 3494 animm
3562 3439 3775 3509 peccata
3801 3435 3878 3503 (32a

2297 3536 2553 3586 mentem
2599 3532 2683 3586 rei
2727 3547 3070 3603 sensumque
3111 3536 3532 3605 compungant,
3575 3534 3630 3586 et
3665 3527 3880 3602 quaedam

2297 3625 2572 3679 excedant
2609 3626 2821 3680 viscera
2862 3624 3217 3680 conscientias
3262 3644 3273 3678 :
3316 3642 3448 3698 quae
3491 3629 3748 3696 tanquam
3786 3633 3879 3672 vcr-

2297 3734 2419 3773 mes
2470 3717 2716 3791 1461
2776 3735 2843 3773 ex
2890 3735 3231 3790 unoquoque
3277 3722 3610 3785 nascuntur,
3654 3724 3880 3786 tanquam

2299 3828 2363 3866 ex
2417 3829 2653 3883 corpore
2702 3813 3035 3883 peccatoris.
3090 3814 3347 3885 Denique
3403 3812 3671 3868 Dominus
3718 3809 3768 3863 id
3809 3819 3882 3876 per

2299 3906 2504 3960 Isaiam
2546 3906 2854 3961 declaravit
2895 3906 3092 3960 dicens
3127 3923 3140 3960 :
3185 3927 3212 3955 ι(
3251 3909 3322 3962 Et
3360 3907 3632 3962 videbunt
3669 3898 3883 3958 membra

2299 4075 2417 4133 Dei,
2446 4075 2542 4125 lib.
2579 4087 2683 4135 xx,
2723 4087 2843 4138 cap.
2882 4076 2931 4135 9,
2972 4074 3047 4135 10,
3105 4076 3165 4125 16
3207 4078 3263 4126 et
3307 4076 3391 4136 26,
3432 4076 3648 4126 locutus
3687 4073 3774 4128 est,
3812 4065 3882 4116 lib.

2298 4145 2523 4195 demum
2563 4158 2707 4205 xxn,
2746 4159 2863 4208 cap.
2909 4145 2985 4206 10,
3030 4146 3106 4195 ait
3144 4162 3156 4195 :
3201 4147 3311 4196 Cur
3351 4148 3494 4195 enim
3541 4159 3645 4194 non
3691 4143 3886 4193 dicamus

2299 4216 2544 4279 quamvis
2604 4217 2776 4270 miris.
2830 4223 3006 4266 tamen
3068 4217 3209 4266 veris
3269 4219 3440 4267 modis
3504 4218 3657 4266 etiam
3705 4209 3884 4279 spiritus

2297 4277 2634 4348 incorporeas
2662 4299 2811 4349 posse
2837 4298 2995 4350 paena
3032 4286 3332 4349 corporalis
3371 4288 3510 4350 ignis
3557 4284 3719 4348 afﬂigi
3739 4279 3764 4332 7
3787 4277 3883 4342 qui-

2298 4356 2403 4406 bus
2438 4359 2572 4407 satis
2607 4358 2847 4408 ostendit
2878 4371 2938 4408 se
2975 4359 3029 4406 in
3075 4371 3196 4407 eam
3235 4359 3570 4408 sententiam
3610 4369 3728 4421 qua:
3765 4359 3883 4401 nunc

2299 4430 2355 4477 in
2402 4429 2691 4478 catholicis
2738 4429 2945 4479 scholis
2982 4429 3216 4489 obtinet,
3262 4430 3604 4493 propendere
3669 4425 3767 4478 Sed
3804 4432 3883 4470 nec

2300 4502 2367 4550 ab
2414 4503 2509 4552 illa
2555 4502 2771 4552 alienus
2819 4506 2903 4551 est
2952 4503 3184 4564 ipsemet
3234 4503 3566 4551 Ambrosius
3615 4501 3669 4549 in
3727 4495 3882 4560 psalm.

2301 4583 2479 4622 CXVIII
2507 4573 2671 4621 variis
2704 4573 2862 4633 locis,
2890 4575 3130 4622 maxime
3172 4572 3269 4622 ubi
3309 4573 3380 4623 de
3420 4573 3514 4622 illo
3555 4573 3676 4634 igne
3708 4565 3884 4640 tractat-3

2301 4657 2410 4708 quo
2457 4644 2622 4692 etiam
2666 4631 2858 4706 justosv
2895 4658 2960 4694 ac
2999 4647 3223 4694 sanctos
3274 4643 3520 4695 urendos
3560 4631 3724 4692 tradit.
3768 4631 3886 4687 Nihil

2301 4719 2485 4764 autem
2517 4719 2599 4764 est
2623 4716 2772 4779 quod
2805 4716 3054 4778 opposita
3091 4730 3220 4766 eum
3265 4727 3572 4780 prOponere
3611 4713 3728 4777 quis
3758 4708 3884 4758 mire-

2301 4789 2409 4846 tur,
2440 4790 2628 4848 utpote
2659 4787 2714 4834 in
2747 4788 3120 4836 controversia
3149 4789 3309 4851 cujus
3351 4793 3588 4851 utraque
3619 4795 3736 4849 pars
3768 4787 3886 4836 ωδε·

2299 4869 2498 4906 norum
2533 4873 2596 4908 ac
2639 4863 2956 4909 sanctorum
2992 4860 3238 4908 virorum
3281 4861 3608 4910 auctoritate
3647 4853 3882 4904 innitatur.

2299 4934 2497 4979 neutra
2522 4943 2650 4980 vero
2681 4929 2750 4980 ab
2791 4930 3044 4981 Ecclesia
3088 4930 3374 4994 repudiata
3421 4932 3494 4980 sit
3524 4945 3534 4977 :
3566 4921 3883 4993 quemadmo-

2299 5001 2430 5050 dum
2468 5015 2595 5051 cum
2623 5001 2879 5050 Bellarm.
2910 5002 3003 5052 lib.
3042 5016 3077 5052 II
3105 5004 3166 5052 de
3202 5004 3442 5068 Purgat.,
3473 5015 3589 5065 cap.
3634 5000 3704 5056 tl,
3733 4994 3883 5043 faten-

2298 5076 2387 5122 tur
2418 5073 2678 5135 theologi.
3672 5141 3677 5142 ν
3779 5131 3851 5142 .

2362 5145 2456 5204 (32)
2498 5131 2640 5194 Edit.
2690 5149 2801 5195 vet.
2849 5159 2912 5195 ac
2959 5159 3088 5196 mss.
3135 5160 3247 5196 non
3292 5147 3479 5210 pauci,
3527 5131 3881 5214 irrationabilia

2296 5216 2488 5264 anima:
2529 5219 2759 5279 peccata.
2811 5215 3007 5266 Melius
3051 5216 3213 5267 Corb.
3263 5223 3316 5268 et
3360 5218 3455 5266 alii
3505 5215 3719 5277 aliquot,
3760 5215 3879 5254 irra-

2297 5287 2568 5336 tionabilis
2623 5288 2836 5342 animae,
2901 5287 2956 5336 id
3007 5292 3115 5347 est,
3177 5290 3346 5352 partis
3401 5284 3693 5356 inferioris,
3740 5283 3875 5356 quam

2296 5372 2406 5407 non
2458 5360 2631 5408 semel
2684 5359 2923 5408 animam
2981 5360 3306 5424 simpliciter
3357 5363 3521 5411 vocat
3576 5353 3874 5420 Ambrosius.

2296 5443 2426 5479 cum
2477 5443 2642 5502 supra
2701 5431 2757 5480 in
2812 5430 3040 5482 homine
3084 5435 3187 5482 tria
3237 5434 3504 5497 agnoscit,
3552 5437 3747 5502 corpua,
3783 5428 3878 5502 tif"

2293 5514 2436 5549 mam
2477 5506 2524 5550 et
2562 5501 2823 5563 spiritum.
2869 5503 2928 5551 In
2970 5516 3082 5566 quo
3127 5494 3437 5556 Platonicos
3485 5500 3687 5551 videtur
3725 5494 3876 5569 imita-

2295 5577 2408 5631 tus;
2444 5587 2572 5622 nam
2606 5572 2876 5623 Photinus
2921 5565 3068 5638 apud
3112 5577 3444 5628 Numenium
3492 5572 3691 5624 dictitat
3723 5565 3874 5640 homif

2294 5658 2425 5694 nem
2490 5644 2763 5692 συνιστάναι
2823 5645 2875 5693 ἐκ
2938 5647 3095 5710 τριῶν,
3162 5649 3409 5712 σώματος,
3459 5647 3535 5693 καὶ
3587 5639 3756 5704 ψυχῆς»
3808 5639 3871 5677 καί

2293 5732 2397 5765 νου.
