4022 6176
187 269 292 325 1845

1229 265 1696 322 EXPOSITIONIS
1733 268 1800 322 ΙΝ
1842 266 2070 324 LUCAM
2114 268 2240 323 LIB.
2282 267 2394 323 Vll.

3361 269 3494 345 4.346

181 390 441 447 hominum
471 387 955 460 pravaricantium
989 388 1046 443 in
1079 404 1202 459 me;
1230 393 1287 444 et
1317 390 1528 444 vermis
1569 405 1763 444 eorum
1789 403 1845 476 Α
1870 392 1905 458 (ι
1948 392 2092 452 Cor.,
2131 407 2222 457 xu,
2272 392 2384 460 27).
2431 390 2597 444 Venit
2634 391 2826 462 itaque
2869 391 3038 445 Filius
3091 391 3340 448 hominis
3379 392 3487 447 sal-

179 501 274 541 non
302 483 578 548 morietur,
606 485 665 536 et
687 482 835 554 ignis
864 499 981 539 non
1011 484 1406 555 exstinguetur
1434 484 1586 552 (Isa.,
1617 500 1761 551 var,

179 579 266 649 2t).
295 601 318 626 »ι

231 674 339 726 206.
365 670 578 726 Stridor
619 687 843 743 quoque
883 671 1144 727 dentium
1187 672 1377 743 prodit
1406 671 1762 743 indignantis

177 765 427 830 affectum,
474 781 541 820 eo
586 765 741 836 quod
789 781 914 821 sero
953 782 1422 838 unumquemque
1469 765 1760 838 poeniteat,

176 877 276 915 sero
298 859 640 931 ingemiscat,
669 876 797 914 sero
831 859 1104 915 irascatur
1141 860 1267 927 sibi,
1300 861 1451 932 quod
1493 866 1609 916 tam
1638 877 1763 933 per-

173 952 316 1008 vicaci
343 953 701 1024 improbitate
734 953 1058 1024 deliquerit.

230 1049 361 1117 (Cap.
389 1046 490 1100 XV.
525 1076 593 1086 —
625 1047 779 1101 Vers.
813 1048 888 1113 4.)
920 1048 1048 1114 Quis
1083 1063 1148 1102 ea:
1173 1049 1342 1111 vobis,
1377 1048 1580 1119 inquit,
1609 1051 1762 1103 homo

171 1144 248 1211 qui
277 1140 424 1193 habet
463 1146 680 1194 centum
715 1156 853 1202 oves,
895 1147 944 1195 et
982 1142 1032 1195 si
1067 1144 1327 1196 errauerit
1372 1157 1487 1195 una
1526 1158 1592 1196 ea:
1628 1143 1760 1207 illis,

171 1249 316 1288 nonne
336 1233 559 1288 dimittit
587 1236 885 1303 nonaginta
915 1250 1098 1289 novem
1125 1237 1180 1289 in
1214 1236 1440 1296 deserto,
1475 1241 1524 1289 et
1557 1235 1658 1290 ibit
1687 1236 1764 1289 ad

171 1329 295 1382 illam
321 1343 436 1397 qua
466 1330 712 1383 erravit?

222 1424 329 1476 207.
377 1421 663 1476 Didiceras
706 1422 766 1476 in
824 1424 1214 1494 superioribus
1259 1423 1530 1495 ablegare
1573 1424 1758 1496 negli-

167 1515 410 1587 gentiam,
445 1515 626 1570 vitare
665 1518 1078 1589 arrogantiam,
1111 1517 1470 1573 devotionem
1511 1535 1758 1586 sumere,

167 1609 492 1665 saecularibus
553 1611 1019 1683 occupationibus
1082 1629 1196 1667 non
1258 1612 1479 1678 teneri,
1544 1612 1762 1668 caduca

165 1720 258 1758 non
303 1705 569 1775 praferre
613 1704 934 1775 perpetuis;
986 1705 1088 1759 sed
1137 1706 1271 1776 quia
1325 1706 1601 1776 fragilitas
1645 1707 1754 1760 hu-

163 1812 303 1851 mana
326 1796 558 1852 ﬁrmum
584 1797 788 1870 nequit
821 1797 882 1852 in
909 1801 1068 1853 tanto
1093 1798 1286 1853 saculi
1312 1799 1528 1854 lubrico
1562 1802 1756 1854 tenere
1778 1775 1833 1846 Β

163 1889 452 1962 vestigium,
499 1891 679 1946 etiam
726 1891 998 1946 adversus
1044 1909 1302 1947 errorem
1351 1893 1610 1948 remedia
1656 1893 1758 1948 tibi

161 1985 312 2038 bonus
358 1984 618 2040 medicus
668 1985 1098 2056 demonstravit,
1149 2003 1312 2057 spem
1355 1986 1532 2042 venia
1581 1987 1756 2057 judex

162 2078 442 2133 misericors
470 2095 594 2133 non
636 2079 882 2150 negavit.
918 2082 1116 2152 Itaque
1159 2097 1274 2134 non
1319 2080 1496 2135 otiose
1526 2085 1756 2135 sanctus

162 2173 308 2225 Lucas
357 2174 509 2237 (vers.
561 2176 592 2227 8
640 2180 690 2228 et
735 2174 869 2245 seq.)
918 2191 986 2229 ex
1036 2174 1237 2230 ordine
1292 2179 1405 2230 tres
1463 2174 1756 2245 parabolas

159 2267 331 2336 posuit,
361 2266 476 2320 ovis
503 2282 640 2338 qua
667 2267 936 2338 perierat,
971 2271 1030 2322 et
1063 2267 1294 2324 inventa
1321 2273 1431 2336 est;
1466 2268 1755 2324 drachma

161 2375 262 2429 qua
297 2360 557 2430 perierat,
603 2367 660 2415 et
700 2360 926 2416 inventa
973 2369 1086 2431 est;
1135 2362 1239 2417 ﬁlii
1289 2363 1386 2435 qui
1431 2367 1555 2417 erat
1598 2379 1750 2417 mor-

161 2460 280 2520 tuus,
311 2458 363 2508 et
398 2453 637 2521 revixit;
672 2459 732 2509 ut
758 2454 962 2526 triplici
999 2457 1254 2511 remedio
1291 2457 1600 2528 provocati,
1631 2457 1751 2511 vul-

159 2563 269 2600 nera
307 2551 494 2603 nostra
543 2565 838 2617 curemus;
885 2555 1140 2620 spartum
1190 2549 1342 2606 enim
1393 2549 1598 2622 triplex
1639 2567 1752 2605 non

158 2647 541 2713 corrumpetur.

210 2737 312 2790 208.
340 2737 442 2800 Qui
477 2740 620 2791 sunt
666 2736 778 2802 isti,
811 2740 989 2807 pater,
1032 2741 1241 2807 pastor,
1285 2737 1526 2794 mulier?
1555 2740 1751 2793 Nonne

158 2828 273 2882 Deus
328 2831 532 2898 Pater,
601 2829 859 2884 Christus
914 2836 1138 2901 pastor,
1199 2831 1403 2886 mulier
1466 2832 1751 2887 Ecclesia?

157 2921 367 2977 Christus
407 2927 460 2979 te
500 2939 612 2978 suo
652 2939 892 2994 corpore
935 2924 1110 2992 vehit,
1143 2925 1242 2996 qui
1279 2930 1377 2979 tua
1420 2925 1479 2979 in
1519 2942 1578 2980 se
1619 2942 1750 2996 pec-

155 3022 252 3069 cata
274 3017 536 3088 suscepit,
573 3018 777 3089 quarit
817 3018 1080 3088 Ecclesia,
1124 3019 1328 3090 recipit
1367 3020 1550 3075 Pater.
1581 3019 1750 3084 Quasi

156 3112 308 3178 pastor
352 3111 595 3178 revehit,
639 3111 802 3182 quasi
849 3117 1034 3167 mater
1075 3113 1338 3184 inquirit,
1388 3113 1550 3185 quasi
1592 3117 1822 3210 patera

157 3204 305 3259 vestit.
367 3206 559 3260 Prima
610 3205 1026 3274 misericordia,
1082 3207 1326 3261 secunda
1387 3187 1824 3279 suffragatio,”

157 3299 288 3353 tertia
335 3300 748 3356 reconciliatio.
809 3299 1047 3371 Singula
1101 3300 1342 3372 singulis
1391 3301 1674 3372 quadrent
1731 3320 1744 3357 :

155 3391 448 3466 redemptor
496 3392 786 3462 subvenit,
841 3393 1086 3448 Ecclesia
1138 3393 1503 3464 suffragatur,
1551 3401 1751 3451 auctor

155 3487 535 3544 reconciliatur.
583 3486 800 3542 Eadem
852 3486 1028 3542 divini
1079 3487 1265 3559 operis
1320 3487 1743 3557 misericordia,

155 3578 230 3632 sed
260 3580 464 3636 diversa
507 3598 616 3653 pro
648 3580 867 3636 meritis
910 3582 1117 3636 nostris
1159 3581 1362 3653 gratia.
1403 3581 1530 3636 Ovis
1561 3601 1592 3636 a
1618 3599 1742 3654 pas-

156 3677 247 3726 tore
270 3674 401 3729 lassa
426 3678 736 3731 revocatur
765 3691 778 3730 :
808 3675 1084 3730 drachma
1123 3691 1250 3747 qua
1294 3676 1560 3746 perierat,
1588 3677 1741 3731 inve-

154 3765 288 3835 nitur,
315 3770 382 3824 ad
419 3772 651 3841 patrem
677 3769 827 3823 ﬁlius
863 3769 980 3823 suis
1010 3769 1261 3840 vestigiis
1290 3769 1459 3836 redit,
1489 3773 1545 3824 et
1571 3771 1745 3841 plena

154 3861 467 3920 condemnati
524 3863 730 3918 erroris
794 3863 1120 3934 regreditur
1175 3863 1530 3934 pauitantia.
1585 3865 1743 3920 Unde

154 3951 266 4009 bene
302 3957 579 4030 scriptum
615 3961 740 4013 est:
788 3977 816 4006 «
849 3957 1118 4012 Homines
1164 3962 1221 4012 et
1253 3957 1520 4028 jumenta
1561 3958 1744 4013 salvos

152 4045 305 4118 facies,
351 4053 592 4107 Domine
639 4053 803 4121 (Psal.
855 4067 1015 4120 xxxv,
1066 4056 1141 4120 7).
1188 4072 1216 4101 ››
1266 4053 1401 4116 Qua
1455 4055 1587 4106 sunt
1640 4052 1744 4107 ista

146 4139 397 4208 jumenta?
424 4144 580 4202 Dixit
601 4145 884 4217 propheta
915 4161 928 4199 :
961 4167 988 4194 ‹‹
1019 4146 1230 4200 Semen
1259 4146 1429 4200 Israel
1461 4145 1520 4199 in
1546 4161 1741 4201 semen

151 4231 428 4309 hominum,
471 4243 537 4295 et
580 4239 725 4294 Juda
775 4240 833 4293 in
875 4256 1072 4296 semen
1119 4239 1458 4294 animalium
1507 4243 1740 4307 (larem,

151 4342 273 4398 xm,
318 4337 424 4400 '27).
474 4357 500 4383 η
554 4335 754 4405 Itaque
805 4335 976 4388 Israel
1029 4333 1191 4406 quasi
1245 4335 1416 4389 homo
1461 4334 1739 4404 salvatur,

152 4423 280 4492 quasi
320 4427 434 4482 ovis
481 4427 629 4482 Juda
670 4427 980 4499 colligitur.
1022 4427 1163 4482 Malo
1212 4445 1351 4499 ergo
1403 4428 1553 4483 filius
1594 4445 1738 4497 esse,

152 4531 287 4586 quam
315 4521 455 4590 ovis;
487 4521 609 4577 ovis
648 4521 804 4576 enim
851 4538 884 4576 a
914 4527 1140 4593 pastore
1182 4521 1482 4594 repetitur,
1513 4539 1546 4576 a
1582 4528 1740 4594 patre
1763 4514 1818 4585 Ιί)

154 4605 268 4666 ﬁlius
291 4613 625 4671 honoratur.

203 4709 308 4762 209.
351 4710 714 4766 Gaudeamus
752 4708 948 4781 igitur,
990 4709 1262 4781 quoniam
1312 4711 1432 4766 ovis
1475 4711 1569 4764 illa
1613 4727 1740 4782 qua

153 4798 362 4864 perierat
411 4804 472 4858 in
522 4803 703 4858 Adam
729 4845 742 4870 ,
798 4803 1018 4858 levatur
1081 4802 1139 4858 in
1197 4804 1440 4860 Christo.
1510 4804 1739 4858 Humeri

151 4889 356 4965 Christi,
411 4897 593 4952 crucis
647 4897 877 4952 brachia
932 4900 1085 4952 sunt.
1151 4898 1265 4953 lllic
1317 4902 1550 4970 peccata
1611 4914 1740 4953 mea

151 4981 364 5058 deposui,
414 4991 473 5046 in
521 4992 619 5046 illa
668 4991 904 5064 patibuli
951 4991 1158 5047 nobilis
1203 4991 1418 5047 cervice
1462 4992 1737 5064 requievi.

151 5076 250 5132 Ovis
288 5082 379 5138 illa
427 5101 645 5157 genere
694 5090 780 5140 est
821 5102 955 5154 una,
1007 5102 1122 5140 non
1169 5085 1358 5157 specie
1406 5102 1419 5140 :
1468 5108 1494 5133 ‹‹
1536 5087 1742 5140 Omnes

151 5171 273 5228 enim
320 5193 502 5233 unum
555 5196 757 5252 corpus
809 5195 1038 5247 sumus,
1095 5179 1197 5235 sed
1247 5179 1426 5235 multa
1478 5179 1741 5234 membra

155 5264 184 5317 ll
204 5265 328 5333 Cor.,
354 5287 406 5338 ι,
434 5276 556 5343 l7);
586 5295 611 5322 ν
639 5279 696 5328 et
718 5274 848 5329 ideo
870 5273 1144 5345 scripturn
1165 5276 1286 5329 est:
1315 5298 1342 5324 α
1367 5276 1474 5329 Vos
1499 5277 1738 5343 (autem)

154 5371 321 5431 corpus
360 5367 494 5421 estis
532 5368 756 5435 Christi,
798 5373 854 5423 et
896 5368 1154 5423 membra
1193 5384 1260 5423 ex
1305 5367 1577 5423 membris
1617 5367 1741 5437 ejus

201 5545 280 5609 (33)
329 5551 406 5601 Ita
462 5567 588 5606 mss.
649 5569 715 5606 ac
775 5555 910 5606 edit.
976 5567 1204 5616 omnes,
1263 5558 1496 5618 excepta
1557 5555 1737 5613 Rom;

157 5612 250 5668 hac
279 5623 419 5674 enim
456 5628 626 5678 totum
670 5627 858 5678 locum
899 5628 1121 5678 invertit
1163 5612 1221 5676 in
1263 5612 1420 5676 hunc
1452 5625 1682 5676 modum
1724 5641 1735 5674 :

156 5683 234 5763 Nic
266 5705 528 5746 vereamur
566 5699 707 5763 quod
755 5700 913 5750 Pater
957 5700 1014 5749 in
1054 5699 1250 5749 Filium
1299 5711 1454 5763 quem
1495 5695 1738 5754 habebat,

158 5756 421 5814 thesaurum
471 5756 701 5820 cant-util.
750 5771 898 5821 Fidei
953 5771 1094 5821 enim
1155 5756 1440 5821 sensus...“
1495 5782 1587 5819 nec
1651 5783 1739 5818 ve—

160 5839 282 5881 reare
327 5839 454 5898 quia
509 5848 768 5907 acceptum
820 5842 1081 5908 spiritalis
1121 5841 1508 5908 patrimonium
1557 5840 1741 5906 digni-

1864 500 1996 538 vum
2037 484 2224 540 facere
2269 485 2418 556 quod
2454 486 2704 556 perierat
2735 488 2902 550 (Luc.,
2938 501 3047 551 nx,
3092 489 3200 552 10),
3229 508 3255 534 η
3298 502 3492 542 omnes

1866 577 2117 633 scilicet:
2151 599 2180 628 «
2213 578 2358 642 Quia
2397 579 2540 634 sicut
2581 579 2638 634 in
2675 579 2855 634 Adam
2898 595 3100 634 omnes
3141 579 3488 648 moriuntur,

1866 672 1939 725 ita
1976 677 2033 726 et
2071 673 2130 727 in
2166 673 2387 729 Christo
2430 690 2632 729 omnes
2672 673 3099 728 viviﬁcabuntur
3139 673 3180 740 (l
3215 673 3361 737 Cor.,
3401 689 3486 739 ιν,

1864 769 1972 836 22).
2006 787 2034 818 n

1934 864 2056 916 210.
2093 861 2257 916 Dives
2296 861 2471 933 igitur
2498 866 2693 932 pastor
2733 863 2894 933 cujus
2921 879 3124 917 omnes
3160 879 3261 916 nos
3291 867 3484 919 cente-

1864 955 2005 1010 sima
2060 953 2317 1028 1462
2363 955 2548 1026 portio
2599 972 2814 1010 sumus.
2873 957 3051 1010 Habet
3103 956 3485 1028 Angelorum,

1863 1048 2040 1103 habet
2065 1049 2577 1120 Archangelorum,
2607 1049 3097 1117 Dominationum,
3120 1051 3486 1119 Potestatum,

1861 1143 2251 1209 Thronorum,
2316 1143 2674 1214 aliorumque
2737 1143 3185 1199 innumerabiles
3249 1161 3488 1216 greges,

1863 1253 2004 1308 quos
2050 1237 2108 1291 in
2161 1237 2455 1291 montibus
2508 1236 2830 1308 dereliquit.
2876 1237 2984 1300 Qui
3032 1238 3303 1309 quoniam
3358 1245 3489 1295 sunt

1863 1330 2248 1397 rationabiles,
2280 1347 2395 1385 non
2427 1330 2714 1386 immerito
2757 1331 3059 1386 hominum
3095 1332 3488 1404 redemptione

1863 1424 2147 1479 latantur.
2178 1425 2513 1496 Quanquam
2537 1424 2646 1479 hoc
2673 1441 2902 1497 quoque
2930 1423 3181 1495 proﬁciat
3197 1427 3269 1480 ad
3299 1426 3489 1482 incen-

1861 1516 1974 1572 tiva
2009 1517 2324 1588 probitatis,
2359 1518 2404 1571 si
2437 1517 2831 1590 unusquisque
2863 1518 3290 1574 conversionem
3323 1537 3485 1575 suam

1861 1615 2082 1683 gratam
2131 1611 2254 1666 fore
2305 1611 2503 1666 credat
2552 1611 2787 1665 coetibus
2835 1612 3196 1684 angelorum,
3245 1629 3488 1684 quorum

1859 1709 1957 1760 aut
1995 1705 2260 1760 affectare
2303 1705 2701 1776 patrocinium,
2741 1711 2839 1760 aut
2872 1705 3050 1761 vereri
3094 1707 3262 1762 debet
3303 1707 3485 1763 oﬁ‘en-

1860 1816 2000 1854 sum.
2032 1801 2095 1854 Et
2125 1802 2184 1853 tu
2217 1798 2394 1871 igitur
2429 1804 2548 1854 esto
2575 1800 2796 1870 angelis
2834 1799 3063 1869 latitia,
3100 1801 3383 1873 gaudeant
3417 1803 3486 1856 de

1861 1893 2044 1948 reditu
2071 1897 2185 1947 tuo.

1931 1990 2052 2040 211.
2095 1987 2216 2040 Non
2267 1987 2512 2042 otiosum
2555 1988 2734 2041 etiam
2777 1987 2932 2058 quod
2974 1987 3183 2042 mulier
3216 1989 3314 2044 illa
3355 1989 3483 2044 dra-

1859 2081 2026 2136 chma
2052 2082 2278 2134 latatur
2305 2079 2546 2135 inventa.
2586 2081 2708 2136 Non
2743 2081 3038 2136 mediocris
3069 2082 3190 2136 hac
3220 2082 3487 2138 drachma

1857 2181 1959 2242 est,
2010 2175 2068 2229 in
2120 2193 2234 2247 qua
2286 2174 2558 2246 principis
2607 2178 2695 2229 est
2747 2175 2952 2247 ﬁgura.
3009 2177 3076 2230 Et
3123 2176 3248 2232 ideo
3294 2177 3486 2249 imago

1857 2270 2026 2340 regis,
2057 2287 2258 2324 census
2295 2269 2556 2324 Ecclesiae
2593 2272 2695 2324 est.
2734 2269 2877 2324 Oves
2908 2285 3125 2340 sumus,
3159 2287 3388 2325 oremus
3429 2275 3486 2326 ut

1856 2381 2030 2434 super
2073 2380 2280 2436 aquam
2335 2363 2663 2418 refectionis
2719 2379 2819 2417 nos
2871 2363 3147 2418 collocare
3191 2364 3481 2435 dignetur.

1856 2458 2020 2526 Oves,
2063 2457 2314 2528 inquam,
2361 2473 2575 2526 sumus,
2611 2461 2871 2527 petamus
2911 2473 3157 2527 pascua:
3199 2458 3483 2512 drachma

1855 2567 2071 2617 sumus,
2107 2551 2418 2605 habeamus
2445 2549 2694 2622 pretium
2725 2567 2736 2604 :
2769 2549 2864 2604 ﬁlii
2899 2566 3118 2618 sumus,
3145 2551 3483 2606 festinemus

1855 2645 1923 2699 ad
1957 2647 2202 2700 Patrem.

1922 2742 2046 2792 212.
2117 2739 2226 2792 Nec
2288 2754 2592 2793 vereamur
2661 2739 2792 2809 quia
2858 2740 3153 2810 acceptum
3218 2737 3481 2810 spiritalis

1855 2832 2265 2904 patrimonium
2293 2831 2583 2904 dignitatis
2623 2831 2864 2887 terrenis
2889 2831 3258 2903 prodegimus
3283 2833 3477 2903 volup-

1852 2927 2079 2995 tatibus,
2130 2927 2284 2998 quod
2331 2928 2496 2981 Pater
2540 2926 2596 2981 in
2642 2925 2787 2982 ﬁlios
2831 2941 3002 2998 quem
3049 2925 3311 2992 habebat,
3356 2927 3478 2980 the-

1853 3037 2087 3076 saurum
2134 3020 2393 3075 contulit.
2445 3020 2598 3075 Fidei
2643 3036 2844 3075 census
2885 3036 3179 3091 nunquam
3228 3019 3480 3075 exinani-

1853 3119 1988 3170 tur:
2027 3115 2156 3170 licet
2197 3118 2384 3170 totum
2421 3114 2659 3181 dederit,
2703 3117 2889 3169 totum
2929 3113 3118 3182 habet,
3152 3114 3289 3185 quia
3328 3115 3477 3186 quod

1853 3207 2106 3278 donavit,
2141 3225 2256 3263 non
2299 3208 2530 3262 amittit.
2573 3211 2682 3264 Nec
2729 3223 2979 3275 vereare,
3022 3223 3092 3262 ne
3131 3211 3186 3262 te
3226 3223 3341 3263 non
3388 3223 3476 3262 re-

1852 3302 2024 3374 cipiat
2049 3303 2158 3372 (33)
2193 3319 2205 3356 :
2239 3320 2265 3352 ‹‹
2297 3303 2421 3357 Non
2457 3301 2614 3356 enim
2644 3301 2955 3357 delectatur
2993 3303 3137 3356 Deus
3163 3301 3478 3372 perditione

1853 3396 2106 3451 vivorum
2153 3397 2403 3467 (Sap.,1,
2446 3395 2561 3466 13);
2592 3415 2619 3445 ι)
2665 3395 2837 3450 etiam
2886 3411 3184 3450 occurrens
3224 3395 3480 3449 venienti

1848 3489 1950 3545 tibi
1991 3490 2153 3545 cadet
2190 3506 2365 3561 supra
2399 3489 2644 3543 collum:
2687 3511 2713 3538 «
2746 3489 3021 3544 Dominus
3061 3487 3264 3560 (enim)
3307 3487 3478 3559 erigit

1849 3583 2039 3638 allisos
2082 3582 2253 3654 (Psal.
2301 3599 2455 3650 cxnv,
2499 3585 2570 3653 8).
2612 3603 2638 3630 n
2685 3582 2952 3637 Osculum
2994 3582 3151 3636 dabit
3198 3582 3350 3652 quod
3393 3588 3474 3635 est

1847 3676 2059 3749 pignus
2096 3675 2324 3748 pietatis
2364 3683 2418 3729 et
2461 3675 2692 3731 amoris.
2739 3676 2978 3742 Stolam,
3026 3676 3324 3740 annulum,
3363 3676 3472 3729 cal-

1847 3773 2145 3826 ceamenta
2184 3769 2427 3841 proferri
2449 3769 2692 3840 jubebit.
2734 3771 2815 3824 Tu
2841 3769 3026 3824 adhuc
3063 3768 3332 3839 injurium
3361 3785 3476 3824 me-

1846 3865 1978 3933 tuis,
2027 3864 2120 3919 ille
2161 3863 2408 3920 restituit
2444 3862 2784 3934 dignitatem
2824 3863 2932 3934 (34)
2965 3880 2980 3917 :
3030 3866 3091 3917 tu
3131 3861 3471 3933 supplicium

1847 3959 2079 4025 vereris,
2114 3957 2206 4012 ille
2253 3958 2508 4011 osculum
2551 3956 2776 4011 defert:
2817 3959 2880 4010 tu
2919 3955 3240 4010 convicium
3279 3955 3470 4016 times.

1844 4052 2078 4106 adornat
2104 4051 2197 4106 ille
2231 4050 2573 4106 convivium.
2617 4049 2728 4105 Sed
2758 4049 2880 4120 jam
2918 4049 3098 4120 ipsam
3139 4048 3466 4120 parabolam

1845 4145 2242 4201 discutiamus.

1917 4241 2086 4309 (Vers.
2137 4243 2222 4306 11,
2270 4238 2380 4309 12.)
2430 4241 2594 4293 Homo
2635 4238 2858 4308 quidam
2912 4239 3102 4293 habuit
3143 4239 3279 4293 duos
3310 4238 3468 4306 filios,

1843 4341 1890 4388 et
1930 4335 2074 4388 dixit
2125 4333 2214 4388 illi
2257 4332 2686 4388 adolescentior:
2724 4336 2802 4387 Da
2839 4334 2973 4387 mihi
3001 4335 3304 4402 portionem
3339 4333 3469 4385 sub-

1841 4431 2076 4484 stantia.

1913 4525 2039 4577 213.
2090 4521 2252 4576 Vides
2297 4521 2445 4592 quod
2487 4519 2738 4573 divinum
2775 4517 3182 4588 patrimonium
3224 4517 3467 4588 petenti-

1843 4617 1946 4671 bus
1983 4616 2169 4670 datur.
2199 4617 2311 4669 Nec
2357 4617 2522 4684 putes
2565 4613 2792 4682 culpam
2840 4611 3033 4681 patris,
3061 4611 3217 4682 quod
3252 4611 3468 4666 adoles-

1841 4709 2084 4765 centiori
2125 4707 2320 4764 dedit:
2351 4706 2504 4762 nulla
2549 4705 2650 4760 Dei
2691 4721 2868 4776 regno
2910 4705 3139 4760 inﬁrma
3179 4711 3338 4775 atas,
3370 4723 3470 4760 nec

1843 4805 1984 4859 ﬁdes
2030 4806 2304 4874 gravatur
2344 4800 2526 4854 annis.
2573 4801 2694 4870 lpse
2741 4802 2891 4854 certe
2930 4815 2989 4853 se
3021 4799 3301 4870 judicavit
3349 4799 3467 4853 ido-

1844 4913 2019 4953 neum
2064 4896 2163 4968 qui
2197 4893 2475 4968 poposcit.
2513 4896 2701 4964 Atque
2737 4893 2962 4948 utinam
3003 4910 3117 4948 non
3149 4893 3471 4948 recessisset

1841 5010 1874 5046 a
1939 4995 2133 5063 patre,
2190 4988 2673 5060 impedimentum
2734 4987 3006 5042 nescisset
3067 4987 3248 5042 atatis
3305 5003 3318 5040 :
3373 4987 3469 5042 sed

1843 5092 2210 5158 posteaquam
2243 5083 2476 5137 domum
2510 5082 2754 5153 patriam
2799 5081 3202 5152 derelinquens
3228 5095 3467 5150 peregre

1843 5182 2130 5253 profectus
2159 5182 2262 5246 est,
2290 5176 2460 5249 coepit
2502 5191 2674 5248 egere
2706 5177 2836 5246 (35).
2878 5175 3072 5230 Merito
3105 5190 3242 5246 ergo
3269 5173 3471 5246 prode-

1843 5275 1928 5346 git
1956 5272 2395 5346 patrimonium,
2437 5271 2536 5343 qui
2567 5270 2799 5325 recessit
2833 5269 2902 5323 ab
2945 5268 3208 5323 Ecclesia.
3243 5270 3466 5323 Postea-

1843 5385 2017 5440 quam
2045 5368 2303 5433 domum,
2331 5365 2538 5437 inquit,
2566 5365 2811 5436 patriam
2839 5362 3264 5433 derelinquens,

1843 5556 1966 5605 tatis
1999 5553 2222 5604 terrenis
2255 5549 2555 5616 prodegerit
2595 5547 2968 5612 voluptatibus,
3005 5560 3068 5597 ne
3105 5551 3153 5596 te
3192 5559 3301 5597 non
3339 5549 3471 5598 reci-

1838 5631 1999 5760 misti)
2056 5697 2188 5747 Mss.
2245 5694 2485 5758 aliquot,
2541 5695 2806 5742 errantem
2867 5688 2957 5740 ille
3008 5691 3239 5742 restituet
3289 5689 3477 5756 digni-

1843 5774 2003 5902 ωέζδ)
2065 5838 2227 5904 Coepit
2291 5848 2464 5902 egere,
2519 5833 2676 5888 deest
2726 5836 2785 5888 in
2847 5834 3107 5888 omnibus
3174 5847 3306 5887 mss.
3369 5832 3479 5888 Sed
