3936 6158
559 233 698 288 1847

2042 226 2096 281 S.
2138 225 2456 283 AMBROSII

3707 244 3819 299 ,1848

631 355 807 423 (Vers.
851 354 958 426 13.)
990 356 1216 425 Peregre
1239 353 1517 426 profectus
1555 356 1632 409 est
1670 355 1729 408 in
1766 354 2036 423 regionem
2074 352 2188 406 lon-
2214 365 2274 436 Α
2294 354 2379 406 est
2406 351 2688 422 (Philipp.,
2716 369 2796 422 ιιι,
2829 351 2936 424 19).
2956 352 3090 417 Quis
3109 357 3302 407 autem
3322 352 3498 423 aptior
3513 353 3826 428 hujuscemodi

556 464 841 520 ginquam.

625 544 751 598 214.
786 541 934 607 Quid
963 541 1120 596 enim
1148 541 1522 613 longinquius
1547 557 1719 612 quam
1747 557 1779 594 a
1810 557 1870 595 se
1900 540 2190 605 recedere,

561 651 665 692 nec
701 635 1050 708 regionibus,
1092 635 1187 689 sed
1229 635 1487 689 moribus
1532 634 1800 704 separari,
1834 633 2036 687 studiis
2078 633 2188 687 dis-

561 734 781 785 cretum
811 746 955 796 esse,
986 745 1099 782 non
1142 728 1328 797 terris,
1359 731 1416 783 et
1444 727 1604 799 quasi
1644 727 1921 781 iuterfuso
1950 727 2193 781 luxuriae

560 823 841 878 saecularis
902 827 1074 889 testu,
1131 808 1376 877 divortia
1443 821 1651 876 habere
1706 821 1989 876 factorum
2039 821 2194 888 (36)?

559 917 786 974 Etenim
824 917 920 989 qui
952 933 1011 971 se
1039 934 1070 970 a
1110 915 1332 972 Christo
1363 919 1605 987 separat,
1649 916 1802 970 exsul
1847 919 1930 969 est
1967 915 2190 986 patriae,

562 1011 695 1067 civis
715 1017 800 1065 est
829 1011 1047 1065 mundi.
1079 1032 1106 1058 ‹‹
1128 1009 1235 1064 Sed
1267 1025 1369 1064 nos
1396 1025 1508 1062 non
1536 1024 1734 1062 sumus
1759 1008 1994 1063 advena:
2021 1012 2194 1080 atque

561 1105 876 1178 peregrini,
907 1104 1005 1160 sed
1033 1105 1176 1158 cives
1215 1119 1413 1156 sumus
1440 1108 1787 1171 sanctorum,
1817 1108 1872 1156 et
1898 1101 2196 1157 domestici

563 1199 666 1255 Dei
693 1199 932 1269 (Ephes.,
962 1215 1018 1264 ιι,
1055 1197 1171 1265 19);
1208 1218 1234 1246 »ι
1267 1197 1366 1268 qui
1395 1197 1548 1250 enim
1579 1212 1803 1250 eramus
1843 1196 2032 1266 longe,
2064 1195 2196 1250 facti

564 1309 759 1348 sumus
802 1308 980 1364 prope
1026 1291 1085 1344 iu
1131 1291 1412 1362 sanguine
1454 1290 1664 1346 Christi
1708 1289 1889 1360 (lbid.,
1934 1291 2041 1357 13).
2073 1290 2194 1343 Non

560 1387 919 1443 invideamus
966 1385 1036 1439 de
1101 1385 1417 1456 longinqua
1479 1384 1714 1456 regione
1768 1383 2191 1453 remeantibus;

563 1481 699 1554 quia
715 1483 770 1535 et
791 1497 892 1534 nos
911 1480 1123 1535 fuimus
1144 1479 1201 1533 in
1230 1480 1467 1550 regione
1497 1478 1837 1550 longinqua,
1862 1478 2008 1532 sicut
2029 1478 2197 1532 Isaias

563 1573 731 1630 docet
766 1573 961 1629 dicens
995 1590 1008 1628 :
1054 1571 1313 1646 1463
1343 1573 1500 1636 «Qui
1549 1571 1822 1626 sedebant
1864 1571 1924 1625 in
1963 1571 2198 1642 regione

560 1668 784 1723 umbrae
811 1667 1028 1735 mortis,
1057 1668 1154 1721 lux
1181 1674 1306 1722 orta
1336 1670 1423 1720 est
1442 1667 1552 1720 illis
1581 1666 1727 1735 (Isa.,
1756 1682 1827 1732 rx,
1849 1667 1927 1732 2).
1958 1686 1984 1713 ››
2013 1664 2194 1736 Regio

561 1777 700 1835 ergo
731 1761 1068 1832 longinqua,
1097 1761 1296 1815 umbra
1328 1763 1415 1814 est
1442 1759 1672 1826 mortis;
1704 1775 1809 1814 nos
1835 1762 2048 1823 autem,
2078 1757 2196 1829 qui-

562 1855 671 1910 bus
713 1855 944 1926 spiritus
981 1857 1114 1909 ante
1153 1853 1356 1908 faciem
1397 1853 1652 1907 Christus
1694 1857 1781 1906 est
1810 1853 2107 1919 Dominus,
2139 1853 2198 1907 in

563 1949 767 2004 umbra
791 1949 1036 2009 vivimus
1067 1947 1293 2002 Christi.
1334 1948 1401 2001 Et
1430 1947 1558 2001 ideo
1589 1946 1725 2001 dicit
1752 1945 1996 2002 Ecclesia
2029 1963 2041 2000 :
2081 1967 2108 1994 «
2136 1948 2198 2002 lu

565 2043 765 2098 umbra
807 2043 928 2113 ejus
968 2041 1287 2113 concupivi,
1328 2045 1384 2095 et
1429 2040 1549 2094 sedi
1582 2041 1789 2109 (Cant.,
1820 2057 1881 2106 ιι,
1923 2040 1998 2111 3).
2028 2062 2055 2090 ››
2099 2041 2197 2096 Ille

565 2136 744 2207 igitur
782 2136 1020 2190 vivendo
1065 2135 1349 2189 luxuriose
1395 2133 1747 2205 consumpsit
1793 2133 1985 2188 omnia
2027 2150 2194 2190 orna-

568 2233 767 2285 menta
792 2233 1034 2284 naturae.
1062 2230 1219 2284 Unde
1247 2231 1308 2282 tu
1331 2227 1428 2300 qui
1453 2226 1718 2298 accepisti
1745 2226 2055 2300 imaginem
2077 2229 2195 2298 Dei,

567 2324 663 2395 qui
696 2324 870 2378 habes
900 2321 1326 2377 similitudinem
1356 2321 1498 2392 ejus,
1522 2321 1638 2375 noli
1671 2337 1799 2376 eam
1827 2321 2199 2377 irrationabili

564 2417 819 2474 foeditate
845 2432 1199 2472 consumere.
1230 2416 1384 2487 Opus
1409 2414 1506 2469 Dei
1533 2431 1610 2482 es,
1633 2415 1752 2470 noli
1778 2416 1936 2487 ligno
1965 2416 2151 2471 dicere
2181 2433 2195 2471 :

570 2534 597 2562 ‹‹
639 2515 806 2568 Pater
851 2528 1009 2566 meus
1052 2528 1110 2564 es
1151 2514 1212 2564 tu
1248 2509 1485 2580 (Jerem.,
1527 2525 1588 2576 ιι,
1631 2511 1748 2581 27);
1779 2532 1807 2559 ι)
1842 2527 1913 2563 ne
1959 2510 2200 2582 accipias

568 2605 1003 2660 similitudinem
1047 2603 1214 2676 ligni,
1253 2603 1386 2675 quia
1425 2601 1700 2674 scriptum
1745 2607 1831 2658 est
1868 2620 1882 2658 :
1925 2603 2200 2660 «Similes

567 2699 708 2754 liant
733 2699 864 2768 illis,
895 2697 991 2770 qui
1027 2697 1243 2752 faciunt
1272 2714 1335 2752 ea
1365 2698 1524 2766 (Psal.
1559 2712 1710 2761 cxm,
1746 2697 1819 2768 8).
1850 2719 1878 2746 »

639 2794 817 2865 (Vers.
850 2794 956 2863 14.)
985 2795 1149 2848 Facta
1179 2796 1255 2846 est
1275 2793 1448 2860 fames
1474 2807 1570 2862 per
1599 2794 1865 2860 regionem
1890 2793 2072 2848 illam.

640 2891 766 2943 215.
795 2887 992 2941 Fames
1019 2903 1135 2941 non
1169 2888 1488 2957 epularum,
1522 2887 1623 2940 sed
1649 2887 1927 2941 bonorum
1960 2902 2199 2957 operum

573 2984 742 3054 atque
794 2980 1094 3046 virtutum,
1142 2996 1270 3050 quin
1324 2983 1458 3033 sunt
1511 2980 1916 3034 miserabiliora
1956 2981 2198 3051 jejunia.

571 3073 793 3130 Etenim
822 3073 919 3144 qui
949 3072 1168 3127 recedit
1190 3089 1223 3125 a
1247 3073 1418 3127 verbo
1448 3073 1568 3138 Dei,
1600 3075 1778 3128 esurit
1807 3091 1819 3127 :
1857 3095 1885 3123 «
1911 3075 2052 3138 Quia
2084 3091 2198 3129 non
2220 3103 2275 3178 Ο

571 3169 633 3223 in
675 3167 796 3221 solo
841 3181 990 3236 pane
1037 3165 1171 3220 vivit
1212 3165 1408 3233 homo,
1457 3167 1552 3220 sed
1600 3166 1658 3220 in
1705 3167 1858 3221 omni
1897 3167 2069 3222 verbo
2102 3169 2200 3223 Dei

573 3261 815 3333 (Matth,
856 3275 930 3325 rv,
959 3259 1038 3330 4).
1068 3280 1096 3309 »
1124 3259 1227 3323 Qui
1259 3259 1471 3314 recedit
1497 3277 1528 3313 a
1557 3259 1729 3327 fonte,
1760 3261 1906 3327 sitit;
1930 3261 2027 3333 qui
2054 3278 2203 3317 rece-

571 3355 653 3410 dit
679 3370 713 3407 a
740 3354 1027 3419 thesauro,
1059 3356 1219 3424 eget;
1250 3353 1347 3424 qui
1376 3353 1592 3408 recedit
1626 3371 1654 3406 τι
1695 3355 1995 3425 sapientia,
2027 3355 2199 3410 hebe-

571 3452 749 3515 tatur;
781 3447 876 3520 qui
907 3447 1115 3502 recedit
1141 3464 1175 3500 a
1201 3447 1429 3516 virtute,
1460 3447 1803 3503 dissolvitur.
1834 3449 2031 3504 Merito
2060 3467 2200 3522 ergo

569 3542 675 3598 iste
702 3558 868 3614 egere
895 3541 1086 3613 coepit,
1115 3541 1247 3612 quia
1283 3541 1580 3596 thesauros
1615 3543 1911 3614 sapientiae
1938 3550 1992 3598 et
2018 3543 2200 3602 scien-

569 3637 663 3691 tia:
691 3635 787 3690 Dei
820 3635 1258 3707 divitiarumque
1289 3635 1602 3690 caelestium
1645 3636 2004 3691 altitudinem
2034 3637 2199 3693 dere-

570 3729 755 3802 liquit.
783 3731 964 3801 Egere
992 3745 1129 3800 ergo
1165 3728 1292 3784 ideo
1333 3729 1521 3800 coepit,
1555 3736 1609 3783 et
1655 3731 1869 3785 famem
1898 3731 2038 3804 pati,
2069 3732 2204 3802 quia

572 3823 713 3879 nihil
758 3823 1016 3896 prodiga:
1065 3823 1198 3876 satis
1239 3827 1324 3877 est
1370 3824 1662 3895 voluptati.
1708 3825 1945 3895 Semper
1987 3825 2202 3880 famem

569 3917 782 3991 patitur
807 3918 914 3981 sui,
947 3917 1042 3988 qui
1079 3917 1363 3972 alimentis
1401 3918 1691 3988 perpetuis
1734 3917 1913 3972 nescit
1950 3919 2195 3990 impleri.

641 4011 817 4083 (Vers.
851 4011 956 4080 15.)
987 4011 1136 4066 Abiit
1161 4013 1368 4080 itaque,
1391 4017 1442 4065 et
1473 4011 1697 4067 adhaesit
1727 4015 1830 4066 uni
1841 4015 2054 4066 civium.

641 4107 765 4159 216.
797 4104 906 4168 Qui
945 4103 1097 4158 enim
1138 4104 1336 4169 haeret,
1377 4104 1436 4158 in
1480 4104 1684 4177 laqueo
1725 4110 1828 4160 est.
1875 4107 1941 4159 Et
1978 4106 2202 4162 videtur

572 4197 708 4253 civis
746 4197 850 4252 iste
898 4197 1160 4268 princeps
1206 4213 1326 4252 esse
1367 4197 1529 4252 istius
1566 4200 1786 4254 mundi.
1829 4200 2085 4271 Denique
2126 4201 2201 4255 ad

571 4290 762 4346 villam
813 4291 936 4362 ejus
985 4291 1232 4344 mittitur
1284 4307 1457 4361 quam
1515 4293 1682 4360 emit,
1741 4294 1838 4364 qui
1892 4298 2123 4349 excusat
2169 4311 2202 4348 a

571 4402 776 4458 regno.
809 4386 875 4440 Et
910 4385 1087 4456 pascit
1122 4401 1341 4456 porcos,
1388 4384 1514 4439 illos
1552 4385 1748 4458 utique
1789 4386 1845 4441 in
1884 4405 2022 4458 quos
2059 4388 2202 4459 petit

2293 445 2618 500 hominibus
2661 446 2840 515 cibus,
2879 463 3049 518 quam
3097 447 3144 501 is
3181 446 3281 518 qui
3311 446 3516 518 siliquis
3548 453 3688 507 modo
3713 455 3827 512 intus

2291 539 2498 608 inanis,
2542 540 2678 594 foris
2716 541 2900 594 mollis
2941 547 3055 606 est;
3096 557 3209 612 quo
3252 557 3448 611 corpus
3476 559 3578 598 nou
3613 548 3828 617 reﬁcitur,

2293 632 2390 687 sed
2422 633 2712 705 impletur,
2746 638 2806 688 ut
2836 635 2910 688 sit
2937 635 3120 706 magis
3147 635 3324 700 oneri,
3353 651 3510 707 quam
3538 639 3675 694 usui?

2362 730 2488 782 218.
2522 727 2666 783 Sunt
2696 728 2794 799 qui
2820 745 3018 799 porcos
3055 729 3335 800 accipiant
3360 745 3457 799 pro
3486 733 3720 803 gregibus
3747 736 3831 791 dte-

2293 836 2553 889 monum,
2573 822 2801 894 siliquas
2819 839 2921 894 pro
2949 822 3080 877 exili
3105 823 3313 877 virtute
3343 822 3580 878 inanium
3598 826 3835 885 hominum

2294 913 2423 985 (37),
2474 931 2920 987 sermonumque
2960 916 3257 987 jactantia,
3311 916 3408 986 qui
3455 917 3586 971 nihil
3631 921 3838 990 prodesse

2295 1012 2549 1079 possunt,
2593 1009 2752 1062 inani
2795 1009 3039 1081 quadam
3084 1009 3453 1080 philosophiae
3489 1012 3768 1069 seductione
3801 1023 3841 1072 et

2295 1101 2543 1172 quodam
2593 1119 2798 1156 sonoro
2842 1103 3128 1157 facundiae
3180 1104 3377 1174 plausu
3426 1121 3664 1175 pompam
3701 1110 3841 1180 magis

2295 1212 2469 1266 quam
2507 1195 2809 1250 utilitatem
2841 1197 3095 1269 aliquam
3142 1197 3605 1252 demonstrantes.
3641 1199 3732 1255 Sed
3758 1203 3845 1257 haec

2298 1289 2566 1343 diuturna
2593 1289 3010 1345 oblectamenta
3043 1307 3159 1345 esse
3187 1308 3302 1346 non
3334 1299 3581 1362 possunt;
3603 1297 3652 1347 et
3673 1293 3792 1361 ideo,

2367 1385 2490 1438 219.
2523 1385 2687 1439 Nemo
2711 1386 2800 1438 illi
2827 1385 3034 1449 dabat;
3067 1387 3191 1439 erat
3213 1385 3368 1439 enim
3398 1384 3452 1438 in
3482 1386 3692 1456 regione
3717 1388 3846 1454 illitis,

2297 1476 2392 1548 qui
2423 1478 2708 1532 neminem
2744 1478 2932 1544 habet,
2970 1478 3105 1550 quia
3131 1495 3231 1533 eos
3265 1479 3364 1549 qui
3403 1484 3547 1547 sunt,
3576 1496 3678 1533 non
3701 1480 3846 1536 habet.

2297 1569 2508 1624 Omnes
2535 1571 2744 1643 quippe
2786 1576 2988 1644 gentes
3027 1573 3208 1626 nihilo
3250 1573 3602 1626 aestimantur
3636 1575 3762 1641 (lsa..
3786 1590 3849 1641 IL,

2303 1666 2415 1732 15);
2468 1665 2618 1718 solus
2656 1670 2844 1720 autem
2894 1667 3037 1720 Deus
3083 1670 3166 1720 est
3209 1666 3307 1738 qui
3357 1666 3589 1720 vivilicat
3629 1671 3849 1736 mortuos,

2300 1779 2328 1808 «
2387 1759 2454 1813 Et
2506 1765 2664 1813 vocat
2713 1776 2840 1831 quae
2904 1776 3021 1815 non
3072 1766 3231 1828 sunt,
3288 1764 3556 1833 tanquam
3609 1778 3722 1834 quae
3760 1767 3855 1815 sunt

2298 1853 2494 1919 (Rom.,
2522 1870 2592 1920 ιν,
2629 1852 2737 1925 17).
2770 1876 2797 1903 »

2375 1947 2552 2018 (Vers.
2595 1949 2702 2016 17.)
2748 1949 2812 2002 In
2857 1963 2911 2002 se
2955 1953 3133 2004 autem
3172 1963 3419 2004 reverSus
3460 1950 3600 2004 dixit
3633 1968 3647 2003 :
3686 1952 3860 2017 Quantis

2292 2043 2531 2112 panibus
2559 2044 2878 2096 mercenarii
2896 2045 3072 2112 patris
3096 2045 3200 2097 mei
3227 2044 3548 2099 abundant!

2369 2139 2493 2190 220.
2527 2137 2673 2190 Bene
2712 2135 2772 2190 in
2801 2152 2859 2191 se
2890 2135 3212 2204 revertitur,
3245 2136 3345 2208 qui
3373 2155 3407 2192 a
3432 2154 3492 2192 se
3518 2138 3742 2193 recessit.
3765 2139 3858 2191 Ete-

2300 2228 2420 2283 nim
2462 2229 2559 2300 qui
2598 2228 2668 2283 ad
2713 2229 3019 2284 Dominum
3068 2231 3420 2301 regreditur,
3464 2248 3522 2286 se
3563 2231 3660 2286 sibi
3696 2231 3858 2298 reddit;

2303 2321 2560 2394 1464
2607 2328 2665 2377 et
2704 2323 2802 2394 qui
2846 2323 3059 2378 recedit
3097 2340 3130 2377 a
3168 2324 3413 2393 Christo,
3454 2341 3511 2380 se
3549 2325 3647 2379 sibi
3677 2324 3864 2378 abdicat.

2300 2417 2626 2471 Mereenarii
2664 2422 2858 2471 autem
2889 2418 2987 2490 qui
3029 2421 3180 2485 sunt,
3214 2418 3320 2472 nisi
3361 2419 3460 2491 qui
3497 2419 3567 2474 ad
3605 2418 3864 2473 mercedem

2301 2509 2571 2577 serviunt,
2618 2510 2714 2581 qui
2757 2515 2889 2564 sunt
2921 2527 2988 2565 ex
3035 2511 3223 2580 Israel,
3267 2529 3388 2567 non
3433 2512 3494 2567 id
3537 2511 3680 2584 quod
3705 2512 3869 2566 bonum

2302 2606 2388 2658 est
2413 2603 2710 2674 probitatis
2738 2604 2922 2659 studio
2954 2609 3384 2676 persequentes,
3414 2623 3519 2661 nec
3549 2606 3750 2660 virtutis
3775 2621 3864 2675 gra-

2303 2698 2399 2764 tia,
2439 2697 2538 2751 sed
2582 2697 2840 2752 utilitatis
2886 2698 3076 2752 studio
3121 2700 3452 2770 provocati?
3499 2703 3568 2755 At
3602 2716 3726 2754 vero
3762 2698 3870 2752 illius

2303 2793 2400 2861 qui
2431 2791 2604 2845 habet
2630 2791 2870 2862 Spiritus
2891 2793 3068 2846 sancti
3100 2793 3306 2863 pignus
3334 2795 3394 2848 in
3424 2794 3612 2861 corde,
3644 2791 3869 2847 smeularis

2301 2885 2578 2939 mercedis
2605 2885 2811 2940 lucella
2839 2902 2952 2940 non
2994 2887 3218 2957 qumrit,
3249 2888 3461 2958 quibus
3490 2887 3704 2942 serviat.
3727 2887 3871 2940 Hiere-

2301 2979 2398 3033 des
2431 2980 2536 3050 (38)
2567 2984 2699 3033 sunt
2737 2981 2907 3034 etiam
2937 2981 3270 3035 mercenarii
3311 2983 3413 3053 qui
3445 2982 3807 3036 conducuntur
3825 2978 3872 3031 ad

2301 3073 2546 3128 vineam.
2581 3074 2762 3128 Bonus
2802 3075 3184 3129 mercenarius
3209 3077 3436 3144 Petrus,
3474 3077 3731 3148 Joannes,
3754 3075 3873 3128 laco-

2302 3168 2427 3236 bus,
2457 3167 2662 3239 quibus
2700 3167 2902 3223 dicitur
2931 3186 2943 3223 :
2982 3190 3007 3218 ‹‹
3041 3169 3258 3236 Venite,
3293 3177 3353 3225 et
3391 3171 3594 3224 faciam
3625 3186 3711 3223 vos
3739 3169 3872 3238 pisca-

2304 3266 2456 3316 tores
2482 3262 2785 3316 hominum
2823 3263 3060 3330 (Matth.,
3098 3279 3169 3331 Iv,
3214 3265 3320 3334 19).
3354 3287 3382 3314 n
3417 3265 3515 3319 Isti
3550 3280 3661 3319 non
3691 3260 3873 3332 siliquis,

2303 3356 2402 3410 sed
2444 3355 2684 3426 panibus
2728 3355 3044 3411 abundant.
3090 3358 3352 3430 Denique
3389 3359 3732 3430 collegerunt
3765 3357 3872 3423 frag-

2303 3453 2626 3504 mentorum
2669 3449 2942 3521 cophinos
2985 3451 3283 3506 duodecim
3321 3452 3570 3524 (Mutila,
3607 3467 3710 3516 xrv,
3737 3443 3873 3514 203.0

2301 3544 2540 3598 Domine
2588 3546 2736 3612 lesu,
2783 3544 2829 3598 si
2876 3544 3036 3598 nobis
3077 3546 3304 3600 auferas
3353 3547 3605 3618 siliquas,
3661 3551 3712 3599 et
3751 3555 3876 3613 panes

2303 3636 2552 3692 tribuas!
2595 3639 2671 3692 Tu
2714 3638 2869 3691 enim
2917 3638 3274 3709 dispensator
3313 3639 3375 3694 in
3421 3640 3596 3694 domo
3635 3654 3689 3693 es
3728 3633 3874 3691 Patris.

2303 3729 2346 3784 Ο
2376 3731 2421 3784 si
2463 3748 2566 3786 nos
2601 3748 2832 3802 quoque
2873 3733 3258 3787 mercenarios
3300 3733 3560 3805 digneris
3599 3731 3874 3790 conducere,

2303 3827 2435 3881 licet
2485 3842 2608 3880 sero
2665 3825 2986 3880 venientes!
3035 3827 3171 3881 Nam
3220 3831 3277 3882 et
3322 3829 3630 3883 undecima
3669 3819 3877 3880 conducis

2303 3920 2476 3986 hora,
2537 3923 2594 3973 et
2649 3920 2931 3990 aequalem
2980 3920 3238 3990 dignaris
3307 3922 3640 3976 mercedem
3691 3919 3877 3977 solvere,

2301 4015 2580 4086 aqualem
2621 4014 2943 4069 mercedem
2983 4015 3132 4083 vitae,
3172 4031 3286 4069 nou
3331 4016 3533 4087 gloriae
3565 4012 3784 4087 (Matth.,
3814 4021 3877 4066 XX.

2303 4112 2355 4177 ϐ,
2385 4113 2467 4178 7);
2499 4124 2685 4180 neque
2715 4109 2872 4162 enim
2901 4109 3168 4163 omnibus
3194 4111 3448 4180 reposita
3479 4113 3566 4164 est
3594 4103 3881 4171 coronajus-

2303 4203 2464 4267 titiae,
2493 4201 2594 4256 sed
2623 4203 2675 4256 ei
2714 4202 2812 4273 qui
2845 4205 3035 4274 potest
3062 4203 3246 4257 dicere
3278 4219 3291 4257 :
3326 4225 3355 4252 ‹‹
3383 4207 3690 4260 Certamen
3713 4199 3879 4254 bonum

2301 4296 2507 4350 certavi
2537 4297 2601 4364 (ll
2636 4299 2798 4358 Tim.,
2830 4313 2901 4363 ιν,
2935 4301 3006 4365 7).
3044 4315 3072 4347 ι)

2372 4393 2495 4444 221-
2527 4390 2685 4453 Quod
2719 4389 2848 4445 ideo
2878 4407 2992 4445 non
3034 4391 3606 4462 praetermittendum
3636 4386 3879 4442 arbitratus

569 4480 831 4536 diabolus
874 4479 1130 4547 introire,
1177 4495 1317 4550 quos
1362 4479 1678 4551 praecipitat
1726 4479 1786 4534 in
1836 4498 1996 4536 mare
2039 4477 2451 4550 istiustum,
2487 4484 2623 4554 quia
2662 4483 2775 4537 scio
2821 4484 3092 4554 quosdam
3136 4484 3329 4538 dicere
3376 4486 3532 4557 quod
3579 4483 3648 4538 ad
3691 4485 3881 4535 mortem

570 4574 790 4638 mundi,
823 4573 881 4627 in
907 4573 1169 4627 sordibus
1194 4589 1258 4626 ac
1285 4573 1463 4627 fetore
1490 4573 1758 4628 viventes.

641 4666 818 4736 (Vers.
871 4669 976 4736 16.)
1023 4669 1096 4721 Et
1140 4667 1412 4737 cupiebat,
1460 4666 1664 4739 inquit,
1713 4669 1929 4738 siliquis
1975 4670 2198 4738 implere

566 4765 801 4816 ventrem
827 4775 1006 4814 suum.

637 4857 760 4909 217.
812 4854 1005 4926 Neque
1054 4853 1208 4908 enim
1251 4855 1362 4908 alia
1406 4870 1542 4909 cura
1584 4861 1667 4910 est
1715 4854 2040 4925 luxuriosis,
2089 4857 2196 4910 nisi

567 4952 630 5004 ut
668 4952 928 5004 ventrem
969 4964 1136 5002 suum
1187 4947 1484 5020 impleant,
1524 4965 1768 5021 quorum
1812 4950 1956 5004 Deus
2000 4955 2200 5005 venter

564 5098 693 5136 cum
721 5084 776 5133 in
809 5082 1072 5133 omnibus
1098 5081 1230 5132 edit.
1269 5081 1558 5140 habeatur,
1591 5097 1771 5148 eoque
1807 5084 2032 5148 dempto
2068 5099 2197 5135 sen-

562 5171 659 5206 sus
683 5157 843 5221 quasi
872 5168 1180 5219 suspensus
1209 5160 1510 5213 remaneat,
1537 5156 1662 5206 ideo
1694 5156 1833 5206 illud
1875 5171 1987 5206 non
2036 5162 2198 5221 puta-

560 5229 744 5277 vimus
780 5228 903 5278 loco
941 5226 1297 5278 movendum.
1341 5226 1558 5289 Quibus
1598 5231 1780 5278 tamen
1820 5231 2063 5291 potiores
2103 5230 2196 5281 hic

558 5299 899 5349 videbuntur
959 5311 1088 5348 mss.
1144 5299 1562 5362 subintelligere
1627 5303 1916 5361 poterunt,
1967 5301 2196 5364 impedi-

560 5376 787 5420 mentum
809 5371 971 5421 sensit
995 5371 1186 5429 relatis,
1220 5370 1307 5420 vel
1344 5369 1478 5432 quid
1515 5370 1730 5430 simile;
1760 5371 1864 5420 nisi
1905 5385 2002 5433 pro
2046 5373 2194 5422 dere-

559 5439 802 5505 linquens
840 5441 1001 5490 malis
1041 5455 1168 5491 cum
1225 5440 1629 5490 recentioribus
1672 5440 2007 5504 quibusdam
2059 5457 2191 5494 mss.

555 5509 754 5571 legere,
783 5512 1084 5575 dereliquit.

621 5581 718 5640 (36)
745 5583 899 5633 Rom.
934 5583 1064 5633 edit.
1094 5585 1229 5645 sola,
1255 5583 1490 5634 divortia
1517 5583 1709 5634 habere
1740 5590 2067 5635 sanctorum.

625 5650 722 5710 (37)
772 5652 900 5700 Mss.
964 5653 1231 5717 plerique,
1290 5655 1421 5703 Sunt
1474 5654 1569 5718 qui
1618 5654 1848 5717 siliquas
1907 5655 2191 5705 saecularia

558 5718 722 5769 verba
766 5721 1076 5783 signiﬁcent,
1124 5738 1330 5786 porcos.
1376 5729 1484 5776 etc.
1540 5727 1648 5776 Alii
1701 5731 1757 5778 et
1812 5741 2007 5777 omnes
2059 5728 2186 5778 edit.

560 5789 696 5838 Sunt
727 5791 820 5854 qui
843 5803 1049 5853 porcos,
1081 5799 1184 5844 etc.
1218 5796 1451 5856 Melius;
1480 5812 1647 5850 voces
1682 5801 1827 5851 enim
1858 5815 1984 5866 qua:
2009 5800 2064 5851 in
2101 5800 2190 5851 his

2300 4577 2403 4631 sibi
2431 4577 2636 4632 lavacri
2669 4577 2916 4648 gratiam
2940 4579 3070 4648 (39),
3094 4577 3183 4632 vel
3207 4578 3603 4650 poenitentiam
3627 4570 3877 4632 reservent.

2299 4670 2550 4724 Primum
2579 4671 2676 4742 qui
2705 4671 2811 4725 scis
2837 4688 2909 4725 an
2948 4676 3114 4726 nocte
3147 4673 3420 4743 proxima
3460 4679 3558 4727 tua
3595 4689 3626 4725 a
3653 4676 3702 4724 te
3734 4663 3880 4720 anima

2301 4765 2662 4835 reposcatur?
2709 4765 2926 4820 Deinde
2977 4782 3078 4820 cur
3126 4770 3290 4837 putas
3347 4768 3532 4821 otioso
3587 4763 3684 4819 tibi
3727 4753 3878 4814 omnia

2300 4875 2463 4929 p055e
2491 4858 2733 4913 deferri?
2755 4861 2908 4913 Pone
2929 4875 3107 4914 unam
3138 4861 3408 4932 gratiam,
3433 4876 3610 4914 unam
3638 4871 3748 4911 esse
3771 4864 3880 4904 mer-

2301 4952 2526 5021 cedem;
2558 4953 2842 5006 diversum
2885 4959 3076 5008 tamen
3121 4953 3388 5009 brevium
3432 4951 3675 5008 victoriae
3711 4949 3796 5010 est,
3827 4937 3875 4991 ad

2299 5087 2646 5145 omittuntur,
2677 5086 2843 5149 plane
2869 5085 3121 5136 redolent
3151 5087 3653 5150 interpolationem,
3680 5083 3877 5150 ipsimi}?

2297 5157 2355 5207 in
2388 5160 2599 5206 textum
2635 5171 2664 5207 e
2693 5158 2943 5222 margine
2971 5157 3042 5208 ab
3072 5149 3328 5221 imperito
3357 5159 3622 5222 scriptore
3647 5149 3874 5203 transferri

2297 5229 2458 5279 facile
2491 5232 2803 5292 potuerunt.

2360 5301 2455 5357 (38)
2497 5303 2576 5350 lla
2619 5313 2715 5351 sex
2769 5313 2898 5350 mss.
2953 5301 3198 5351 melioris
3238 5305 3407 5351 notua.
3457 5300 3580 5359 Alii,
3632 5300 3682 5346 et
3721 5298 3874 5341 omnes

2297 5371 2449 5432 edit,
2492 5371 2679 5420 lucella
2719 5371 2960 5431 (Amerb.
2998 5377 3053 5422 et
3088 5374 3249 5436 pauci
3289 5385 3447 5430 mss.,
3484 5364 3757 5436 buccellam)
3793 5368 3872 5436 "07?

2296 5444 2506 5506 quwril,
2537 5443 2667 5506 quia
2687 5444 2783 5505 jus
2817 5447 2992 5492 servat
3029 5435 3264 5494 haeredis.
3303 5445 3488 5493 Minus
3530 5435 3804 5491 commode,
3826 5435 3870 5477 υτ

2293 5512 2567 5564 lectorum
2594 5527 2761 5564 nemo
2789 5514 3135 5564 diffitebitur.
3822 5572 3844 5579 ἢ,

2358 5587 2454 5647 (39)
2484 5586 2768 5650 Frequens
2798 5600 2863 5636 ac
2891 5587 3175 5637 familiaris
3202 5587 3305 5636 fuit
3347 5601 3413 5638 ea
3447 5582 3662 5650 querela
3702 5577 3868 5650 sanctis

2295 5656 2566 5715 Patribns,
2608 5646 2741 5720 qua:
2790 5659 3002 5707 utinam
3046 5663 3231 5708 nostra
3280 5646 3538 5708 aetate-in
3590 5646 3864 5716 pauitantia

2293 5729 2468 5779 multo
2493 5729 2784 5794 justiorem
2809 5731 2996 5781 locum
3026 5743 3137 5781 non
3169 5729 3468 5781 inveniret!
