4022 6176
231 248 362 304 1849

1325 246 1788 303 EXPOSITIONIS
1825 247 1893 303 ΙΝ
1933 247 2157 304 LUCAM
2203 247 2328 301 LIB.
2371 245 2481 301 Vll.

3438 250 3574 303 i850

231 372 374 444 quod
396 388 458 426 se
487 387 600 426 non
621 371 830 426 frustra
867 371 1072 426 Paulus
1108 370 1382 437 extendit,
1421 371 1520 443 qui
1543 375 1674 442 post
1699 387 1846 425 mer-
1868 385 1926 455 Α
1946 375 2204 441 rogatur.
2237 371 2303 426 Et
2331 369 2462 424 ideo
2492 368 2774 423 discamus
2806 368 2960 439 quali
2991 371 3154 425 Pater
3178 371 3571 426 obsecratione

227 465 418 521 cedem
451 466 667 536 gratias,
704 465 967 519 bravium
997 472 1188 520 tamen
1231 471 1292 519 ut
1330 464 1844 535 comprehenderet

228 559 569 630 sequebatur
605 559 884 630 (Philipp,
921 576 1002 625 ιιι,
1036 559 1151 629 14);
1180 559 1314 630 quia
1347 558 1560 613 sciebat.
1600 558 1704 612 etsi
1742 573 1844 628 par

230 655 365 708 esset
391 669 613 707 merces
640 653 860 724 gratiae,
885 654 1129 725 palmam
1154 659 1346 708 tamen
1367 669 1487 707 esse
1511 668 1840 724 paucorum.

291 751 412 802 222.
436 749 506 801 Et
531 748 803 819 quoniam
827 748 889 801 in
915 748 1142 802 vineam
1171 747 1398 802 Domini
1427 747 1704 815 venimus,
1728 763 1842 801 non

228 841 374 896 vacui
406 842 740 896 recedamus
773 860 786 895 :
814 843 977 911 juvat
1007 843 1163 896 enim
1193 842 1409 896 fructus
1445 843 1659 912 legere,
1689 857 1840 896 mer-

228 936 474 992 cenarios
499 937 623 1006 ejus
647 937 860 991 videre.
888 937 1031 1000 Quid
1064 937 1219 991 enim
1255 936 1360 990 sibi
1395 936 1514 990 vult
1543 937 1693 1008 quod
1727 953 1844 990 una

226 1030 308 1086 die
333 1030 572 1084 diversis
597 1030 754 1085 horis
781 1031 1175 1085 conducuntur
1202 1030 1450 1101 operarii
1479 1031 1722 1101 (Matth.,
1754 1047 1840 1097 xx,

231 1125 352 1192 1-6),
380 1123 488 1178 nisi
527 1144 556 1172 ‹‹
591 1123 724 1196 quia
762 1125 917 1180 mille
955 1125 1088 1179 anni
1120 1125 1178 1178 in
1209 1124 1384 1179 oculis
1415 1124 1660 1191 Domini,
1699 1124 1844 1178 sicut

225 1217 335 1272 dies
363 1217 640 1272 hesterna
670 1233 799 1289 quas
825 1219 1120 1289 praeteriit,
1151 1224 1210 1274 et
1235 1219 1372 1273 hora
1396 1219 1455 1272 in
1482 1221 1645 1273 nocte
1672 1217 1837 1287 (Psul.

226 1327 432 1376 Lxxxix,
477 1311 576 1381 4)?
622 1311 760 1376 Quae
804 1316 888 1367 est
935 1329 1070 1379 nox,
1114 1313 1220 1367 nisi
1265 1329 1393 1384 quae
1438 1312 1742 1384 prmcessit,
1782 1314 1846 1366 ut

226 1405 333 1460 dies
363 1405 899 1477 appropinquaret?
927 1408 993 1460 Et
1021 1406 1167 1461 bene
1197 1428 1223 1456 ‹‹
1255 1407 1393 1460 hora
1419 1407 1474 1461 in
1501 1410 1685 1473 nocte,
1707 1405 1844 1478 quia

227 1500 369 1554 mille
395 1499 529 1553 anni
557 1500 704 1554 sicut
729 1500 849 1556 dies
877 1517 986 1555 una
1014 1503 1082 1568 (ll
1111 1503 1247 1563 Pet.,
1274 1517 1352 1568 ιιι,
1380 1503 1452 1567 8).
1484 1521 1510 1550 ››
1543 1499 1702 1554 Novit
1731 1500 1840 1554 vim

228 1592 328 1647 diei
370 1593 545 1664 hujus
593 1593 689 1648 ille
731 1595 827 1664 qui
863 1594 1041 1649 dixit:
1073 1617 1100 1643 ‹‹
1127 1597 1287 1650 Jesus
1327 1595 1583 1650 Christus
1622 1595 1747 1648 heri
1788 1598 1846 1648 et

229 1687 402 1755 hodie,
434 1688 557 1758 ipse
595 1691 684 1742 est
715 1692 772 1743 et
797 1689 856 1742 in
892 1690 1100 1744 saecula
1131 1690 1334 1758 (Hebr.,
1366 1705 1479 1755 xui,
1509 1690 1583 1759 8).
1619 1710 1646 1738 »
1673 1687 1845 1743 Scivit

1946 464 2018 517 sit
2068 463 2424 517 ambiendus.
2478 466 2673 523 Pater,
2733 462 2936 533 inquit.
2988 462 3171 526 Quam
3219 465 3567 530 misericors,

1943 573 2118 628 quam
2159 558 2308 628 pius,
2347 557 2444 628 qui
2489 573 2594 610 nec
2637 555 2886 611 offensus
2926 555 3181 627 patrium
3227 557 3570 627 dedignatur
3632 577 3635 581 ·

1943 667 2155 706 nomen
2178 650 2404 705 audire!

2019 747 2188 814 (Vers.
2251 744 2359 815 18.)
2413 747 2594 807 Pater,
2647 743 2851 815 inquit,
2903 746 3123 814 peccavi
3168 747 3228 798 in
3284 745 3474 800 cwlum
3521 750 3571 800 et

1941 855 2123 895 coram
2157 843 2225 893 te.

2015 936 2141 988 225.
2173 933 2300 987 Haec
2326 936 2411 987 est
2438 931 2619 1003 prima
2649 932 2924 987 confessio
2951 931 3101 1003 apud
3124 934 3440 1000 auctorem,
3469 948 3570 987 na-

1945 1035 2108 1099 turm,
2135 1031 2438 1103 praesulem
2473 1030 2899 1097 misericordiae,
2923 1029 3204 1084 arbitrum
3231 1030 3434 1100 culpas.
3460 1029 3571 1085 Sed

1945 1129 2048 1184 etsi
2087 1130 2233 1183 Deus
2274 1129 2428 1183 novit
2469 1127 2678 1196 omnia,
2718 1143 2912 1183 vocem
2953 1131 3147 1183 tamen
3193 1134 3304 1182 tuas
3349 1127 3569 1183 confes-

1944 1223 2118 1277 sionis
2163 1225 2447 1293 exspectat
2489 1224 2616 1293 (41).
2657 1243 2684 1270 ‹‹
2726 1221 2836 1276 Ore
2883 1223 3036 1277 enim
3082 1221 3362 1277 confessio
3400 1222 3465 1276 tit
3503 1223 3573 1277 ad

1945 1317 2180 1372 salutem
2215 1320 2408 1385 (Rom,
2445 1334 2498 1382 x,
2531 1318 2646 1386 10);
2672 1339 2699 1366 η
2735 1316 2866 1388 quia
2903 1316 3105 1370 allevat
3146 1315 3368 1387 pondus
3409 1332 3595 1371 erro-.

1945 1411 2040 1478 ris,
2069 1411 2323 1482 quisquis
2349 1410 2466 1480 ipse
2493 1427 2551 1464 sc
2579 1416 2797 1478 onerat,
2827 1413 2884 1464 et
2918 1409 3288 1464 accusationis
3321 1409 3574 1464 excludit

1941 1503 2236 1570 invidiam,
2284 1503 2380 1574 qui
2432 1508 2814 1558 accusatorem
2866 1503 3140 1574 praevenit
3181 1502 3503 1556 conﬁtendo
3555 1519 3567 1556 :

1946 1619 1973 1646 «
2003 1600 2193 1653 Justus
2220 1598 2372 1652 enim
2405 1597 2463 1651 in
2501 1597 2812 1668 primordio
2847 1597 3127 1652 sermonis
3163 1601 3458 1650 accusator
3487 1600 3573 1649 est

1944 1692 2027 1745 sui
2066 1695 2262 1760 (Prov.,
2290 1708 2436 1758 xvui,
2480 1692 2587 1761 17).
2626 1714 2652 1741 ι)
2695 1692 2923 1745 Frustra
2961 1695 3155 1744 autem
3197 1689 3334 1744 velis
3381 1688 3568 1743 occul-

229 1787 278 1836 et
313 1781 404 1836 ille
444 1755 600 1836 diem
643 1799 764 1837 esse
805 1755 1204 1855 multiplicem,
1233 1783 1333 1854 qui
1375 1755 1595 1853 scripsit
1635 1799 1648 1836 :
1685 1805 1708 1830 α
1745 1755 1920 1836 HicB
1947 1755 2086 1854 tare,
2132 1801 2304 1856 quem
2358 1755 2501 1839 nihil
2545 1755 2728 1853 iallat;
2777 1789 2834 1839 et
2875 1784 2996 1840 sine
3044 1784 3296 1854 periculo
3343 1783 3569 1854 prodas,

229 1875 333 1930 dies
360 1875 742 1946 generationis
764 1876 871 1947 (40)
895 1877 1016 1932 coeli
1048 1882 1104 1932 et
1129 1883 1318 1943 terrae,
1347 1893 1475 1931 cum
1504 1877 1651 1930 facta
1677 1880 1840 1944 sunt;

230 1985 328 2040 qua
353 1968 440 2023 die
468 1969 606 2023 fecit
632 1971 778 2024 Deus
807 1970 1011 2025 caelum
1037 1975 1094 2025 et
1124 1978 1356 2038 terram,
1386 1976 1441 2025 et
1467 1987 1637 2025 omne
1669 1969 1844 2024 viride

231 2064 341 2134 agri
367 2063 541 2133 (Gen.,
573 2080 631 2132 ιι,
664 2063 738 2134 4).
763 2085 792 2114 »
820 2065 963 2120 Cum
987 2065 1142 2119 enim
1163 2081 1332 2136 supra
1355 2070 1576 2136 septem
1602 2063 1845 2134 descrip-

231 2157 375 2211 sisset
413 2158 552 2226 dies,
597 2163 791 2228 postea
832 2175 949 2213 uno
991 2158 1083 2213 die
1120 2159 1310 2213 omnia
1341 2159 1486 2213 facta
1515 2157 1846 2229 complexus

233 2259 323 2319 est,
354 2258 536 2307 totum
583 2251 787 2306 mundi
831 2258 1056 2323 tempus
1095 2252 1401 2307 ostendens
1442 2253 1501 2306 in
1540 2256 1844 2321 conspectu

233 2345 437 2400 Domini
495 2350 773 2418 tanquam
828 2345 982 2401 diem
1036 2363 1252 2415 unum,
1309 2363 1375 2401 eo
1427 2347 1576 2418 quod
1633 2362 1700 2400 ex
1754 2347 1843 2399 iu-

233 2440 535 2510 compositis
591 2444 766 2512 atque
817 2441 1128 2496 tenebrosis
1174 2442 1357 2495 forma
1412 2440 1569 2495 istius
1620 2439 1843 2506 mundi,

234 2533 389 2588 divini
447 2533 638 2605 operis
697 2535 953 2589 claritate
1009 2535 1360 2606 processerit.
1420 2536 1568 2605 Ergo
1622 2534 1669 2588 si
1725 2533 1846 2588 dies

234 2631 397 2682 totum
459 2633 691 2700 tempus
753 2632 836 2683 est
890 2628 1121 2696 mundi,
1176 2629 1348 2682 habet
1405 2627 1606 2699 utique
1674 2627 1847 2682 etiam

235 2721 284 2774 in
318 2722 530 2777 saeculis
569 2723 742 2776 horas
772 2739 898 2776 suas
928 2739 940 2776 :
972 2726 1070 2777 aut
1107 2721 1225 2793 ipsa
1259 2723 1462 2777 saecula
1497 2722 1654 2776 horae
1692 2724 1843 2776 sunt.

236 2815 380 2869 Horae
433 2824 628 2870 autem
678 2816 791 2870 diei
834 2816 1132 2871 duodecim
1176 2820 1336 2882 sunt;
1387 2816 1536 2870 unde
1588 2815 1732 2870 bene
1787 2815 1846 2869 in

237 2910 480 2980 mysterio
507 2911 634 2965 dies
653 2911 923 2976 Christus,
948 2911 1109 2980 cujus
1134 2909 1373 2982 apostoli
1402 2909 1723 2977 duodecim,
1748 2910 1844 2981 qui

236 3004 421 3059 ccelesti
446 3005 674 3059 lumine
706 3004 981 3059 distinctis
1012 3006 1069 3058 in
1109 3022 1168 3059 se
1200 3005 1398 3076 gratia:
1429 3003 1642 3058 vicibus
1670 3004 1844 3058 reful-

237 3102 436 3153 serunt.

297 3195 410 3248 223.
436 3192 603 3248 Venit
633 3209 770 3264 ergo
802 3192 1211 3263 paterfamilias
1238 3196 1294 3247 et
1321 3192 1507 3264 prima
1535 3192 1678 3246 hora
1709 3209 1844 3246 con-

238 3285 375 3341 duxit
401 3288 718 3359 operarios,
743 3286 993 3341 fortassis
1025 3302 1120 3340 eos
1149 3286 1245 3358 qui
1273 3303 1304 3339 a
1335 3285 1616 3357 principio
1644 3286 1848 3340 mundi

242 3397 395 3452 usque
433 3382 500 3436 ad
545 3381 825 3436 diluvium
859 3381 1000 3450 justi
1039 3396 1157 3435 esse
1199 3384 1554 3447 meruerunt,
1587 3379 1843 3452 1465

241 3473 298 3527 de
323 3476 515 3546 quibus
545 3475 626 3529 ait
650 3492 662 3528 :
693 3497 718 3522 «
746 3477 814 3531 Et
837 3475 1058 3529 locutus
1088 3491 1213 3528 sum
1242 3475 1311 3529 ad
1338 3491 1436 3530 vos
1466 3479 1599 3528 ante
1628 3475 1844 3540 lucem;

243 3573 290 3620 et
324 3569 440 3623 misi
470 3571 539 3624 ad
582 3586 688 3623 vos
725 3585 910 3623 servos
948 3585 1105 3622 meos
1140 3569 1444 3640 prophetas
1482 3575 1615 3622 ante
1655 3568 1845 3621 lucem

243 3659 450 3729 (lerem.,
479 3681 576 3730 vu,
611 3667 718 3732 25).
751 3685 778 3712 »
806 3663 993 3718 Tertia
1024 3667 1152 3734 post
1179 3663 1455 3717 diluvium
1488 3662 1704 3733 incipit,
1731 3663 1844 3716 Noe

243 3761 667 3829 ceterorumque
703 3760 962 3828 tempora
1003 3757 1514 3828 comprehenderis,
1547 3757 1645 3828 qui
1687 3755 1847 3828 quasi

241 3845 356 3903 boni
382 3851 625 3922 operarii
658 3851 717 3904 in
758 3849 982 3904 vineam
1019 3849 1405 3918 destinantur;
1435 3849 1564 3904 ideo
1603 3850 1762 3921 quasi
1787 3849 1847 3904 in

247 3943 452 4010 prandio
473 3944 785 4000 inebriatus
806 3949 887 3999 est
906 3945 1038 3998 Noe.
1064 3945 1228 3999 Sexta
1249 3947 1304 3998 et
1326 3945 1559 4016 reliquae.
1581 3943 1843 4010 Ahrahze,

244 4035 390 4106 Isaac,
420 4043 474 4093 et
507 4039 682 4093 lacob
721 4038 1180 4110 patriarcharum
1225 4039 1429 4092 merita
1465 4038 1839 4109 distinguunt.

245 4129 396 4198 Nona,
441 4132 755 4188 inclinante
802 4133 925 4203 jam
973 4133 1198 4199 saeculo,
1250 4136 1307 4186 et
1350 4136 1622 4203 tanquam
1670 4132 1873 4203 palley

246 4228 406 4279 scente
434 4227 556 4280 luce
584 4226 824 4292 virtutis,
851 4226 942 4279 lex
972 4229 1028 4280 et
1062 4226 1360 4297 prophetas
1399 4225 1687 4280 decolores
1719 4242 1842 4279 mo-

247 4330 320 4369 res
367 4319 662 4375 hominum
716 4325 1072 4374 notaverunt.
1128 4319 1526 4386 Undecimam,
1579 4321 1637 4374 et
1691 4318 1847 4390 quod

249 4418 480 4481 superest
530 4414 665 4483 diei,
712 4430 869 4468 sacer
920 4413 1183 4484 producit
1235 4413 1533 4468 adventus.
1586 4413 1740 4468 Unde
1792 4416 1849 4466 et

1943 1879 2093 1952 quod
2135 1879 2274 1934 scias
2309 1896 2428 1934 esse
2459 1881 2585 1950 jam
2629 1878 2946 1950 cognitum.
2977 1878 3258 1935 Conﬁtere
3295 1877 3478 1948 magis
3507 1883 3572 1930 ut

1943 1973 2279 2029 interveniat
2305 1990 2404 2045 pro
2443 1976 2496 2028 te
2528 1973 2780 2028 Christus
2809 1990 2984 2046 quem
3017 1972 3354 2026 advocatum
3392 1970 3570 2025 habe-

1944 2084 2070 2122 mus
2105 2067 2256 2138 apud
2300 2069 2553 2132 Patrem;
2591 2072 2757 2138 roget
2794 2084 2900 2138 pro
2947 2071 3000 2122 te
3045 2065 3308 2132 Ecclesia,
3351 2068 3410 2119 et
3446 2065 3569 2119 illa-

1945 2167 2160 2231 crymet
2213 2162 2480 2232 papulus.
2536 2162 2646 2216 Nec
2698 2178 2928 2216 vereare
2980 2177 3053 2215 ne
3110 2176 3228 2214 non
3278 2159 3568 2231 impetres.

1945 2256 2262 2310 Advocatus
2289 2255 2528 2326 spondet
2557 2255 2802 2321 veniam,
2833 2260 3102 2326 patronus
3131 2253 3412 2325 promittit
3441 2269 3569 2324 gra-

1947 2349 2104 2415 tiam,
2138 2349 2656 2404 reconciliationem
2698 2348 2800 2402 tibi
2845 2354 3101 2420 paternse
3141 2347 3365 2418 pietatis
3408 2345 3571 2418 polli-

1945 2448 2104 2497 cetur
2151 2446 2414 2497 assertor.
2465 2442 2662 2509 Crede,
2713 2442 2846 2513 quia
2897 2443 3006 2512 (42)
3059 2441 3262 2496 veritas
3319 2445 3432 2508 est;
3481 2457 3570 2494 ac-

1947 2536 2196 2608 quiesce,
2238 2537 2371 2608 quia
2409 2535 2586 2589 virtus
2627 2540 2729 2589 est.
2776 2535 2955 2590 Habet
2999 2552 3221 2590 causam
3267 2538 3327 2589 ut
3370 2550 3471 2606 pro
3516 2539 3570 2588 te

1946 2630 2304 2695 interveniat,
2355 2646 2425 2684 ne
2473 2647 2574 2700 pro
2625 2634 2678 2684 te
2729 2630 2903 2700 gratis
2953 2634 3211 2684 mortuus
3255 2628 3343 2684 sit.
3396 2627 3574 2683 Habet

1947 2739 2168 2778 causam
2193 2723 2528 2794 ignoscendi
2554 2725 2736 2790 Pater,
2760 2723 2891 2794 quia
2919 2724 3067 2794 quod
3094 2723 3214 2777 vult
3245 2722 3432 2788 Filius,
3455 2721 3577 2775 vult

1949 2824 2004 2873 et
2033 2820 2212 2872 Pater.

2017 2915 2138 2966 226.
2173 2913 2349 2974 (Vcrs.
2384 2912 2488 2983 18.)
2516 2915 2733 2968 Peccavi
2759 2915 2817 2967 in
2842 2913 3030 2967 caelum
3061 2918 3109 2967 et
3137 2927 3315 2967 coram
3343 2917 3412 2966 te.
3446 2912 3571 2965 Non

1950 3006 2139 3078 utique
2180 3007 2528 3061 elementum
2573 3007 2931 3078 exprimitur,
2974 3006 3068 3060 sed
3105 3007 3332 3077 peccato
3365 3005 3574 3059 animae

1869 3129 1922 3202 Ο
1947 3101 2192 3155 coelestia
2235 3100 2625 3171 signiﬁcantur
2655 3101 2807 3155 dona
2843 3099 3080 3171 Spiritus
3120 3098 3455 3165 imminuta;
3487 3099 3573 3152 vel

1947 3195 2083 3266 quia
2109 3194 2178 3248 ab
2203 3195 2353 3248 illius
2381 3195 2602 3266 gremio
2629 3194 2830 3248 matris
2853 3193 3163 3248 Jerusalem
3191 3210 3318 3266 quae
3347 3193 3405 3247 in
3437 3191 3574 3248 caelo

1949 3294 2050 3355 est,
2086 3303 2201 3343 non
2240 3289 2491 3359 oportuit
2522 3288 2752 3342 deviari.

2018 3381 2191 3452 (Vers.
2232 3384 2340 3454 19.)
2367 3384 2485 3436 Jum
2517 3399 2624 3436 non
2649 3399 2766 3437 sum
2801 3383 2998 3452 dignus
3031 3385 3215 3436 vocari
3251 3384 3398 3452 ﬁlius
3433 3387 3572 3436 tuus.

2020 3479 2141 3531 227.
2193 3477 2458 3546 Dejectus
2505 3475 2660 3530 enim
2707 3491 2763 3529 se
2811 3475 3058 3530 exaltare
3111 3491 3226 3529 non
3272 3475 3459 3540 debet,
3515 3479 3576 3527 ut

1950 3570 2153 3625 merito
2181 3587 2296 3624 suae
2325 3570 2498 3642 possit
2527 3569 2863 3623 humilitatis
2890 3569 3092 3623 attolli.

2021 3665 2204 3727 (lbid.)
2260 3667 2364 3718 Fac
2412 3680 2494 3718 me
2542 3667 2681 3718 sicut
2733 3679 2903 3716 unum
2953 3665 3399 3717 mercenariorum
3451 3671 3570 3718 tuo-

1949 3774 2086 3813 rum.

2016 3855 2140 3907 228.
2187 3851 2348 3906 Novit
2391 3867 2514 3906 esse
2562 3851 2889 3906 distantiam
2935 3851 3088 3905 inter
3130 3849 3294 3916 ﬁlios,
3337 3849 3570 3916 amicos,

1951 3945 1998 4018 1
2016 3944 2206 4018 466
2237 3945 2618 4000 mercenarios
2642 3949 2698 3999 et
2723 3961 2940 4011 servos;
2963 3944 3112 3998 ﬁlius
3135 3960 3239 4016 per
3264 3942 3570 4010 lavacrum,

1948 4041 2162 4095 amicus
2191 4056 2294 4111 per
2319 4039 2605 4107 virtutem,
2628 4039 3010 4094 mercenarius
3035 4055 3139 4110 per
3162 4037 3436 4102 laborem,
3463 4053 3574 4090 ser-

1947 4151 2047 4188 vus
2073 4151 2178 4205 per
2203 4133 2490 4188 timorem.
2513 4133 2618 4188 Sed
2645 4133 2815 4188 etiam
2840 4149 2906 4187 ex
2927 4133 3102 4187 servis
3127 4137 3184 4188 et
3209 4130 3575 4187 mercenariis

1947 4229 2091 4282 fiunt
2129 4228 2319 4293 amici,
2346 4227 2515 4298 juxta
2545 4228 2699 4300 quod
2731 4227 3002 4299 scriptum
3035 4231 3119 4282 est
3157 4244 3169 4281 :
3204 4247 3232 4276 «
3269 4228 3376 4281 Vos
3407 4224 3574 4280 amici

1949 4322 2063 4376 mei
2095 4323 2243 4387 estis,
2277 4323 2320 4375 si
2356 4322 2600 4376 feceritis
2631 4338 2756 4394 quae
2794 4337 2901 4392 ego
2939 4321 3209 4393 principio
3241 4320 3426 4389 vobis;
3450 4321 3570 4391 jam

1950 4433 2065 4472 non
2097 4416 2221 4471 dico
2251 4434 2345 4469 vos
2374 4433 2560 4470 servos
2590 4416 2789 4487 (Joan.,
2818 4432 2910 4482 xv,
2944 4416 3027 4480 14,
3063 4419 3166 4482 15).
3198 4434 3225 4464 ››

247 4500 345 4571 ipse
380 4506 434 4561 in
474 4507 776 4579 Evangelio
819 4507 957 4562 dicit
998 4524 1010 4561 ε
1058 4526 1085 4558 ι(
1127 4507 1424 4562 ΑΠὼιιΙδῐθ
1469 4507 1606 4562 dum
1649 4499 1925 4569 lumenD
2021 4516 2145 4568 229.
2179 4514 2302 4566 Haec
2329 4512 2479 4584 apud
2518 4527 2576 4564 se
2607 4510 2776 4577 dixit;
2805 4511 2900 4564 sed
2936 4526 3052 4564 non
3082 4510 3214 4565 satis
3245 4512 3329 4564 est
3367 4509 3570 4578 dicere,

249 4593 441 4653 habetis
467 4605 669 4671 (Joan.,
702 4618 796 4664 xu,
826 4601 934 4673 35).
963 4623 990 4649 »

306 4693 415 4748 224.
455 4695 564 4751 Sed
599 4696 720 4766 jam
764 4695 1067 4749 redeamus
1107 4695 1178 4750 ad
1219 4697 1446 4750 Patrem
1494 4712 1506 4748 :
1551 4695 1684 4749 licet
1727 4712 1845 4751 non

249 4796 420 4841 verear
449 4806 519 4844 ne
549 4790 714 4844 istius
751 4789 1142 4860 paenitentiam
1175 4789 1425 4859 gerentis
1455 4789 1718 4859 exemplo
1747 4790 1846 4844 diu

252 4875 464 4936 abfuisse
510 4884 806 4938 videamur
852 4886 1159 4955 (nunquam
1206 4883 1357 4937 enim
1400 4881 1705 4949 abfuimus,
1748 4883 1846 4954 qui

251 4975 582 5034 Versabamur
621 4977 679 5033 in
720 4979 904 5042 vinea,
936 4977 995 5031 in
1039 4993 1149 5047 qua
1193 4976 1238 5029 si
1281 4980 1337 5030 et
1378 4975 1484 5029 iste
1523 4977 1843 5044 mansisset,

256 5079 351 5122 non
387 5072 698 5128 recessisset
730 5089 764 5126 a
792 5072 994 5140 Patre),
1033 5069 1353 5125 cavendum
1394 5072 1587 5124 tamen
1628 5074 1730 5138 est,
1772 5087 1843 5124 ne

256 5172 338 5212 nos
359 5164 403 5216 ei
430 5164 892 5220 reconciliationis
929 5164 1206 5218 faciamus
1243 5180 1486 5231 moram,
1513 5181 1686 5235 quam
1731 5181 1844 5218 non

259 5248 369 5307 fecit
404 5258 579 5314 Pater.
627 5258 805 5312 Facile
852 5257 1264 5324 reconciliatur,
1311 5258 1542 5330 quando
1588 5258 1844 5327 impense

260 5375 561 5498 niiwltRom.
589 5381 718 5432 edit.
753 5394 822 5430 ex
848 5381 998 5430 LXX
1023 5381 1246 5444 interp.,
1269 5381 1362 5431 Hic
1390 5379 1520 5430 liber
1543 5383 1849 5444 generatio-

305 5459 341 5498 ε.
366 5461 392 5498 e
416 5465 460 5498 c.

291 5458 341 5504 τε,
366 5458 460 5500 etc.

285 5518 388 5596 ,(41)
434 5523 561 5575 Ηωο
611 5524 780 5575 verba
821 5523 1180 5588 intelligenda
1228 5536 1348 5574 esse
1379 5523 1468 5596 de
1514 5537 1578 5574 ea
1626 5526 1845 5576 confes—

262 5594 402 5652 sione,
441 5607 599 5659 quam
646 5611 674 5646 a
714 5596 1104 5660 peccatoribus
1139 5597 1257 5646 sive
1297 5595 1541 5660 publice,
1595 5598 1713 5646 sive
1759 5611 1846 5648 se-

263 5664 384 5709 Creto
411 5663 661 5719 Ecclesiae
692 5669 962 5718 ministris
995 5668 1113 5717 ﬁeri
1145 5671 1376 5731 oportet,
1405 5665 1534 5716 inde
1563 5668 1844 5731 probatur,
1906 5712 1908 5714 _

266 5732 384 5804 Quod
407 5748 462 5784 ea
487 5741 702 5801 ponitur
732 5744 852 5804 post
879 5740 1132 5803 primam,
1163 5751 1290 5803 quae
1319 5737 1422 5789 soli
1451 5739 1568 5788 Deo
1606 5739 1667 5789 ﬁt
1703 5753 1846 5790 con-

267 5795 531 5860 Υθειδὶοιιθιιι.
601 5795 750 5864 Hinc
805 5795 988 5864 autem
1060 5795 1396 5862 validissime
1467 5810 1844 5873 conﬁrmatur,

1947 4606 2055 4661 nisi
2105 4605 2176 4660 ad
2231 4609 2455 4676 patrem
2507 4603 2716 4658 venias.
2773 4604 2877 4658 Ubi
2933 4603 3094 4658 illum
3150 4604 3424 4676 requiras,
3474 4603 3571 4657 ubi

1943 4698 2248 4755 invenias?
2282 4701 2528 4769 Exsurge
2562 4699 2770 4769 primo,
2805 4699 2911 4753 hoc
2949 4704 3051 4765 est,
3081 4698 3180 4770 qui
3209 4699 3406 4754 sedens
3443 4702 3574 4752 ante

1947 4793 2286 4848 dormiebas.
2329 4793 2397 4846 Et
2441 4793 2564 4846 ideo
2611 4792 2744 4847 dicit
2786 4792 3080 4863 Apostolus
3121 4810 3134 4847 :
3182 4814 3208 4840 (ί
3245 4793 3427 4862 Surge
3474 4791 3573 4862 qui

1946 4886 2182 4955 dormis,
2217 4891 2273 4941 et
2303 4903 2547 4958 exsurge
2580 4903 2613 4940 a
2644 4886 2883 4941 mortuis
2911 4887 3145 4957 (Ephes.,
3177 4902 3230 4955 v,
3270 4886 3370 4955 14).
3407 4904 3433 4934 ι)
3472 4884 3574 4940 lni-

1945 4981 2132 5053 quitas
2178 4980 2234 5034 in
2282 4980 2498 5035 talento
2549 4981 2814 5051 plumbeo
2869 4980 3044 5034 sedet.
3092 4980 3262 5050 Moysi
3308 4977 3512 5033 dicitur
3556 4995 3568 5033 :

1949 5097 1974 5122 ‹‹
2015 5076 2096 5128 Tu
2137 5079 2329 5128 autem
2371 5073 2462 5128 hic
2492 5078 2575 5128 sta
2615 5077 2807 5138 (Deut.,
2845 5091 2897 5133 ν.
2935 5075 3044 5142 31).
3075 5095 3102 5121 ››
3138 5074 3355 5127 Stantes
3400 5071 3576 5142 elegit

1945 5167 2216 5222 Christus.
2247 5169 2492 5237 Exsurge
2523 5183 2680 5238 ergo,
2711 5183 2873 5221 curre
2902 5167 2970 5220 ad
3004 5165 3335 5230 Ecclesiam;
3366 5165 3454 5219 hic
3488 5168 3574 5219 est

1949 5263 2127 5330 Pater,
2160 5261 2252 5316 hic
2279 5264 2363 5316 est
2389 5261 2580 5328 Filius,
2613 5261 2702 5316 hic
2728 5265 2811 5315 est
2841 5260 3084 5331 Spiritus
3115 5264 3358 5315 sanctus.

1947 5383 2097 5447 quod
2127 5383 2268 5433 infra
2310 5383 2532 5444 dicitur,
2561 5382 2813 5442 Conﬁtere
2843 5383 3030 5445 magis,
3053 5386 3170 5430 ut...
3212 5386 3354 5444 roget
3395 5394 3494 5444 pro
3530 5387 3576 5430 lo

1947 5454 2200 5509 Ecclesia,
2254 5459 2300 5504 et
2345 5454 2646 5516 illacrymcl
2697 5453 2938 5517 populus.
2991 5454 3128 5503 Haec
3174 5465 3416 5516 namque
3463 5466 3573 5502 non

1947 5526 2263 5584 mentalem,
2314 5526 2411 5576 sed
2458 5525 2782 5576 exteriorem
2831 5539 2895 5574 ac
2941 5523 3222 5575 verbalem
3270 5524 3574 5575 confessio-

1945 5611 2073 5649 nem
2100 5599 2445 5661 apertissime
2469 5595 2797 5660 signiﬁcant.

2011 5670 2109 5730 (42)
2171 5670 2297 5720 Mss.
2361 5682 2473 5718 non
2526 5668 2722 5731 pauci,
2780 5680 2886 5718 nec
2947 5668 3156 5719 inﬁmm
3212 5669 3571 5725 auctoritatis,

1946 5740 2450 5801 reconciliationem,
2477 5738 2569 5789 tibi
2591 5742 2827 5803 paterna
2855 5741 3025 5804 pictas
3053 5739 3330 5806 pollicetur
3354 5755 3370 5789 :
3400 5752 3575 5791 asser—

1950 5813 2053 5862 tori
2083 5811 2250 5870 crede,
2275 5813 2426 5875 quia,
2454 5815 2560 5864 etc.
