4022 6176
97 6047 106 6052 ,
161 6023 203 6049 Α

363 6015 438 6057 ιι.-

489 262 615 316 1851

1952 260 2006 313 S.
2052 256 2371 315 AMBROSII

3674 261 3790 315 l852

553 385 677 437 230.
725 384 899 450 (Vers.
948 385 1038 448 20,
1079 384 1193 452 2t.)
1243 382 1498 438 Occurrit
1541 381 1663 450 tibi,
1710 383 1808 454 qui
1851 383 2011 438 audit
2055 387 2110 437 te
2133 380 2355 467 Alam,
2393 396 2506 452 quo
2546 380 2733 436 cordis
2770 381 3061 449 interiora,
3093 380 3475 449 factorumque
3503 383 3794 436 nostrorum

479 475 631 530 intra
680 477 891 531 mentis
948 483 1159 531 secreta
1211 480 1574 531 tractantem.
1626 479 1693 530 Et
1740 493 1872 530 cum
1926 475 2113 530 adhuc
2213 473 2524 530 ministeria
2577 474 2894 546 signantur.
2952 474 3099 546 Ergo
3155 471 3359 544 signati
3414 487 3624 540 sumus,
3676 474 3800 529 sicut

478 570 649 638 longe
689 569 784 637 sis,
825 569 978 624 videt
1019 574 1075 624 et
1120 569 1383 623 accurrit.
1417 569 1579 623 Videt
1620 569 1677 623 in
1720 575 1947 640 pectore
1990 574 2109 634 tuo,

479 662 724 717 accurrit
749 679 822 716 ne
849 663 976 734 quis
1003 663 1304 732 impediat,
1333 663 1727 733 complectitur
1752 679 1976 734 quoque
2009 680 2023 718 :
2053 663 2110 716 in

479 771 716 810 occursu
747 756 1098 826 praescientia
1134 756 1246 826 (43)
1281 760 1386 822 est,
1419 756 1477 810 in
1515 757 1819 826 complexu
1858 758 2108 811 clemen-

480 850 578 916 tia,
617 855 673 903 et
714 849 875 920 quasi
905 849 1146 921 quidam
1188 849 1358 920 patrii
1399 849 1609 904 amoris
1650 849 1901 904 aﬁ‘ectus.
1930 850 2111 920 Supra

478 943 687 996 collum
713 943 881 1009 cadit,
910 945 974 996 ut
1001 943 1288 1014 jacentem
1332 943 1532 1013 erigat,
1567 947 1624 997 et
1647 947 1946 998 oneratum
1976 960 2108 1013 pec-

478 1035 634 1101 catis,
657 1040 827 1106 atque
855 1036 916 1090 in
945 1040 1169 1090 terrena
1196 1036 1480 1090 deﬂexum
1509 1037 1759 1090 reﬂectat
1782 1036 1853 1090 ad
1882 1037 2106 1101 coelum,

478 1128 537 1184 in
587 1145 699 1199 quo
749 1145 914 1183 suum
966 1135 1187 1200 quaerat
1235 1133 1546 1184 auctorem.
1595 1129 1754 1184 Cadit
1795 1129 1851 1183 in
1903 1130 2109 1184 collum

475 1225 641 1277 tuum
678 1223 954 1291 Christus,
991 1228 1051 1276 ut
1093 1223 1370 1277 cervicem
1406 1222 1549 1292 jugo
1593 1226 1766 1276 exuat
1803 1223 2105 1290 servitutis,

480 1321 535 1369 et
582 1315 729 1370 collo
777 1320 874 1371 tuo
915 1317 1120 1387 jugum
1166 1332 1334 1370 suave
1383 1315 1707 1386 suspendat.
1754 1317 1956 1370 Nonne
2008 1316 2108 1370 tibi

477 1409 700 1464 videtur
745 1411 1015 1466 excidisse
1067 1410 1124 1464 in
1168 1410 1380 1464 collum
1421 1410 1673 1477 Joannis,
1715 1411 1942 1481 quando
1987 1417 2111 1466 erat

477 1505 725 1558 Joannes
763 1504 822 1557 in
866 1503 993 1557 sinu
1035 1505 1185 1570 .Iesu,
1228 1504 1443 1558 cervice
1490 1504 1823 1559 recumbens
1864 1504 2108 1559 reﬂexa?

477 1597 545 1650 Et
580 1595 708 1650 ideo
739 1595 986 1650 Verbum
1019 1597 1170 1668 apud
1211 1598 1386 1651 Deum
1420 1596 1584 1664 vidit;
1615 1597 1748 1668 quia
1779 1601 1998 1652 erectus
2025 1604 2110 1652 est

2213 572 2269 623 et
2328 567 2572 639 legimus
2629 585 2641 623 :
2700 591 2727 617 (ι
2785 568 3124 630 Credentes,
3175 565 3388 637 inquit,
3444 565 3635 636 signati
3685 569 3800 621 estis

2210 661 2418 732 Spiritu
2464 668 2655 718 sancto
2705 663 2940 732 (Ephes.,
2985 678 3021 728 ι,
3073 660 3178 729 t3).
3223 679 3248 709 ι)
3285 659 3431 714 Bene
3473 663 3654 713 autem
3695 676 3796 713 car-

2210 771 2346 809 nem
2380 755 2562 822 vituli,
2597 755 2729 827 quia
2770 755 3136 810 sacerdotalis
3164 758 3250 808 est
3288 751 3527 818 victima,
3558 769 3676 824 quae
3709 771 3800 825 pro

2209 849 2458 920 peccatis
2487 849 2682 904 ﬁebat.

2281 946 2405 997 233.
2433 942 2612 1013 (Vers.
2641 944 2754 1013 23.)
2795 941 3131 1014 Epulantem
3173 947 3395 1011 patrem
3435 938 3640 994 inducit
3675 939 3803 994 ﬁlius

2211 1036 2354 1108 (46);
2417 1040 2478 1090 ut
2528 1037 2852 1092 ostenderet
2900 1035 3171 1107 quoniam
3226 1038 3494 1106 paternus
3541 1033 3687 1088 cibus
3735 1037 3804 1088 est

2209 1131 2360 1184 salus
2387 1135 2598 1198 nostra,
2629 1135 2686 1184 et
2711 1130 2892 1184 Patris
2917 1129 3188 1200 gaudium
3216 1133 3537 1182 nostrorum
3566 1126 3802 1197 redemp-

2209 1224 2289 1278 tio
2336 1229 2696 1294 peccatorum
2740 1227 2843 1278 est.
2888 1224 2954 1276 Et
3001 1223 3092 1276 liic
3135 1221 3369 1292 quidem
3412 1219 3456 1274 si
3497 1219 3567 1275 ad
3612 1221 3805 1274 Patrem

2209 1318 2446 1384 referas,
2485 1317 2618 1388 quia
2653 1316 2839 1372 hostia
2870 1334 2974 1387 pro
3014 1315 3259 1388 peccatis
3300 1313 3470 1368 Filius
3509 1318 3609 1381 est,
3641 1313 3807 1367 delec-

2209 1415 2363 1466 tatur
2424 1413 2588 1466 Pater
2637 1411 2824 1466 reditu
2881 1410 3184 1482 peccatoris
3240 1425 3253 1463 :
3307 1424 3482 1479 supra
3527 1407 3811 1464 delectatur

2211 1505 2399 1573 Filius,
2447 1505 2680 1560 inventa
2724 1521 2858 1572 ove;
2905 1510 2965 1558 ut
3009 1504 3151 1558 scias
3198 1502 3334 1574 quia
3375 1518 3490 1556 una
3531 1504 3613 1556 est
3655 1500 3810 1556 Patris

2209 1602 2267 1652 et
2299 1598 2420 1653 Filii
2460 1597 2774 1664 delectatio,
2807 1615 2916 1652 una
2954 1595 3207 1669 Operatio
3252 1596 3308 1650 in
3352 1595 3605 1650 Ecclesiae
3639 1593 3809 1649 funda-

475 1689 546 1744 ad
585 1705 848 1760 superna.
887 1689 1053 1744 Cadit
1097 1689 1155 1744 in
1200 1691 1425 1757 collum,
1470 1707 1601 1744 cum
1641 1689 1773 1744 dicit
1808 1709 1818 1744 :
1855 1691 2107 1746 «Venite
2212 1695 2430 1748 mento.
2461 1693 2708 1748 Lmtatur
2734 1696 2924 1747 autem
2957 1697 3114 1762 pater
3128 1707 3145 1760 ;

473 1783 545 1838 ad
580 1799 694 1851 me,
723 1783 822 1854 qui
861 1783 1202 1838 laboratis...
1241 1787 1296 1839 et
1326 1800 1435 1854 ego
1479 1801 1574 1838 vos
1617 1783 1898 1852 reﬁciam;
1929 1784 2105 1839 tollite
2128 1765 2182 1836 Β

467 1877 677 1947 jugum
706 1893 899 1946 meum
932 1894 1105 1948 super
1131 1894 1225 1932 vos
1255 1879 1498 1947 (Matth,
1527 1895 1600 1936 x1.
1630 1881 1718 1944 28,
1747 1880 1856 1946 29).
1891 1901 1917 1927 n
1947 1877 2108 1932 Cadit
2206 1887 2447 1935 mortuus
2473 1882 2679 1948 fuerat,
2712 1885 2761 1935 et
2789 1881 3006 1934 revixit.

475 1985 615 2039 ergo
645 1970 749 2025 hoc
783 1969 972 2036 modo,
999 1971 1046 2024 si
1075 1971 1437 2025 convertaris.

2279 1787 2454 1856 (Vers.
2503 1786 2615 1856 24.)
2660 1787 2799 1854 Quin
2842 1787 2986 1855 ﬁlius
3024 1788 3269 1856 perierat
3312 1791 3365 1838 et
3413 1785 3656 1838 inventus
3695 1786 3807 1840 est:

2275 1977 2398 2030 234.
2434 1975 2531 2030 Ille
2571 1973 2720 2045 perit
2762 1973 2858 2044 qui
2897 1972 3039 2040 fuit;
3085 1988 3198 2027 non
3237 1971 3396 2026 enim
3443 1974 3622 2042 potest
3649 1969 3811 2040 perire

2205 2068 2303 2140 qui
2346 2084 2460 2122 non
2500 2067 2626 2124 fuit.
2669 2069 2862 2138 Itaque
2904 2070 3105 2136 gentes
3145 2082 3262 2120 non
3299 2072 3455 2130 sunt,
3489 2063 3813 2119 Christianus

2205 2167 2308 2225 est,
2343 2162 2505 2232 juxta
2547 2161 2698 2232 quod
2743 2176 2912 2232 supra
2957 2159 3174 2214 dictum
3216 2163 3304 2214 est
3346 2175 3360 2214 :
3405 2180 3432 2208 «
3477 2158 3620 2223 Quia
3661 2155 3814 2228 elegit

2205 2256 2349 2310 Deus
2406 2271 2534 2326 quae
2595 2271 2712 2309 non
2771 2257 2936 2323 sunt;
2993 2259 3054 2309 ut
3115 2269 3244 2326 qua:
3301 2255 3466 2319 sunt,
3523 2251 3814 2306 destrueret

2202 2348 2247 2420 (l
2282 2351 2424 2410 Cor.,
2459 2365 2497 2417 ι,
2527 2349 2636 2418 28).
2677 2369 2704 2398 »
2734 2349 2924 2402 Potest
2963 2351 3157 2403 tamen
3188 2352 3244 2402 et
3273 2346 3368 2402 hic
3407 2346 3464 2400 in
3500 2361 3616 2400 uno
3655 2341 3812 2413 accipi

2201 2443 2418 2513 species
2448 2442 2676 2512 generis
2715 2440 2970 2496 humani.
3000 2441 3130 2496 Fuit
3163 2440 3366 2503 Adam,
3402 2444 3461 2495 et
3496 2439 3554 2493 in
3595 2437 3684 2493 illo
3716 2435 3810 2492 fui-

2204 2552 2330 2590 mus
2367 2551 2591 2590 omnes.
2633 2535 2804 2590 Periit
2843 2535 3046 2602 Adam,
3087 2539 3144 2589 et
3185 2534 3243 2588 in
3281 2533 3380 2589 illo
3420 2549 3616 2589 omnes
3657 2529 3812 2602 perie-

2202 2634 2338 2684 runt
2371 2630 2478 2698 (Cf.
2522 2632 2761 2699 August.
2803 2627 2901 2684 lib.
2947 2645 2962 2681 ι
3001 2632 3143 2682 cont.
3186 2628 3296 2683 Jul.
3345 2627 3551 2697 Pelag.,
3592 2642 3711 2696 cap.
3746 2624 3810 2694 3).

2201 2725 2376 2777 Homo
2406 2722 2580 2794 igitur
2617 2725 2676 2776 et
2713 2721 2774 2776 in
2810 2721 2906 2777 illo
2949 2721 3182 2777 homine
3219 2721 3319 2792 qui
3353 2719 3618 2792 perierat,
3649 2719 3810 2774 refor-

2202 2820 2414 2885 matur;
2473 2821 2530 2870 et
2589 2816 2680 2870 ille
2741 2815 2812 2870 ad
2867 2813 3304 2870 similitudinem
3372 2813 3472 2869 Dei
3536 2815 3707 2869 factus
3763 2814 3813 2866 et

2200 2910 2512 2981 imaginem
2543 2909 2732 2965 divina
2758 2909 3032 2979 patientia
3071 2912 3129 2964 et
3163 2907 3632 2980 magnanimitate
3663 2923 3810 2976 repa-

2199 3008 2373 3059 ratur.
2422 3003 2568 3069 Quid
2621 3006 2708 3058 est
2759 3019 2898 3075 ergo
2952 3019 2964 3056 :
3019 3023 3047 3050 ‹‹
3102 3002 3282 3073 Elegit
3334 3003 3483 3058 Deus
3537 3018 3661 3073 quae
3711 3015 3809 3054 non

2199 3103 2356 3166 sunt;
2404 3101 2468 3151 ut
2515 3113 2640 3168 quae
2690 3103 2840 3166 sunt,
2897 3095 3219 3151 destrueret
3269 3097 3306 3166 (l
3352 3099 3498 3159 Cor.,
3548 3112 3582 3161 ι,
3633 3094 3749 3160 28)?
3787 3114 3808 3139 ιν

2201 3191 2259 3245 Id
2295 3196 2399 3259 est,
2438 3191 2612 3262 elegit
2653 3191 2928 3262 populum
2970 3189 3232 3259 gentium
3277 3189 3380 3260 qui
3429 3206 3540 3244 non
3587 3194 3720 3255 erat,
3759 3194 3810 3240 ut

2199 3285 2517 3340 destrueret
2539 3285 2817 3355 populum
2842 3282 3194 3338 Iudaeorum.
3677 3267 3681 3270 i

2269 3381 2391 3433 235.
2441 3379 2635 3433 Potest
2689 3383 2746 3432 et
2792 3377 2862 3432 de
2913 3383 3118 3448 agente
3167 3377 3564 3449 paenitentiam
3619 3375 3810 3429 dictum

2198 3471 2402 3538 videri;
2431 3471 2567 3542 quia
2596 3488 2711 3526 non
2751 3470 3018 3540 moritur,
3048 3470 3156 3525 nisi
3195 3471 3293 3542 qui
3328 3468 3632 3542 aliquando
3665 3467 3806 3522 vixit.

2196 3566 2264 3619 Et
2298 3565 2426 3620 ideo
2469 3570 2666 3636 gentes
2700 3582 2814 3619 non
2857 3565 3200 3633 moriuntur,
3239 3565 3340 3620 sed
3381 3568 3623 3620 mortua
3663 3565 3807 3627 sunt;

2197 3659 2414 3714 etenim
2454 3659 2554 3730 qui
2591 3659 2651 3714 in
2694 3658 2984 3714 Christum
3031 3674 3147 3714 non
3186 3658 3451 3727 credidit,
3483 3670 3702 3728 semper
3736 3659 3811 3708 est

2195 3756 2477 3808 mortuus.
2516 3754 2584 3806 Et
2624 3757 2825 3824 gentes
2867 3752 3099 3825 quidem
3143 3769 3277 3807 cum
3322 3751 3684 3816 crediderint,
3722 3764 3810 3820 per

2197 3847 2441 3918 gratiam
2491 3845 2870 3914 viviﬁcantur;
2917 3846 3016 3918 qui
3064 3861 3196 3902 vero
3239 3847 3433 3918 lapsus
3484 3845 3674 3913 fuerit,
3720 3858 3810 3914 per

2194 3939 2592 4012 paenitentiam
2624 3939 2921 3996 reviviscit.

2266 4037 2389 4088 236.
2436 4032 2705 4106 Sequitur
2750 4034 2926 4101 locus,
2975 4037 3036 4088 ut
3077 4032 3442 4088 remittendis
3487 4037 3609 4104 post
3652 4029 3809 4104 patui-

2195 4129 2435 4183 tentiam
2469 4127 2775 4182 debeamus
2811 4127 3004 4182 favere
3041 4127 3321 4199 peccatis;
3355 4143 3426 4181 ne
3470 4127 3608 4182 dum
3646 4124 3806 4180 venite

543 2067 668 2118 231.
710 2064 884 2133 (Vers.
926 2065 1038 2134 22.)
1069 2066 1138 2118 Et
1175 2065 1342 2135 jubet
1381 2065 1626 2135 proferri
1666 2065 1886 2130 stolam,
1918 2083 2100 2119 annu-

470 2159 612 2224 lum,
642 2157 1046 2212 calceamenta.
1077 2158 1231 2213 Stola
1260 2158 1502 2212 amictus
1528 2164 1613 2214 est
1643 2158 1960 2229 sapientiae,
1988 2175 2102 2230 quo

471 2250 628 2306 nuda
673 2251 926 2322 corporis
968 2252 1207 2323 apostoli
1248 2257 1472 2323 tegunt,
1518 2269 1586 2307 eo
1631 2253 1781 2324 quod
1824 2269 1883 2306 se
1928 2268 2099 2307 unus-

471 2344 714 2415 quisque
744 2345 1066 2415 convolvat;
1096 2352 1151 2400 et
1179 2345 1304 2400 ideo
1333 2346 1536 2401 stolam
1564 2347 1870 2418 accipiunt,
1901 2352 1962 2400 ut
1986 2362 2103 2400 cor-

470 2438 625 2509 poris
654 2437 1052 2495 inﬁrmitatem
1091 2439 1382 2511 sapientiae
1413 2440 1682 2512 spiritalis
1722 2441 1930 2495 virtute
1961 2456 2098 2494 con-

471 2532 734 2588 vestiant.
766 2535 845 2588 De
885 2533 1173 2604 Sapientia
1202 2533 1356 2588 enim
1396 2534 1611 2588 dictum
1649 2540 1768 2588 est:
1809 2555 1834 2582 «
1874 2533 2100 2588 Lavabit

472 2627 530 2682 in
568 2628 699 2682 vino
735 2627 942 2682 stolam
983 2643 1142 2681 suam
1180 2627 1358 2698 (Gem,
1388 2644 1529 2693 Lx1x,
1564 2631 1667 2697 Η).
1711 2649 1738 2676 ››
1779 2628 1928 2698 Ergo
1959 2627 2102 2682 stola

467 2721 764 2792 spirituale
810 2720 1216 2776 indumentum
1261 2726 1346 2776 est
1387 2727 1443 2776 et
1488 2721 1900 2776 vestimentum
1948 2737 2097 2792 nup-

471 2815 628 2870 tiale.
674 2816 936 2869 Annulus
984 2814 1122 2887 quid
1173 2820 1258 2870 est
1305 2815 1484 2884 aliud,
1533 2815 1638 2870 nisi
1691 2814 1924 2870 sincerae
1970 2815 2100 2870 ﬁdei

471 2909 852 2979 signaculum,
892 2913 951 2962 et
987 2909 1270 2980 expressio
1319 2909 1608 2964 veritatis?
1643 2907 2099 2963 Calceamentum

467 3008 662 3058 autem
711 3001 1000 3074 Evangelii
1049 3002 1382 3073 praedicatio
1430 3007 1545 3071 est;
1598 3008 1654 3056 et
1705 3003 1830 3058 ideo
1882 3003 2099 3074 accepit

465 3097 801 3168 sapientiam
842 3095 1106 3166 primam.
1142 3096 1238 3149 Est
1279 3095 1430 3150 enim
1471 3100 1530 3150 et
1563 3095 1717 3150 aliud
1758 3096 2096 3166 mysterium

465 3191 616 3262 quod
642 3189 841 3256 nescit,
869 3187 977 3242 nisi
1017 3188 1114 3258 qui
1154 3188 1370 3259 accepit
1397 3188 1683 3243 dictorum
1709 3205 1945 3242 suorum
1975 3191 2094 3243 fac-

463 3287 770 3354 torumque
815 3281 1190 3352 signaculum,
1234 3287 1291 3336 et
1329 3281 1624 3353 quoddam
1673 3282 2096 3338 munimentum

464 3377 576 3445 (44)
608 3375 778 3430 bona
809 3373 1138 3430 intentionis
1172 3380 1229 3430 et
1262 3391 1490 3444 cursus;
1519 3375 1724 3431 necubi
1751 3375 2000 3431 offendat
2026 3377 2098 3431 ad

466 3469 719 3541 lapidem
764 3467 972 3540 pedem
1020 3485 1208 3535 suum,
1257 3473 1314 3523 et
1354 3470 1750 3541 supplantatus
1795 3488 1829 3525 a
1869 3469 2096 3526 diabolo

466 3562 771 3618 Dominicae
808 3561 1230 3634 praedicationis
1263 3562 1514 3618 ofﬁcium
1553 3563 1927 3635 derelinquat.
1968 3565 2097 3619 Haec

463 3661 548 3712 est
582 3656 922 3728 praeparatio
951 3656 1243 3728 Evangelii
1274 3657 1402 3727 (45),
1433 3657 1502 3712 ad
1530 3657 1840 3714 caelestium
1867 3675 2096 3713 cursum

461 3749 717 3821 dirigens
751 3753 1131 3822 praeparatos;
1167 3753 1228 3804 ut
1268 3767 1381 3806 non
1413 3751 1471 3805 in
1501 3768 1672 3807 carne
1711 3751 2093 3821 ambulemus,

462 3843 565 3898 sed
589 3844 651 3898 in
681 3845 905 3915 spiritu.

538 3941 662 3994 232.
715 3939 887 4006 (Vers.
938 3943 1046 4009 23.)
1091 3938 1382 3994 Occiditur
1425 3943 1481 3994 et
1525 3938 1732 3994 vitulus
1781 3939 2092 4011 saginatus,

463 4039 525 4086 ut
570 4049 800 4087 carnem
851 4033 1074 4088 Domini
1115 4032 1394 4104 spirituali
1441 4032 1696 4105 opimam
1738 4033 1944 4089 virtute
1991 4051 2096 4106 per

462 4125 707 4196 gratiam
738 4126 1077 4181 sacramenti
1104 4126 1513 4198 mysteriorum
1550 4127 1832 4181 consortio
1859 4127 2092 4183 restitu-

459 4224 552 4274 tus
597 4220 882 4289 epuletur.
924 4221 1100 4274 Nemo
1145 4220 1299 4274 enim
1331 4219 1438 4274 nisi
1479 4221 1577 4291 qui
1617 4221 1873 4274 timuerit
1916 4223 2092 4277 Deum
2195 4221 2430 4276 alterius
2467 4220 2807 4288 invidemus,
2837 4219 2944 4292 ipsi
2983 4235 3111 4275 eam
3139 4237 3252 4275 non
3291 4237 3622 4276 mereamur
3648 4236 3679 4273 a
3707 4219 3804 4272 Do-

461 4312 628 4382 (quod
657 4318 735 4368 est
775 4315 994 4370 initium
1020 4315 1344 4385 sapientia),
1384 4313 1492 4368 nisi
1528 4313 1882 4385 signaculum
1923 4314 2090 4386 spiri-
2195 4315 2375 4370 mino.
2419 4315 2553 4379 Quis
2596 4313 2753 4369 enim
2801 4319 2864 4369 tu
2911 4331 2972 4369 es
3015 4313 3116 4386 qui
3163 4313 3405 4369 Domino
3453 4313 3803 4377 contradicas,

459 4405 611 4460 tuale
663 4405 916 4480 1467
973 4407 1060 4462 vel
1117 4405 1452 4462 custodierit
1498 4407 1588 4462 vel
1637 4407 1934 4479 receperit,
1986 4409 2091 4462 nisi
2192 4425 2265 4464 ne
2306 4408 2395 4463 cui
2435 4408 2590 4478 velit,
2619 4407 2845 4480 culpam
2885 4409 3127 4475 relaxet;
3164 4423 3292 4462 cum
3338 4410 3398 4462 tu
3431 4407 3522 4462 cui
3561 4404 3801 4470 volueris,

459 4499 768 4556 Dominum
797 4501 1214 4572 praedicaverit,
1237 4501 1600 4556 sacramentis
1627 4501 1797 4556 debet
1818 4502 2090 4559 interesse
2111 4504 2169 4577 D
2194 4501 2492 4574 ignoscas?
2536 4502 2664 4556 Vult
2704 4500 2918 4573 rogari,
2951 4502 3070 4555 vult
3111 4500 3417 4556 obsecrari.
3457 4501 3517 4557 Si
3561 4499 3799 4556 omnium

457 4594 794 4649 coelestibus.
830 4595 935 4660 Qui
976 4601 1170 4650 autem
1207 4595 1484 4650 annulum
1530 4595 1725 4665 habet,
1767 4600 1824 4650 et
1863 4598 2091 4652 Patrem
2184 4595 2426 4667 justitia,
2466 4595 2564 4650 ubi
2614 4595 2712 4650 Dei
2755 4594 2977 4666 gratia?
3016 4593 3153 4658 Quis
3199 4599 3258 4648 tu
3301 4611 3382 4662 es,
3431 4593 3530 4667 qui
3574 4592 3801 4648 invideas

456 4686 654 4757 habet,
699 4693 755 4742 et
795 4688 1017 4756 Filium,
1057 4694 1113 4744 et
1151 4689 1425 4759 Spiritum
1470 4697 1758 4757 sanctum;
1800 4690 1937 4761 quia
1973 4691 2087 4761 sig-
2193 4691 2351 4746 Deo?

456 4781 614 4836 navit
653 4797 760 4836 nos
803 4782 972 4849 Deus,
1021 4781 1181 4853 cujus
1227 4781 1418 4854 imago
1469 4783 1720 4838 Christus
1767 4803 1781 4838 :
1830 4787 1887 4839 et
1933 4783 2091 4840 dedit
2263 4787 2386 4839 237.
2438 4784 2609 4852 (Vers.
2649 4785 2740 4849 25,
2779 4780 2891 4853 27.)
2927 4783 2996 4836 Et
3039 4780 3168 4836 ideo
3211 4785 3442 4838 notatur
3486 4782 3575 4837 hic
3619 4780 3798 4842 frater,

457 4872 668 4945 pignus
721 4873 992 4946 Spiritum
1042 4874 1099 4929 in
1151 4875 1412 4930 cordibus
1457 4877 1688 4944 nostris,
1741 4884 1801 4931 ut
1849 4878 2091 4933 sciamus
2193 4895 2374 4950 usque
2429 4877 2572 4932 adeo
2623 4879 2685 4930 ut
2733 4875 2805 4930 de
2853 4875 2987 4930 villa
3030 4876 3224 4931 venire
3274 4875 3513 4942 dicatur,
3565 4875 3664 4930 hoc
3707 4873 3797 4934 est,

456 4967 562 5024 hoc
590 4968 788 5024 annuli
818 4968 981 5023 istius
1011 4969 1108 5040 qui
1141 4969 1200 5024 in
1243 4985 1418 5024 manu
1457 4970 1646 5038 datur,
1676 4988 1798 5026 esse
1825 4971 2087 5043 signacu-
2193 4971 2431 5028 terrenis
2479 4969 2745 5042 operibus
2803 4971 3130 5042 occupatus,
3180 4969 3452 5041 ignorans
3510 4985 3633 5040 qua:
3682 4971 3799 5020 sunt

2192 5108 2362 5158 ristias
2401 5118 2583 5158 sermo
2615 5107 2720 5166 est,
2747 5103 2816 5154 de
2855 5116 2968 5168 quo
3005 5103 3191 5155 dedita
3229 5115 3395 5168 opera
3441 5109 3798 5167 sepenumero

2191 5179 2429 5230 obscure
2469 5191 2536 5229 ac
2579 5176 2841 5240 perplexe
2893 5176 3080 5226 Patres
3131 5175 3351 5226 locutos
3404 5188 3567 5227 nemo
3619 5171 3794 5224 nescit.

2189 5249 2458 5314 Expende
2487 5249 2654 5299 etiam
2688 5259 2983 5298 numerum
3012 5251 3357 5312 sequentem.

2256 5322 2349 5385 (45)
2383 5321 2477 5372 Sic
2507 5321 2694 5384 plures
2720 5320 3074 5384 potioresque
3100 5332 3231 5369 mss.
3259 5324 3428 5384 atque
3453 5317 3578 5370 edlt.
3610 5315 3723 5366 Era.
3748 5315 3792 5361 et

2191 5392 2320 5444 Gill.
2363 5392 2420 5441 in
2459 5389 2726 5454 margine.
2758 5389 2869 5441 Alii
2911 5403 3044 5440 mss.
3088 5403 3154 5442 ac
3197 5390 3324 5441 edit.
3371 5401 3563 5441 omnes
3600 5388 3652 5438 in
3691 5396 3792 5435 cor-

2190 5476 2341 5527 pore,
2367 5462 2677 5526 prasdicatio
2704 5460 3002 5525 Evangelii.

2250 5535 2350 5598 (46)
2381 5533 2551 5584 Pauci
2577 5544 2708 5582 mss.
2739 5545 2804 5582 ac
2836 5531 2964 5583 Gill.
2991 5532 3048 5582 in
3079 5533 3344 5599 margine,
3377 5530 3628 5596 Epulante
3657 5529 3790 5599 patro

2190 5605 2464 5656 inducitur
2487 5603 2645 5668 ﬁlius.
2677 5602 2830 5654 Idem
2854 5605 2912 5654 in
2940 5616 3087 5668 corp.
3132 5598 3263 5656 cum
3306 5603 3534 5667 reliquis
3570 5611 3689 5650 mss.
3716 5598 3787 5644 etc

2192 5690 2302 5742 que
2331 5675 2593 5728 omnibus
2623 5675 2775 5736 edit.,
2803 5675 3118 5740 Epulantsm
3152 5681 3358 5738 patrem
3397 5672 3589 5724 inducit
3622 5668 3748 5731 ﬁlius
3775 5677 3791 5711 :

2191 5749 2301 5800 nisi
2334 5747 2487 5812 quod
2517 5747 2678 5800 Rom.
2705 5759 2900 5800 vocem
2923 5747 3064 5813 ﬁlius
3085 5747 3420 5801 amandavit.

519 5103 616 5167 (t3)
644 5104 726 5154 Ita
752 5117 883 5154 mss.
917 5107 1042 5154 octo
1073 5103 1297 5166 optimas
1326 5108 1491 5155 note.
1526 5105 1635 5155 Alli
1675 5119 1804 5157 vero
1844 5111 1900 5158 et
1937 5107 2088 5168 edit.,

455 5175 514 5224 in
537 5189 757 5226 occursu
783 5178 1073 5239 praesentia
1102 5175 1246 5238 (Era.
1289 5179 1342 5226 et
1381 5175 1508 5227 Gill.
1556 5177 1613 5226 in
1651 5178 1916 5240 margine,
1943 5191 2092 5242 pras-

452 5247 713 5310 scisntia),
743 5252 818 5298 est
845 5247 901 5296 in
927 5246 1198 5310 complexu
1227 5245 1520 5298 clementia.
1554 5247 1618 5296 Et
1656 5248 1818 5312 quasi
1858 5247 2092 5312 quodam

452 5318 624 5380 patrii
649 5319 852 5368 amoris
879 5318 1069 5383 aﬂ'octu
1093 5331 1264 5383 supra
1286 5317 1476 5368 collum
1501 5317 1660 5368 cadit.

517 5389 613 5449 (Η)
645 5388 852 5440 Omnes
881 5390 1012 5442 edit.
1042 5402 1174 5440 cum
1215 5394 1368 5455 parte
1396 5403 1549 5451 mss.,
1581 5390 1672 5440 Est
1711 5390 1852 5439 enim
1889 5395 1936 5439 et
1973 5389 2092 5439 alia

454 5473 571 5523 qua:
632 5461 939 5523 mysterium
993 5463 1182 5520 nescit,
1236 5475 1353 5526 quas
1411 5462 1611 5525 accepit
1667 5461 1986 5512 dictorum...
2043 5467 2091 5512 et

455 5530 725 5594 quoddam
750 5539 1165 5593 monumentum,
1193 5537 1299 5585 etc.
1333 5533 1444 5584 Alii
1470 5547 1602 5585 mss.
1630 5533 1688 5584 in
1712 5533 1916 5598 quibus
1941 5533 2092 5583 anti-

454 5602 711 5670 quissimi
753 5605 902 5664 sunt,
949 5605 1128 5669 magis
1172 5606 1312 5657 scite
1351 5606 1653 5670 praferunt
1699 5609 1760 5656 ut
1803 5606 1860 5656 in
1915 5608 2087 5656 textu.

455 5669 580 5740 Etsi
609 5683 738 5721 vero
762 5685 827 5722 ea
856 5673 1020 5725 lectio
1042 5688 1271 5728 sensum
1300 5669 1414 5728 non
1440 5679 1720 5728 contineat
1743 5677 1876 5728 satis
1915 5690 2090 5740 expe-

457 5739 656 5799 ditum,
686 5741 903 5792 nullum
932 5749 1116 5797 tamen
1145 5749 1202 5797 in
1230 5748 1339 5799 hoc
1363 5749 1617 5800 videmus
1641 5749 1829 5800 locum
1858 5739 2092 5798 admira-

457 5809 626 5868 tionis
650 5823 664 5872 ;
689 5809 782 5860 hic
811 5812 958 5864 enim
983 5814 1153 5867 dubio
1182 5819 1379 5882 procul
1408 5819 1476 5870 de
1497 5825 1844 5873 sacramento
1872 5819 2090 5872 Eucha-
