4022 6176
295 269 420 323 1853

288 394 524 465 Spiritus
575 395 676 449 Dei
729 413 739 450 :

287 488 510 544 hmdum
543 493 822 559 queiatur
868 491 1150 557 occisum;
1196 507 1309 545 non
1344 491 1500 545 enim
1545 508 1650 562 pro
1676 492 1907 560 invidia,

285 582 376 636 sed
400 598 505 652 pro
530 583 695 637 venia
725 583 774 655 1
792 582 982 656 468
1010 584 1211 638 mundi
1235 601 1416 656 agnus
1441 592 1526 640 est
1552 585 1904 640 immolatus.

284 676 504 730 Invidus
547 677 776 731 hmdum
820 679 1026 750 quaerit
1065 695 1076 731 :
1125 679 1396 733 innocens
1439 695 1651 749 agnum
1697 696 1802 751 pro
1851 695 1908 734 se

285 769 557 824 desiderat
582 770 882 826 immolari.
912 772 1048 826 Ideo
1077 775 1135 826 et
1163 773 1350 827 senior
1389 772 1631 841 dicitur;
1659 787 1726 828 eo
1755 773 1906 845 quod

282 864 386 918 cito
416 865 621 936 aliquis
658 881 760 936 per
792 864 1063 920 invidiam
1093 871 1475 921 consenescat.
1510 867 1644 920 Ideo
1672 869 1730 921 et
1767 868 1907 922 foris

281 960 416 1026 stat;
474 975 541 1012 eo
599 959 749 1030 quod
802 959 1201 1015 malevolentia
1253 977 1384 1014 eum
1443 960 1620 1014 animi
1681 961 1906 1016 liventis

280 1051 557 1106 excludat.
589 1053 721 1106 Ideo
757 1054 992 1108 chorum
1030 1060 1083 1108 et
1114 1055 1514 1125 symphoniam
1555 1055 1753 1109 audire
1789 1072 1906 1110 non

276 1149 482 1216 potest,
513 1147 621 1200 hoc
657 1151 760 1214 est,
791 1163 904 1202 non
941 1147 1037 1202 illa
1081 1149 1374 1202 theatralis
1411 1148 1695 1202 incentiva
1734 1149 1904 1204 luxu-

273 1239 392 1307 riae,
443 1257 550 1295 nec
599 1241 911 1295 aulicorum
957 1245 1263 1297 concentus
1312 1259 1586 1297 sonorum
1635 1243 1762 1311 (47),
1807 1243 1906 1298 sed

272 1334 454 1404 plebis
497 1334 862 1389 concordiam
909 1335 1279 1403 concinentis,
1325 1352 1452 1406 quae
1498 1335 1568 1389 de
1614 1341 1905 1405 peccatore

271 1435 499 1482 servato
529 1429 749 1484 dulcem
781 1429 1019 1483 resultet
1047 1430 1259 1483 laetitiae
1296 1429 1651 1484 suavitatem.

338 1524 470 1577 238.
499 1523 784 1578 Constitue
817 1523 958 1578 mihi
989 1523 1240 1593 aliquem
1271 1539 1341 1576 ex
1379 1523 1467 1577 his
1506 1523 1604 1594 qui
1634 1523 1738 1577 sibi
1763 1525 1905 1594 justi

267 1617 562 1681 videntur,
599 1617 698 1687 qui
738 1617 960 1671 trabem
1005 1617 1063 1670 in
1102 1618 1265 1670 oculo
1308 1633 1410 1671 suo
1454 1633 1568 1671 non
1600 1617 1814 1684 vident,
1848 1621 1906 1671 et

267 1710 442 1764 alieni
489 1711 761 1764 festucam
801 1710 922 1764 vitii
960 1710 1110 1765 ferre
1156 1726 1272 1764 non
1317 1715 1568 1780 possunt.
1609 1711 1904 1774 Quomodo

266 1805 620 1874 indignatur,
651 1804 878 1875 quando
919 1803 1087 1858 alicui
1127 1808 1421 1874 peccatum
1454 1804 1672 1870 fatenti,
1717 1809 1775 1859 et
1809 1803 1904 1858 diu

267 1897 688 1968 indulgentiam
719 1898 1034 1968 deploranti
1057 1897 1224 1952 venia
1253 1898 1574 1952 relaxatur?
1603 1898 1903 1962 Quomodo

267 2007 438 2045 aures
491 1993 611 2061 ejus
655 1991 1054 2063 symphoniam
1111 1991 1302 2062 populi
1351 1991 1707 2062 spiritualem
1758 1992 1906 2046 ferre

268 2102 386 2140 non
440 2086 715 2156 possunt?
763 2087 888 2139 Haec
932 2089 1016 2139 est
1059 2085 1215 2138 enim
1257 2084 1628 2156 symphonia,
1673 2085 1903 2157 quando

265 2178 520 2234 concinit
549 2179 607 2233 in
644 2179 887 2233 Ecclesia
924 2178 1276 2232 diversorum
1316 2184 1545 2232 actuum
1586 2185 1759 2249 atque
1792 2179 1901 2232 vir-

264 2277 456 2327 tutum
503 2274 645 2342 (48),
689 2273 843 2327 velut
882 2272 1168 2326 variarum
1211 2272 1554 2327 chordarum
1598 2271 1904 2327 indiscreta

264 2367 594 2434 concordia,
624 2367 874 2438 psalmus
902 2366 1305 2437 respondetur,
1331 2382 1501 2420 amen
1524 2365 1748 2421 dicitur.
1776 2367 1902 2421 Haec

266 2466 351 2515 est
383 2461 728 2532 symphonia
757 2477 929 2532 quam
964 2459 1122 2513 scivit
1160 2467 1214 2513 et
1253 2461 1487 2528 Paulus;
1527 2464 1584 2514 et
1613 2460 1738 2513 ideo
1773 2460 1852 2514 ait
1884 2477 1896 2513 :

272 2556 569 2611 «Psallam
611 2554 833 2626 spiritu,
881 2553 1118 2624 psallam
1161 2556 1218 2606 et
1267 2558 1460 2607 mente
1511 2555 1549 2622 (1
1595 2554 1738 2615 Cor.,
1788 2570 1897 2620 xiv,

273 2652 373 2720 15).
427 2672 455 2698 ››
501 2650 629 2702 Haec
672 2647 743 2702 de
792 2646 1055 2717 parabola
1095 2647 1364 2718 praesenti
1411 2646 1736 2715 putavimus
1778 2662 1901 2702 esse

266 2742 586 2797 tractanda.

338 2840 461 2892 239.
517 2837 626 2890 Nec
679 2833 995 2889 invidemus
1047 2833 1092 2888 si
1144 2833 1270 2905 quis
1319 2832 1464 2888 duos
1517 2833 1716 2887 fratres
1765 2832 1900 2886 istos

266 2931 402 2985 velit
432 2930 647 2984 referre
676 2929 748 2983 ad
777 2929 1010 2999 p0pulos
1045 2927 1219 2996 duos;
1267 2930 1328 2981 ut
1375 2927 1448 2981 sit
1489 2926 1900 2982 adolescentior

265 3025 512 3096 populus
561 3039 626 3078 ex
677 3022 943 3093 gentibus
998 3025 1277 3092 tanquam
1333 3021 1538 3090 Israel,
1579 3020 1670 3076 cui
1717 3020 1899 3075 frater

261 3119 452 3188 major
506 3117 847 3172 beneﬁcium
901 3119 1155 3186 paternae
1206 3115 1618 3170 benedictionis
1673 3114 1894 3170 invidit.

264 3213 425 3276 Quod
453 3211 736 3266 faciebant
754 3210 954 3277 Judaei,
977 3226 1108 3264 cum
1137 3214 1520 3287 quererentur
1550 3208 1681 3279 quia
1706 3209 1894 3265 Chris-

263 3312 350 3361 tus
378 3323 509 3361 cum
541 3304 805 3376 gentibus
831 3304 1183 3375 epularetur;
1225 3305 1281 3357 et
1305 3302 1433 3357 ideo
1467 3301 1724 3369 haedum,
1759 3303 1896 3357 mali

262 3401 453 3456 odoris
481 3398 816 3453 sacriﬁcium
847 3397 1256 3468 requisierunt.
1285 3396 1514 3452 Judaeus
1543 3396 1774 3450 haedum
1799 3413 1892 3450 re-

262 3495 456 3566 quirit,
496 3492 844 3549 Christianus
888 3507 1140 3562 agnum;
1183 3495 1239 3545 et
1281 3491 1415 3544 ideo
1462 3489 1573 3544 illis
1622 3489 1896 3544 Barabbas

262 3589 516 3655 solvitur,
557 3587 722 3640 nobis
759 3602 943 3657 agnus
977 3584 1331 3638 immolatur.
1370 3583 1530 3638 Unde
1570 3583 1723 3654 apud
1768 3583 1895 3637 illos

262 3684 408 3737 fetor
431 3687 518 3736 est
543 3679 871 3747 criminum,
904 3679 1054 3749 apud
1085 3694 1188 3732 nos
1215 3677 1476 3732 remissio
1505 3680 1890 3748 peccatorum,

264 3776 441 3830 dulcis
467 3775 526 3828 in
553 3790 669 3844 spe,
697 3773 882 3827 suavis
917 3772 978 3826 in
1007 3772 1218 3826 fructu.
1260 3771 1366 3834 Qui
1397 3771 1628 3826 haedum
1666 3770 1890 3841 quazrit,

264 3873 547 3940 exspectat
584 3867 1025 3935 Antichristum;
1069 3865 1320 3922 Christus
1349 3865 1505 3920 enim
1539 3863 1672 3919 boni
1709 3864 1894 3919 odoris

262 3968 342 4018 est
366 3962 594 4017 victima
620 3962 861 4032 (Ephes,
889 3977 944 4023 v,
976 3959 1054 4030 2).

329 4059 452 4111 240.
511 4056 688 4120 Queri
741 4057 846 4124 (49)
903 4054 1079 4109 etiam
1131 4054 1191 4108 in
1242 4052 1409 4108 haedo
1454 4053 1704 4119 videtur,
1761 4053 1894 4123 quia

261 4151 435 4205 Judaei
467 4150 642 4204 ritum
668 4149 876 4204 veteris
901 4147 1160 4202 sacrificii
1195 4146 1567 4218 perdiderunt
1601 4162 1615 4198 :
1643 4146 1731 4200 vel
1761 4147 1893 4218 quia

267 4245 470 4298 nullius
522 4244 750 4314 sanguis
795 4243 883 4297 his
934 4242 1163 4313 profuit,
1210 4241 1357 4296 sicut
1405 4240 1612 4297 Christi
1659 4241 1892 4312 sanguis

265 4339 550 4404 Ecclesiae;
580 4355 707 4407 .non
755 4337 910 4392 enim
957 4336 1237 4391 redimere
1287 4352 1384 4390 eos
1433 4334 1660 4406 sanguis
1710 4336 1893 4406 potuit

267 4433 693 4502 prephetarum.
752 4429 1061 4501 lmpudens
1116 4435 1308 4484 autem
1361 4433 1418 4484 et
1474 4429 1679 4483 similis
1739 4429 1891 4483 illius

1390 270 1851 328 EXPOSITIONIS
1891 271 1960 328 ΙΝ
1999 271 2223 329 LUCAM
2262 272 2383 328 LIB.
2426 273 2538 328 Vll.

791 400 854 450 ut
906 396 1153 467 denique
1180 385 1502 468 nunquam
1557 413 1660 468 pro
1707 416 1766 452 se
1817 400 1908 454 vel
1934 399 2202 482 Alegem
2252 401 2514 456 servabat
2561 403 2620 456 in
2657 403 2879 458 litteris.
2923 405 3157 474 Impius,
3202 405 3299 475 qui
3347 401 3642 458 accusabat

3508 274 3644 329 1854

2010 496 2249 549 fratrem
2281 496 2432 566 quod
2464 512 2594 550 cum
2629 497 3026 550 meretricibus
3054 503 3349 566 paternam
3374 496 3636 551 substan-

2010 588 2150 644 tiam
2185 590 2558 661 prodegisset,
2599 606 2728 644 cum
2759 590 3023 645 debuerit
3047 591 3345 645 advertere
3373 590 3505 660 quia
3531 588 3635 642 sibi

2012 683 2229 738 dictum
2267 689 2353 738 est
2392 701 2404 737 :
2447 704 2474 731 ‹‹
2513 684 2834 740 Meretrices
2877 690 2932 740 et
2977 682 3263 756 publicani
3311 682 3638 753 praecedunt

2009 795 2106 833 vos
2131 779 2191 832 in
2219 794 2465 848 regnum
2493 777 2763 832 caelorum
2793 779 3037 847 (Matth.,
3070 793 3183 846 xxi,
3213 777 3322 844 31).
3357 797 3384 824 ››

2078 876 2203 928 241.
2239 873 2413 942 (Vers.
2442 873 2554 941 28.)
2581 871 2702 926 Stat
2731 875 2924 927 autem
2962 872 3116 939 foris,
3146 885 3249 926 nec
3287 868 3630 937 excluditur;

2008 967 2109 1021 sed
2159 983 2272 1020 non
2321 965 2659 1037 ingreditur,
2701 965 2974 1036 ignorans
3019 965 3369 1018 voluntatem
3419 962 3518 1017 Dei
3564 962 3634 1015 de

2007 1062 2293 1115 vocatione
2354 1059 2637 1130 gentium,
2697 1075 2886 1112 servus
2941 1060 3061 1128 jam
3119 1057 3298 1112 factus
3349 1072 3418 1110 ex
3475 1054 3627 1118 tilio;

2007 1171 2198 1209 servus
2243 1154 2400 1208 enim
2444 1153 2620 1207 nescit
2659 1152 2793 1223 quid
2836 1152 3102 1206 dominus
3136 1155 3268 1222 agat
3299 1151 3500 1220 (10cm,
3541 1163 3633 1212 xv,

2010 1250 2118 1318 15).
2165 1248 2271 1302 Ubi
2311 1247 2592 1318 cognovit,
2639 1246 2878 1313 invidet;
2934 1249 2992 1299 et
3033 1249 3335 1316 torquetur
3376 1241 3634 1298 Ecclesiae

2006 1342 2190 1410 bonis,
2225 1345 2282 1397 et
2307 1342 2446 1396 foris
2472 1344 2602 1396 stat.
2636 1340 2789 1395 Foris
2819 1340 2972 1394 enim
3000 1339 3169 1395 Israel
3201 1337 3361 1392 audit
3387 1337 3631 1391 chorum

2006 1440 2061 1491 et
2115 1435 2552 1507 symphoniam;
2612 1434 2712 1488 sed
2759 1433 3017 1487 irascitur
3064 1432 3202 1504 quia
3245 1431 3338 1485 hic
3381 1428 3634 1484 concinit

2007 1530 2186 1600 plebis
2242 1529 2454 1600 gratia,
2514 1532 2571 1582 et
2621 1543 2872 1582 consona
2928 1526 3128 1597 populi
3179 1523 3460 1595 jubilatio.
3519 1521 3632 1577 Sed

2009 1621 2264 1695 1469
2295 1622 2476 1676 bonus
2516 1624 2678 1692 pater
2717 1621 2890 1674 etiam
2921 1619 3072 1674 hunc
3107 1618 3318 1672 salvare
3347 1614 3630 1686 cupiebat,

2006 1717 2196 1771 dicens
2233 1733 2245 1771 :

1928 1781 1981 1851 Β
2081 1813 2253 1878 (Vers.
2290 1812 2398 1876 31.)
2426 1809 2550 1871 Fili,
2582 1812 2641 1862 tu
2669 1824 2872 1876 semper
2897 1822 3098 1861 mecum
3135 1807 3316 1871 fuisti.

2077 1906 2199 1959 242.
2246 1903 2344 1957 Vel
2388 1901 2544 1974 quasi
2585 1901 2812 1956 ludazus
2850 1901 2909 1954 in
2953 1901 3097 1970 lege,
3139 1898 3227 1952 vel
3261 1895 3419 1968 quasi
3443 1897 3630 1967 justus

2006 1999 2065 2052 in
2097 1997 2532 2064 communione;
2564 2000 2620 2049 et
2651 2012 2730 2061 es,
2761 1994 2808 2048 si
2835 1993 3064 2048 desinas
3091 1991 3368 2046 invidere.

2076 2092 2262 2162 (lbid.)
2287 2094 2357 2146 Et
2383 2091 2563 2145 omnia
2589 2105 2707 2142 mea
2737 2093 2834 2142 tua
2860 2093 3006 2142 sunt.

2075 2187 2197 2240 243.
2231 2185 2326 2239 Vel
2361 2184 2589 2239 Iudaeus
2627 2184 2986 2236 sacramenta
3018 2178 3225 2234 veteris
3258 2176 3628 2240 Testamenti,

2004 2279 2087 2334 vel
2117 2278 2430 2349 baptizatus
2457 2277 2631 2331 etiam
2659 2275 2788 2330 novi
2815 2273 3130 2346 possidens.

2077 2375 2230 2444 (Cap.
2256 2373 2388 2426 XVI.
2418 2402 2487 2411 —
2514 2373 2666 2424 Vers.
2700 2373 2805 2439 13.)
2834 2370 2996 2426 Nemo
3023 2381 3207 2422 servus
3233 2369 3404 2435 potest
3427 2364 3633 2418 duobus

2001 2468 2235 2522 dominis
2259 2467 2478 2520 servire.

2071 2562 2195 2616 244.
2227 2560 2372 2624 Quia
2402 2575 2516 2613 non
2555 2557 2691 2624 duo,
2721 2555 2823 2610 sed
2858 2573 3000 2610 unus
3041 2559 3126 2608 est
3160 2552 3451 2608 dominus.
3493 2551 3630 2604 Nam

2001 2654 2105 2709 etsi
2129 2659 2260 2708 sunt
2289 2653 2388 2724 qui
2430 2666 2775 2706 mammonae
2820 2649 3096 2716 serviant,
3141 2651 3335 2702 tamen
3380 2660 3494 2710 non
3537 2643 3630 2698 ille

2001 2747 2156 2802 novit
2198 2747 2388 2818 aliqua
2421 2746 2559 2816 jura
2602 2743 2954 2808 dominatus;
3001 2740 3099 2796 sed
3141 2740 3249 2812 ipsi
3285 2738 3393 2794 sibi
3416 2739 3622 2810 jugum

2001 2841 2286 2896 servitutis
2337 2840 2669 2910 imponunt;
2726 2853 2913 2908 neque
2963 2835 3116 2892 enim
3154 2835 3310 2906 justa
3356 2834 3625 2904 potestas,

1999 2936 2094 2991 sed
2123 2935 2337 3005 injusta
2365 2936 2449 2988 est
2475 2932 2714 2988 servitus
2741 2932 2871 3000 (50).
2903 2932 2970 2986 Et
2996 2929 3126 2984 ideo
3155 2928 3234 2982 ait
3259 2944 3272 2980 :

2069 3030 2245 3099 (Vers.
2278 3031 2354 3095 9:)
2384 3029 2561 3084 Facite
2584 3027 2734 3081 vobis
2771 3027 2965 3079 amicos
2993 3024 3058 3079 de
3084 3024 3270 3093 iniquo
3297 3034 3623 3075 mammona.

2068 3125 2193 3178 245.
2229 3123 2298 3177 Ut
2331 3120 2632 3192 largiendo
2675 3118 3043 3190 pauperibus,
3081 3116 3421 3187 angelorum
3462 3111 3627 3167 nobis

1999 3224 2452 3287 czeterorumque
2514 3217 2845 3268 sanctorum
2909 3211 3154 3282 gratiam
3209 3222 3624 3279 comparemus.

1995 3313 2107 3366 Nec
2159 3309 2597 3382 reprehenditur
2643 3307 2883 3372 villicus,
2931 3306 2986 3360 in
3035 3320 3148 3376 quo
3195 3301 3464 3357 discimus
3507 3317 3626 3355 non

1997 3405 2104 3476 ipsi
2133 3420 2254 3460 esse
2285 3403 2523 3469 domini,
2556 3401 2655 3456 sed
2688 3400 2879 3471 potius
2909 3399 3227 3453 alienarum
3254 3394 3424 3450 villici
3456 3395 3628 3449 facul-

1995 3505 2195 3554 tatum.
2236 3500 2305 3552 Et
2339 3498 2470 3553 ideo
2507 3497 2639 3551 licet
2677 3493 3012 3566 peccaverit,
3043 3497 3236 3547 tamen
3267 3491 3405 3561 quia
3435 3488 3539 3543 sibi
3566 3488 3625 3542 in

1993 3598 2289 3664 posterum
2328 3609 2398 3646 ex
2435 3588 2796 3660 indulgentia
2827 3585 3048 3642 domini
3091 3583 3353 3657 quaesivit
3392 3583 3622 3650 auxilia,

1993 3686 2354 3758 praedicatur.
2413 3683 2648 3738 Pulchre
2705 3685 2900 3736 autem
2965 3679 3231 3750 iniquum
3289 3691 3622 3732 mammona

1994 3781 2166 3846 dixit;
2232 3780 2370 3850 quia
2432 3776 2597 3831 variis
2662 3775 2992 3830 divitiarum
3057 3770 3336 3827 illecebris
3405 3775 3625 3824 nostros

1992 3873 2228 3929 avaritia
2273 3870 2531 3927 tentabat
2572 3869 2805 3924 affectus
2846 3866 2982 3936 (51),
3018 3868 3084 3920 ut
3127 3863 3368 3918 velimus
3409 3861 3622 3916 servire

1994 3967 2222 4023 divitiis.
2251 3965 2411 4022 Unde
2442 3965 2520 4018 ait
2552 3979 2566 4018 :

2066 4062 2242 4133 (Vers.
2284 4057 2393 4130 12.)
2431 4059 2494 4115 Si
2535 4060 2595 4112 in
2637 4058 2814 4112 alieno
2855 4055 3038 4125 ﬁdeles
3079 4068 3188 4108 non
3224 4052 3434 4119 fuistis,
3477 4050 3623 4119 quod

1996 4163 2234 4212 vestrum
2261 4160 2361 4216 est,
2393 4155 2516 4222 quis
2546 4152 2701 4206 dabit
2727 4150 2916 4204 vobis?

2064 4251 2188 4304 246.
2202 4247 2414 4302 Alienas
2427 4245 2590 4302 nobis
2602 4243 2814 4299 divitiae
2827 4245 2977 4309 sunt,
2991 4241 3127 4313 quia
3137 4243 3350 4313 praeter
3363 4238 3412 4312 1
3429 4237 3549 4310 47
3561 4237 3620 4311 Ο

1991 4349 2255 4398 naturam
2297 4347 2461 4406 sunt;
2504 4353 2693 4409 neque
2734 4337 3033 4392 nobiscum
3073 4339 3404 4400 nascuntur,
3433 4349 3620 4403 neque

1991 4437 2290 4492 nobiscum
2336 4436 2634 4489 transeunt
2679 4449 2692 4486 :
2742 4431 2999 4485 Christus
3041 4431 3237 4483 autem
3279 4429 3475 4482 noster
3513 4429 3620 4489 est,

264 4526 532 4580 Pharisaei
554 4523 916 4595 justificantis
943 4540 1001 4577 se
1037 4521 1331 4594 arroganti
1367 4538 1552 4592 prece,
1593 4521 1690 4592 qui
1721 4527 1888 4592 puta-
1909 4519 1969 4591 D
1993 4531 2127 4603 quia
2151 4531 2264 4584 vita
2292 4532 2377 4583 est
2402 4528 2530 4597 (52).
2563 4525 2817 4595 Denique
2843 4544 2871 4573 «
2897 4525 2956 4578 ln
2986 4538 3085 4576 sua
3111 4520 3343 4592 propria
3371 4519 3544 4585 venit,
3568 4524 3624 4572 et

265 4619 355 4673 bat
379 4619 531 4690 quod
560 4634 852 4689 nunquam
883 4616 1228 4688 praeterierit
1256 4617 1585 4670 mandatum
1612 4616 1731 4685 Dei,
1761 4617 1893 4687 quia

323 4772 418 4832 (47)
469 4768 627 4818 Rom.
686 4767 839 4828 edit.,
891 4765 986 4816 hoc
1037 4771 1129 4825 est,
1180 4778 1288 4814 non
1337 4765 1502 4827 plebis
1553 4765 1890 4815 concordiam

262 4840 596 4898 concinentis,
640 4852 756 4902 quae
800 4838 862 4888 de
896 4843 1170 4900 peccatore
1217 4836 1424 4887 salvato
1471 4835 1673 4885 dulcem
1718 4835 1890 4885 resul-

262 4917 322 4960 tet
372 4911 562 4960 laetitia:
611 4910 962 4969 suavitatem;
1008 4907 1098 4958 sed
1145 4907 1424 4958 theatralis
1472 4906 1574 4957 illa
1623 4907 1892 4956 incentiva

261 4981 506 5036 luxuria,
545 4980 624 5030 vel
656 4980 957 5030 aulicorum
1002 4983 1279 5028 concentus
1307 4990 1573 5028 sonorum.
1603 4978 1721 5028 Non
1756 4978 1889 5028 satis

260 5053 578 5112 commode;
617 5052 787 5114 hujus
828 5063 1072 5113 namque
1109 5050 1218 5099 loci
1253 5049 1400 5098 idem
1440 5062 1638 5098 sensus
1677 5054 1778 5111 est,
1823 5063 1888 5100 ac

258 5125 299 5172 si
327 5125 606 5188 legeretur
638 5139 648 5172 :
682 5124 802 5172 Non
847 5125 1029 5186 potest
1059 5121 1250 5170 audire
1280 5121 1513 5170 chorum
1545 5125 1597 5170 et
1621 5121 1886 5185 sympho-

257 5196 419 5254 niam,
476 5197 605 5258 quia
654 5194 860 5244 chorus
911 5197 965 5242 et
1019 5193 1351 5256 symphonia
1402 5206 1517 5242 non
1571 5192 1888 5255 signiﬁcant

257 5268 503 5317 fomitem
535 5270 703 5329 atque
741 5264 1026 5315 incentiva
1073 5264 1336 5323 luxuriae,
1384 5262 1482 5313 sed
1527 5263 1887 5314 concordiam

255 5340 447 5402 plebis,
476 5345 584 5388 etc.
619 5339 785 5388 Porro
813 5350 910 5401 per
935 5348 1102 5386 voces
1141 5334 1442 5385 aulicorum
1479 5349 1749 5393 sonorum,
1773 5348 1885 5384 non

254 5410 510 5461 videntur
563 5407 911 5472 intelligendi
960 5407 1102 5465 soni,
1144 5407 1239 5470 qui
1288 5405 1432 5456 ﬁunt
1474 5407 1529 5456 in
1579 5408 1738 5466 aulis,
1777 5407 1888 5456 hoc

253 5487 351 5538 est,
403 5483 458 5531 in
504 5494 700 5544 regum
734 5479 984 5543 palatiis;
1020 5477 1118 5528 sed
1156 5478 1343 5541 potius
1381 5479 1456 5527 ita
1501 5477 1610 5528 dici
1651 5478 1748 5526 ἀπὸ
1791 5479 1885 5526 τῶν

252 5552 423 5611 αὐλῶν,
449 5566 481 5602 a
505 5552 660 5602 tibiis
685 5564 785 5602 seu
811 5549 1034 5600 ﬁstulis.

311 5627 406 5684 (l8)
445 5626 525 5674 Ita
565 5637 696 5674 mss.
749 5626 962 5688 septem
1004 5621 1334 5687 probatioris
1383 5623 1551 5671 notae.
1597 5621 1707 5670 Alii
1753 5635 1884 5673 vero

254 5699 304 5744 et
369 5696 538 5757 edit.,
607 5696 945 5746 diversarum
1019 5699 1230 5745 aetatum
1308 5699 1472 5756 atque
1541 5693 1800 5742 virtutum
1867 5709 1883 5742 .-

256 5773 550 5832 utrumque
599 5781 712 5818 non
763 5767 930 5817 male.
972 5768 1047 5817 At
1097 5765 1506 5816 observandum
1557 5764 1735 5814 obiter
1771 5779 1883 5815 non

255 5841 411 5902 pauci
456 5840 549 5891 hic
588 5838 701 5890 dici
745 5838 815 5890 ab
850 5838 1165 5903 Ambrosio,
1210 5836 1414 5902 quibus
1449 5835 1883 5888 Novatianorum

1992 4625 2079 4679 sui
2108 4639 2240 4679 eum
2270 4638 2387 4676 non
2418 4623 2756 4689 receperunt
2783 4617 2984 4688 (Joan.,
3013 4631 3050 4684 1,
3088 4615 3194 4685 11).
3227 4633 3254 4668 ν
3283 4616 3430 4685 Ergo
3452 4627 3620 4668 nemo

1991 4772 2049 4821 in
2077 4773 2396 4835 peccatores
2439 4768 2830 4832 resipiscentes
2865 4765 3164 4817 crudelitas
3201 4764 3494 4829 perstringi
3534 4763 3622 4811 vi-

1991 4843 2303 4974 deagrbdss.
2333 4911 2546 4975 aliquot
2574 4923 2704 4960 cum
2733 4909 2866 4960 edit.
2893 4909 3023 4961 Gill.
3055 4910 3113 4958 in
3147 4921 3320 4970 marg.
3363 4918 3428 4954 ac
3461 4904 3618 4975 Rom.

1988 4985 2045 5034 in
2075 4988 2250 5044 textu,
2285 4983 2404 5044 Qua
2428 4973 2538 5032 ἦτε.
2583 4981 2808 5044 Reliqui
2849 4981 2980 5032 cod.
3029 4984 3198 5042 atque
3235 4975 3388 5036 edit.,
3429 4973 3622 5034 Quaeri,

1990 5055 2141 5120 quod
2183 5059 2471 5117 utcunque
2518 5052 2782 5114 explicari
2817 5054 3040 5114 'potest,
3085 5044 3624 5120 silsubintelligatur

1991 5116 2247 5181 Christus,
2278 5116 2404 5187 qum
2431 5138 2538 5174 vox
2566 5123 2817 5187 proxime
2857 5126 2986 5171 ante
3022 5118 3331 5170 exhibetur.
3362 5116 3621 5165 Attamen

1986 5198 2196 5248 rectius
2248 5195 2418 5246 scribi
2469 5199 2733 5259 putamus
2782 5193 2970 5255 Queri;
3018 5195 3079 5241 ut
3133 5188 3476 5254 signiﬁcetur
3526 5200 3621 5236 se-

1985 5269 2109 5318 nior
2149 5269 2302 5318 ﬁlius
2340 5268 2476 5317 dum
2521 5266 2670 5316 haedi
2712 5279 2825 5316 non
2869 5264 3037 5314 occisi
3080 5261 3422 5312 mentionem
3470 5259 3618 5319 facit,

1987 5341 2219 5405 mystice
2253 5340 2524 5404 quiritari,
2551 5337 2703 5402 quod
2733 5338 2873 5387 ritus
2915 5334 3116 5386 veteris
3150 5331 3406 5384 sacriﬁcii
3443 5329 3621 5396 perie-

1987 5413 2076 5472 rit,
2108 5416 2214 5462 etc.

2050 5471 2147 5544 (50)
2203 5482 2352 5534 Edit.
2413 5481 2671 5545 quadam
2729 5479 2924 5538 Paris,
2982 5477 3184 5541 injusta
3234 5477 3485 5540 potestas,
3533 5471 3623 5522 sed

1973 5557 2132 5618 juata
2161 5561 2231 5604 est
2255 5554 2501 5604 servitus.
2534 5553 2891 5616 Praepostere.

2047 5627 2146 5689 (5|)
2179 5626 2337 5676 Rom.
2371 5623 2524 5683 edit.,
2559 5635 2656 5672 nos
2676 5621 2922 5672 avaritiae
2950 5624 3113 5670 leniat
3139 5617 3370 5682 a/fectus.

2051 5687 2148 5759 (52)
2176 5697 2303 5749 Mss.
2338 5708 2449 5746 non
2492 5694 2675 5760 pauci,
2711 5705 2817 5746 nec
2854 5691 3130 5744 inferioris
3162 5692 3327 5752 nota,
3357 5688 3488 5754 quia
3529 5687 3622 5737 via

1986 5775 2080 5818 est.
