4022 6176
437 217 570 271 1855

1896 211 1952 264 8.
1993 207 2308 266 AMBROSII

3621 217 3729 271 1856

421 335 581 392 dabit
609 336 765 408 quod
805 339 1058 391 vestrum
1104 339 1219 404 est;
1253 336 1390 408 quia
1429 338 1677 390 vestrum
1711 350 1826 390 non
1871 333 2050 388 credi-
2078 347 2135 418 Α
2156 349 2274 388 non
2307 334 2424 388 est?
2455 331 2565 389 Sed
2595 335 2654 387 et
2687 335 2855 389 Pater
2890 332 3183 400 Dominus,
3215 331 3346 403 quia
3383 353 3408 381 ‹‹
3447 333 3612 390 Verbo
3638 338 3729 393 Do-

424 429 604 496 distis,
634 433 888 484 vestrum
919 446 1032 484 non
1066 429 1377 500 recepistis.

493 524 617 578 25:7.
662 521 841 593 Argui
888 522 1067 593 igitur
1106 522 1370 577 videntur
1416 520 1598 576 Judaei
1645 526 1703 575 et
1744 521 1958 576 fraudis
2002 526 2057 574 et

421 615 695 670 avaritiae.
741 617 810 672 Et
847 615 975 670 ideo
1028 615 1126 686 qui
1175 616 1234 670 in
1279 615 1638 670 facultatibus
1691 615 1887 669 fideles
1940 630 2056 668 non

423 709 687 776 fuerunt,
753 725 893 780 quas
947 726 1077 764 cum
1133 710 1348 764 alienas
1405 709 1617 763 scirent
1675 708 2057 777 (communem

428 802 582 857 enim
642 803 711 857 ad
765 819 928 857 usum
979 803 1194 858 fructus
1242 806 1526 857 terrarum
1566 819 1597 856 a
1645 801 1891 856 Domino
1946 802 2058 856 Deo

426 896 589 952 datus
629 903 715 952 est
758 896 1068 967 omnibus),
1115 897 1440 951 debuerunt
1485 896 1680 967 utique
1718 895 2055 967 participare

423 989 770 1060 pauperibus
817 1008 830 1045 :
880 1007 988 1045 nec
1044 991 1330 1048 Christum
1387 990 1644 1060 accipere
1696 992 2057 1054 meruerunt,

422 1098 597 1154 quem
647 1085 942 1140 Zacchmus
990 1089 1053 1138 ut
1095 1084 1432 1155 acquireret,
1482 1082 1783 1138 dimidiam
1835 1088 2054 1152 partem

424 1174 707 1233 bonorum
733 1195 964 1232 suorum
996 1178 1200 1233 obtulit
1228 1178 1401 1248 (Luc.,
1431 1193 1545 1245 xxx,
1574 1179 1650 1246 8).

497 1272 622 1326 248.
677 1273 822 1343 Ergo
877 1287 990 1327 non
1041 1271 1355 1325 serviamus
1399 1270 1612 1339 alienis,
1662 1270 1795 1342 quia
1841 1270 2058 1324 nullum

431 1363 730 1420 dominum
773 1365 1050 1420 debemus
1095 1365 1238 1419 scire
1285 1364 1394 1418 nisi
1436 1365 1720 1420 Christum
1774 1382 1785 1418 :
1834 1385 1859 1412 ‹‹
1906 1365 2060 1419 Unus

429 1458 583 1514 enim
621 1460 766 1514 Deus
797 1460 979 1526 Pater,
1009 1475 1073 1512 ex
1111 1475 1224 1531 quo
1254 1459 1469 1527 omnia,
1503 1464 1560 1512 et
1590 1474 1692 1512 nos
1729 1458 1788 1512 in
1823 1458 1974 1529 ipso;
2005 1462 2062 1512 et

427 1567 578 1607 unus
613 1552 882 1608 Dominus
909 1554 1090 1618 Jesus,
1117 1569 1222 1624 per
1251 1568 1423 1623 quem
1457 1551 1648 1606 omnia
1687 1553 1727 1618 (Ι
1764 1551 1907 1614 Cor.,
1949 1568 2056 1618 vm,

2157 427 2299 481 mini
2343 427 2466 480 coeli
2511 427 2722 481 ﬁrmati
2768 431 2900 481 sunt
2944 426 3110 495 (Psal.
3143 441 3312 490 xxxu,
3341 425 3416 495 6);
3456 449 3480 476 »
3515 433 3567 481 et
3591 429 3737 486 Filius

2158 521 2303 574 Deus
2347 519 2535 591 «quia
2573 525 2657 575 est
2699 536 2873 591 super
2914 535 3115 574 omnes
3161 519 3308 572 Deus
3347 517 3648 575 benedictus
3689 523 3738 578 in

2157 613 2358 668 szecula
2392 615 2585 682 (Rom.,
2621 629 2691 679 1x,
2723 612 2796 682 5).
2833 635 2858 662 ››
2891 611 3190 677 Quomodo
3219 627 3354 681 ergo
3389 628 3545 668 nemo
3582 620 3741 684 potest

2159 707 2378 761 duobus
2406 706 2655 762 dominis
2681 705 2927 761 servire?
2958 707 3111 761 Unus
3138 705 3292 760 enim
3322 706 3593 774 Dominus,
3625 710 3743 780 quia

2159 817 2304 854 unus
2346 801 2530 866 Deus;
2577 800 2822 872 denique
2852 821 2880 849 ‹‹
2910 799 3211 854 Dominum
3249 799 3423 853 Deum
3453 805 3600 854 tuum
3629 802 3741 857 ado-

2157 894 2326 962 rabis,
2359 899 2415 948 et
2439 894 2516 948 illi
2540 894 2640 948 soli
2667 895 2877 949 servies
2911 893 3151 961 (Matth.,
3185 910 3257 959 Iv,
3291 895 3395 961 10).
3428 915 3451 941 n
3479 893 3627 949 Unde
3653 895 3747 949 cla-

2158 994 2244 1042 ret
2294 1004 2475 1042 unum
2528 987 2707 1042 Patris
2757 991 2815 1041 et
2865 987 2982 1042 Filii
3031 1003 3149 1042 esse
3199 986 3563 1041 dominatum.
3614 989 3747 1043 Unus

2159 1088 2351 1136 autem
2399 1087 2500 1148 est,
2549 1081 2592 1135 si
2642 1099 2754 1136 non
2799 1081 3117 1144 dividatur;
3166 1080 3262 1134 sed
3309 1083 3451 1134 totus
3491 1081 3546 1134 in
3588 1083 3749 1147 Patre,

2160 1181 2312 1231 totus
2356 1175 2414 1229 in
2460 1175 2596 1230 Filio
2644 1176 2734 1230 sit.
2778 1176 2969 1246 Itaque
3011 1175 3146 1246 quia
3186 1174 3353 1228 unius
3396 1173 3611 1228 deitatis
3655 1177 3748 1240 (53)

2159 1274 2331 1340 atque
2399 1268 2721 1323 dominatus
2789 1268 3096 1324 asserimus
3160 1267 3522 1334 Trinitatem,
3595 1283 3752 1322 unum

2160 1365 2354 1430 Deum,
2395 1368 2450 1416 et
2487 1378 2665 1416 unum
2707 1363 3008 1418 Dominum
3050 1361 3407 1416 confitemur.
3447 1361 3548 1425 Qui
3586 1365 3752 1415 autem

2161 1457 2333 1512 aliam
2371 1456 2568 1524 Patris,
2599 1455 2768 1511 aliam
2801 1456 2944 1522 Filii,
2976 1455 3141 1510 aliam
3183 1455 3423 1526 Spiritus
3459 1457 3758 1509 memorant

2161 1554 2517 1622 potestatem,
2569 1551 2757 1621 plures
2795 1551 2950 1615 deos,
2993 1554 3046 1604 et
3078 1549 3270 1620 plures
3298 1548 3550 1603 dominos
3585 1549 3636 1601 in
3668 1549 3754 1601 Ec-

429 1645 503 1716 6).
536 1669 563 1697 »
613 1646 760 1711 Quid
804 1662 964 1716 ergo,
1011 1621 1171 1702 Pater
1217 1621 1507 1712 Dominus,
1552 1651 1649 1699 aut
1695 1645 1864 1699 Filius
1915 1621 2392 1699 DeusBclesiam
2420 1644 2644 1716 gentilis
2671 1643 2806 1699 vitio
2833 1643 3041 1698 erroris
3070 1643 3364 1698 inducunt.

487 1812 584 1874 (53)
630 1812 755 1862 Mss.
799 1813 1010 1876 aliquot
1058 1813 1300 1876 probatas
1356 1828 1576 1874 manus,
1625 1814 1718 1877 qui
1759 1827 1922 1864 unam
1965 1827 2072 1864 esse
2103 1812 2338 1872 deitatis,
2375 1817 2481 1863 etc.

777 2008 1186 2015 “‘—

440 2007 662 2019 ..__—_..__
675 2009 764 2014 ----.-
777 2008 1738 2016 ————————————————————————--—-

1739 2008 2150 2017 Ἥ

2155 2009 2580 2016 “mm

1622 2209 1959 2303 LIBER
2045 2211 2588 2304 OCTAVUS.

504 2605 683 2675 (Vers.
718 2607 827 2676 l6.)
856 2611 964 2664 Lee:
987 2612 1040 2663 et
1061 2609 1338 2679 propheta
1362 2625 1529 2680 usque
1555 2611 1629 2665 ad
1651 2615 1928 2666 Joannem.

508 2730 554 2780 l.
586 2728 705 2781 Non
735 2729 868 2799 quia
905 2729 996 2783 lex
1039 2729 1246 2785 defecit
1312 2731 1409 2785 sed
1451 2731 1580 2802 quia
1629 2731 1827 2804 incipit
1875 2733 2058 2786 Evan-

435 2819 568 2890 gelii
605 2821 958 2892 pradicatio;
1004 2823 1271 2878 videntur
1308 2825 1464 2879 enim
1504 2826 1725 2880 minora
1765 2826 2059 2896 compleri,

433 2929 563 2968 cum
591 2915 814 2985 potiora
841 2917 1170 2971 succedunt.
1197 2919 1262 2970 Et
1284 2918 1417 2972 ideo
1438 2919 1555 2973 vim
1581 2919 1854 2973 faciamus
1882 2935 2061 2989 regno

435 3007 709 3062 caelorum
725 3027 740 3076 ;
769 3010 954 3064 omnis
977 3011 1129 3065 enim
1159 3011 1256 3081 qui
1282 3012 1395 3066 vim
1421 3012 1576 3078 facit,
1602 3013 1927 3067 vehementi
1954 3017 2063 3066 stu-

434 3101 528 3156 dio
551 3107 840 3173 properat,
864 3119 980 3156 non
1007 3104 1254 3172 torpenti
1273 3104 1535 3158 lentescit
1559 3105 1784 3160 atfectu.
1808 3107 1900 3160 Est
1924 3121 2061 3176 ergo
2083 3110 2137 3184 ρ

434 3194 567 3249 fidei
618 3196 888 3250 violentia
940 3195 1222 3266 religiosa,
1276 3197 1523 3268 segnitia
1573 3199 1894 3252 criminosa.
1950 3200 2064 3253 Lex

435 3289 612 3342 multa
643 3289 956 3342 secundum
982 3295 1246 3344 naturam
1275 3290 1472 3345 statuit
1513 3291 1655 3363 (54);
1693 3295 1758 3345 ut
1790 3293 2062 3346 naturali-

431 3382 537 3435 bus
566 3381 960 3453 indulgentior
987 3383 1284 3438 desideriis
1313 3386 1383 3439 ad
1405 3385 1640 3456 justitiae
1673 3385 1926 3440 studium
1959 3403 2065 3441 nos

435 3481 685 3544 vocaret;
734 3475 993 3531 Christus
1029 3482 1294 3532 naturam
1337 3478 1556 3546 incidit,
1601 3479 1736 3550 quia
1775 3480 2064 3534 naturales

433 3584 661 3641 quoque
699 3574 960 3640 amputat
996 3572 1338 3642 voluptates;
1372 3578 1428 3627 et
1465 3572 1592 3627 ideo
1633 3573 1746 3626 vim
1790 3575 2065 3628 faciamus

431 3667 670 3730 naturae,
721 3671 786 3718 ut
828 3682 940 3719 non
979 3666 1049 3720 ad
1081 3672 1310 3722 terrena
1354 3667 1675 3738 demergat,
1717 3668 1818 3723 sed
1866 3669 1936 3724 ad
1979 3687 2066 3723 su-

432 3774 610 3828 perna
637 3774 694 3814 se
722 3758 997 3830 subrigat.

503 3891 674 3962 (Vers.
734 3894 841 3964 18.)
895 3894 1078 3949 Omnis
1127 3897 1226 3964 qui
1266 3895 1495 3950 dimittit
1549 3911 1770 3951 umorem
1815 3911 1970 3952 suam
2016 3904 2065 3953 et

432 3985 584 4040 ducit
634 3987 894 4048 alterum,
942 3987 1271 4052 moechatur;
1316 3996 1366 4043 et
1407 3991 1504 4058 qui
1549 3989 1825 4045 dimissum
1867 4008 1900 4043 α
1946 3993 2063 4044 viro

434 4080 587 4134 ducit
615 4082 928 4135 moechatur.

499 4203 554 4254 2.
610 4199 771 4254 Prius
827 4201 1132 4256 dicendum
1189 4201 1441 4257 arbitror
1488 4204 1556 4258 de
1610 4205 1734 4274 lege
1789 4204 2061 4275 conjugii,

434 4297 494 4349 ut
556 4298 755 4364 postea
813 4295 882 4349 de
937 4295 1300 4366 prohibendo
1371 4296 1616 4352 divortio
1681 4297 2060 4369 disputemus.

430 4387 672 4453 Quidam
705 4388 860 4443 enim
901 4393 1108 4460 putant
1135 4405 1308 4445 omne
1344 4390 1676 4461 conjugium
1703 4409 1736 4446 a
1760 4392 1879 4446 Deo
1918 4409 2061 4460 esse,

427 4483 680 4537 maxime
732 4482 867 4554 quia
918 4483 1191 4554 scriptum
1243 4488 1329 4539 est
1383 4502 1394 4536 :

423 4575 637 4646 junxit,
667 4576 844 4631 homo
873 4594 988 4632 non
1017 4584 1242 4648 separet
1265 4577 1510 4647 (Matth.,
1541 4595 1654 4644 χιι,
1685 4580 1758 4649 6).
1790 4597 1817 4630 ››
1844 4580 1992 4650 Ergo
2021 4579 2063 4633 si

431 4685 603 4724 omne
633 4670 964 4740 conjugium
991 4673 1164 4725 aDeo
1206 4674 1314 4740 est,
1357 4688 1530 4726 omne
1572 4671 1903 4743 conjugium
1948 4688 2066 4728 non

427 4762 560 4817 licet
590 4761 748 4817 solvi.
791 4764 860 4817 Et
897 4764 1189 4835 quomodo
1225 4766 1522 4836 Apostolus
1553 4765 1697 4820 dixit
1725 4782 1738 4819 :
1773 4787 1800 4815 ‹‹
1829 4766 1992 4830 Quod
2019 4767 2066 4820 si

429 4856 670 4912 inﬁdelis
696 4857 956 4923 discedit,
990 4857 1244 4913 discedat
1271 4859 1308 4927 (Ι
1334 4858 1478 4922 ϐοτη
1517 4877 1608 4928 vn,
1648 4858 1774 4931 15)?
1799 4882 1825 4908 ››
1864 4861 1923 4914 In
1949 4877 2063 4931 quo

427 4958 482 5007 et
514 4951 860 5006 mirabiliter
887 4951 1066 5005 noluit
1091 4951 1245 5022 apud
1273 4951 1617 5007 Christianos
1652 4970 1886 5008 causam
1923 4953 2060 5009 resi-

429 5045 563 5100 dere
612 5045 863 5115 divortii,
909 5051 965 5099 et
1012 5044 1264 5100 ostendit
1305 5062 1422 5100 non
1457 5063 1490 5100 a
1517 5047 1630 5101 Deo
1660 5064 1830 5102 omne
1859 5048 2059 5119 conju-

491 5214 587 5276 (54)
622 5215 836 5272 Statuit,
867 5213 1022 5266 deest
1061 5215 1119 5264 in
1155 5215 1376 5265 cunctis
1420 5215 1554 5266 edit.
1587 5217 1640 5266 et
1682 5215 2063 5280 compluribus

427 5299 582 5349 mss,
605 5287 704 5339 sed
730 5291 915 5338 tamen
943 5287 997 5337 in
1023 5291 1238 5352 septem
1264 5287 1550 5352 reperitur.

490 5359 583 5419 (55)
615 5360 744 5408 Mss.
773 5359 917 5410 bene
941 5359 1103 5410 multi
1141 5373 1206 5411 ac
1242 5359 1488 5424 probatas
1530 5361 1695 5418 notae,
1719 5359 1891 5421 patris
1927 5371 2060 5422 par-

425 5430 633 5479 tiuntur
667 5430 782 5493 ﬁlii.
829 5432 1028 5482 Melius
1067 5435 1255 5483 tamen
1296 5432 1390 5482 alii
1435 5443 1562 5482 cum
1604 5429 1866 5479 omnibus
1908 5429 2059 5490 edit.,

423 5504 605 5562 patres
631 5503 946 5564 partiuntur
975 5503 1137 5566 ﬁliis:
1171 5502 1323 5553 LXX
1356 5501 1507 5552 enim
1549 5503 1878 5552 constanter
1917 5512 2060 5563 pras-

425 5569 631 5629 ferunt,
673 5571 915 5634 μερίζουσι
955 5573 1151 5638 πατέρες
1195 5573 1354 5623 nutat.
1409 5570 1574 5635 Quod
1622 5573 1807 5622 autem
1849 5569 1906 5619 in
1953 5569 2060 5620 hoc

426 5639 550 5702 ipso
575 5638 699 5688 loco
723 5640 882 5691 Rom.
917 5642 1048 5692 edit.
1079 5645 1341 5708 reposuit,
1371 5647 1738 5708 praeparatur,
1764 5642 2060 5693 auctorita-

428 5714 540 5759 tem
575 5707 800 5770 quidem
838 5715 1026 5760 secuta
1073 5707 1157 5763 est
1195 5707 1382 5776 LXX,
1411 5713 1507 5764 ubi
1551 5715 1698 5764 sicut
1737 5717 1792 5764 et
1838 5713 1897 5763 in
1949 5715 2058 5763 vet.

424 5779 590 5833 Amb.
640 5778 768 5827 edit.
816 5784 1132 5832 constanter
1172 5783 1426 5847 habetur,
1473 5783 1724 5850 ἁρμόζεται
1761 5799 1774 5832 :
1817 5786 2058 5834 attamen

2165 2611 2354 2682 gium;
2389 2625 2574 2681 neque
2611 2610 2764 2664 enim
2803 2607 3139 2665 Christiana
3177 2605 3490 2678 gentilibus
3516 2601 3773 2674 Deijudi-

2163 2705 2250 2759 cio
2278 2704 2634 2775 copulantur,
2662 2719 2792 2757 cum
2818 2703 2910 2757 lex
2937 2701 3257 2775 prohibeat.

2233 2801 2284 2853 3.
2309 2797 2417 2853 Sed
2443 2797 2686 2852 occurrit
2705 2795 2846 2851 illud
2873 2795 3027 2868 quod
3057 2795 3138 2849 ait
3165 2794 3476 2850 Salomon:
3500 2816 3528 2843 «
3551 2793 3776 2847 Domum

2165 2899 2220 2946 et
2253 2890 2629 2946 substantiam
2659 2893 2848 2961 patres
2887 2889 3214 2960 partiuntur
3251 2888 3384 2942 ﬁliis
3417 2891 3522 2959 (55)
3561 2909 3570 2939 :
3611 2903 3640 2940 a
3679 2886 3778 2938 Deo

2163 2990 2355 3039 autem
2400 2985 2814 3056 praeparabitur
2861 2983 2982 3037 viro
3028 2999 3169 3036 uxor
3209 2981 3420 3052 (Prov.,
3468 2997 3576 3050 xxx,
3618 2981 3716 3048 14).
3754 2997 3776 3028 υ

2161 3079 2322 3142 Quod
2358 3077 2456 3148 qui
2497 3077 2556 3132 in
2604 3078 2794 3132 Grmco
2834 3077 2994 3147 legit,
3044 3092 3157 3129 non
3197 3078 3368 3146 putat
3405 3090 3526 3129 esse
3572 3078 3774 3127 contra-

2164 3171 2336 3226 rium.
2383 3171 2531 3225 Bene
2584 3170 2737 3224 enim
2783 3170 2921 3242 dixit
2959 3170 3186 3224 Gracus
3226 3177 3522 3241 ἀρμόσεται;
3564 3167 3776 3222 harmo-

2166 3265 2258 3318 nia
2284 3263 2437 3318 enim
2466 3263 2810 3318 conveniens
2837 3268 2894 3318 et
2917 3270 3049 3334 apta
3071 3279 3264 3318 rerum
3296 3262 3558 3317 omnium
3595 3258 3781 3314 dicitur

2164 3358 2472 3413 commissa
2498 3357 2800 3413 connexio.
2832 3356 3137 3412 Harmonia
3171 3362 3257 3411 est
3293 3373 3428 3412 cum
3465 3355 3664 3410 ﬁstulae
3700 3368 3778 3406 or-

2167 3453 2298 3523 gani
2339 3469 2443 3524 per
2485 3452 2749 3506 ordinem
2787 3452 3086 3523 copulatae,
3121 3451 3399 3522 legitima:
3431 3453 3627 3504 tenent
3667 3462 3778 3518 gra-

2167 3546 2302 3600 tiam
2351 3546 2680 3612 cantilenae,
2725 3545 3183 3615 chordarumque
3229 3549 3400 3616 aptus
3440 3546 3625 3598 servat
3661 3539 3784 3594 ordo

2165 3639 2547 3695 concordiam.
2581 3641 2774 3711 Itaque
2812 3655 2929 3693 non
2969 3637 3182 3693 habent
3229 3637 3600 3692 harmoniam
3637 3648 3783 3688 suam

2168 3734 2404 3804 nuptiae,
2455 3731 2703 3805 1471
2764 3733 2996 3804 quando
3043 3731 3358 3786 christiano
3402 3731 3525 3786 viro
3571 3727 3786 3800 gentilis

2165 3808 2528 3881 mulier-non
2572 3827 2829 3897 legitime
2870 3825 3184 3897 copulatur.
3233 3826 3385 3896 Ergo
3427 3823 3522 3878 ubi
3565 3819 3783 3892 nuptiae,

2165 3921 2501 3989 harmonia;
2535 3920 2630 3975 ubi
2653 3920 2966 3987 harmonia,
2998 3921 3140 3974 Deus
3169 3919 3388 3989 jungit.
3429 3918 3536 3973 Ubi
3571 3916 3784 3970 harmo-

2166 4015 2260 4068 nia
2284 4030 2398 4068 non
2423 4017 2528 4082 est,
2558 4030 2755 4085 pugna
2779 4016 2949 4084 atque
2975 4012 3248 4067 dissensio
3276 4018 3394 4080 est;
3423 4027 3552 4082 qua:
3581 4024 3690 4063 non
3716 4010 3788 4061 est

2167 4125 2197 4162 a
2225 4109 2358 4174 Deo,
2391 4108 2528 4179 quia
2559 4129 2585 4156 ‹‹
2617 4108 2758 4162 Deus
2779 4107 3019 4161 charitas
3049 4109 3133 4160 est
3160 4107 3202 4176 (Ι
3231 4109 3418 4168 Joun.,
3452 4121 3526 4171 ιν,
3561 4105 3635 4174 8).
3664 4124 3688 4150 η

2237 4204 2289 4256 4.
2320 4202 2440 4255 Noli
2471 4217 2609 4272 ergo
2647 4217 2880 4255 uxorem
2915 4199 3222 4267 dimittere,
3252 4216 3324 4255 ne
3355 4200 3541 4253 Deum
3567 4200 3677 4250 tuae
3702 4210 3784 4247 co-

2165 4297 2312 4368 pulae
2348 4295 2646 4351 diftitearis
2675 4299 2988 4350 auctorem.
3022 4292 3246 4348 Etenim
3278 4292 3327 4347 si
3353 4293 3597 4357 alienos,
3627 4288 3790 4343 multo

2164 4389 2353 4460 magis
2401 4389 2590 4443 uxoris
2634 4387 2804 4442 debes
2847 4387 3090 4442 tolerare
3140 4392 3197 4441 et
3237 4385 3551 4441 emendare
3595 4396 3785 4437 mores.

1451 4504 1478 4532 «
1534 4487 1671 4549 Quae
1724 4487 1870 4541 Deus
1916 4502 2056 4540 con-
2079 4477 2138 4549 D
2161 4482 2306 4538 Audi
2341 4482 2481 4554 quid
2510 4481 2717 4537 dixerit
2753 4481 3063 4535 Dominus:
3105 4501 3131 4530 ι(
3161 4480 3269 4544 Qui
3301 4479 3552 4535 dimittit
3596 4475 3786 4532 mulie-

2168 4594 2311 4646 rem,
2351 4576 2487 4632 facit
2526 4591 2658 4630 eam
2695 4575 2971 4630 moechari
3011 4576 3259 4645 (Matth.,
3291 4591 3344 4643 v,
3376 4574 3491 4644 32).
3524 4596 3551 4622 »
3581 4570 3790 4628 Etenim

2167 4672 2258 4726 cui
2284 4687 2398 4726 non
2426 4669 2574 4737 licet,
2611 4669 2836 4723 vivente
2875 4668 3015 4735 viro,
3049 4671 3270 4722 mutare
3309 4667 3672 4738 conjugium,
3701 4679 3787 4734 po-

2168 4768 2274 4820 test
2303 4765 2581 4836 obrepere
2607 4762 2786 4818 libido
2812 4761 3105 4834 peccandi.
3138 4763 3333 4834 Itaque
3367 4762 3467 4834 qui
3498 4765 3692 4815 auctor
3716 4771 3791 4808 er-

2165 4859 2326 4925 roris,
2355 4858 2529 4913 etiam
2555 4873 2686 4912 reus
2711 4855 2890 4926 culpae
2919 4861 3023 4911 est.
3052 4855 3212 4920 Quod
3243 4872 3375 4910 cum
3412 4853 3661 4926 parvulis
3687 4851 3790 4905 feta

2165 4952 2506 5008 dimittitur?
2531 4950 2688 5016 Quod
2718 4950 2986 5005 titubanti
3011 4949 3247 5020 vestigio
3270 4949 3588 5020 grandaeva
3618 4946 3791 5000 detru-

2166 5046 2356 5101 ditur?
2395 5047 2596 5109 Durus,
2645 5044 2689 5097 si
2738 5042 3001 5098 excludas
3045 5046 3369 5112 parentem,
3417 5043 3663 5113 pignora
3714 5042 3787 5090 te-

2162 5216 2275 5262 ant.
2302 5210 2433 5261 edit.
2471 5223 2537 5261 ac
2565 5223 2697 5260 mss.
2727 5210 2978 5260 omnium
3011 5209 3104 5260 hic
3134 5214 3187 5260 et
3211 5210 3356 5260 infra
3394 5207 3787 5261 exhibentium.

2157 5282 2577 5349 praeparabitur,
2613 5295 2919 5333 consensus
2948 5282 3096 5343 facit,
3129 5286 3193 5331 ut
3222 5281 3523 5332 credamus
3566 5276 3787 5329 Ambro-

2162 5356 2307 5405 sium
2355 5355 2551 5419 legisse
2584 5353 2862 5418 ἀρμὸσεται.
2890 5353 3108 5418 Quippe
3152 5353 3406 5404 insolens
3447 5366 3561 5403 non
3597 5353 3692 5409 est,
3734 5350 3788 5394 ut

2160 5428 2345 5477 futura
2397 5425 2578 5477 media
2636 5430 2930 5476 sumantur
2982 5426 3038 5475 in
3097 5426 3312 5490 passiva
3372 5422 3783 5488 signiﬁcatione.

2113 5531 2120 5539 -
2161 5499 2405 5550 Adverte
2453 5502 2636 5549 autem
2691 5511 2858 5562 quam
2915 5496 3302 5560 improbaverit
3357 5496 3569 5546 Doctor
3617 5492 3787 5542 noster

2161 5571 2362 5620 initum
2409 5571 2551 5621 inter
2593 5583 2860 5635 personas
2901 5568 3058 5619 cultu
3103 5567 3349 5633 dispares
3404 5564 3785 5635 conjugium“:

2163 5656 2272 5707 qua
2298 5641 2366 5693 de
2396 5656 2454 5693 re
2488 5628 2692 5692 vidésis
2725 5645 2913 5692 notam
2949 5641 3004 5690 in
3035 5628 3230 5704 psalm.
3264 5649 3471 5702 cxvm,
3512 5628 3673 5688 eorm.
3710 5628 3784 5686 20.

2161 5727 2316 5765 num.
2345 5715 2427 5777 48,
2453 5717 2509 5765 et
2537 5715 2594 5764 in
2621 5713 2785 5778 epist.
2807 5713 2881 5764 ad
2912 5711 3064 5777 Vigil.
