4022 6176
288 307 421 358 1857

1374 301 1833 356 EXPOSlTlONlS
1871 301 1939 355 IN
1979 300 2198 356 LUCAM
2242 302 2370 355 LIB.
2415 302 2548 356 Vlll.

3510 305 3644 358 1858

281 442 441 493 neas,
491 433 549 480 ul
601 426 670 480 ad
718 425 1122 480 contumeliam
1164 426 1477 488 charitatis.
1526 425 1703 480 addas
1744 425 1912 480 etiam
1937 438 1995 510 Α
2018 424 2152 480 dere
2180 426 2221 496 (l
2252 425 2394 488 Cora,
2428 441 2520 493 vn,
2567 425 2674 495 t0).
2705 447 2731 473 ››
2761 426 2829 479 Et
2865 425 3012 480 infra
3045 443 3056 480 :
3093 447 3118 473 «
3151 425 3399 493 Caeteris,
3430 425 3644 496 inquit,

280 519 508 591 pietatis
535 519 840 590 injuriam;
882 519 1078 586 durus,
1109 519 1156 572 si
1191 523 1428 590 propter
1462 525 1705 574 matrem
1744 519 1914 573 etiam

278 612 426 668 ﬁlios
463 613 629 667 simul
671 613 874 684 pellas;
920 629 1050 666 cum
1079 612 1266 684 magis
1293 612 1573 668 redimere
1602 630 1634 666 a
1661 615 1818 683 patre
1845 613 1911 666 li-

279 706 402 761 beri
440 705 687 761 debeant
720 707 942 777 culpam
981 706 1254 778 parentis.
1295 708 1475 770 Quam
1509 706 1909 777 periculosum,

281 800 326 854 si
371 800 641 871 fragilem
695 800 1125 855 adolescentulus
1181 806 1402 855 aetatem
1453 800 1634 854 errori
1683 799 1910 854 offeras!

279 893 462 956 Quam
495 892 766 964 impium,
806 893 851 946 si
887 893 1009 964 ejus
1039 893 1314 948 destituas
1353 896 1722 960 senectutem,
1755 893 1915 962 cujus

281 986 649 1041 deﬂoraveris
689 987 1082 1057 juventuteml
1119 988 1264 1058 Ergo
1303 986 1661 1041 inhonoratis
1707 986 1916 1056 stipen-

281 1078 388 1134 diis
429 1080 536 1149 (56)
582 1083 640 1132 et
678 1082 1017 1134 veteranum
1073 1080 1385 1150 imperator
1425 1079 1676 1134 dimittat
1721 1078 1912 1149 inglo-

281 1172 455 1239 rium,
504 1177 676 1244 atque
723 1173 958 1243 imperii
1001 1172 1086 1226 sui
1131 1172 1482 1243 possessione
1527 1171 1824 1236 detrudat;
1858 1175 1917 1226 et

281 1267 562 1320 rusticum
611 1267 820 1321 laboris
863 1266 952 1320 sui
1001 1265 1231 1320 effetum
1279 1282 1417 1336 agro
1468 1282 1568 1319 suo
1619 1265 1916 1336 propulset

281 1360 577 1430 agricola?
605 1362 692 1414 An
721 1358 876 1431 quod
907 1360 966 1413 in
997 1359 1250 1414 subditos
1278 1360 1437 1413 nefas
1469 1363 1570 1424 est,
1602 1360 1661 1412 in
1689 1375 1916 1430 compa-

283 1468 406 1508 rem
434 1453 521 1507 fas
547 1455 633 1507 est
657 1453 742 1523 (33
775 1459 973 1523 quast.
1005 1456 1058 1522 2,
1091 1469 1138 1507 c.
1172 1455 1262 1508 An
1291 1453 1500 1522 quod)?

353 1549 404 1600 5.
439 1546 682 1600 Dimittis
704 1562 841 1617 ergo
859 1562 1098 1600 uxorem
1127 1546 1287 1617 quasi
1308 1546 1460 1616 jure,
1494 1544 1618 1599 sine
1647 1545 1910 1610 crimine,

283 1643 340 1694 et
369 1643 536 1710 putas
562 1638 620 1692 id
651 1638 754 1692 tibi
783 1639 975 1708 licere,
1004 1639 1142 1710 quia
1167 1639 1255 1694 lex
1281 1639 1534 1693 humana
1568 1655 1686 1693 non
1715 1638 1912 1709 prohi-

285 1733 408 1800 bet;
439 1732 537 1787 sed
563 1732 754 1786 divina
775 1733 1055 1803 prohibet.
1079 1732 1186 1796 Qui
1211 1732 1540 1787 hominibus
1561 1731 1910 1802 obsequeris,

284 1826 466 1881 Deum
499 1841 718 1881 verere.
752 1825 894 1882 Audi
918 1826 1108 1896 legem
1130 1825 1376 1893 Domini,
1399 1826 1488 1879 cui
1523 1826 1915 1896 obsequuntur
1934 1803 1989 1874 Β

285 1919 459 1974 etiam
507 1920 603 1990 qui
650 1920 808 1991 leges
851 1921 1043 1974 ferunt
1094 1935 1106 1972 :
1159 1939 1183 1968 α
1223 1920 1357 1982 Quae
1405 1920 1552 1973 Deus
1595 1918 1910 1989 conjunxit,

284 2013 456 2067 homo
482 2029 599 2067 non
630 2019 858 2084 separet
890 2013 1126 2083 (Matth.,
1155 2029 1268 2080 xix,
1300 2014 1371 2081 6).
1406 2033 1434 2060 η

355 2110 406 2160 6.
458 2106 571 2160 Sed
616 2123 730 2160 non
776 2106 958 2160 solum
1003 2107 1091 2160 hic
1136 2106 1358 2161 cmleste
1399 2110 1770 2177 praeceptum,
1814 2106 1912 2160 sed

286 2198 574 2270 quoddam
603 2199 779 2253 etiam
829 2216 973 2270 opus
1008 2199 1103 2253 Dei
1145 2199 1398 2254 solvitur.
1436 2199 1748 2267 Paterisne,
1792 2216 1912 2267 oro,

283 2291 494 2347 liberos
520 2295 664 2360 tuos,
693 2293 912 2347 vivente
943 2302 1017 2359 te,
1052 2309 1174 2348 esse
1217 2293 1319 2347 sub
1357 2292 1588 2361 vitrico;
1628 2299 1728 2347 aut
1755 2294 1912 2347 inco-

283 2386 424 2440 lumi
449 2392 654 2456 matre,
678 2387 890 2456 degere
916 2385 1021 2439 sub
1051 2387 1328 2441 noverca?
1349 2388 1522 2454 Pone,
1543 2387 1589 2440 si
1616 2387 1913 2457 repudiata

285 2496 403 2534 non
435 2479 634 2534 nubat.
666 2481 732 2534 Et
771 2480 893 2534 haec
931 2479 1053 2534 viro
1094 2479 1199 2534 tibi
1241 2479 1438 2535 debuit
1474 2479 1791 2550 displicere,
1823 2480 1914 2534 cui

286 2573 544 2628 adultero
572 2573 741 2627 tidem
780 2573 1010 2627 servat?
1036 2574 1212 2639 Pone,
1247 2573 1291 2626 si
1329 2573 1519 2628 nubat.
1555 2573 1915 2628 Necessitatis

284 2667 436 2721 illius
476 2674 638 2722 tuum
677 2667 893 2721 crimen
934 2672 1047 2735 est;
1077 2672 1134 2721 et
1174 2666 1506 2737 conjugium
1537 2666 1693 2737 quod
1725 2669 1911 2736 putas,

282 2760 634 2815 adulterium
662 2766 766 2815 est.
800 2760 944 2824 Quid
976 2760 1132 2814 enim
1176 2760 1372 2825 refert,
1400 2765 1594 2814 utrum
1625 2760 1681 2813 id
1714 2763 1915 2830 aperta
1943 2754 1946 2756 ’

282 2853 542 2908 criminis
581 2853 952 2923 confessione,
991 2871 1062 2906 an
1112 2853 1305 2908 mariti
1348 2853 1532 2923 specie
1568 2854 1792 2907 adulter
1823 2853 1915 2907 ad—

284 2947 481 3002 mittas
525 2947 663 3017 (57);
706 2947 812 3002 nisi
854 2947 1004 3019 quod
1045 2947 1270 3018 gravius
1311 2953 1395 3000 est
1432 2947 1620 3017 legem
1661 2947 1916 3001 criminis

281 3041 505 3110 fecisse,
535 3058 711 3112 quam
739 3041 996 3096 furtum?

2016 533 2124 589 ego
2169 519 2314 586 dico,
2363 535 2476 573 non
2513 519 2830 574 Dominus:
2880 518 2923 572 si
2969 517 3094 590 quis
3138 519 3313 573 frater
3354 519 3644 574 inﬁdelem

2014 612 2186 667 habet
2205 629 2464 678 uxorem,
2495 617 2550 667 et
2577 612 2849 683 relinquit
2874 628 3002 666 eam
3028 611 3213 683 (Ibid.,
3252 616 3354 681 t2).
3385 636 3412 662 »
3442 614 3642 683 Itaque

2014 705 2111 759 ubi
2143 711 2228 760 est
2251 706 2438 777 impar
2465 706 2821 776 conjugium,
2852 705 2945 759 lex
2979 705 3075 760 Dei
3104 721 3218 759 non
3250 710 3353 759 est.
3385 706 3452 759 Et
3476 705 3635 758 addi-

2015 799 2098 852 dit
2140 816 2152 853 :
2199 819 2225 848 ‹‹
2269 799 2432 863 Quod
2474 800 2522 853 si
2569 799 2816 854 inﬁdelis
2856 799 3111 868 discedit,
3162 798 3414 853 discedat
3460 798 3645 865 (Ibid.,

2016 893 2123 963 15).
2156 914 2182 943 ››
2221 893 2400 948 Simul
2438 893 2592 949 idem
2626 893 2924 964 Apostolus
2964 893 3193 963 negavit
3231 893 3372 962 legis
3413 907 3532 946 esse
3565 890 3646 944 di-

2016 987 2178 1053 vinae,
2212 992 2274 1040 ut
2297 987 2632 1057 conjugium
2663 987 3058 1058 qualecunque
3083 987 3359 1051 solvatur;
3388 1001 3492 1039 nec
3522 986 3644 1056 ipse

2016 1080 2307 1151 praecepit,
2335 1097 2440 1134 nec
2473 1080 2631 1135 dedit
2651 1081 2938 1134 deserenti
2965 1080 3378 1146 auctoritatem,
3407 1079 3504 1134 sed
3531 1078 3646 1132 cul-

2014 1190 2148 1244 pam
2176 1174 2406 1228 abstulit
2434 1173 2702 1228 destituto
2729 1175 2859 1245 (58).
2891 1175 3018 1250 Haec
3049 1174 3358 1228 moraliter.

2084 1270 2135 1320 9.
2170 1267 2341 1336 (Vers.
2389 1269 2494 1333 t7.)
2523 1267 2732 1320 Tamen
2777 1266 2911 1337 quia
2955 1283 3124 1338 supra
3165 1265 3455 1336 proposuit
3510 1280 3638 1336 reg-

2014 1377 2150 1414 num
2201 1359 2295 1413 Dei
2348 1359 2759 1430 evangelizare,
2806 1363 2863 1413 et
2917 1375 3048 1414 cum
3100 1359 3330 1414 dixisset
3385 1359 3456 1413 de
3517 1359 3642 1430 lege

2014 1469 2194 1508 unum
2221 1453 2438 1523 apicem
2469 1469 2586 1507 non
2616 1469 2782 1523 posse
2813 1453 3036 1521 cadere,
3064 1452 3306 1523 subjecit
3337 1469 3349 1506 :
3390 1474 3417 1502 «
3446 1451 3643 1506 Omnis

2015 1547 2112 1616 qui
2149 1546 2388 1600 dimittit
2425 1561 2661 1601 uxorem
2694 1562 2876 1613 suam,
2907 1552 2965 1600 et
3002 1545 3160 1600 ducit
3198 1547 3463 1614 alteram,
3506 1560 3641 1600 mos-

2015 1640 2216 1694 chatur
2243 1640 2487 1710 (Matth.,
2518 1657 2630 1707 xIx,
2657 1642 2729 1710 9).
2763 1662 2790 1690 »
2826 1641 2998 1694 Recte
3039 1639 3311 1694 admonet
3340 1638 3642 1709 Apostolus

2015 1734 2206 1787 dicens
2235 1739 2656 1788 sacramentum
2690 1733 2794 1787 hoc
2837 1749 3115 1803 magnum
3155 1749 3276 1787 esse
3314 1731 3385 1786 de
3422 1732 3644 1788 Christo

2016 1830 2072 1881 et
2101 1826 2351 1882 Ecclesia
2374 1828 2606 1897 (Ephes.,
2629 1843 2683 1893 v,
2708 1827 2819 1896 32).
2846 1826 3070 1881 Invenis
3105 1826 3282 1896 igitur
3311 1824 3643 1896 conjugium

2013 1922 2163 1993 quod
2204 1937 2374 1975 nemo
2416 1920 2638 1975 dubitet
2679 1937 2712 1974 a
2758 1920 2874 1974 Deo
2915 1920 3304 1990 conjunctum,
3348 1934 3479 1972 cum
3523 1919 3645 1990 ipse

2015 2015 2203 2069 dicat:
2254 2035 2282 2065 «
2310 2015 2489 2068 Nemo
2528 2013 2683 2068 venit
2721 2013 2789 2067 ad
2834 2029 2946 2079 me,
2988 2012 3097 2066 nisi
3133 2015 3296 2066 Pater
3336 2028 3514 2080 meus,
3549 2009 3646 2082 qui

2017 2108 2168 2162 misit
2197 2125 2310 2174 me,
2341 2107 2634 2162 attraxerit
2661 2122 2793 2161 eum
2823 2109 3025 2172 (Joan.,
3054 2123 3128 2175 v1,
3151 2107 3272 2177 44);
3307 2127 3335 2155 »
3365 2105 3459 2159 ille
3487 2104 3646 2160 enim

2014 2204 2160 2256 solus
2194 2201 2380 2272 potuit
2410 2201 2513 2255 has
2557 2200 2782 2271 nuptias
2819 2201 3105 2271 copulare.
3139 2201 3208 2253 Et
3238 2199 3372 2254 ideo
3408 2199 3645 2271 mystice

2014 2297 2284 2350 Salomon
2331 2295 2472 2350 dixit
2515 2314 2526 2348 :
2582 2316 2610 2344 «
2639 2297 2683 2347 A
2723 2295 2836 2348 Deo
2885 2293 3310 2364 praeparabitur
3341 2293 3460 2347 viro
3506 2307 3648 2347 uxor

2013 2389 2216 2459 (Prom,
2259 2404 2368 2454 xix,
2407 2389 2509 2456 14).
2541 2410 2567 2437 ››
2601 2388 2695 2442 Vir
2728 2387 3005 2453 Christus,
3051 2403 3194 2441 uxor
3236 2386 3484 2441 Ecclesia
3525 2391 3644 2452 est;

2015 2482 2289 2536 charitate
2330 2497 2494 2547 uxor,
2524 2481 2855 2551 integritate
2898 2480 3084 2550 virgo.
3118 2481 3266 2550 Ergo
3297 2496 3470 2551 quem
3498 2481 3641 2534 Deus

2015 2575 2184 2630 traxit
2209 2575 2282 2629 ad
2312 2575 2538 2643 Filium,
2574 2591 2690 2629 non
2716 2579 2939 2645 separet
2964 2573 3304 2645 persecutio,
3340 2589 3453 2626 non
3481 2588 3641 2626 aver-

2013 2673 2093 2723 tat
2120 2669 2361 2733 luxuria,
2394 2685 2509 2722 non
2552 2668 2916 2738 philosophia
2956 2666 3344 2737 depraadetur,
3370 2681 3488 2720 non
3525 2666 3636 2720 Ma-

2017 2762 2268 2817 nichacus
2317 2762 2698 2830 contaminet,
2750 2778 2863 2815 non
2916 2761 3160 2815 Arianus
3216 2764 3464 2826 avertat,
3526 2775 3644 2815 non

2013 2856 2365 2912 Sabellianus
2393 2855 2628 2909 inﬁciat.
2666 2855 2812 2908 Deus
2831 2853 3047 2924 junxit,
3074 2853 3304 2908 Iudaeus
3337 2869 3451 2908 non
3477 2869 3642 2924 sepa-

2017 2956 2118 3004 ret.
2171 2949 2423 3004 Adulteri
2464 2951 2597 3002 sunt
2641 2964 2840 3002 omnes
2883 2947 2980 3019 qui
3023 2947 3354 3002 adulterare
3400 2946 3642 3017 cupiunt

2017 3043 2147 3099 ﬁdei
2173 3047 2229 3098 et
2255 3043 2551 3114 sapientiae
2585 3041 2906 3096 veritatem.

351 3139 407 3190 7.
439 3134 554 3191 Sed
585 3135 827 3190 fortasse
855 3134 994 3189 dicit
1021 3134 1230 3206 aliquis
1264 3151 1276 3188 :
1315 3155 1342 3182 «
1373 3134 1675 3198 Quomodo
1701 3135 1916 3205 Moyses
1937 3173 1991 3246 Ο
2091 3141 2173 3192 10.
2215 3157 2243 3189 α
2275 3136 2408 3200 Quis
2449 3136 2592 3190 liber
2627 3141 2729 3204 est,
2773 3135 2978 3206 inquit,
3016 3134 3123 3189 iste
3168 3134 3389 3205 repudii
3443 3134 3646 3188 matris

283 3229 580 3284 mandavit
609 3229 728 3283 dari
757 3228 968 3283 librum
993 3228 1239 3298 repudii,
1270 3232 1327 3282 et
1356 3227 1646 3282 dimittere
1679 3245 1914 3282 uxorem

283 3323 470 3394 (1bid.,
502 3327 568 3389 7;
595 3326 775 3384 Deut.,
817 3339 966 3391 xxw,
1002 3323 1092 3392 l)?
1124 3343 1152 3371 »
1194 3321 1301 3385 Qui
1344 3321 1452 3376 hoc
1492 3321 1647 3389 dicit,
1687 3321 1916 3376 Judaaus

281 3423 400 3484 est;
430 3416 529 3487 qui
558 3417 663 3470 hoc
694 3416 849 3483 dicit,
879 3415 1236 3471 Christianus
1265 3431 1382 3469 non
1410 3421 1510 3469 est.
1533 3416 1600 3469 Et
1624 3415 1754 3470 ideo
1781 3417 1916 3486 quia

279 3509 390 3564 hoc
418 3509 636 3580 objicit,
665 3510 816 3581 quod
845 3509 1136 3580 objectum
1163 3513 1246 3563 est
1275 3509 1537 3576 Domino,
1569 3509 1919 3580 respondeat

281 3605 332 3657 ei
386 3604 662 3659 Dominus
693 3621 706 3658 :
743 3625 769 3654 ι(
798 3603 880 3658 Ad
929 3602 1222 3669 duritiam,
1273 3602 1477 3673 inquit,
1522 3602 1705 3657 cordis
1749 3604 1918 3657 vestri

283 3697 548 3768 permisit
573 3697 732 3752 vobis
773 3697 988 3768 Moyses
1020 3695 1157 3752 dare
1201 3695 1411 3750 librum
1459 3697 1701 3767 repudii,
1731 3701 1788 3751 et
1829 3697 1915 3750 di-

285 3791 516 3846 mittere
543 3808 775 3856 uxores;
805 3791 875 3845 ab
901 3790 1062 3844 initio
1086 3793 1279 3845 autem
1303 3805 1419 3844 non
1441 3790 1549 3844 fuit
1570 3790 1649 3844 sic
1668 3789 1914 3861 (Matth.,

286 3900 396 3951 ιιι,
427 3887 504 3952 8).
547 3908 574 3932 ››
612 3885 825 3956 Moyses
864 3883 1147 3955 permisit,
1193 3884 1397 3955 inquit,
1449 3900 1563 3939 non
1610 3885 1760 3938 Deus
1794 3885 1914 3954 jus-

287 3978 389 4045 sit;
418 3977 490 4032 ab
519 3977 678 4032 initio
713 3981 906 4032 autem
951 3977 1052 4032 Dei
1091 3977 1182 4031 lex
1226 3980 1330 4032 est.
1362 3979 1497 4041 Quae
1541 3979 1626 4032 est
1654 3978 1745 4031 lex
1775 3977 1920 4031 Dei?

291 4093 317 4117 «ί
361 4071 665 4143 Relinquat
691 4073 864 4126 homo
887 4077 1114 4143 patrem
1144 4075 1201 4125 et
1230 4076 1494 4140 matrem,
1526 4078 1582 4125 et
1605 4070 1920 4126 adhaerebit

293 4166 453 4220 uxori
489 4182 628 4232 suae,
672 4171 730 4220 et
765 4169 934 4220 erunt
970 4165 1138 4220 ambo
1175 4167 1236 4220 in
1274 4181 1446 4220 carne
1492 4181 1604 4219 una
1647 4166 1822 4235 (Gen.,
1859 4181 1916 4230 ιι,

287 4260 398 4330 24).
426 4283 455 4311 ››
486 4261 632 4331 Ergo
659 4259 758 4330 qui
786 4259 1019 4315 dimittit
1039 4276 1299 4329 uxorem,
1328 4275 1559 4315 carnem
1586 4276 1750 4314 suam
1780 4259 1921 4314 scin-

291 4354 392 4419 dit,
425 4353 624 4409 dividit
660 4369 888 4425 corpus.

364 4445 629 4520 1472
659 4449 711 4501 8.
743 4447 1001 4502 Ostendit
1031 4451 1225 4502 autem
1255 4448 1347 4502 hic
1373 4449 1552 4516 locus,
1582 4464 1712 4519 qua;
1743 4463 1917 4518 prop-

2017 3237 2236 3298 vestrae,
2272 3247 2383 3301 quo
2420 3230 2611 3285 dimisi
2651 3245 2781 3283 eam
2822 3230 2973 3300 (Isa.,
3016 3245 3067 3295 L,
3113 3229 3200 3298 l)?
3231 3251 3259 3279 »
3293 3227 3507 3284 Audisti
3551 3243 3643 3282 re-

2017 3325 2276 3396 pudium,
2307 3325 2476 3379 crede
2513 3323 2872 3394 conjugium.
2906 3323 3129 3377 Audisti
3156 3322 3296 3394 quid
3320 3322 3646 3377 Judaaorum

2018 3419 2168 3490 plebi
2199 3420 2320 3490 ipse
2362 3418 2446 3471 vir
2471 3416 2617 3471 dicat
2647 3433 2660 3470 :
2693 3437 2722 3465 «
2753 3419 2888 3471 Ecce
2917 3418 2977 3470 in
3016 3415 3411 3487 iniquitatibus
3444 3414 3649 3470 vestris

2019 3512 2232 3566 venditi
2265 3512 2419 3578 estis,
2453 3517 2508 3565 et
2552 3511 2608 3564 in
2641 3510 2882 3580 peccatis
2930 3510 3125 3564 vestris
3166 3509 3354 3564 dimisi
3396 3513 3647 3564 matrem

2019 3611 2260 3660 vestram
2304 3605 2514 3674 (Ibid)
2551 3625 2579 3652 »
2622 3604 2777 3657 Mane
2825 3618 2963 3673 ergo
3013 3606 3073 3656 tu
3119 3603 3179 3656 in
3229 3603 3400 3656 domo
3447 3601 3645 3672 patris,

2018 3715 2186 3754 mane
2226 3714 2358 3754 cum
2402 3713 2630 3768 sponso,
2674 3697 2893 3750 enitere
2942 3703 3005 3750 ut
3048 3696 3269 3767 placeas
3312 3695 3454 3749 viro.
3498 3695 3650 3749 Mens

2021 3811 2148 3865 qua)
2183 3791 2475 3847 credidisti
2514 3793 2650 3856 Deo,
2691 3794 2812 3845 esto
2850 3789 3015 3844 fortis
3056 3789 3285 3854 mulier,
3334 3787 3520 3859 qualis
3554 3787 3650 3841 illa

2020 3889 2104 3942 vel
2153 3887 2348 3940 anima
2391 3883 2767 3939 ecclesiastica
2811 3883 2940 3953 (59),
2985 3883 3068 3937 vel
3115 3881 3381 3949 Ecclesia,
3419 3881 3487 3934 de
3536 3895 3648 3950 qua

2019 3981 2154 4036 dicit
2199 3980 2467 4035 Salomon
2518 3996 2530 4032 :
2579 3999 2606 4026 «
2647 3977 2933 4032 Mulierem
2975 3976 3184 4031 fortem
3229 3975 3355 4046 quis
3403 3973 3654 4028 inveniet

2022 4075 2226 4145 (Prov.,
2271 4089 2412 4142 xxxx,
2450 4071 2628 4141 10)?»
2671 4069 2975 4126 Pretiosior
3013 4072 3208 4124 autem
3249 4073 3333 4122 est
3367 4066 3656 4137 lapidibus

2021 4168 2302 4240 pretiosis,
2332 4184 2459 4239 quae
2483 4165 2614 4221 talis
2643 4170 2727 4220 est
2751 4182 2762 4217 :
2790 4163 3024 4218 conﬁdit
3044 4164 3103 4217 in
3126 4179 3190 4217 ea
3209 4163 3295 4217 vir
3314 4177 3447 4216 suus
3469 4161 3651 4231 (lbid.,

2024 4263 2131 4333 tl).
2165 4261 2470 4317 Videamus
2501 4260 2635 4330 quid
2667 4259 2790 4313 haec
2819 4258 2941 4312 viro
2971 4257 3142 4311 faciat
3167 4273 3289 4322 suo,
3318 4255 3469 4327 quod
3507 4269 3649 4326 opus

2023 4357 2165 4426 ejus,
2193 4355 2344 4427 quod
2375 4356 2445 4408 sit
2472 4353 2828 4425 obsequium,
2857 4368 2959 4406 cur
2990 4349 3242 4405 conﬁdat
3267 4350 3327 4404 in
3355 4366 3423 4404 ea
3460 4348 3648 4404 Chris-

2020 4455 2130 4503 tus.

285 4548 378 4597 ter
402 4541 766 4612 fragilitatem
793 4541 1106 4595 humanam
1149 4541 1356 4613 scripta
1398 4545 1550 4609 sunt,
1583 4557 1695 4595 non
1733 4558 1767 4595 a
1804 4542 1996 4614 DeoD
2097 4547 2178 4597 tt.
2207 4544 2364 4596 Bona
2396 4557 2536 4595 uxor
2574 4540 2760 4593 virum
2801 4553 2969 4592 suum
3010 4537 3188 4592 vestit.
3225 4536 3434 4590 Vestiat
3461 4536 3651 4589 Iesum

279 4635 513 4707 scripta.
561 4634 720 4689 Unde
765 4639 821 4689 et
870 4635 1172 4706 Apostolus
1218 4652 1230 4689 :
1281 4655 1307 4682 ‹‹
1357 4634 1663 4700 Denuntio,
1711 4635 1914 4705 inquit,

278 4745 400 4784 non
427 4745 560 4800 ego,
591 4727 693 4782 sed
731 4727 1022 4797 Dominus,
1073 4745 1309 4784 uxorem
1356 4745 1390 4783 a
1435 4728 1552 4783 viro
1583 4744 1697 4783 non
1731 4727 1915 4782 disce-

341 4861 439 4924 (56)
491 4860 699 4913 Omnes
749 4859 903 4922 edit.,
943 4874 1075 4910 cum
1118 4860 1298 4911 tribus
1339 4873 1491 4920 mss.,
1542 4859 1919 4910 inhonoratam

281 4931 572 4996 stipendiis.
626 4932 736 4980 Alii
779 4944 931 4992 mss.,
973 4932 1310 4982 inhonoratis
1344 4931 1636 4994 stipendiis.
1681 4931 1918 4996 Optime,

283 5005 328 5053 si
354 5016 495 5054 voce
527 5003 823 5064 stipendiis.
861 5016 960 5065 pro
997 5003 1159 5052 annis
1200 5004 1257 5052 in
1299 5003 1494 5052 militia
1545 5005 1782 5065 peractis
1817 5017 1922 5052 su-

283 5087 419 5136 mas,
467 5087 532 5125 ac
565 5073 954 5138 subintelligas
1003 5073 1238 5124 militem.
1281 5077 1351 5124 At
1389 5075 1583 5138 paucis
1621 5074 1923 5136 interjectis

284 5144 378 5195 ubi
410 5147 630 5196 cunctis
658 5157 790 5194 mss.
824 5151 876 5193 et
900 5143 1054 5205 edit.,
1092 5145 1248 5208 quasi
1269 5146 1409 5208 jure,
1443 5145 1558 5194 sine
1598 5146 1837 5207 crimine,
1868 5146 1922 5194 in

286 5216 461 5267 tribus
494 5216 744 5268 Gratiani
767 5215 1074 5277 codicibus,
1100 5221 1164 5265 ut
1203 5219 1471 5266 testantur
1508 5215 1759 5278 ejusdem
1793 5227 1924 5264 cor—

287 5294 542 5351 rectores,
567 5288 823 5348 habetur,
851 5301 1013 5352 quam
1036 5288 1136 5338 scis
1161 5289 1335 5337 vivere
1357 5289 1468 5336 sine
1497 5288 1732 5337 crimine.
1761 5286 1925 5348 Quod

288 5372 447 5421 porro
501 5361 571 5410 de
618 5359 740 5424 lege
785 5360 1030 5410 humana
1077 5359 1384 5409 divortium
1431 5372 1541 5408 non
1593 5358 1924 5424 prohibente

292 5429 509 5492 dicitur,
541 5431 808 5481 credibile
834 5437 918 5481 est
950 5435 1205 5481 sanctum
1241 5429 1525 5481 doctorem
1555 5432 1830 5494 respicere
1856 5429 1924 5478 ad

292 5500 467 5566 legem
494 5517 525 5551 a
566 5501 934 5553 Constantino
973 5502 1168 5566 Magno
1211 5502 1399 5563 latam,
1445 5514 1571 5566 quae
1611 5503 1926 5552 continetur

295 5571 387 5623 lib.
435 5588 492 5625 ιιι
528 5573 662 5625 Cod.
705 5573 940 5635 Theod,
976 5574 1059 5623 tit.
1097 5575 1175 5633 16,
1211 5573 1273 5623 de
1316 5573 1580 5638 Repudiis.
1618 5575 1737 5622 Hac
1773 5572 1923 5621 enim

296 5647 393 5692 etsi
421 5645 637 5710 repudii
665 5659 865 5696 causas
894 5659 1020 5710 quae
1051 5651 1212 5695 antea
1251 5646 1507 5709 plurimas
1544 5657 1610 5693 ac
1653 5657 1925 5693 nonnun-

298 5727 453 5778 quam
509 5717 807 5768 levissimm
861 5719 1109 5779 fuerant,
1160 5716 1229 5766 ad
1282 5719 1574 5780 pauciores
1623 5714 1922 5774 reduxerit,

299 5785 439 5836 illius
463 5793 651 5839 tamen
677 5802 841 5838 usum
877 5801 1231 5853 nequaquam
1275 5788 1432 5838 tollit.
1473 5786 1583 5837 Sed
1617 5785 1764 5836 hanc
1802 5797 1925 5836 esse

303 5857 522 5910 minoris
559 5859 689 5910 mali
730 5861 1094 5923 tolerantiam,
1135 5863 1194 5910 ut
1234 5860 1456 5925 gravius
1500 5859 1779 5922 vitaretur,
1813 5869 1925 5907 non

2021 4638 2163 4691 fides
2196 4642 2384 4690 nostra
2413 4649 2650 4704 corpore
2681 4648 2805 4699 suo,
2833 4630 3040 4685 vestiat
3067 4646 3299 4684 carnem
3329 4645 3490 4684 suam
3519 4628 3655 4683 divi-

2022 4731 2217 4785 nitatis
2262 4745 2378 4783 suae
2421 4726 2600 4798 gloria
2645 4743 2658 4779 :
2709 4725 2852 4780 sicut
2894 4729 2950 4779 et
2998 4724 3098 4778 illa
3140 4723 3272 4779 bina
3314 4724 3657 4779 vestimenta

2019 4862 2258 4913 obscure
2287 4860 2495 4910 indicat
2524 4857 2868 4909 Ambrosius.

2083 4935 2182 4992 (57)
2219 4931 2342 4981 Era.
2375 4945 2441 4982 ac
2469 4930 2595 4982 Gill.
2629 4931 2685 4980 in
2725 4943 2900 4994 corp.,
2940 4934 3118 4979 utrum
3154 4931 3404 4991 aperta...
3449 4926 3657 4975 adulte-

2020 5019 2141 5054 rum
2167 5003 2453 5063 admittas;
2479 5003 2535 5051 in
2579 5015 2746 5066 marg.
2778 5005 2962 5050 autem
3006 5014 3134 5051 cum
3180 4997 3401 5048 duobus
3439 5010 3570 5047 mss.
3606 4999 3662 5047 et

2025 5078 2184 5128 Rom.
2207 5075 2362 5134 edit.,
2392 5073 2716 5124 adulterium
2746 5073 3011 5123 admittas.
3049 5070 3268 5133 Reliqui
3299 5083 3430 5118 mss.
3461 5074 3522 5118 ut
3561 5081 3662 5118 nos

2024 5149 2080 5197 in
2121 5150 2308 5205 textu;
2336 5145 2478 5194 duos
2516 5149 2701 5194 tamen
2746 5145 3077 5207 excipimus,
3122 5141 3217 5190 ubi
3263 5140 3420 5203 lapsu
3464 5138 3664 5188 calami

2023 5218 2287 5280 scriptum
2332 5220 2496 5276 est...,
2524 5215 2824 5265 adulteram
2869 5214 3122 5268 dimittas,
3146 5215 3210 5260 ut
3248 5208 3394 5273 apud
3431 5207 3662 5280 Amerb.

2024 5279 2206 5338 errore
2249 5289 2416 5338 etiam
2462 5285 2877 5351 typographi...,
2911 5283 3163 5334 adultera
3197 5282 3449 5331 dimittas.
3496 5279 3664 5329 Vide-

2031 5366 2121 5410 tur
2145 5363 2333 5410 autem
2365 5361 2596 5408 maritus
2628 5358 2912 5407 dimittens
2936 5365 3172 5404 uxorem
3199 5365 3325 5416 quae
3362 5351 3519 5401 alteri
3561 5363 3663 5399 nu-

2026 5432 2124 5494 bit,
2188 5436 2477 5495 propterea
2527 5429 2744 5480 adulter
2797 5428 2925 5483 dici,
2975 5424 3123 5488 quod
3184 5425 3240 5472 in
3289 5436 3419 5472 eum
3473 5422 3664 5472 uxoris

2025 5503 2360 5553 adulterium
2386 5501 2546 5560 redit,
2573 5505 2635 5550 ut
2664 5499 2912 5563 proxime
2944 5501 3072 5545 ante
3100 5496 3412 5558 expositum
3439 5499 3543 5543 est.

2087 5576 2184 5634 (58)
2212 5574 2344 5624 Mss.
2372 5573 2585 5636 aliquot
2626 5571 2871 5633 antique
2910 5581 3130 5628 manus,
3166 5566 3384 5616 abstulit
3417 5565 3480 5615 de
3509 5565 3662 5615 insti-

2028 5651 2160 5696 tuto.

2087 5717 2184 5779 (59)
2221 5714 2308 5764 Vel
2345 5714 2529 5764 anima
2562 5711 2930 5771 ecclesiastica,
2960 5711 3152 5761 ultima
3191 5709 3362 5761 dictio
3404 5710 3458 5758 in
3506 5708 3658 5758 Rom.

2027 5785 2159 5837 edit.
2191 5786 2372 5836 fuerat
2399 5786 2703 5848 amputata.
