4022 6176
430 254 564 307 1859

1895 251 1948 304 S.
1992 251 2305 306 AMBROSII

3626 260 3738 312 1860

426 372 559 426 fecit
596 369 718 425 viro
753 386 854 425 suo
889 371 1076 442 (Ibid,
1110 373 1176 426 22
1205 373 1378 442 seq.);
1407 375 1470 427 ut
1510 374 1568 427 et
1606 371 1662 426 in
1699 373 1966 443 praesenti
1997 379 2055 428 et
2075 385 2135 457 Α
2156 374 2482 443 sustineret,
2516 374 2606 429 cui
2650 374 2791 430 odor
2819 375 2966 432 aeris
2994 374 3127 447 (60),
3159 378 3214 428 et
3253 374 3374 445 ipsa
3403 379 3541 431 esset
3565 381 3746 434 natura

425 466 484 520 in
526 465 719 520 futuro
759 464 966 519 saeculo
1007 465 1344 519 honoriﬁcet
1379 481 1533 520 eum.
1582 467 1705 520 Non
1747 466 2053 520 mediocris

427 559 548 612 haec
584 557 818 622 femina,
861 557 1021 628 cujus
1064 559 1176 612 tale
1218 559 1526 615 textrinum
1570 562 1683 628 est;
1724 574 1896 629 quam
1939 575 2054 612 non

426 651 624 706 mollia
661 651 812 706 lanae
860 651 950 704 fila
993 656 1341 721 carpentem,
1384 653 1478 706 sed
1526 652 1788 723 pretiosa:
1832 652 2057 706 virtutis

430 762 606 816 pensa
661 749 998 800 tractantem
1051 745 1138 799 vir
1186 744 1308 815 ejus
1355 746 1631 812 inveniat,
1678 762 1806 817 quae
1855 763 2055 800 manus

430 839 662 894 extollat
691 839 750 892 in
776 837 1054 904 noctibus,
1083 842 1141 892 et
1171 839 1241 893 ad
1270 839 1478 894 libram
1501 840 1713 910 dirigat
1737 855 1897 910 opus,
1932 856 2052 893 mo-

429 949 672 1003 rumque
699 948 933 986 suorum
969 933 1196 1002 pondus
1237 933 1543 1002 examinet,
1577 937 1871 1003 gestorum
1910 950 2054 1003 quo-

430 1043 541 1098 que
568 1025 792 1082 noverit
819 1042 1044 1080 servare
1069 1042 1420 1094 mensuram,
1450 1027 1680 1097 gloriosi
1711 1027 2056 1097 subtegmen

430 1119 635 1174 laboris
664 1119 944 1186 intexens,
979 1120 1222 1174 sollicita
1260 1120 1485 1191 quando
1526 1121 1611 1174 vir
1644 1120 1860 1187 redeat,
1892 1121 2058 1175 anxia

430 1218 602 1284 atque
633 1213 939 1282 suspirans,
973 1216 1033 1266 et
1052 1213 1176 1282 jam
1202 1229 1331 1267 cum
1361 1213 1478 1267 viro
1501 1211 1549 1284 1
1568 1213 1765 1286 473
1793 1230 1898 1268 suo
1930 1230 2055 1268 esse

430 1306 778 1374 desiderans,
820 1305 1009 1360 dicens
1054 1323 1065 1359 :
1111 1307 1290 1360 Moras
1328 1306 1463 1360 facit
1507 1307 1595 1360 vir
1634 1323 1800 1361 meus
1843 1307 2054 1374 venire,

432 1399 713 1453 festinabo
734 1398 852 1469 ipsa
881 1398 952 1452 ad
979 1415 1146 1465 eum;
1174 1415 1467 1454 occurram
1494 1401 1542 1455 ei
1570 1400 1712 1454 facie
1738 1400 1811 1454 ad
1829 1400 2054 1469 faciem,

431 1508 558 1546 cum
591 1491 776 1558 venire
812 1491 1045 1562 cmperit
1072 1493 1130 1546 in
1159 1493 1342 1562 gloria
1375 1509 1494 1547 sua.

505 1589 589 1640 12.
649 1585 808 1654 Veni,
869 1585 1103 1640 Domine
1155 1587 1308 1653 Jesu,
1362 1593 1426 1640 ut
1478 1586 1732 1640 invenias
1789 1601 2058 1656 sponsam

429 1686 607 1744 tuam,
650 1695 766 1734 non
811 1678 1282 1747 contaminatam,
1325 1696 1442 1734 non
1482 1680 1884 1745 adulteratam,
1932 1695 2057 1750 qum

432 1791 544 1829 non
573 1772 862 1827 violaverit
892 1772 1127 1826 domum
1156 1777 1331 1836 tuam,
1357 1790 1470 1828 non
1498 1773 1767 1827 mandata
1793 1773 2058 1844 neglexe-
2077 1750 2133 1822 Β

431 1870 520 1922 rit.
569 1867 720 1921 Dicat
758 1866 860 1920 tibi
896 1885 909 1920 :
941 1889 968 1914 ‹‹
998 1866 1193 1921 Inveni
1240 1883 1415 1937 quem
1459 1867 1654 1922 dilexit
1694 1867 1892 1921 anima
1933 1884 2058 1921 mea

429 1964 635 2026 tCant.,
668 1977 748 2028 Ill,
782 1961 870 2031 4);
902 1979 928 2012 ν
971 1959 1296 2015 introducat
1333 1967 1387 2015 te
1431 1960 1490 2014 in
1534 1961 1773 2015 domum
1813 1960 1928 2014 vini
1966 1961 2059 2029 (vi-

430 2072 569 2110 num
614 2054 765 2109 enim
809 2054 977 2122 (Psal.
1031 2069 1141 2118 cm,
1194 2054 1284 2124 15)
1322 2053 1569 2108 laetificat
1615 2070 1713 2107 cor
1760 2054 2054 2124 hominis),

428 2147 744 2203 inebrietur
767 2146 826 2202 in
851 2147 1076 2218 spiritu,
1107 2152 1383 2217 agnoscat
1405 2147 1766 2217 mysterium,
1788 2147 2059 2218 loquatur

428 2242 720 2296 oraculum
732 2282 744 2295 .

501 2337 676 2404 (Vers.
713 2336 818 2402 19.)
855 2336 1018 2390 Homo
1056 2341 1237 2388 autem
1277 2335 1505 2403 quidam
1541 2335 1688 2390 dives
1725 2336 2058 2390 induebatur

423 2444 751 2500 purpuram.

501 2526 585 2578 13.
654 2521 907 2576 Narratio
977 2521 1159 2592 magis
1223 2538 1399 2592 quam
1476 2522 1738 2592 parabole
1800 2521 2055 2588 videtur,

427 2616 654 2689 quando
679 2615 850 2670 etiam
877 2631 1089 2670 nomen
1116 2614 1477 2685 exprimitur.
1505 2617 1631 2670 Non
1661 2615 1836 2670 otiose
1865 2619 2055 2670 autem

427 2709 518 2766 hic
560 2708 796 2764 divitem
836 2708 1111 2766 Dominus
1150 2709 1514 2779 perfunctum
1560 2709 1779 2763 deliciis
1817 2709 2054 2764 seecula~

425 2804 601 2869 ribus,
633 2802 692 2856 in
720 2807 1012 2874 perpetuae
1044 2801 1215 2856 famis
1254 2801 1405 2873 apud
1444 2802 1660 2856 inferos
1687 2803 2058 2857 constitutum

426 2896 764 2968 signiﬁcavit
802 2911 1061 2951 aerumna
1103 2913 1116 2948 :
1168 2896 1256 2949 cui
1303 2912 1420 2950 non
1465 2894 1755 2950 immerito
1802 2895 2058 2966 quinque

427 2991 648 3056 fratres,
692 2990 752 3044 id
797 2995 901 3056 est,
951 2988 1208 3059 quinque
1258 3005 1458 3042 sensus
1512 2989 1766 3059 corporis
1817 2989 2058 3043 naturali

427 3084 677 3156 quadam
725 3082 1102 3153 germanitate
1153 3081 1420 3135 videntur
1468 3081 1638 3135 fuisse
1691 3083 1920 3149 sociati,
1961 3082 2132 3188 quiC

425 3175 750 3232 immodicis
798 3179 971 3244 atque
1028 3174 1345 3228 innumeris
1396 3175 1800 3245 cupiditatibus
1851 3180 2055 3230 (astua-

424 3271 565 3324 bant
619 3288 632 3323 :
693 3269 966 3322 Lazarum
1015 3283 1149 3322 vero
1203 3267 1264 3321 in
1319 3268 1559 3323 Abrahae
1620 3268 1841 3338 gremio
1895 3269 2058 3340 quasi

423 3364 489 3418 in
517 3361 772 3433 quodam
798 3361 924 3415 sinu
957 3360 1182 3431 quietis,
1217 3364 1273 3416 et
1311 3361 1617 3416 sanctitatis
1648 3377 1869 3416 recessu
1902 3363 2053 3418 loca—

427 3456 540 3522 vit;
568 3471 640 3512 ne
670 3455 840 3511 illecti
881 3454 1248 3525 praesentium
1289 3455 1598 3526 voluptate,
1636 3472 1967 3511 maneamus
1997 3457 2056 3511 in

427 3549 608 3616 vitiis,
657 3549 742 3604 vel
795 3547 967 3603 tmdio
1021 3548 1184 3616 victi,
1232 3548 1495 3604 laborum
1547 3549 1688 3604 dura
1741 3550 2054 3621 fugiamus.

427 3644 555 3700 Sive
611 3642 800 3713 itaque
851 3642 1095 3698 Lazarus
1134 3658 1350 3712 pauper
1405 3643 1463 3696 iu
1517 3645 1743 3712 saeculo,
1799 3645 1892 3699 sed
1944 3647 2056 3701 Deo

424 3738 610 3804 dives;
662 3736 776 3790 sive
824 3735 1172 3806 apostolicus
1218 3735 1424 3807 aliquis
1469 3753 1687 3808 pauper
1739 3737 1799 3792 in
1856 3739 2051 3806 verbo,

423 3831 678 3902 locuples
703 3830 760 3884 in
786 3830 898 3885 ﬁde
929 3831 1138 3901 (neque
1170 3830 1328 3884 enim
1360 3835 1554 3885 sancta
1592 3832 1777 3886 omnis
1803 3848 2051 3902 pauper—

425 3933 528 3994 tas,
561 3928 662 3981 aut
695 3924 904 3980 divitiae
933 3923 1283 3988 criminosas;
1327 3923 1419 3978 sed
1467 3929 1527 3978 ut
1562 3925 1787 3980 luxuria
1813 3926 2056 3981 infamat

426 4019 678 4086 divitias,
732 4018 810 4072 ita
859 4020 1262 4087 paupertatem
1318 4019 1691 4073 commendat
1741 4019 2051 4091 sanctitas),

425 4113 542 4166 sive
577 4127 716 4181 ergo
752 4111 1093 4181 apostolicus
1117 4112 1215 4181 qui
1243 4126 1438 4164 veram
1475 4114 1667 4167 teneat
1704 4113 1898 4181 ﬁdem,
1929 4130 2050 4168 ver-

419 4206 632 4260 borum
675 4204 900 4270 infulas,
952 4204 1151 4258 fucum
1206 4210 1699 4274 argumentorum,
1754 4206 2054 4262 ambitiosa

417 4297 842 4357 sententiarum
890 4298 1170 4352 velamina
1212 4314 1326 4352 non
1381 4298 1631 4369 requirat
1676 4317 1689 4354 :
1733 4301 2053 4357 feneratam

426 4391 756 4448 mercedem
823 4390 1058 4462 accipit,
1108 4390 1457 4462 impugnans
1525 4392 1814 4447 haereticos
1879 4395 2051 4450 Mani-

2154 467 2383 522 fastidio
2420 485 2434 522 :
2478 484 2804 539 quanquam
2855 469 3165 524 insolentia
3207 472 3264 522 et
3306 473 3488 523 tumor
3535 470 3746 526 divitum

2156 560 2376 615 indiciis
2402 562 2856 633 competentibus
2893 562 3262 634 exprimatur,
3292 561 3441 633 quod
3476 563 3547 617 ita
3583 565 3754 619 condi-

2154 655 2325 708 tionis
2354 655 2717 711 immemores
2748 657 3016 711 humanse
3039 656 3173 725 sint,
3205 658 3284 723 ut,
3315 658 3574 725 tanquam
3598 673 3752 728 supra

2155 754 2416 803 naturam
2446 749 2558 819 siti,
2598 750 2668 804 de
2705 750 2946 807 miseriis
2974 765 3294 821 pauperum
3330 749 3604 804 incentiva
3639 767 3751 806 sua-

2157 858 2285 896 rum
2329 842 2561 912 capiant
2607 843 2986 914 voluptatum,
3036 843 3263 898 rideant
3312 843 3555 913 inopem,
3599 844 3754 898 insul-

2158 938 2280 989 tent
2321 936 2536 1006 egenti,
2572 941 2627 992 et
2669 953 2918 1007 quorum
2957 936 3214 993 misereri
3251 937 3461 1004 deceat,
3493 937 3579 991 his
3616 937 3755 992 aufe-

2157 1034 2300 1083 rant.

2230 1126 2315 1177 15.
2350 1123 2665 1194 Utrumque
2711 1139 2850 1194 ergo
2889 1124 2988 1194 qui
3028 1124 3201 1192 volet,
3233 1127 3504 1193 tanquam
3539 1123 3759 1178 Lazarus

2156 1214 2402 1286 colligat.
2430 1216 2533 1270 Cui
2564 1215 2813 1270 similem
2859 1216 3018 1270 illum
3053 1221 3213 1286 puto,
3246 1216 3346 1286 qui
3373 1231 3544 1270 caesus
3571 1216 3760 1286 sepius

2158 1324 2192 1363 a
2230 1308 2440 1363 Judaeis
2481 1311 2542 1372 (ll
2591 1309 2736 1370 Con,
2785 1324 2860 1376 x1,
2905 1309 3016 1378 25),
3056 1309 3128 1362 ad
3169 1308 3500 1379 patientiam
3542 1308 3758 1362 creden-

2155 1401 2320 1467 tium,
2361 1406 2419 1456 et
2459 1401 2814 1457 vocationem
2859 1401 3124 1472 gentium
3170 1402 3361 1456 ulcera
3405 1402 3491 1454 sui
3532 1401 3761 1471 corporis

2157 1494 2460 1549 lambenda
2497 1495 2838 1565 quibusdam
2863 1496 3015 1550 velut
3055 1495 3290 1550 canibus
3328 1494 3612 1560 offerebat,
3643 1495 3762 1564 quia

2157 1588 2430 1658 scriptum
2457 1594 2579 1642 est:
2619 1609 2646 1638 «
2672 1590 3087 1644 Convertentur
3128 1588 3202 1643 ad
3239 1603 3563 1658 vesperum,
3602 1590 3658 1640 et
3688 1587 3761 1640 fa-

2156 1697 2309 1735 mem
2349 1681 2642 1751 patientur
2687 1685 2750 1736 ut
2787 1697 2957 1736 canes
2999 1682 3168 1750 (Psal.
3216 1697 3370 1748 LVIII,
3414 1680 3516 1749 15).
3549 1701 3576 1730 ››
3619 1680 3766 1743 Quod

2158 1775 2392 1845 agnovit
2419 1773 2754 1829 Chanauitis
2783 1775 2882 1829 illa
2915 1773 2962 1845 1
2981 1773 3174 1846 474
3201 1773 3562 1844 mysterium,
3589 1773 3674 1828 cui
3699 1773 3770 1826 di-

2157 1868 2303 1922 citur
2335 1885 2348 1923 :
2379 1869 2558 1922 Nemo
2586 1868 2730 1922 tollit
2765 1884 2976 1938 panem
3015 1868 3282 1938 filiorum,
3315 1871 3378 1921 et
3420 1867 3593 1921 mittit
3627 1866 3766 1920 cani-

2157 1962 2263 2016 bus
2305 1964 2546 2032 (Matth.,
2594 1979 2682 2030 xv,
2735 1963 2840 2031 26).
2889 1962 3137 2032 Agnovit
3186 1962 3341 2016 hunc
3395 1976 3616 2032 panem,
3668 1975 3771 2014 non

2158 2072 2368 2127 panem
2395 2072 2514 2111 esse
2539 2055 2640 2126 qui
2667 2056 2910 2122 videtur,
2942 2055 3039 2110 sed
3078 2055 3242 2111 illum
3279 2055 3383 2126 qui
3413 2053 3770 2124 intelligitur;

2157 2153 2212 2204 et
2242 2149 2372 2203 ideo
2402 2148 2696 2219 respondit
2721 2165 2734 2203 :
2763 2169 2790 2198 «
2814 2149 3043 2220 Utique,
3073 2148 3331 2217 Domine,
3359 2165 3494 2203 nam
3521 2152 3576 2202 et
3603 2145 3774 2201 catelli

2159 2242 2335 2297 edunt
2359 2243 2428 2296 de
2462 2242 2622 2297 micis
2659 2258 2788 2313 quae
2822 2242 3036 2297 cadunt
3072 2242 3144 2296 de
3183 2258 3386 2296 mensa
3425 2241 3775 2296 dominorum

2157 2351 2391 2390 suorum
2418 2336 2601 2406 (1bid.,
2636 2338 2744 2407 27).
2771 2358 2798 2386 ››
2826 2335 2978 2390 Mica
3003 2336 3126 2390 ista:
3151 2336 3222 2390 de
3248 2335 3346 2390 illo
3370 2351 3524 2408 pane
3552 2337 3694 2389 sunt.
3717 2335 3777 2388 Et

2159 2429 2292 2500 quia
2317 2429 2481 2499 panis
2505 2429 2743 2485 verbum
2767 2435 2870 2497 est,
2895 2435 2952 2484 et
2974 2429 3116 2484 ﬁdes
3141 2429 3297 2484 verbi
3323 2433 3434 2499 est,
3459 2429 3619 2483 mica:
3641 2428 3780 2481 velut

2157 2522 2418 2594 quaedam
2446 2524 2717 2594 dogmata
2745 2523 2880 2578 ﬁdei
2905 2529 3058 2577 sunt.
3089 2523 3246 2578 Unde
3274 2522 3576 2594 respondit
3599 2522 3777 2577 Domi-

2159 2633 2285 2683 nus,
2334 2620 2396 2670 ut
2437 2617 2762 2672 ostenderet
2805 2616 3052 2671 ﬁdeliter
3093 2616 3310 2672 dictum
3361 2633 3375 2670 :
3419 2638 3448 2666 «
3477 2616 3520 2671 Ο
3564 2615 3777 2681 mulier,

2160 2727 2370 2782 magna
2394 2715 2479 2766 est
2505 2711 2647 2764 ﬁdes
2673 2714 2775 2764 tua
2805 2710 2989 2778 (lbid.,
3019 2710 3139 2781 28)!
3165 2733 3193 2760 ››

2234 2808 2317 2858 16.
2359 2805 2402 2860 Ο
2445 2803 2631 2858 felicia
2672 2805 2880 2872 ulcera,
2923 2820 3052 2874 quae
3093 2809 3446 2874 perpetuum
3490 2803 3779 2857 excludunt

2159 2897 2452 2953 dolorem!
2484 2899 2528 2952 Ο
2570 2898 2776 2952 uberes
2812 2898 2998 2965 micas,
3029 2913 3157 2968 quae
3199 2897 3480 2968 repellitis
3505 2896 3779 2967 jejunium

2159 2991 2596 3061 sempiternum,
2635 3007 2762 3062 quae
2795 2992 3161 3062 colligentem
3195 3007 3520 3062 pauperem
3570 2991 3781 3045 aeternis

2158 3084 2399 3155 expletis
2451 3084 2770 3139 alimentis!
2823 3085 3138 3154 Adjiciebat
3181 3101 3281 3139 vos
3331 3085 3410 3140 de
3457 3101 3649 3140 mensa
3689 3099 3780 3138 sua

2156 3177 2659 3249 archisynagogus,
2689 3195 2819 3233 cum
2855 3179 3319 3249 propheticarum
3365 3179 3779 3250 Scripturarum

2159 3274 2216 3326 et
2239 3271 2381 3343 legis
2422 3271 2649 3327 interna
2689 3273 2960 3342 mysteria
2999 3273 3279 3327 refutaret
3307 3273 3476 3343 (Luc.,
3512 3289 3624 3340 xm,
3668 3273 3776 3341 t4);

2157 3365 2321 3421 micae
2348 3366 2504 3420 enim
2528 3382 2821 3420 sermones
2845 3370 2979 3421 sunt
3007 3366 3455 3436 Scripturarum,
3485 3368 3557 3421 de
3583 3366 3780 3438 quibus

2156 3459 2360 3515 dicitur
2405 3477 2418 3515 :
2472 3482 2499 3509 «
2545 3461 2613 3515 Et
2658 3459 2946 3530 projecisti
2999 3476 3292 3515 sermones
3346 3477 3508 3516 meos
3561 3463 3689 3531 post
3729 3466 3778 3514 te

2157 3555 2322 3624 (Psal.
2367 3571 2514 3622 xux,
2547 3554 2652 3625 17).
2689 3576 2717 3604 ››
2764 3553 3079 3624 Abjiciebat
3115 3571 3214 3609 vos
3253 3555 3460 3625 scriba,
3509 3556 3610 3610 sed
3647 3557 3779 3610 Pau-

2154 3647 2242 3702 lus
2265 3647 2704 3718 diligentissime
2732 3647 3054 3718 colligebat,
3089 3647 3148 3702 in
3181 3648 3413 3719 injuriis
3442 3650 3558 3705 suis
3591 3649 3780 3720 legens

2155 3741 2405 3812 plebem.
2435 3740 2791 3796 Lambebaut
2819 3742 3010 3796 ulcera
3035 3741 3158 3811 ejus
3195 3743 3296 3812 qui
3322 3760 3526 3798 morsu
3558 3758 3780 3813 serpen-

2154 3834 2227 3888 tis
2253 3835 2626 3906 intrepidum,
2655 3851 2886 3890 excusso
2930 3840 3215 3906 serpente,
3249 3837 3540 3904 viderunt,
3584 3843 3642 3892 et
3670 3852 3779 3890 cre-

2156 3929 2424 3983 diderunt
2461 3927 2630 3999 (Act.,
2677 3945 2862 3998 xxvm,
2909 3928 2982 3999 6).
3037 3929 3352 3985 Lambebat
3395 3932 3495 3986 ille
3550 3930 3785 3986 carceris

2154 4028 2341 4077 custos
2389 4021 2487 4093 qui
2532 4023 2770 4077 vulnera
2817 4023 2972 4078 Pauli
3019 4023 3175 4093 lavit,
3221 4027 3280 4078 et
3323 4025 3576 4080 credidit
3623 4025 3782 4094 (Act,

2154 4131 2262 4184 xvr,
2291 4117 2402 4186 33).
2447 4117 2605 4170 Beati
2650 4133 2840 4184 canes,
2869 4117 2927 4171 in
2967 4133 3111 4189 quos
3143 4117 3404 4174 ulcerum
3444 4120 3648 4174 talium
3677 4118 3782 4173 dis-

2153 4210 2298 4265 tillat
2335 4211 2575 4277 humor;
2607 4216 2672 4266 ut
2705 4210 3018 4282 adimpleat
3051 4228 3172 4280 cor,
3199 4215 3255 4266 et
3293 4213 3628 4285 impinguet
3666 4212 3782 4266 fau-

2153 4321 2247 4359 ces
2272 4320 2474 4359 eorum
2503 4321 2516 4358 :
2548 4304 2645 4376 qui
2672 4305 2955 4360 custodire
2981 4305 3241 4372 domum,
3271 4323 3506 4362 servare
3535 4321 3783 4379 gregem,

2153 4414 2352 4453 cavere
2378 4404 2705 4453 assuescant
2727 4399 2908 4470 lupos.

423 4486 670 4551 chaaum,
703 4485 1068 4552 Marcionem,
1098 4484 1427 4552 Sabellium,
1456 4484 1675 4552 Arium,
1711 4483 2131 4554 Photinum-D
2226 4496 2312 4548 17.
2370 4494 2520 4547 Pone
2582 4509 2733 4547 nunc
2794 4498 2924 4548 ante
2988 4497 3358 4566 conspectum
3430 4495 3784 4552 saecularibus

409 4595 538 4651 -que
562 4578 681 4649 (isti
706 4577 860 4631 enim
888 4593 1005 4631 non
1033 4577 1183 4632 aliud
1223 4594 1394 4648 quam
1420 4577 1626 4633 fratres
1665 4583 1798 4633 sunt
1825 4581 2050 4637 ,1υάωο-

410 4688 586 4739 rum,
657 4670 864 4741 quibus
929 4669 1182 4742 perﬁdiae
1243 4672 1625 4741 germanitate
1690 4676 2050 4747 nectuntur),

426 4765 744 4836 reprimens
783 4780 1010 4835 quoque
1049 4764 1232 4818 carnis
1273 4765 1628 4835 cupiditates,
1663 4783 1789 4837 quae
1828 4769 1962 4838 illis,
1993 4777 2052 4824 ut

408 4859 560 4928 dixi,
599 4858 853 4930 quinque
879 4857 1138 4912 sensibus
1169 4863 1519 4929 vaporantur
1551 4882 1560 4912 :
1592 4860 1929 4930 feneratam,
1960 4864 2049 4918 in-

423 4968 619 5024 quam,
657 4951 981 5006 mercedem
1022 4951 1246 5022 accipit,
1279 4951 1368 5005 cui
1407 4955 1800 5023 compensatio
1841 4958 2047 5012 exube-

424 5046 673 5101 rantium
699 5045 1016 5117 c0piarum,
1049 5047 1108 5098 et
1136 5045 1534 5115 perpetuitatis
1573 5063 1743 5102 usura
1770 5054 1871 5104 est.

398 5140 400 5142 ’
499 5143 582 5196 14.
619 5142 792 5212 (Vere.
836 5141 924 5206 20,
964 5141 1073 5210 21.)
1115 5139 1225 5194 Nec
1267 5138 1520 5195 alienum
1560 5145 1844 5212 putamus,
1881 5149 1940 5199 ut
1981 5146 2051 5202 de

423 5235 533 5290 ﬁde
575 5250 801 5306 quoque
835 5233 1139 5304 opinemur
1177 5233 1330 5288 hunc
1367 5251 1486 5289 esse
1523 5238 1846 5304 tractatum,
1879 5255 2047 5309 quam

424 5328 667 5383 Lazarus
703 5327 984 5398 abjectam
1026 5327 1096 5382 de
1135 5343 1332 5381 mensa
1375 5327 1562 5382 divitis
1601 5330 1858 5402 collegit;
1892 5335 2051 5404 cujus

422 5421 620 5493 utique
662 5422 856 5476 ulcera
883 5421 1200 5476 secundum
1239 5421 1487 5476 litteram
1529 5423 1682 5478 dives
1721 5425 2051 5481 fastidiosus

423 5515 704 5584 horreret,
744 5531 852 5569 nec
895 5515 1045 5570 inter
1080 5514 1354 5586 pretiosas
1395 5516 1591 5587 epulas
1638 5527 2048 5589 unguentatos-

426 5623 538 5678 que
565 5607 822 5660 convives
850 5607 1090 5662 fetorem
1114 5609 1370 5664 ulcerum
1406 5610 1787 5668 lambentibus
1815 5615 2048 5670 canibus

485 5725 764 5802 (Dm-Rom.
793 5725 940 5802 edit_.,
969 5730 1053 5777 cui
1077 5729 1404 5802 odorracris;
1424 5733 1626 5784 melius
1649 5735 1773 5788 alia)
1799 5751 1864 5788 ac
1893 5751 2048 5801 mss,

422 5798 510 5851 cui
537 5795 671 5847 odor
696 5795 870 5854 acris;
900 5800 1118 5847 texatur
1141 5801 1287 5850 enim
1326 5805 1629 5866 superbum
1666 5806 1853 5860 divitis
1889 5795 2049 5860 fasti;

2154 4585 2391 4641 Arianos
2435 4586 2635 4641 studiis
2681 4588 2950 4655 intentos,
2990 4589 3089 4659 qui
3129 4588 3468 4645 societatem
3518 4589 3784 4662 potentia

2153 4680 2364 4752 regalis
2401 4680 2689 4747 affectant,
2732 4686 2796 4736 ut
2830 4682 3002 4736 armis
3049 4682 3399 4738 militaribus
3442 4685 3785 4756 impugnent

2154 4775 2413 4828 Ecclesia:
2441 4775 2736 4829 veritatem
2767 4791 2778 4829 :
2810 4791 3000 4830 nonne
3025 4775 3128 4830 tibi
3149 4777 3424 4832 videntur
3450 4778 3512 4832 in
3543 4776 3782 4850 quadam

2151 4885 2407 4940 purpura
2448 4872 2506 4923 et
2538 4868 2704 4940 bysso
2744 4875 2799 4924 et
2835 4871 3135 4926 exstructis
3168 4870 3428 4941 jacentes
3454 4872 3658 4938 thoris,
3691 4869 3783 4941 qui

2152 4979 2256 5033 pro
2281 4963 2428 5017 veris
2461 4962 2653 5017 fucata
2690 4963 3040 5031 defendant;
3081 4964 3292 5020 ditibus
3330 4966 3635 5021 abundare
3671 4979 3780 5018 ser-

2152 5057 2441 5125 monibus,
2481 5073 2610 5112 cum
2639 5057 2862 5127 jactant
2898 5058 3188 5113 Dominico
3228 5064 3442 5114 terram
3487 5059 3781 5114 tremuisse

2152 5149 2255 5205 sub
2321 5167 2591 5221 corpore,
2646 5152 2852 5206 coelum
2902 5152 3155 5207 tenebris
3206 5153 3555 5223 obductum,
3607 5150 3780 5208 excita

2150 5243 2322 5299 verbo
2362 5246 2544 5298 maria
2583 5245 2673 5298 vel
2713 5245 2952 5300 sedata:
2997 5251 3394 5302 verumtamen
3440 5247 3544 5302 Dei
3583 5247 3776 5300 Filium

2151 5337 2542 5408 denegantes‘?
2588 5338 2878 5394 Constitue
2941 5344 2998 5393 et
3060 5339 3222 5394 illum
3287 5355 3633 5411 pauperem,
3685 5335 3774 5408 qui

2151 5431 2334 5486 sciens
2360 5447 2477 5485 non
2513 5432 2572 5486 in
2618 5449 2899 5501 sermone,
2941 5433 3039 5488 sed
3070 5433 3130 5488 in
3167 5435 3371 5488 virtute
3401 5449 3650 5504 regnum
3683 5429 3771 5484 Dei

2150 5540 2290 5587 esse,
2325 5525 2516 5596 paucis
2546 5526 2680 5598 quid
2711 5527 2948 5582 sentiret
2971 5529 3266 5599 expressit,
3290 5527 3489 5583 dicens
3519 5544 3532 5582 :
3558 5549 3586 5577 ‹‹
3612 5527 3687 5581 Tu
3715 5537 3770 5577 es

2153 5619 2320 5673 Filius
2345 5620 2442 5674 Dei
2470 5619 2579 5674 vivi
2608 5621 2848 5691 (Μιιιιιιη
2879 5639 2989 5690 xv1,
3017 5624 3136 5693 16);
3167 5644 3193 5672 n
3223 5639 3412 5677 nonne
3444 5622 3554 5676 ille.
3575 5619 3674 5674 tibi
3700 5617 3769 5671 vi-

2148 5742 2324 5805 dium,
2356 5745 2451 5808 qui
2481 5745 2789 5796 naturalem
2823 5746 2964 5798 aeris
2992 5747 3316 5798 suavitatem
3344 5744 3601 5798 aecititils
3636 5741 3764 5794 odo‘

2147 5814 2301 5866 ribus
2325 5821 2717 5880 corrumperet.
2800 5880 2808 5883 _
