4022 6176
249 254 356 306 1861

1290 251 1757 310 EXPOSITIONIS
1799 253 1866 309 ΙΝ
1908 254 2135 311 LUCAM
2179 255 2303 312 LIB.
2345 257 2475 313 Vill.

3429 271 3565 324 1862

240 377 430 429 dentur
469 387 630 443 egere
675 371 907 440 divitiae,
965 373 1083 430 haec
1128 375 1448 431 redundare
1494 377 1839 448 paupertas?
1861 391 1920 462 Α
1940 378 2100 434 cilius
2119 380 2276 436 enim
2305 381 2555 436 consiliis
2581 383 2979 454 acquiescitur,
3008 401 3178 457 quam
3204 388 3427 460 injurias
3448 408 3568 446 suc-

240 468 379 522 Dives
425 465 648 521 haeresis
697 467 1008 538 Evangelia
1073 469 1254 524 multa
1307 471 1630 542 composuit
1689 471 1833 540 (61);

237 576 429 633 pauper
470 559 608 613 ﬁdes
654 559 765 614 hoc
803 561 990 615 solum
1031 562 1402 634 Evangelium
1438 564 1641 631 tenuit,
1681 565 1836 636 quod

235 653 446 725 accepit.
495 654 653 708 Dives
697 653 1057 726 philosophia
1102 656 1294 726 plures
1342 657 1445 712 sibi
1489 659 1620 713 deos
1665 658 1832 727 fecit;

233 764 423 819 pauper
447 746 689 802 Ecclesia
719 764 896 803 unum
926 749 1109 804 Deum
1137 751 1308 806 novit.

296 843 369 895 l8.
420 841 593 910 (Vers.
646 840 759 907 24.)
826 843 974 898 Inter
1031 844 1183 899 hunc
1239 845 1417 916 igitur
1474 846 1706 902 divitem
1770 851 1831 901 et

233 949 517 1006 pauperem
556 934 726 990 chaos
769 951 1048 1006 magnum
1087 941 1192 1006 est,
1243 939 1377 1010 quia
1416 943 1545 1010 post
1585 945 1833 995 mortem

232 1031 500 1100 nequeunt
542 1027 745 1082 merita
793 1031 1020 1100 mutari,
1074 1047 1255 1103 eoque
1299 1033 1358 1086 in
1407 1033 1634 1088 inferno
1675 1033 1831 1089 dives

231 1121 507 1188 inducitur,
545 1123 783 1192 cupiens
821 1123 1037 1194 aliquid
1075 1125 1145 1180 de
1184 1142 1434 1198 paupere
1473 1127 1706 1198 spiritus
1734 1144 1827 1182 re-

230 1214 528 1286 frigerantis
584 1215 811 1270 haurire
866 1217 996 1288 (62);
1054 1235 1205 1290 aqua
1254 1219 1409 1274 enim
1463 1221 1697 1275 refectio
1748 1225 1833 1276 est

229 1308 412 1362 animm
439 1309 494 1362 in
525 1307 815 1364 doloribus
841 1311 1182 1379 constitutae,
1215 1313 1283 1367 de
1314 1330 1424 1385 qua
1452 1313 1590 1368 dicit
1617 1315 1783 1368 Isaias
1814 1338 1824 1367 :

229 1422 251 1449 ι(
278 1403 336 1454 Et
375 1402 532 1456 saliet
570 1419 717 1474 aqua
747 1420 877 1458 cum
922 1404 1292 1461 delectatione
1337 1405 1406 1461 de
1443 1407 1696 1462 fontibus
1735 1424 1823 1462 sa-

1938 473 2243 528 cumbitur.
2285 475 2444 530 Unde
2477 478 2536 529 et
2560 477 2859 547 Apostolus
2891 495 2903 532 :
2932 479 3228 550 Corripite,
3267 483 3468 555 inquit,
3501 489 3566 540 ut

1936 565 2196 632 fratrem,
2227 571 2288 621 ut
2313 568 2625 637 erubescat,
2655 586 2771 624 non
2797 576 2860 624 ut
2888 570 3186 627 inimicum
3214 590 3346 628 eum
3377 577 3565 631 existi-

1937 660 2100 713 metis
2132 660 2198 730 (li
2239 661 2440 724 Thess.,
2481 678 2564 732 lii,
2601 666 2705 724 l5).
2739 664 3005 720 Inﬁrmus
3035 666 3188 720 enim
3219 670 3408 723 custos
3438 671 3561 724 diu-

1935 752 2222 807 turnitatis
2262 761 2348 809 est
2383 754 2559 810 timor
2595 757 2726 825 (63);
2771 757 2960 827 pudor
3000 764 3194 815 autem
3231 760 3413 816 bonus
3445 779 3564 817 ma-

1935 845 2108 916 gister
2159 846 2358 913 officii;
2407 849 2506 919 qui
2564 849 2722 904 enim
2773 852 2999 920 metuit,
3047 854 3400 924 reprimitur,
3449 872 3563 910 non

1933 939 2300 1009 emendatur;
2333 956 2508 1012 quem
2553 943 2732 1012 pudet
2772 944 2978 1014 facere,
3027 947 3084 1000 in
3133 951 3400 1004 naturam
3445 958 3564 1004 ver-‘

1932 1031 2020 1086 tit.

2002 1128 2090 1181 22.
2137 1126 2376 1182 Pulchre
2424 1133 2615 1184 autem
2661 1131 2846 1200 posuit
2893 1150 2904 1185 :
2953 1133 3016 1188 Si
3044 1138 3347 1202 peccaverit
3381 1139 3440 1191 in
3481 1145 3562 1200 te;

1932 1235 2049 1272 non
2089 1220 2242 1274 enim
2294 1236 2456 1292 aequa
2504 1222 2757 1277 conditio
2809 1224 2867 1278 in
2922 1226 3100 1280 Deum
3149 1228 3562 1301 hominemque

1930 1327 2182 1382 peccare.
2233 1315 2486 1385 Denique
2530 1318 2848 1386 Apostolus,
2897 1319 2998 1388 qui
3041 1319 3218 1375 divini
3269 1329 3354 1376 est
3399 1339 3563 1378 verus

1930 1404 2211 1476 interpres
2242 1408 2459 1462 oraculi
2491 1425 2504 1462 :
2539 1428 2567 1458 ‹‹
2595 1411 2960 1480 Haereticum,
2989 1412 3197 1484 inquit,
3227 1420 3354 1484 post
3385 1432 3562 1471 unam

225 1496 398 1550 lutaris
441 1498 589 1562 (Isa.,
635 1513 727 1565 xu,
777 1498 850 1567 3).
907 1520 936 1547 »
981 1499 1093 1554 Cur
1133 1504 1326 1554 autem
1371 1501 1658 1556 cruciatur
1693 1505 1827 1556 ante
1927 1500 2348 1570 correptionem
2386 1502 2494 1572 (64)
2523 1503 2711 1558 devita
2753 1506 2900 1570 (Tit.,
2941 1522 3022 1574 ιιι,
3059 1508 3165 1576 i0);
3209 1531 3237 1556 ››
3275 1508 3411 1578 quia
3442 1526 3557 1564 non

219 1589 512 1658 judicium?
537 1591 679 1654 Quia
713 1591 998 1647 luxurioso
1028 1609 1226 1648 carere
1263 1593 1482 1649 deliciis
1513 1611 1680 1666 pmna
1721 1601 1823 1650 est.
1927 1595 2010 1646 est
2034 1609 2195 1664 aeque
2238 1594 2472 1665 perﬁdia
2509 1601 2571 1650 ut
2608 1597 2792 1668 culpa,
2826 1598 3142 1654 veniabilis.
3186 1601 3252 1654 Et
3287 1602 3554 1672 quoniam

225 1683 342 1737 Nam
377 1687 432 1738 et
464 1684 741 1740 Dominus
783 1685 960 1741 dicit:
995 1706 1023 1736 ‹‹
1055 1687 1137 1741 Ibi
1174 1687 1281 1742 erit
1317 1688 1486 1743 iletus
1520 1692 1578 1743 et
1617 1689 1888 1764 stridor_
1926 1686 2264 1758 plerumque
2321 1704 2421 1758 per
2470 1689 2821 1760 imperitiam
2868 1707 3029 1746 error
3083 1691 3331 1764 obrepit,
3387 1695 3558 1749 corri-

224 1776 488 1836 dentium;
521 1793 654 1832 cum
696 1779 952 1834 videritis
991 1780 1298 1850 Abraham,
1347 1783 1510 1847 Isaac,
1545 1789 1600 1837 et
1631 1783 1821 1849 Jacob,
1846 1759 1901 1831 Β
1926 1779 2200 1849 piendum
2239 1759 2655 1853 praecepit;iut
2699 1789 2797 1838 aut
2841 1785 3147 1854 pertinacia
3186 1759 3415 1854 vitetur,
3458 1793 3558 1843 aut

224 1875 272 1924 ct
300 1886 486 1927 omnes
525 1873 838 1944 prophetas
866 1873 928 1928 in
966 1889 1145 1945 regno
1180 1874 1454 1931 caelorum
1491 1878 1660 1945 (Luc.,
1703 1893 1821 1944 xm,
1927 1873 2215 1944 prolapsio
2243 1875 2584 1946 corrigatur.
2617 1877 2831 1932 Verum
2863 1878 3002 1949 quid
3034 1883 3163 1933 est:

222 1965 313 2034 28).
345 1987 371 2013 ν)
1996 1968 2172 2036 (Vers.
2203 1968 2281 2034 4.)
2313 1971 2376 2025 Si
2403 1972 2597 2040 septies
2625 1986 2908 2026 conversus
2935 1974 3107 2040 fuerit
3135 1973 3210 2028 ad
3241 1979 3310 2038 te,
3342 1975 3558 2030 dimitte

281 2062 353 2113 l9.
392 2060 556 2128 (Vers.
592 2063 702 2131 27.)
740 2063 910 2116 Serus
951 2065 1146 2116 autem
1191 2062 1345 2118 dives
1393 2063 1497 2118 iste
1550 2065 1826 2136 magister
1923 2061 2052 2115 illi?

219 2167 319 2208 esse
366 2153 596 2224 incipit,
653 2170 782 2208 cum
830 2154 950 2223 jam
1001 2155 1252 2210 discendi
1305 2161 1533 2229 tempus
1581 2157 1819 2222 habeat,
1993 2157 2083 2209 23.
2111 2155 2258 2210 Num
2285 2156 2466 2211 veniae
2495 2172 2768 2212 numerus
2795 2159 3132 2230 praeﬁnitur,
3164 2177 3238 2216 an
3261 2177 3396 2217 vero
3419 2163 3555 2234 quia

219 2262 306 2300 nec
332 2246 587 2301 docendi.
637 2249 758 2311 Quo
797 2249 921 2302 loco
964 2249 1384 2304 evidentissime
1427 2250 1677 2306 declarat
1706 2253 1819 2307 Do-
1923 2263 2054 2302 cum
2112 2249 2357 2320 septimo
2411 2249 2505 2304 die
2568 2252 2912 2322 requieverit
2968 2253 3119 2308 Deus
3169 2255 3240 2309 ab
3293 2257 3556 2312 omnibus

218 2341 581 2408 minus,vetus
602 2341 1029 2396 Testamentum
1060 2359 1182 2398 esse
1209 2343 1342 2399 ﬁdei
1369 2343 1819 2414 ﬁrmamentum,
1921 2342 2186 2413 Operibus
2247 2343 2401 2411 suis,
2467 2351 2591 2413 post
2653 2345 3080 2402 hebdomadam
3127 2347 3288 2403 istius
3350 2349 3553 2406 mundi

221 2431 442 2507 1475
478 2435 800 2489 retundens
835 2435 1133 2505 perﬁdiam
1167 2437 1514 2506 Iudaeorum,
1544 2442 1601 2493 et
1627 2439 1817 2493 excln-
1921 2435 2084 2506 quies
2125 2435 2292 2490 nobis
2338 2435 2611 2491 diuturna
2657 2438 3030 2508 promittitur,
3073 2446 3136 2495 ut
3175 2443 3553 2511 quemadmo-

218 2527 332 2581 dens
370 2527 652 2600 nequitias
692 2529 1112 2599 haereticorum,
1153 2547 1186 2584 a
1230 2531 1438 2602 quibus
1483 2548 1649 2587 mens
1685 2548 1817 2603 sup-
1923 2529 2062 2583 dum
2117 2529 2268 2583 mala
2321 2529 2484 2584 istius
2557 2531 2756 2586 mundi
2819 2532 3016 2586 feriata
3078 2533 3410 2602 cessabunt,
3478 2536 3556 2590 ita

218 2620 471 2689 plantatur
517 2622 835 2688 inﬁrmior;
891 2623 996 2694 ipsi
1049 2624 1202 2678 enim
1261 2625 1448 2695 pusilli
1504 2630 1668 2694 sunt,
1722 2626 1819 2696 qui
1920 2623 2089 2677 etiam
2141 2623 2402 2678 vindictae
2457 2625 2723 2679 severitas
2774 2626 3185 2696 conquiescat?
3235 2628 3553 2684 Sabbatum

218 2713 372 2768 adhuc
398 2716 662 2770 nesciunt
687 2716 1045 2772 incrementa
1071 2717 1316 2772 virtutis.
1919 2720 2115 2772 autem
2146 2733 2259 2771 non
2294 2718 2479 2772 solum
2513 2717 2757 2787 dierum,
2793 2719 2894 2773 sed
2924 2719 3098 2775 etiam
3130 2721 3417 2776 mensium
3447 2729 3552 2792 est,

273 2810 349 2862 20.
396 2809 542 2865 Licet
591 2814 784 2864 autem
824 2811 1118 2866 advertere
1165 2811 1319 2883 quod
1363 2812 1420 2866 in
1459 2812 1628 2866 villici
1667 2813 1819 2868 illius
1919 2815 1976 2865 et
2002 2811 2131 2865 ideo
2165 2811 2399 2881 septimi
2439 2810 2652 2866 mensis
2692 2811 2912 2866 decima
2943 2812 3034 2868 die
3071 2814 3315 2868 Sabbata
3343 2815 3547 2871 sabba-

217 2902 513 2970 snperiore,
582 2909 640 2956 et
715 2903 874 2957 istius
933 2904 1120 2958 divitis
1191 2906 1454 2975 praesenti
1521 2922 1815 2976 compara-
1919 2907 2106 2958 torum
2154 2907 2368 2970 (Leuit,
2415 2920 2539 2970 xxv,
2589 2906 2664 2976 9);
2714 2921 2818 2959 nec
2864 2905 3048 2960 solum
3099 2908 3402 2974 mensium,
3447 2910 3549 2964 sed

216 2993 344 3049 tione
383 2997 733 3051 incentivum
774 2997 1184 3053 misericordiae
1231 3000 1331 3068 sit;
1375 3005 1432 3054 et
1461 3000 1541 3055 ibi
1581 3001 1816 3056 fortasse
1916 3014 2200 3052 annorum
2249 3015 2499 3069 quoque,
2557 3014 2743 3068 neque
2795 3015 3084 3054 annorum
3141 3004 3390 3070 tantum,
3447 3003 3548 3058 sed

215 3089 390 3144 sanctis
439 3107 584 3161 quos
646 3091 858 3145 amicos
919 3092 1090 3160 dicit,
1159 3098 1215 3147 et
1277 3093 1481 3164 quibus
1549 3094 1888 3165 taberna-“
1919 3092 2092 3146 etiam
2159 3092 2596 3162 generationum
2628 3135 2642 3159 ,
2697 3099 2988 3162 postremo
3063 3093 3241 3165 ipsius
3304 3097 3545 3164 mundi,

215 3183 320 3236 cula
355 3184 584 3254 tribuit;
628 3184 720 3239 hic
760 3201 896 3240 vero
937 3184 1103 3240 docet
1134 3187 1483 3258 pauperibus
1515 3188 1814 3243 conferen-
1839 3183 1891 3203 υ
1920 3183 2177 3257 1476
2208 3186 2369 3256 cujus
2406 3193 2575 3256 typus
2605 3189 2692 3240 est
2727 3185 3030 3241 sabbatum
3059 3203 3374 3259 magnum;
3407 3189 3549 3244 sicut

216 3274 347 3330 dum.
1917 3279 1976 3332 in
2003 3280 2130 3350 lege
2158 3283 2243 3333 est
2268 3279 2632 3334 hebdomade
2661 3280 2925 3351 septima,
2949 3283 3076 3352 post
3099 3298 3274 3353 quam
3298 3282 3553 3338 celebra-

271 3369 407 3440 (CAP.
449 3372 612 3426 XVII.
658 3402 726 3414 --
768 3374 920 3428 Vers.
965 3375 1040 3442 3.)
1081 3375 1143 3431 Si
1178 3377 1482 3443 peccaverit
1512 3379 1570 3430 in
1614 3383 1662 3431 te
1691 3379 1814 3443 fral
1919 3377 2012 3426 tur
2039 3389 2222 3428 annus
2252 3373 2543 3428 Jubilaaus.
2578 3374 2736 3438 Quod
2775 3374 3114 3445 mysterium
3155 3376 3322 3431 nobis
3362 3377 3549 3432 Domi-

215 3469 282 3516 ter
305 3471 436 3529 tuus,
465 3470 695 3537 increpa
723 3468 901 3522 illum.
1919 3483 2026 3520 nus
2065 3467 2242 3522 voluit
2278 3468 2548 3534 revelare,
2588 3484 2721 3522 cum
2762 3468 2897 3522 dicit
2929 3485 2942 3521 ε
2979 3490 3006 3518 ‹‹
3047 3469 3166 3524 Non
3198 3471 3381 3524 solum
3422 3486 3550 3542 sep-

271 3560 346 3613 2l.
389 3560 575 3624 Quam
623 3560 772 3616 bene
819 3567 944 3632 post
993 3561 1226 3618 divitem
1280 3564 1378 3634 qui
1429 3563 1711 3618 cruciatur
1755 3564 1813 3618 in
1917 3560 2040 3627 ties,
2098 3560 2200 3616 sed
2251 3561 2422 3615 etiam
2475 3560 2804 3632 septuagies
2857 3561 3064 3632 septies
3112 3563 3349 3631 (Matth.,
3398 3580 3549 3633 xvm,

215 3653 383 3722 pinnis,
428 3654 672 3727 subjecit
713 3659 1062 3726 praeceptum
1108 3657 1288 3711 venia:
1344 3657 1677 3728 largiendis,
1727 3658 1815 3712 his
1915 3655 2027 3724 22).
2072 3677 2099 3703 ››
2134 3655 2278 3717 Quia
2319 3653 2559 3724 septima
2599 3653 2991 3723 generatione,
3029 3659 3094 3709 ut
3135 3655 3312 3711 habes
3349 3673 3548 3713 secun-

214 3745 374 3817 utique
409 3750 503 3819 qui
543 3765 607 3803 se
648 3748 719 3803 ab
749 3765 944 3804 errore
991 3752 1351 3817 convertunt,
1395 3765 1466 3804 ne
1497 3767 1669 3821 quem
1714 3750 1812 3806 de-
1916 3747 2054 3802 dum
2101 3749 2311 3802 Lucam
2357 3747 2551 3801 Enoch
2591 3746 2762 3818 (Luc.,
2810 3764 2888 3815 ιιι,
2938 3749 3026 3818 37)
3066 3754 3259 3819 raptus
3290 3753 3375 3804 est
3418 3753 3547 3820 (65),

214 3841 422 3907 speratio
462 3860 579 3897 non
618 3847 910 3898 revoceta
942 3843 1351 3914 culpalQuam
1381 3832 1513 3898 vero
1552 3844 1814 3900 modera-
1917 3858 1989 3897 ne
2048 3841 2262 3896 malitia
2318 3842 2650 3895 immutaret
2714 3857 2814 3896 cor
2869 3841 2992 3912 ejus
3046 3841 3232 3912 (Sap.,
3298 3859 3368 3909 IV,
3435 3847 3547 3912 il),

215 3933 286 3984 ius
319 3938 412 4002 est,
453 3939 515 3990 ut
561 3951 750 4006 neque
788 3935 1036 3991 difﬁcilis
1079 3937 1265 4004 venia,
1311 3953 1417 3992 nec
1467 3937 1705 3993 remissa
1745 3938 1817 3991 sit
1917 3943 1973 3991 et
2029 3936 2088 3990 in
2140 3952 2206 3990 eo
2257 3935 2488 3990 aculeus
2539 3934 2765 4001 doloris,
2821 3935 3056 4006 quievit.
3111 3935 3548 4007 Septuagesima

212 4021 566 4098 indulgentia;
604 4045 676 4084 ne
717 4045 890 4100 quem
929 4030 1014 4084 vel
1055 4035 1280 4086 austera
1319 4032 1589 4102 percellat
1624 4032 1810 4086 invec-
1915 4033 2108 4084 autem
2154 4034 2210 4084 et
2253 4028 2497 4099 septima
2537 4027 2906 4099 generatione
2946 4029 3220 4084 Dominus
3267 4034 3434 4085 natus
3483 4047 3549 4086 ex

212 4116 294 4180 tio,
342 4122 423 4176 vel
484 4123 850 4178 conniventia
901 4124 1109 4178 invitet
1167 4124 1238 4180 ad
1300 4124 1564 4195 culpam!
1616 4125 1708 4181 Sic
1760 4131 1818 4180 et
1914 4122 2100 4191 Maria,
2150 4121 2386 4176 humani
2433 4121 2660 4192 generis
2711 4121 2766 4175 in
2817 4138 2876 4175 se
2927 4126 3156 4192 peccata
3206 4123 3542 4194 suscipiens,

215 4210 369 4268 alibi:
401 4237 428 4266 ι(
470 4217 527 4272 Si
570 4216 890 4288 peccaverit
936 4217 995 4272 in
1048 4220 1104 4272 te
1153 4219 1330 4273 frater
1371 4222 1534 4286 tuus,
1577 4219 1717 4273 vade
1761 4224 1818 4274 et
1916 4215 2310 4270 remissionem
2342 4214 2542 4270 tribuit
2574 4215 2836 4270 omnium
2867 4215 3229 4272 delictorum.

215 4306 400 4378 corripe
435 4325 571 4364 eum
607 4309 758 4364 inter
791 4315 846 4366 te
879 4313 937 4365 et
962 4310 1152 4381 ipsum
1185 4311 1426 4381 (Matth,
1457 4327 1609 4379 mu,
1644 4314 1751 4380 l5).
1783 4333 1810 4361 ››
1987 4311 2076 4364 24.
2108 4310 2256 4380 Ergo
2286 4309 2548 4380 quamvis
2590 4309 2900 4364 secundum
2936 4310 3183 4364 litteram
3226 4311 3412 4365 discas
3443 4311 3550 4365 fre-

218 4395 325 4453 Plus
349 4403 497 4458 enim
537 4402 804 4474 proﬁciat
830 4404 1017 4459 amica
1051 4405 1359 4476 correptio,
1393 4421 1565 4476 quam
1595 4422 1816 4460 accusa-
1915 4409 2161 4475 quenter
2187 4403 2504 4473 ignoscere,
2540 4419 2646 4456 nec
2673 4402 3127 4471 indignationem
3158 4408 3356 4458 tenere
3383 4403 3548 4472 (nihil

217 4490 280 4545 tio
306 4495 622 4552 turbulenta
649 4513 663 4551 :
696 4497 795 4553 illa
821 4498 1098 4568 pudorem
1138 4497 1358 4567 incutit,
1395 4499 1514 4554 11830
1543 4499 1812 4570 indigna-
1833 4498 1891 4570 D
1915 4499 2071 4552 enim
2095 4503 2179 4552 est
2202 4513 2316 4567 quo
2342 4495 2520 4567 possit
2551 4495 2784 4562 offendi,
2813 4495 2902 4548 cui
2933 4495 3265 4565 ignoscendi
3296 4501 3380 4551 est
3407 4513 3546 4552 con-

218 4583 404 4644 tionem
432 4594 644 4646 movet.
677 4592 939 4646 Servetur
968 4591 1158 4662 potius
1188 4593 1345 4663 quod
1381 4592 1543 4664 prodi
1574 4597 1811 4660 metuat,
1913 4591 2198 4658 suetudo),
2228 4596 2418 4644 tamen
2459 4604 2702 4658 agnosce
2743 4589 3120 4659 mysterium;
3162 4605 3350 4660 neque
3389 4591 3544 4646 enim

215 4681 294 4746 qui
333 4689 610 4741 monetur.
652 4686 871 4740 Bonum
910 4686 1120 4756 quippe
1166 4689 1250 4740 est
1293 4689 1356 4740 ut
1397 4686 1644 4742 amicum
1690 4703 1811 4742 ma-
1914 4684 2092 4739 otiose
2136 4683 2372 4738 sabbato
2414 4681 2556 4736 dixit
2599 4683 2874 4736 Dominus
2909 4681 3134 4737 mulieri
3181 4699 3193 4737 :
3238 4706 3264 4732 ‹‹
3309 4684 3545 4740 Dimissa

217 4771 286 4839 si:
316 4778 367 4830 te
402 4778 498 4850 qui
536 4778 838 4850 corripitur
879 4780 1094 4846 credat,
1131 4796 1305 4851 quam
1345 4780 1680 4850 inimicum;
1724 4782 1810 4835 fa-
1913 4796 1971 4835 es
2012 4778 2082 4832 ab
2122 4777 2450 4832 inﬁrmitate
2494 4780 2593 4830 tua
2638 4777 2809 4842 (Luc.,
2853 4792 2970 4844 xm,
3021 4777 3126 4846 l2),
3171 4799 3197 4826 ι)
3239 4779 3545 4833 ostendens

262 4896 346 4957 (3i)
379 4900 458 4950 De
493 4901 819 4966 hujusmodi
856 4902 1374 4967 pseudoevangeliis
1417 4903 1648 4953 consule
1688 4917 1814 4967 qua;
1913 4899 1996 4957 tis,
2027 4901 2130 4949 etc.

212 4967 401 5036 scripsit
431 4977 658 5022 sanctus
694 4973 900 5023 Doctor
935 4986 1100 5036 supra
1144 4972 1241 5023 lib.
1286 4987 1322 5036 ι,
1352 4985 1506 5022 num.
1533 4975 1582 5034 2,
1617 4977 1672 5024 et
1711 4987 1814 5024 nos
1973 4972 2070 5033 (64)
2097 4970 2370 5032 Qumdam
2409 4969 2540 5020 edit.
2575 4969 2765 5030 Paris,
2797 4977 2911 5034 post
2945 4984 3108 5020 unam
3133 4975 3228 5021 aut
3262 4971 3546 5022 secundam

212 5033 390 5090 ibidem
411 5045 742 5094 notavimus.
1006 5033 1022 5036 “
1311 5033 1316 5036 ⁷
1571 5033 1575 5034 ί
1911 5042 2314 5105 correptionem.
2347 5040 2456 5090 Sed
2480 5041 2702 5090 videtur
2723 5033 2949 5091 omnino
2972 5041 3299 5092 Ambrosius
3323 5041 3543 5105 legisse,

262 5110 344 5194 (ϐξ)
369 5114 508 5194 ﬁdit.
529 5116 724 5194 _Rom_._,
751 5116 963 5194 aliquid
987 5117 1208 5180 spiritus
1247 5131 1293 5194 (ιΔ
1315 5131 1550 5194 paupere
1585 5117 1810 5194 refrige-
1907 5117 2024 5177 post
2048 5126 2213 5194 uuam
2245 5112 2887 5194 correptiopent.‘Etenim
2929 5113 3264 5194 non‘solum
3302 5112 3412 5175 hic,
3447 5126 3546 5194 ve—

214 5183 359 5234 rentis
383 5184 613 5236 haurire.
647 5181 1036 5247 Minus’bene;
1063 5201 1173 5238 non
1206 5189 1375 5250 enim,
1403 5189 1483 5237 uti
1523 5181 1810 5252 putamus,
1911 5197 2034 5233 rum
2071 5184 2238 5234 etiam
2280 5182 2373 5232 lib.
2411 5195 2449 5232 ιι
2491 5181 2559 5231 de
2597 5181 2879 5232 Abraham
2917 5187 2971 5231 et
3014 5181 3146 5231 alibi
3191 5195 3383 5234 omnes
3424 5183 3546 5234 alie

213 5260 384 5314 aquam
439 5271 470 5308 a
524 5273 806 5325 quoquam
861 5260 1090 5324 spiritus
1143 5259 1418 5310 vocabulo
1469 5261 1810 5311 nominatam
1911 5255 2039 5305 edit.
2078 5269 2207 5306 cum
2246 5256 2498 5335 mssz‘in‘
2523 5254 2667 5304 hanc
2704 5254 2997 5335 lectionem
3036 5255 3376 5335 conspirant.
3419 5255 3548 5335 Post

215 5327 435 5385 ἥιρει-ξω.
476 5329 642 5381 Refer
692 5332 860 5396 igitur
910 5343 1108 5407 vocem
1162 5331 1383 5394 spiritus
1436 5332 1552 5391 (aut
1595 5332 1808 5407 spiritu,
1908 5340 2085 5390 pauca
2125 5340 2254 5407 νει-9
2292 5325 2421 5407 edit.
2457 5325 2631 5407 _Rom_..
2661 5329 2997 5407 reposuerat,
3033 5325 3090 5407 6i
3124 5326 3413 5407 septieshin
3450 5326 3544 5407 die

214 5399 643 5454 quemadmodum
688 5395 912 5453 Amerb.
951 5406 1008 5452 et
1046 5400 1160 5451 duo
1203 5415 1333 5451 mss.
1378 5403 1696 5465 praeferunt)
1739 5402 1808 5451 ad
1907 5411 2188 5476 conversus
2211 5397 2373 5476 fuerit
2401 5396 2547 5476 att-te
2575 5395 2752 5476 dicens
2782 5411 2799 5444 :
2831 5397 3046 5476 {renitet
3071 5408 3169 5454 me,
3197 5396 3397 5476 dimitte
3439 5396 3538 5476 illi.

212 5471 377 5536 νιξροω
412 5483 660 5536 paupere,
685 5475 792 5523 nisi
831 5487 959 5524 cum
1002 5486 1115 5522 uno
1158 5477 1213 5522 et
1252 5472 1424 5522 altero
1457 5485 1588 5522 mss.
1642 5477 1811 5536 atque
1911 5471 1984 5519 At
2010 5482 2138 5518 cum
2169 5468 2333 5519 lectio
2362 5472 2552 5516 nostra
2583 5468 2636 5514 in
2666 5471 2776 5515 ant.
2805 5465 2932 5514 edit.
2951 5469 3022 5536 et
3049 5467 3267 5515 cunctis
3293 5480 3426 5516 mss.
3451 5466 3547 5517 ha-

216 5529 322 5608 edit.
351 5529 468 5589 Era.
495 5529 547 5591 εἰ
575 5529 702 5594 Gill.
734 5544 789 5592 in
825 5557 996 5607 marg.
1037 5544 1219 5608 legere
1259 5543 1421 5592 malis
1460 5543 1524 5592 de
1558 5529 1811 5606 pauperis
1909 5539 2136 5598 beatur,
2184 5539 2371 5589 locum
2423 5537 2493 5586 ab
2550 5538 2783 5600 ipsomet
2839 5534 3132 5586 Ambrosio
3195 5541 3543 5588 contractum

216 5604 393 5663 φιν-ξω.
953 5604 970 5607 ⁷
1096 5604 1117 5608 ⁷
1561 5604 1569 5606 ’
1673 5604 1683 5605 ί

1940 5613 2082 5662 uisse
2107 5609 2537 5661 existimandum
2563 5611 2668 5657 est.

209 5687 214 5694 '
251 5675 448 5748 _(§3)1ta
481 5689 585 5735 vet.
623 5685 758 5735 edit.
790 5691 848 5736 et
879 5687 1068 5737 cuncti
1103 5698 1257 5747 mss.,
1289 5685 1510 5736 duobus
1544 5685 1809 5748 exceptis,
1973 5684 2068 5744 (65)
2101 5683 2307 5733 Eadem
2346 5681 2496 5742 edit,
2535 5680 2876 5743 generatione
2911 5679 3088 5730 Enoch
3120 5680 3406 5732 secundum
3439 5683 3546 5732 Lu-

218 5741 297 5821 εἰνὶ
322 5747 506 5813 legitur
535 5770 545 5803 :
573 5756 803 5820 Inﬁrmis
825 5757 966 5807 enim
995 5763 1170 5808 custos
1210 5741 1498 5807 diuturnus
1525 5761 1598 5806 est
1633 5741 1807 5804 tit-nor;
1911 5741 2290 5821 componitur,
2321 5756 2418 5817 qui
2445 5741 2636 5816 raptus
2666 5755 2758 5803 eet.

220 5809 350 5866 Rom.
373 5809 516 5874 ’νει-ο
553 5844 562 5877 :
606 5809 839 5892 [inﬁrmis
896 5829 1034 5880 enim
1085 5834 1258 5880 custos
1293 5828 1561 5879 diuturna
1599 5826 1809 5878 bonita-
