3936 6158
511 259 642 311 1863

1978 245 2032 296 S.
2076 239 2390 296 AMBROSll

3667 245 3774 298 1864

503 380 655 454 plebi
686 395 820 445 suae,
850 391 978 448 quas
1009 375 1153 429 sicut
1183 372 1390 427 mulier
1418 372 1518 425 illa
1556 379 1751 425 vocata
1777 373 2129 441 sequeretur,
2156 380 2214 452 Α
2234 365 2489 421 Christus
2530 367 2571 437 (Ι
2612 368 2755 428 θον..
2795 380 2884 430 xv,
2916 365 3030 434 20),
3072 363 3152 416 sic
3201 363 3336 415 tunc
3369 360 3604 431 primitiae
3635 380 3777 421 resur-

507 475 749 528 adventu
791 487 892 524 suo
938 485 998 523 se
1038 466 1322 521 remisisse
1365 468 1612 537 peccata.
1659 463 1992 534 Septuagies
2031 462 2131 515 ita-

509 583 620 638 que
661 569 718 621 et
756 563 960 635 septies
986 561 1228 615 Lamech
1258 559 1673 613 condemnatur
1705 557 1882 627 (Gem,
1911 572 1983 623 Iv,
2021 557 2132 622 2i),

509 661 642 731 quia
689 658 915 730 gravius
953 654 1248 726 delinquit,
1287 653 1385 724 qui
1424 653 1606 707 scelus
1649 652 1788 706 dum
1831 651 2013 721 punit,
2043 649 2137 702 ad-

514 753 692 808 mittit
735 752 862 822 (66).
921 751 1163 804 Omnem
1212 753 1406 802 autem
1453 747 1855 800 enormitatem
1907 743 2137 797 sceleris

512 846 778 918 baptismi
813 849 1172 898 sacramenta
1206 841 1518 896 dimittunt.
1562 840 1720 894 Disce
1754 854 1891 908 ergo
1927 838 2137 891 donare

514 940 752 1011 injurias
805 946 971 1005 tuas,
1025 937 1157 1008 quia
1209 934 1666 1006 persecutoribus
1720 932 1835 987 suis
1886 930 2138 987 Christus

516 1034 751 1105 ignovit.

583 1131 670 1182 25.
717 1127 829 1180 Nec
866 1126 1003 1180 illud
1048 1124 1310 1189 otiosum,
1347 1120 1504 1193 quod
1549 1120 1792 1175 Sabbato
1831 1136 2025 1190 passus
2056 1123 2142 1172 est

517 1222 625 1292 (67)
665 1235 895 1290 magno,
938 1217 1264 1288 signiﬁcans
1308 1215 1430 1270 fore
1472 1215 1788 1280 sabbatum,
1833 1229 1948 1284 quo
1990 1229 2140 1266 mors

517 1315 903 1368 destrueretur
949 1327 980 1364 a
1022 1310 1266 1365 Christo.
1307 1308 1472 1373 Quod
1518 1308 1562 1361 si
1607 1307 1784 1362 Juda'i
1832 1306 2141 1363 Sabbatum

517 1407 596 1462 ita
620 1406 928 1470 celebrant,
962 1407 1024 1457 ut
1052 1409 1107 1457 et
1147 1419 1404 1456 mensem
1430 1406 1484 1456 et
1513 1417 1726 1455 annum
1766 1405 1951 1454 totum
1981 1399 2140 1471 quasi

518 1501 812 1556 sabbatum
855 1498 1125 1563 habeant,
1161 1501 1375 1567 quanto
1418 1496 1599 1566 magis
1636 1512 1740 1550 nos
1779 1494 2142 1549 resurrectio-

518 1611 649 1649 nem
692 1592 915 1647 Domini
953 1592 1241 1646 celebrare
1281 1588 1583 1644 debemus!
1628 1590 1694 1643 Et
1732 1589 1859 1643 ideo
1897 1589 2143 1658 majores

2237 462 2498 533 gentium
2529 459 2773 515 Ecclesia
2799 464 2856 514 et
2884 457 3061 512 sancti
3093 456 3216 527 ejus
3247 454 3374 525 (68).

2306 581 2395 631 27.
2427 578 2536 630 Hoc
2566 575 2906 646 mysterium
2937 574 3135 629 Petrus
3176 571 3317 625 scire
3345 587 3454 625 non
3475 573 3654 642 potuit.
3679 575 3784 629 For-

2239 679 2381 725 tasse
2424 670 2611 725 scierit
2649 669 2718 724 de
2753 669 2946 723 Enoch
2978 684 2991 721 :
3025 667 3150 737 quis
3187 671 3380 720 tamen
3420 666 3586 736 potuit
3619 675 3786 738 myste-

2239 767 2387 820 rium
2419 763 2815 819 absconditum
2843 762 2901 816 in
2933 762 3048 816 Deo
3087 761 3342 814 humana
3372 766 3546 814 mente
3580 777 3789 832 compre-

2241 858 2532 914 hendere?
2563 857 2761 912 Veniat
2802 873 2941 927 ergo
2977 855 3247 909 Dominus
3285 855 3342 907 in
3371 855 3602 907 animam
3627 871 3792 925 meam,

2239 955 2296 1009 in
2326 958 2581 1007 mentem
2609 967 2820 1018 meam,
2851 956 3021 1021 atque
3049 965 3174 1002 eam
3201 947 3456 1018 subjiciat
3479 946 3602 1016 sibi;
3620 953 3676 1002 ut
3697 965 3799 1004 cum

2241 1048 2492 1119 subjecta
2532 1062 2696 1100 mens
2741 1043 2914 1100 fuerit
2957 1059 3106 1110 mea,
3148 1041 3336 1096 dicam
3371 1057 3382 1095 :
3428 1041 3591 1096 «Non
3629 1041 3798 1097 timebo

2241 1143 2412 1208 mala,
2441 1142 2711 1213 quoniam
2741 1144 2804 1194 tu
2835 1153 3061 1193 mecum
3089 1153 3146 1191 es
3173 1136 3342 1207 (Psal.
3377 1151 3499 1204 xxu,
3525 1136 3591 1205 4),
3620 1156 3643 1185 ι»

2313 1267 2490 1337 (Vers.
2520 1267 2599 1332 6.)
2628 1262 2692 1316 Si
2715 1261 3013 1315 habueritis
3043 1259 3202 1327 ﬁdem
3221 1259 3358 1311 sicut
3385 1273 3599 1326 granum
3621 1260 3804 1326 sinapis,

2242 1361 2428 1416 dicetis
2474 1359 2596 1411 huic
2639 1357 2828 1409 arbori
2871 1367 3018 1408 moro
3059 1371 3075 1406 :
3119 1350 3437 1412 Eradicare,
3479 1357 3527 1404 et
3553 1350 3736 1418 jactare
3763 1353 3808 1403 in

2241 1469 2412 1515 mare,
2443 1458 2492 1506 et
2525 1449 2781 1504 obaudiet
2811 1448 2976 1502 vobis.

2311 1571 2401 1624 28.
2443 1569 2518 1622 De
2550 1583 2727 1638 grano
2766 1565 2980 1635 sinapis
3022 1580 3194 1634 supra
3226 1564 3445 1617 dictum
3483 1565 3582 1630 est,
3610 1576 3741 1615 nunc
3763 1562 3814 1614 de

519 1687 806 1743 tradidere
864 1685 1028 1740 nobis
1076 1688 1430 1756 pentecostes
1480 1699 1678 1737 omnes
1728 1655 2208 1756 quinquaginta_
2245 1662 2450 1718 arbore
2481 1661 2626 1756 ΠΨιῆ
2667 1665 2752 1716 θεῖ
2787 1657 3221 1756 ἀίδριιῖθξι-ἀηῐησ
3253 1656 3527 1756 Arborei-11
3567 1655 3701 1756 1389,
3727 1669 3814 1708 non

518 1782 635 1836 dies
684 1787 746 1834 ut
787 1780 1008 1850 pascha:
1053 1748 1448 1846 celebrandos,
1491 1777 1626 1848 quia
1675 1748 1908 1831 octavae
1938 1748 2741 1850 hebdo-Btamen‘erborem
2782 1751 3161 1850 Cl‘ed°-_N3m
3210 1765 3339 1850 (Ιυίξθ
3366 1748 3684 1850 falioin‘lu'l
3722 1763 3820 1848 Ιπξδ·

522 1874 700 1929 madis
725 1873 952 1928 initium
982 1873 1352 1925 Pentecosten
1384 1870 1542 1924 facit.
1572 1870 1731 1924 Unde
1760 1873 1818 1923 et
1847 1868 2143 1939 Apostolus

520 1968 678 2040 quasi
732 1965 938 2021 Christi
989 1965 1334 2034 discipulus,
1390 1963 1486 2034 qui
1541 1963 1714 2017 sciret
1762 1963 2144 2016 diversitatem

522 2077 640 2116 esse
670 2066 1018 2128 temporum,
1067 2057 1319 2111 scribens
1360 2057 1431 2111 ad
1478 2056 1801 2111 Corinthios
1851 2073 1862 2110 :
1908 2079 1932 2105 α
1982 2055 2147 2126 Apud

522 2171 640 2220 vos,
683 2153 887 2224 inquit,
923 2151 1158 2206 forsitan
1203 2151 1467 2219 manebo,
1513 2153 1570 2204 et
1607 2149 1870 2205 hiemabo
1920 2151 1959 2216 (Ι
2001 2151 2144 2217 Cor.,

521 2265 629 2316 xvr,
663 2249 736 2316 6).
775 2269 801 2295 η
837 2247 902 2301 Et
932 2246 1081 2299 infra
1111 2261 1124 2298 :
1161 2265 1188 2293 ‹‹
1224 2244 1459 2299 Manebo
1493 2249 1686 2298 autem
1726 2243 1934 2314 Ephesi
1973 2260 2147 2315 usque

521 2342 592 2395 ad
639 2342 1040 2405 Pentecosten;
1093 2338 1299 2392 ostium
1350 2337 1504 2392 enim
1559 2337 1698 2391 mihi
1754 2345 2013 2409 apertum
2065 2340 2147 2392 est

521 2450 796 2504 magnum
844 2432 1022 2500 (lbid.,
1076 2435 1127 2498 8,
1183 2432 1256 2498 9).
1314 2453 1337 2478 ››
1393 2433 1584 2501 Itaque
1633 2432 1782 2501 apud
1832 2431 2148 2486 Corinthios

521 2528 770 2582 hiemem
818 2526 954 2596 agit,
1002 2541 1250 2595 quorum
1283 2525 1570 2579 erroribus
1610 2525 1951 2595 angebatur;
1995 2526 2149 2596 quod

523 2636 723 2676 eorum
779 2620 928 2674 circa
980 2619 1075 2672 Dei
1132 2619 1348 2671 cultum
1401 2617 1639 2689 frigeret
1691 2618 1957 2684 affectus,
2016 2635 2147 2672 cum

526 2713 781 2786 Ephesiis
807 2714 1176 2767 Pentecosteu
1199 2711 1464 2779 celebrat,
1494 2717 1667 2782 atque
1695 2712 1781 2765 his
1809 2712 1981 2767 tradit
2007 2729 2148 2783 mys-

523 2809 683 2875 teria,
727 2808 944 2861 relaxat
979 2807 1262 2871 animum,
1297 2805 1432 2875 quia
1471 2804 1603 2859 ﬁdei
1643 2806 1913 2860 cernebat
1952 2806 2150 2860 ardore

520 2902 828 2957 ferventes.
876 2902 1022 2970 Ergo
1074 2915 1179 2971 per
1223 2900 1325 2952 hos
1377 2899 1795 2970 quinquaginta
1834 2900 1956 2954 dies
1995 2900 2147 2970 jeju-

523 2996 683 3050 nium
721 2993 901 3048 nescit
943 2993 1203 3058 Ecclesia,
1236 2993 1376 3046 sicut
1409 2993 1703 3047 Dominica
1741 3009 1850 3064 qua
1884 2994 2150 3048 Dominus

523 3088 847 3154 resurrexit,
880 3093 937 3140 et
973 3089 1105 3140 sunt
1140 3103 1340 3139 omnes
1375 3076 1495 3140 dies.
1526 3093 1797 3158 tanquam
1834 3087 2145 3141 Dominica.
2173 3117 2227 3191 C

597 3186 686 3238 26.
731 3181 849 3234 Erit
889 3185 946 3233 et
985 3180 1091 3233 alia
1131 3179 1428 3234 Dominica
1466 3195 1576 3249 qua
1618 3180 1978 3235 Dominicum
2023 3198 2147 3234 cor-

523 3291 628 3347 pus
673 3279 954 3344 resurgat.
1001 3272 1165 3326 Novit
1208 3272 1352 3325 hanc
1396 3272 1627 3341 Paulus,
1668 3273 1764 3343 qui
1813 3273 1934 3327 ait:
1984 3275 2152 3328 «Vos

525 3374 714 3423 autem
745 3367 880 3421 estis
906 3379 1114 3435 corpus
1142 3364 1372 3432 Christi,
1401 3369 1460 3419 et
1490 3366 1749 3420 membra
1786 3383 1851 3420 ex
1883 3368 2153 3422 membris

523 3463 569 3534 (Ι
600 3463 743 3524 Cor.,
775 3477 864 3525 xu,
902 3461 1008 3530 27).
1041 3481 1068 3508 ››
1109 3460 1217 3513 Hoc
1260 3459 1414 3513 enim
1449 3475 1656 3531 corpus
1694 3461 1918 3514 Domini
1947 3465 2002 3514 et
2030 3478 2154 3516 ossa

524 3555 592 3611 de
621 3554 839 3609 ossibus
877 3553 997 3623 ejus
1027 3552 1198 3623 capiti
1237 3553 1608 3608 cohaarebunt
1637 3570 1648 3608 :
1683 3575 1710 3602 «
1742 3555 1922 3625 Caput
1959 3561 2154 3610 autem

527 3649 784 3704 Ecclesia:
813 3648 1066 3702 Christus
1110 3647 1348 3716 (Ephes.,
1390 3663 1441 3712 v,
1475 3650 1584 3718 23).
1619 3671 1645 3698 ››
1683 3649 1836 3702 Tunc
1871 3665 2007 3719 ergo
2032 3666 2150 3705 ces-

527 3743 675 3798 sabit
714 3741 1024 3813 jejunium,
1059 3740 1332 3812 quoniam
1377 3741 1435 3794 in
1481 3747 1758 3812 perpetua
1794 3742 2153 3811 jucunditate

523 3837 801 3909 fatigatio,
835 3850 1000 3901 cura,
1046 3834 1320 3888 lassitudo
1363 3835 1625 3888 cessabit.
1666 3837 1820 3890 Tunc
1862 3853 2016 3890 mors
2057 3837 2149 3891 de-

528 3934 778 3986 struetur
806 3947 819 3983 :
852 3951 880 3980 ‹‹
912 3927 1223 3983 Novissima
1250 3928 1408 3982 enim
1437 3945 1590 3982 mors
1620 3928 1873 4000 1477
1907 3930 2156 3986 destrue-

528 4029 622 4079 tur
646 4024 689 4093 (Ι
720 4027 863 4086 Corn,
892 4039 984 4091 xv,
1025 4023 1134 4092 26).
1168 4043 1196 4072 »
1234 4023 1377 4076 Nam
1423 4023 1527 4076 etsi
1572 4023 1804 4076 cessavit
1837 4023 1894 4077 in
1938 4024 2153 4092 Enoch,

529 4122 586 4171 et
613 4133 728 4170 non
766 4121 851 4169 est
886 4115 1118 4169 inventa
1151 4115 1208 4168 iu
1241 4131 1326 4182 eo,
1360 4115 1647 4170 destructa
1677 4123 1868 4171 tamen
1900 4134 2014 4172 non
2042 4124 2152 4186 est;

531 4211 624 4265 ille
657 4209 813 4264 enim
845 4213 1041 4280 raptus
1071 4214 1174 4276 est,
1204 4212 1269 4262 ut
1295 4210 1558 4264 evaderet
1587 4225 1713 4264 eam
1749 4213 1924 4278 (Gem,
1956 4229 2006 4278 v,
2034 4214 2152 4282 2i);

527 4303 781 4361 Christus
807 4309 867 4358 ut
895 4304 1232 4370 destrueret,
1262 4303 1592 4356 immolatus
1622 4310 1724 4357 est.
1759 4305 1826 4357 Et
1852 4305 1984 4359 ideo
2011 4305 2156 4360 bene

530 4398 668 4453 dixit
701 4413 713 4452 :
755 4418 782 4447 «
816 4395 919 4451 Ubi
949 4402 1051 4463 est,
1082 4412 1257 4462 mors,
1290 4396 1520 4450 victoria
1552 4396 1688 4450 tua?
1717 4396 1819 4451 Ubi
1845 4402 1950 4464 est,
1981 4415 2154 4468 mors,

2244 1850 2422 1903 fectus
2448 1848 2542 1902 hic
2572 1853 2787 1915 noster,
2827 1849 2890 1899 ut
2927 1845 3097 1899 arbor
3136 1859 3265 1915 quze
3303 1840 3677 1896 laborantibus
3698 1840 3818 1910 agri-

2246 1943 2381 1997 colis
2407 1943 2554 1996 ferat
2583 1941 2818 2006 fructus,
2850 1939 3190 2004 eradicetur,
3224 1941 3280 1991 et
3305 1935 3562 1990 mittatur
3586 1935 3639 1988 in
3663 1933 3821 1988 mare?

2248 2036 2402 2091 Licet
2427 2036 2536 2090 hoc
2576 2052 2678 2106 pro
2716 2034 2924 2088 virtute
2971 2031 3107 2086 tidei
3148 2029 3416 2102 possibile
3440 2028 3756 2099 judicemus,
3779 2030 3824 2080 ut

2247 2129 2604 2185 sensibilibus
2622 2127 2876 2199 imperiis
2899 2131 3106 2181 natura
3131 2123 3483 2179 insensibilis
3509 2122 3825 2192 obsequatur,

2247 2223 2383 2295 quid
2434 2223 2540 2278 sibi
2586 2223 2704 2277 vult
2741 2227 2931 2276 tamen
2974 2220 3151 2274 etiam
3195 2219 3316 2289 ipsa
3363 2217 3580 2272 arboris
3623 2211 3827 2285 species?

2248 2318 2382 2388 Legi
2427 2317 2660 2390 quidem
2705 2337 2717 2369 :
2762 2338 2791 2364 ‹‹
2831 2316 3026 2369 Pastor
3065 2329 3224 2368 eram
3262 2327 3583 2382 caprarum,
3616 2308 3829 2363 vellicans

2250 2427 2408 2466 mora
2450 2413 2651 2476 (Amos,
2687 2426 2784 2475 vu,
2827 2410 2931 2478 14),
2962 2429 2989 2456 ››
3031 2413 3086 2461 et
3117 2412 3254 2477 puto
3283 2405 3630 2476 praphetam
3655 2400 3830 2472 signiﬁ-

2250 2522 2408 2560 casse
2457 2504 2637 2572 nobis,
2679 2502 2832 2574 quod
2878 2519 2945 2556 ex
2987 2505 3354 2574 peccatorum
3403 2513 3575 2569 grege
3619 2499 3834 2567 peccator

2251 2600 2367 2670 ipse
2397 2613 2695 2653 conversus
2723 2598 2793 2650 sit
2820 2614 2832 2650 ε
2865 2595 2997 2649 licet
3027 2593 3337 2648 conveniat
3377 2595 3440 2645 ut
3467 2591 3686 2645 futurus
3720 2603 3832 2657 geu-

2248 2693 2391 2748 tium
2419 2691 2706 2763 propheta
2730 2690 2978 2744 fructum
3007 2686 3276 2759 quaesisse
3311 2687 3574 2740 videatur
3610 2683 3666 2736 in
3694 2679 3834 2734 senti-

2250 2787 2374 2852 bus,
2420 2786 2609 2839 cibum
2662 2801 2731 2838 ex
2779 2783 3031 2837 sentibus
3074 2781 3308 2848 eruisse,
3351 2781 3454 2834 sed
3495 2777 3762 2833 decoloros
3799 2777 3840 2825 et

2249 2879 2455 2934 fetidos
2495 2894 2697 2950 greges
2726 2877 3004 2948 gentium,
3037 2876 3277 2946 papulos
3316 2875 3638 2939 nationum,
3665 2869 3716 2924 in
3739 2882 3838 2922 suo-

2251 2991 2378 3029 rum
2405 2973 2746 3044 scriptorum
2786 2969 3009 3041 pascuis
3036 2969 3352 3033 locaturus,
3387 2973 3453 3022 ut
3491 2963 3749 3037 spirituali
3773 2977 3840 3014 re-

2251 3068 2493 3123 fectione
2541 3066 3013 3136 pinguescerent;
3061 3064 3182 3134 ipse
3230 3068 3432 3117 autem
3484 3061 3555 3115 de
3596 3061 3842 3131 peccatore

2253 3177 2525 3217 converso
2553 3160 2637 3215 lac
2663 3158 2960 3230 spirituale
2989 3157 3290 3228 mulgeret.

2321 3281 2411 3333 29.
2444 3277 2552 3332 Sed
2579 3293 2709 3330 cum
2734 3275 2794 3328 in
2824 3274 2936 3329 alio
2966 3272 3258 3344 Evangelii
3291 3273 3446 3327 libro
3478 3271 3715 3342 (Matth.,
3741 3281 3842 3330 xvu,

2257 3376 2338 3441 19)
2373 3371 2442 3426 de
2467 3376 2658 3424 monte
2689 3369 2764 3423 sit
2788 3368 3024 3436 dictum,
3048 3368 3209 3437 cujus
3231 3367 3455 3437 species
3478 3365 3632 3420 nuda
3651 3363 3846 3435 gignen-

2254 3468 2399 3522 tium
2432 3465 2651 3530 vitium,
2684 3463 3058 3533 olearumque
3087 3461 3317 3532 jejuna,
3350 3458 3659 3515 infecunda
3683 3454 3844 3511 messi-

2254 3560 2380 3629 bus,
2413 3562 2542 3630 apta
2577 3556 2822 3612 latibulis
2853 3555 3186 3622 bestiarum,
3216 3554 3602 3625 ferarumque
3636 3548 3847 3606 cursibus

2254 3654 2532 3725 inquieta,
2574 3651 2940 3706 extollentem
2973 3666 3031 3704 se
3064 3648 3435 3704 altitudinem
3474 3645 3732 3718 nequitia
3762 3640 3846 3712 spi-

2255 3747 2476 3802 ritualis
2522 3745 2784 3800 videatur
2827 3743 3171 3814 exprimere,
3218 3742 3370 3797 sicut
3419 3742 3691 3813 scriptum
3735 3737 3846 3790 est:

2257 3863 2284 3891 ‹‹
2327 3843 2464 3896 Ecce
2507 3855 2614 3910 ego
2657 3838 2728 3893 ad
2764 3842 2841 3905 te,
2886 3853 3055 3892 mons
3093 3842 3384 3907 corrupte,
3433 3836 3532 3907 qui
3575 3826 3850 3898 corrumpis

2255 3951 2487 3990 omnem
2529 3939 2744 3987 terram
2777 3934 3005 3998 (Jerem.,
3046 3947 3116 3998 Lr,
3146 3930 3268 3998 25);
3302 3951 3333 3980 ››
3373 3928 3646 4000 congruit
3679 3929 3737 3979 ut
3770 3923 3852 3975 hoc

2258 4045 2485 4100 quoque
2522 4027 2645 4082 loco
2688 4026 2994 4096 opinemur
3033 4024 3088 4078 id
3138 4023 3383 4091 dictum,
3432 4021 3699 4094 quoniam
3739 4014 3850 4070 ﬁdes

2256 4121 2517 4192 spiritum
2547 4119 2792 4175 excludit
2817 4117 3203 4184 immundum,
3232 4116 3498 4171 maxime
3524 4131 3653 4170 cum
3675 4107 3852 4165 arboris

2257 4222 2463 4271 natura
2499 4213 2631 4269 huic
2669 4218 2968 4268 concurrat
3010 4210 3290 4282 opinioni.
3333 4211 3483 4265 Nam
3527 4209 3731 4263 fructus
3757 4201 3850 4271 ejus

2257 4311 2443 4382 primo
2472 4308 2624 4364 albet
2648 4308 2706 4362 in
2735 4307 2894 4376 ﬂore,
2927 4305 3134 4361 deinde
3155 4307 3280 4376 jam
3309 4304 3595 4359 formatus
3619 4296 3849 4357 irrutilat,

2257 4404 2580 4459 maturitate
2627 4401 2919 4473 nigrescit.
2965 4399 3230 4455 Diabolus
3254 4411 3517 4471 “quoque
3566 4413 3632 4452 ex
3677 4384 3851 4447 albenti

531 4493 759 4547 aculeus
787 4496 919 4545 tuus
948 4493 986 4557 (Ι
1025 4494 1168 4553 εον..
1198 4507 1287 4557 xv,
1321 4489 1448 4560 55)?
1476 4511 1503 4540 »
1537 4491 1686 4562 Ergo
1719 4491 1776 4545 in
1814 4491 1921 4545 hac
1967 4509 2151 4548 resur-
2175 4487 2235 4559 D
2258 4497 2534 4569 angelicae
2573 4496 2713 4551 ﬂore
2761 4501 2982 4550 natura:
3027 4499 3082 4548 et
3117 4497 3402 4564 potestate
3449 4489 3714 4554 rutilanti,
3742 4498 3854 4556 prm-

529 4585 779 4640 rectione
810 4586 1020 4640 iterum
1052 4585 1310 4640 Christus
1339 4590 1618 4656 tanquam
1657 4601 1760 4639 suo
1799 4592 2058 4657 resurget
2094 4587 2155 4641 in

529 4694 786 4749 corpore.
807 4678 1013 4732 Beatus
1033 4678 1224 4750 itaque
1246 4679 1344 4750 qui
1366 4679 1634 4734 habuerit
1654 4682 1875 4750 partem
1899 4679 1953 4733 in
1979 4680 2160 4750 prima

529 4772 984 4840 resurrectione;
1029 4771 1175 4826 sicut
1219 4771 1374 4826 enim
1425 4772 1696 4843 primitiae
1749 4773 2158 4828 dormientium

594 4940 689 5005 (66)
745 4940 977 4991 Videtur
1028 4938 1121 4990 hic
1179 4940 1339 5002 sequi
1407 4940 1733 4991 Ambrosius
1793 4942 2160 5007 quorumdam

531 5014 896 5065 Hebraeorum
931 5012 1269 5075 opinionem,
1311 5014 1676 5062 asserentium
1720 5011 1955 5062 Cainum
1990 5028 2020 5062 a
2056 5013 2159 5062 La-

531 5085 730 5136 mecbo
759 5086 1154 5147 interemptum
1184 5084 1382 5142 fuisse;
1415 5085 1513 5147 qui
1551 5088 1737 5134 tamen
1773 5099 1905 5134 casu
1935 5086 2160 5135 fortuito

530 5157 586 5208 id
631 5157 838 5206 factum
881 5156 1092 5206 volunt.
1147 5153 1270 5216 Qua
1306 5154 1374 5204 de
1419 5169 1475 5204 re
1519 5155 1692 5205 multa
1737 5156 2058 5220 interpretes
2104 5158 2160 5206 in

531 5228 684 5278 hunc
706 5229 907 5278 locum.

597 5301 688 5363 (67)
730 5299 888 5349 Rom.
948 5297 1076 5348 edit.
1128 5297 1262 5358 sola,
1317 5297 1459 5361 quod
1504 5296 1728 5347 sabbato
1783 5299 2014 5362 sepultus
2069 5305 2158 5349 est.

533 5369 644 5421 Sed
689 5369 920 5419 aliarum
964 5383 1030 5420 ac
1073 5382 1204 5419 mss.
1249 5370 1495 5418 omnium
1555 5369 1610 5416 in
1661 5381 1795 5418 voce
1848 5383 2036 5432 passus
2089 5376 2162 5420 est

531 5441 981 5505 conveniemium
1021 5441 1346 5491 auctoritate
1391 5439 1734 5500 adducimur,
1779 5445 1840 5488 ut
1881 5440 2162 5491 Christum

531 5511 760 5561 sabbato
789 5525 1014 5575 passum
1053 5513 1179 5563 ideo
1223 5512 1315 5561 hic
1350 5511 1458 5561 dici
1498 5515 1871 5572 autumamus,
1911 5512 1998 5561 vel
2033 5513 2163 5576 quia

533 5587 649 5632 erat
696 5597 760 5631 ea
816 5583 932 5633 dies
979 5583 1260 5648 παρασκευή
1306 5583 1374 5632 ad
1424 5595 1668 5646 sequens
1717 5581 2030 5643 sabbatum,
2077 5584 2162 5632 vel

534 5654 704 5719 quod,
744 5659 804 5703 ut
839 5658 1020 5705 statim
1058 5656 1370 5719 subjicitur,
1403 5653 1708 5705 Sabbatum
1744 5655 1818 5703 ita
1855 5654 2164 5704 celebrare-

533 5728 620 5776 tur
668 5739 698 5774 a
737 5725 948 5774 Judaais
984 5729 1042 5775 ut
1080 5731 1134 5776 et
1175 5727 1383 5776 mensis
1426 5731 1481 5776 et
1517 5738 1698 5776 annus
1736 5727 1909 5776 instar
1949 5725 2162 5776 sabbati

532 5796 844 5848 haberetur.
879 5795 984 5846 Ubi
1009 5809 1137 5845 vero
1171 5809 1366 5845 omnes
1401 5797 1527 5847 edit.
1560 5802 1616 5847 et
1653 5797 1840 5861 plures
1881 5809 2012 5847 mss.
2051 5802 2162 5847 sta-

2260 4591 2604 4647 varicatione
2633 4590 2906 4661 dejectus,
2934 4590 3082 4642 tetro
3117 4586 3416 4642 inhorruit
3453 4586 3625 4641 odore
3653 4573 3848 4655 peccati.

2260 4687 2343 4740 En
2384 4684 2486 4739 tibi
2529 4684 2692 4738 illum
2730 4681 2921 4737 arbori
2960 4697 3120 4736 moro
3158 4681 3452 4736 dicentem
3485 4697 3498 4734 :
3529 4677 3799 4735 Eradicarc
3816 4669 3854 4722 et

2248 4780 2462 4849 jactare
2501 4781 2562 4833 in
2599 4793 2767 4840 mare,
2807 4792 2937 4830 cum
2989 4775 3280 4846 legionem
3324 4775 3498 4845 ejecit
3537 4788 3604 4826 ex
3640 4765 3849 4824 homine.

2261 4947 2360 4996 tim
2401 4945 2770 5010 subjungunt,
2797 4957 3047 5008 magnum
3079 4942 3410 5006 signiﬁcans,
3442 4945 3566 5000 etc.,
3599 4935 3851 4988 maluimus

2261 5031 2388 5069 cum
2425 5031 2559 5067 mss.
2595 5019 2734 5077 aliis,
2775 5018 2953 5080 iisque
2989 5016 3231 5065 melioris
3266 5019 3421 5065 notas
3467 5013 3647 5078 legere
3678 5012 3850 5072 magno.

2261 5095 2367 5140 etc.
2398 5088 2610 5139 Judseis
2636 5090 2787 5140 enim
2812 5090 2913 5138 tria
2946 5088 3080 5138 festa
3108 5089 3266 5137 erant
3290 5099 3424 5150 quas
3452 5083 3670 5135 sabbata
3695 5083 3850 5137 magna

2261 5161 2746 5224 nuncupabantur,
2781 5161 2990 5226 pascha
3033 5160 3262 5219 scilicet,
3295 5161 3720 5226 pentecoste,ga_c
3749 5157 3851 5226 sca:-

2261 5221 2513 5295 nopegia,
2546 5221 2800 5296 quorum-
2819 5233 3059 5295 primum
3098 5221 3314 5281 eodem’
3337 5243 3487 5280 anno
3516 5221 3770 5296 incidebat
3805 5221 3848 5264 in

2261 5293 2787 5363 sabbatum—minus,
2815 5293 2896 5352 uti
2924 5315 2990 5352 ex
3023 5303 3196 5352 sacris
3220 5301 3474 5351 historiis
3517 5293 3846 5363 intelligimus-

2263 5373 2428 5437 Quod
2457 5387 2618 5438 porro
2647 5359 2851 5424 dicitur
2875 5387 2908 5423 ι,
2937 5374 3046 5423 dies
3070 5378 3126 5422 ut
3163 5373 3364 5436 pascha
3401 5366 3738 5438 celebrandas,
3762 5359 3848 5436 huc

2262 5435 2331 5495 de
2368 5435 2705 5509 quibusdam
2752 5445 2949 5495 ritibus
2995 5435 3439 5509 intelligendum,
3484 5441 3549 5491 de
3586 5435 3767 5502 quibus
3803 5435 3847 5476 ω

2264 5520 2420 5580 Apol.
2455 5516 2656 5577 David,
2684 5531 2802 5580 cap.
2831 5517 2881 5577 8,
2912 5530 2966 5564 n.
2999 5516 3075 5566 43.
3711 5576 3718 5581 _
3771 5574 3777 5581 .

2327 5576 2423 5646 (68)
2455 5588 2576 5637 Vet.
2609 5576 2767 5649 edit.,
2793 5576 3181 5650 resurgentium
3211 5587 3473 5642 Ecclesia.
3499 5589 3542 5633 et
3563 5576 3719 5633 sancti
3737 5576 3843 5650 ejus;

2264 5672 2416 5718 mss.,
2446 5646 2829 5723 resurgentium
2859 5646 3092 5710 Ecclesia
3120 5664 3165 5709 et
3186 5659 3361 5709 sancti
3388 5663 3528 5720 ejus;
3549 5653 3694 5703 Rom.
3719 5646 3844 5700 edita

2264 5731 2645 5794 resurgentium
2670 5731 2840 5780 sancti
2859 5731 2991 5795 ejus.
