4022 6176
221 253 327 306 1865
424 210 427 211 ν

1254 247 1719 303 EXPOSITIUNlS
1759 249 1824 302 IN
1867 249 2092 304 LUCAM
2136 250 2260 303 LIB.
2305 249 2443 303 Vlll.

3388 252 3521 304 1866

215 378 256 429 in
279 389 462 446 porcos
485 372 718 426 transire
751 371 1050 441 permittit,
1081 371 1180 442 qui
1207 372 1475 444 exagitati
1507 372 1787 428 diabolico
1813 385 1870 457 Α
1891 376 2166 428 terrorem
2222 373 2486 428 omnibus
2537 372 2741 442 judicii
2793 371 3150 450 imminentis
3207 375 3520 442 incuteret,

217 467 403 538 spiritu,
432 482 486 519 se
514 466 567 518 in
594 465 773 518 maria
803 465 1223 521 demerserunt.

267 562 340 614 30.
371 560 459 613 Hic
485 559 650 628 igitur
681 561 836 614 locus
872 560 1218 614 hortatorius
1249 560 1320 614 ad
1348 560 1545 629 iidem,
1579 561 1792 615 docens

213 650 431 726 1478
469 654 756 707 moraliter
781 653 955 707 etiam
985 670 1050 706 ea
1079 670 1208 724 quae
1237 655 1471 708 solidata
1497 660 1648 720 sunt,
1680 656 1791 709 ﬁde

209 765 342 819 posse
370 746 602 800 dissolvi.
634 748 715 800 Ex
744 747 854 801 ﬁde
885 752 1077 802 autem
1116 747 1380 814 Charitas,
1413 764 1480 801 ex
1518 749 1792 802 charitate

209 858 328 912 spes,
365 844 415 894 et
444 857 628 894 rursus
655 841 712 893 in
746 858 802 894 se
835 845 1028 896 sancto
1059 841 1307 911 quodam
1334 842 1571 896 circuitu
1600 843 1792 896 refun-

211 936 411 990 duntur.

263 1031 335 1082 3|.
377 1029 542 1093 (Vers.
595 1032 645 1092 7,
684 1031 756 1096 8.)
798 1028 1064 1098 Sequitur
1107 1037 1168 1083 ut
1214 1046 1382 1084 nemo
1429 1030 1484 1083 in
1529 1031 1795 1100 operibus

211 1122 459 1192 glorietur,
503 1122 633 1190 quia
662 1121 794 1188 jure
831 1122 1068 1176 Domino
1112 1123 1391 1177 debemus
1429 1124 1792 1194 obsequium.

209 1216 318 1268 Nam
339 1215 379 1266 si
400 1217 456 1266 tu
491 1229 603 1267 non
636 1213 773 1267 dicis
799 1230 957 1269 servo
984 1217 1189 1282 aranti,
1221 1223 1316 1270 aut
1351 1233 1482 1271 oves
1505 1219 1753 1286 pascenti
1780 1236 1791 1271 :

212 1309 392 1371 Transi,
422 1309 660 1361 recumbe
691 1307 809 1374 (ubi
837 1309 1176 1380 intelligitur
1203 1311 1333 1379 quia
1364 1311 1551 1364 nullus
1583 1327 1797 1366 recum-

207 1403 288 1466 bit,
325 1402 424 1454 nisi
463 1406 594 1454 ante
641 1402 931 1455 transierit
973 1421 984 1456 :
1029 1403 1279 1474 denique
1320 1408 1377 1458 et
1408 1405 1618 1475 Moyses
1665 1412 1796 1460 ante

208 1496 445 1559 transivit,
471 1501 532 1548 ut
559 1511 840 1566 magnum
868 1498 1048 1551 visum
1076 1498 1342 1567 videret);
1367 1498 1410 1551 si
1433 1515 1568 1568 ergo
1596 1505 1654 1553 tu
1683 1515 1798 1553 non

207 1588 316 1641 dicis
349 1604 501 1642 servo
543 1593 644 1642 tuo
684 1605 696 1642 :
740 1591 1016 1655 Recumbe,
1061 1592 1155 1645 sed
1199 1591 1380 1662 exigis
1421 1592 1491 1646 ab
1536 1609 1603 1646 eo
1646 1593 1800 1646 aliud

206 1682 572 1748 ministerium,
617 1686 670 1736 et
709 1684 924 1753 gratias
963 1685 1015 1737 ei
1051 1701 1165 1738 non
1201 1686 1343 1756 agis,
1377 1686 1453 1740 ita
1499 1703 1602 1740 nec
1644 1687 1701 1740 in
1748 1695 1800 1741 te

1893 483 1993 519 nec
2024 467 2386 522 securitatem
2420 466 2706 520 dilationis
2738 465 2988 520 afferret.

1965 561 2050 614 34.
2095 562 2158 615 Ει
2196 578 2267 614 ne
2307 561 2591 616 videretur
2628 560 2968 615 contristare
3008 561 3330 632 discipulos,
3362 564 3404 615 si
3439 565 3524 617 liis

1893 654 2109 725 aliquid
2153 655 2484 725 denegaret,
2529 656 2608 708 ait
2645 655 2704 707 in
2744 654 2854 708 alio
2890 654 3035 708 libro
3065 655 3172 724 (70)
3207 672 3218 708 :
3255 675 3280 705 α
3314 656 3391 712 De
3433 657 3524 710 die

1894 752 2084 802 autem
2111 754 2168 802 et
2206 750 2344 803 hora
2387 765 2559 803 nemo
2600 749 2724 814 scit,
2769 765 2952 818 neque
2998 749 3189 819 angeli
3231 749 3526 814 caelorum,

1895 858 2083 911 neque
2107 843 2277 896 Filius
2303 844 2547 911 (Matt/iu
2579 858 2723 906 XXIV,
2755 843 2864 911 36).
2891 864 2918 891 ν
2950 843 3099 896 Bene
3131 843 3315 897 medie
3345 844 3528 912 posuit

1898 935 2122 1001 Filium,
2158 942 2241 990 est
2268 935 2422 989 enim
2450 935 2605 989 idem
2636 936 2806 990 Filius
2835 936 3088 990 hominis
3116 936 3286 990 Filius
3326 937 3438 1003 Dei,
3470 943 3530 990 ut

1897 1030 2084 1099 magis
2106 1029 2320 1083 dictum
2343 1029 2657 1084 secundum
2677 1029 2858 1083 tilium
2884 1030 3132 1084 hominis
3153 1030 3528 1093 aestimemus,

1897 1123 2030 1193 quia
2066 1127 2392 1192 temporum
2433 1122 2607 1176 tinem
2652 1139 2770 1176 non
2803 1140 2904 1192 per
2953 1129 3215 1178 naturam
3263 1123 3530 1186 hominis,

1898 1215 1997 1269 sed
2026 1232 2130 1285 per
2166 1221 2430 1270 naturam
2477 1216 2573 1270 Dei
2616 1217 2788 1270 novit.
2833 1217 2942 1270 Nec
2988 1217 3239 1271 alienum
3281 1223 3468 1272 tamen
3503 1237 3533 1270 ει

1898 1309 2007 1362 tide
2034 1313 2137 1373 est,
2173 1312 2216 1363 si
2246 1309 2446 1364 Filium
2474 1311 2713 1380 accipias
2740 1311 2862 1364 Dei.
2888 1310 3032 1374 Quid
3070 1311 3224 1364 enim
3255 1317 3338 1364 est
3377 1313 3531 1382 quod

1897 1402 2079 1456 bonus
2108 1405 2271 1457 Pater
2300 1404 2501 1457 Filium
2537 1404 2823 1470 celaverit,
2858 1405 2949 1458 cui
2979 1406 3174 1458 omnia
3205 1404 3400 1458 dedit?
3426 1409 3537 1458 Aut

1900 1498 2186 1567 quomodo
2231 1515 2340 1550 non
2379 1498 2536 1552 dedit
2573 1499 2964 1568 cognitionem
2993 1499 3288 1568 temporis,
3319 1500 3408 1552 cui
3437 1499 3533 1552 de-

1903 1590 1984 1644 dit
2013 1591 2192 1660 ipsius
2227 1591 2426 1661 judicii
2458 1597 2795 1662 potestatem
2830 1592 2977 1660 (7t)?
3009 1591 3308 1656 Quomodo
3341 1596 3532 1646 autem

1903 1685 2073 1748 Filius
2126 1685 2343 1738 nescire
2398 1691 2581 1754 potest
2625 1685 2774 1756 quod
2829 1686 2998 1739 Pater
3053 1687 3242 1753 novit;
3295 1701 3423 1739 cum
3479 1687 3536 1740 in

206 1776 389 1846 patitur
432 1776 702 1830 Dominus
734 1777 902 1830 unius
947 1795 1108 1832 usum
1138 1795 1259 1833 esse
1291 1780 1480 1849 operis
1513 1784 1612 1834 aut
1643 1781 1798 1834 labo-
1823 1759 1878 1828 Β
1903 1779 2064 1832 Patre
2092 1778 2264 1832 Filius
2296 1779 2366 1832 sit
2392 1781 2589 1849 (Joan.,
2617 1795 2725 1847 Xiv,
2763 1783 2869 1848 Η),
2901 1782 2959 1833 et
2985 1778 3227 1849 Spiritus
3257 1783 3540 1834 scrutetur

206 1871 293 1937 ris;
319 1869 459 1940 quia,
501 1869 639 1924 dum
679 1871 938 1937 vivimus,
981 1871 1252 1927 debemus
1290 1889 1516 1943 semper
1559 1877 1801 1944 operari.

263 1966 336 2017 32.
365 1963 532 2031 (Vers.
569 1967 676 2030 l7.)
710 1966 856 2035 Ergo
886 1981 1133 2034 agnosce
1175 1984 1296 2020 esse
1337 1972 1391 2020 te
1425 1984 1647 2022 servum
1680 1970 1800 2039 plu-

209 2058 337 2110 rimis
364 2057 649 2128 obsequiis
676 2058 1095 2114 defeneratum.
1123 2061 1244 2114 Non
1272 2065 1323 2114 te
1352 2062 1640 2132 presteras,
1670 2063 1806 2133 quia

209 2151 329 2204 ﬁlius
373 2153 462 2207 Dei
521 2153 730 2206 diceris
784 2170 796 2206 ε
849 2155 1209 2222 agnoscenda
1267 2157 1482 2225 gratia,
1537 2156 1632 2210 sed
1691 2173 1805 2210 non

208 2247 486 2314 ignoranda
523 2253 748 2300 natura.
779 2248 967 2317 Neque
1009 2249 1060 2300 te
1094 2248 1272 2316 jactes
1312 2250 1358 2302 si
1395 2250 1541 2304 bene
1568 2251 1804 2316 servisti,

211 2340 332 2408 qood
373 2340 549 2394 facere
598 2340 864 2394 debuisti.
911 2340 1254 2412 Obsequitur
1299 2344 1403 2408 sol,
1448 2343 1809 2414 obtemperat

209 2432 335 2498 luna,
379 2435 634 2488 serviunt
679 2435 889 2504 angeli.
942 2435 1046 2487 Vas
1093 2435 1354 2504 gentium
1395 2437 1605 2492 electus
1642 2455 1675 2491 a
1707 2439 1808 2490 Do-

210 2526 338 2579 mino
368 2545 379 2580 :
417 2549 442 2574 ‹‹
470 2529 594 2581 Non
631 2544 778 2596 sum,
809 2528 1012 2598 inquit,
1047 2529 1254 2599 dignus
1283 2531 1468 2583 vocari
1499 2531 1806 2601 apostolus,

209 2620 315 2689 quia
344 2625 674 2692 persecutus
700 2637 824 2675 sum
859 2622 1163 2676 Ecclesiam
1188 2624 1286 2677 Dei
1308 2624 1352 2694 (Ι
1374 2625 1517 2685 Co-r._.
1550 2641 1642 2693 xv,
1672 2628 1746 2694 9).
1779 2646 1804 2674 »

210 2712 394 2768 Deinde
427 2716 560 2769 alibi
607 2715 818 2769 nullius
860 2732 916 2770 se
954 2717 1255 2771 ostendens
1286 2719 1577 2772 conscium
1609 2720 1806 2789 culpae,

210 2806 413 2877 subjecit
439 2825 451 2861 :
483 2829 509 2859 (ι
541 2808 657 2863 Sed
685 2824 798 2862 non
829 2809 887 2862 in
917 2809 1024 2863 hoc
1055 2810 1397 2879 justiticatus
1432 2829 1558 2866 sum
1591 2815 1631 2882 (1
1664 2816 1804 2877 Cor.,

211 2914 268 2965 Iv,
298 2902 360 2970 4).
389 2924 414 2951 ››
445 2903 508 2956 Et
537 2919 645 2956 nos
671 2918 810 2973 ergo
836 2919 948 2956 non
975 2919 1006 2955 a
1033 2903 1199 2957 nobis
1229 2904 1461 2959 laudem
1494 2905 1807 2976 exigamus,

212 3009 295 3047 nec
340 2997 739 3067 praeripiamus
781 2996 1059 3065 judicium
1118 2998 1238 3062 Dei,
1290 3004 1347 3052 et
1402 3000 1810 3069 praeveniamus

213 3089 522 3144 sententiam
550 3089 785 3159 judicis,
817 3089 918 3144 sed
949 3107 1050 3144 suo
1081 3092 1348 3161 tempori,
1378 3109 1478 3146 suo
1508 3093 1687 3162 judici
1721 3110 1806 3148 re-

210 3196 483 3237 servemus.
518 3185 658 3237 Post
683 3183 805 3237 hasc
844 3184 1343 3254 reprehenduntur
1376 3186 1613 3256 ingrati;
1642 3193 1809 3257 atque

211 3273 272 3326 ita
293 3276 510 3332 demum
540 3277 616 3331 ad
647 3280 951 3330 tractatum
980 3277 1157 3332 futuri
1187 3278 1412 3334 venitur
1433 3280 1658 3350 judicii.

267 3370 423 3437 (Vers.
465 3374 554 3437 3t,
598 3373 710 3434 32.)
752 3374 815 3426 1n
846 3371 945 3424 illa
973 3373 1107 3426 hora.
1133 3375 1230 3442 qui
1259 3375 1431 3439 fuerit
1466 3377 1525 3427 in
1569 3381 1722 3451 tecto,
1763 3384 1813 3428 et

211 3477 318 3517 vasa
343 3465 447 3532 ejus
488 3468 545 3518 in
585 3465 766 3526 domo,
802 3481 866 3519 ne
904 3465 1196 3520 descendat
1239 3468 1423 3522 tollere
1465 3469 1596 3532 illa;
1637 3477 1686 3523 et
1721 3473 1816 3539 qui

211 3558 256 3608 in
290 3574 427 3626 agro,
460 3559 718 3613 similiter
765 3574 872 3613 non
919 3559 1102 3614 redeat
1149 3566 1312 3616 retro.
1355 3564 1612 3616 Memores
1656 3570 1815 3618 estote

215 3653 371 3705 iis-oris
396 3654 544 3707 Loth.

213 3788 226 3804 ,
267 3745 341 3799 33.
376 3747 758 3816 Interrogatus
784 3763 815 3800 a
845 3747 1131 3818 discipulis
1161 3749 1268 3819 (69)
1296 3749 1569 3803 Dominus
1590 3750 1816 3820 quando

212 3839 399 3894 veniret
439 3856 688 3910 regnum
722 3840 840 3907 Dei,
871 3842 951 3894 ait
985 3858 996 3894 :
1028 3845 1268 3909 Regnum
1309 3846 1401 3898 Dei
1437 3847 1588 3898 intra
1608 3858 1700 3897 vos
1743 3851 1816 3899 est

212 3928 349 4001 (vers.
395 3937 505 4005 2t),
553 3934 756 4005 utique
805 3951 910 4004 per
954 3935 1250 3989 veritatem
1297 3936 1512 4008 gratiae,
1559 3954 1673 3992 non
1717 3954 1820 4008 per

214 4027 514 4083 servitutem
567 4029 772 4098 culpas.
825 4031 1017 4100 Itaque
1061 4030 1158 4100 qui
1205 4032 1322 4085 vult
1367 4048 1488 4086 esse
1536 4031 1699 4096 liber,
1747 4033 1821 4084 sit

213 4133 376 4174 servus
403 4122 460 4176 in
495 4123 773 4189 Domino;
804 4139 871 4177 ea
898 4123 1053 4177 enim
1081 4128 1242 4194 parte
1271 4141 1380 4195 qua
1414 4125 1821 4195 participamnr

215 4213 475 4281 servitute,
505 4216 916 4287 participamnr
943 4220 998 4270 et
1025 4233 1225 4288 regno.
1258 4217 1349 4272 Ait
1377 4234 1516 4288 ergo
1542 4235 1554 4272 :
1580 4222 1821 4288 Regnum

219 4305 294 4358 Dei
331 4310 473 4363 intra
525 4325 620 4364 vos
657 4313 762 4375 est;
811 4311 1041 4380 quando
1090 4314 1284 4364 autem
1331 4312 1586 4379 veniret,
1640 4313 1824 4366 noluit

218 4398 400 4469 dicere,
446 4405 541 4457 sed
588 4403 728 4456 dixit
762 4403 960 4471 judicii
1008 4404 1158 4458 diem
1210 4422 1329 4459 esse
1377 4410 1715 4471 venturum;
1758 4412 1823 4461 ut

270 4597 352 4656 (69)
396 4598 539 4648 Edit.
603 4598 758 4648 Rom.
806 4599 947 4659 sola,
990 4600 1353 4664 Interrogatus
1399 4617 1433 4651 a
1481 4603 1822 4653 Pharisaeis...

221 4668 376 4730 utique
415 4683 511 4732 per
548 4669 840 4719 libertatem
879 4672 1082 4733 gratias.
1128 4671 1238 4722 Sed
1276 4674 1329 4721 in
1372 4687 1509 4724 voce
1545 4674 1826 4724 Pharisais

219 4741 376 4798 potuit
420 4744 650 4792 sanctus
693 4742 899 4792 Doctor
952 4744 1037 4792 vel
1080 4745 1364 4805 memoria,
1406 4746 1490 4794 vel
1537 4759 1647 4809 quo
1691 4759 1827 4795 usus

222 4813 289 4856 est
334 4812 555 4873 codice,
609 4814 724 4862 falli
772 4827 782 4859 :
831 4819 1206 4877 praeterquam
1259 4816 1409 4879 quod
1463 4818 1519 4864 in
1572 4819 1827 4880 sequenti

222 4892 365 4932 versu
389 4885 602 4934 mentio
630 4885 690 4933 ﬁt
716 4884 1114 4948 discipulorum
1147 4901 1159 4934 :
1187 4900 1293 4935 vox
1331 4892 1516 4937 autem
1560 4889 1828 4938 veritatem

222 4959 348 5004 recta
375 4961 490 5015 est;
521 4970 649 5006 cum
677 4957 790 5018 illa,
825 4963 887 5006 ut
917 4959 1030 5020 jam
1067 4971 1096 5005 a
1132 4958 1296 5008 nobis
1336 4959 1690 5009 observatum
1726 4965 1826 5020 est,

221 5022 348 5074 idem
391 5028 539 5090 apud
580 5027 839 5090 probatos
875 5034 1131 5079 auctores
1173 5029 1511 5094 quandoque
1554 5032 1830 5095 signiﬁcet

224 5105 278 5144 ac
303 5102 562 5161 equites;
595 5103 781 5163 itaque
806 5114 900 5164 per
933 5103 1204 5150 veritatem
1243 5104 1428 5166 gratiae
1466 5103 1693 5166 perinde
1728 5103 1832 5152 erit

225 5168 368 5230 atque
393 5183 490 5232 per
519 5172 836 5235 aequitatem
863 5186 960 5222 seu
991 5174 1259 5235 justitiam
1292 5187 1419 5237 quae
1455 5179 1641 5224 ortum
1678 5173 1832 5224 ducit

226 5249 282 5285 ex
303 5243 486 5302 gratia.

279 5311 365 5382 (ἷο)
416 5313 510 5363 Sic
560 5319 664 5365 vet.
716 5315 842 5365 edit.
894 5322 949 5366 et
994 5318 1181 5366 cuncti
1231 5331 1345 5366 mss
1373 5354 1386 5378 ,
1434 5318 1541 5366 nisi
1583 5317 1733 5382 quod
1779 5319 1834 5366 in

230 5381 544 5443 quibusdam
593 5388 1030 5450 praetermittitur
1080 5389 1136 5436 in
1186 5388 1294 5438 alio
1347 5388 1500 5438 libro.
1554 5381 1625 5438 At
1675 5389 1831 5439 Rom.

230 5451 342 5502 edit.
379 5455 564 5506 locum
592 5459 908 5508 immutavit
937 5461 993 5508 in
1038 5459 1184 5509 hanc
1226 5461 1478 5521 formam,
1517 5460 1563 5510 si
1600 5473 1684 5510 eos
1726 5461 1837 5509 ali—

232 5524 345 5583 quid
368 5526 631 5588 celaverit,
655 5529 1001 5592 subjungitur
1029 5544 1047 5577 :
1073 5531 1136 5579 Et
1165 5532 1241 5579 ait
1270 5529 1343 5580 ad
1377 5529 1665 5593 discipulos
1697 5544 1837 5588 suos,

234 5595 418 5646 venient
445 5599 571 5648 dies.
601 5601 665 5650 Et
701 5603 758 5648 in
792 5600 900 5650 alio
933 5600 1087 5652 libro.
1115 5601 1186 5650 Et
1223 5605 1345 5665 post
1381 5614 1492 5651 non
1531 5602 1705 5651 multa
1742 5601 1840 5651 ubi

235 5666 438 5736 amerb.
470 5683 598 5722 cum
629 5675 821 5736 paucis
849 5687 1002 5734 mss.,
1039 5674 1169 5722 Bene
1195 5673 1423 5722 modium
1450 5673 1625 5736 posuit
1652 5672 1839 5736 ﬁlium,

236 5738 282 5808 et
305 5735 420 5787 Era.
443 5753 510 5790 ac
536 5741 656 5793 Gill.
681 5757 813 5793 cum
840 5745 1089 5808 reliquis,
1119 5746 1252 5794 Bene
1280 5735 1466 5799 medie,
1488 5749 1614 5804 etc.,
1648 5744 1840 5794 eadem

238 5805 376 5860 Rom.
408 5812 539 5862 edit.
565 5815 814 5879 exhibet,
845 5805 982 5867 Bene
1011 5819 1322 5881 interposuit
1348 5816 1534 5879 ﬁlium.
1567 5816 1677 5867 Sed
1717 5830 1842 5866 om-

551 5903 826 5974 PATROL.
875 5905 1004 5974 XV.
1050 5905 1235 5989 (XIV,
1285 5925 1439 5971 rans
1485 5906 1592 5987 ll.)

1845 4504 1904 4574 D

1906 1873 2078 1926 etiam
2105 1873 2219 1926 alta
2247 1873 2349 1926 Dei
2380 1873 2422 1943 (l
2456 1875 2598 1934 Cor.,
2627 1890 2682 1939 ll,
2719 1876 2838 1940 10);
2873 1889 3002 1926 cum
3044 1873 3161 1944 ipse
3205 1873 3377 1927 Filius
3416 1873 3538 1927 alti-

1907 1967 2046 2020 tudo
2078 1967 2149 2020 sit
2178 1965 2503 2020 divitiarnm
2531 1966 2823 2037 sapientia:
2854 1970 2911 2020 et
2938 1966 3188 2020 scientiae
3210 1967 3312 2020 Dei
3337 1966 3536 2037 (Rom,

1908 2077 1980 2126 ιι,
2032 2060 2164 2127 33)?
2211 2059 2326 2114 Sed
2373 2077 2474 2114 cur
2521 2061 2668 2115 nolit
2713 2060 2924 2125 dicere,
2978 2059 3240 2132 1479
3297 2061 3546 2115 ostendit

1909 2153 2017 2207 alio
2057 2154 2178 2206 loco
2213 2170 2224 2206 :
2264 2177 2291 2202 ‹‹
2323 2155 2444 2207 Non
2480 2159 2565 2207 est
2595 2160 2842 2208 vestrum
2872 2153 3012 2208 scire
3041 2157 3302 2224 tempora
3345 2162 3402 2208 et
3440 2171 3537 2207 an-

1911 2263 2014 2301 nos
2039 2263 2166 2317 qute
2197 2249 2358 2301 Pater
2383 2247 2568 2317 posuit
2601 2248 2657 2300 in
2690 2263 2788 2301 sua
2818 2252 3098 2317 potestate
3128 2248 3300 2318 (Act.,
3334 2265 3371 2315 1,
3403 2248 3479 2319 7).
3512 2271 3538 2296 ››

1981 2343 2066 2394 35.
2122 2339 2338 2393 Videtis
2395 2357 2508 2410 quo
2566 2341 2766 2394 tendat
2823 2341 2919 2410 qui
2975 2340 3312 2395 Trinitatem
3371 2347 3543 2413 negat

1912 2433 2078 2487 unius
2107 2433 2425 2504 potestatis,
2459 2438 2520 2486 ut
2552 2433 2623 2487 sit
2647 2434 2859 2503 aliquid
2886 2434 3039 2504 quod
3079 2435 3294 2489 nesciat
3337 2434 3544 2488 Filius?

1909 2530 2020 2583 Cur
2045 2527 2197 2580 enim
2229 2528 2439 2581 celaret
2466 2527 2670 2582 Filium
2697 2527 2989 2597 proprium
3019 2529 3224 2581 Pater?
3250 2531 3360 2582 Aut
3386 2532 3540 2582 enim

1911 2620 2135 2674 invidiae
2169 2637 2334 2673 causa
2365 2621 2632 2674 nolumus
2660 2620 2784 2673 aliis
2823 2620 3088 2674 intimare
3119 2621 3271 2691 quod
3307 2621 3541 2690 scimus,

1912 2717 2010 2768 aut
2041 2731 2112 2768 ne
2141 2715 2290 2768 forte
2323 2714 2667 2784 prodamur;
2716 2713 2820 2767 sed
2859 2730 2966 2768 nec
2995 2713 3169 2768 invidi
3205 2715 3263 2769 in
3300 2715 3542 2780 Patrem,

1912 2824 2016 2862 nec
2046 2807 2357 2878 proditoris
2387 2808 2443 2861 in
2478 2807 2676 2862 Filium
2707 2808 2951 2878 suspicio
2983 2807 3155 2862 cadit.
3189 2809 3340 2879 Ergo
3378 2809 3546 2864 unius

1912 2908 2045 2957 sunt
2070 2902 2434 2972 cognitionis,
2465 2902 2599 2973 quia
2629 2901 2797 2955 unius
2826 2907 2958 2955 sunt
2984 2902 3298 2972 potestatis.
3326 2903 3542 2958 Deinde

1911 2996 2006 3067 qui
2033 2997 2196 3066 signa
2223 2996 2378 3050 novit
2403 2995 2583 3050 futuri
2604 2995 2828 3065 judicii,
2850 2995 3051 3066 utique
3077 2997 3240 3050 novit
3265 3000 3323 3050 et
3342 2997 3540 3052 finem.

1983 3093 2070 3144 36.
2118 3091 2288 3156 (Vers.
2335 3089 2447 3159 24.)
2487 3089 2630 3153 Quid
2677 3089 2834 3142 enim
2875 3094 2962 3144 est
3001 3090 3152 3160 quod
3199 3090 3410 3145 nesciat
3452 3092 3546 3145 ille

1913 3185 2052 3238 sicut
2095 3183 2290 3254 fulgur
2318 3199 2639 3248 coruscans,
2680 3199 2746 3236 eo
2775 3181 2928 3254 quod
2967 3183 3080 3249 lux,
3112 3183 3210 3237 Dei
3248 3184 3418 3239 Filius
3454 3184 3544 3239 in-

1918 3285 2077 3332 terna
2106 3277 2359 3348 mysterii
2379 3277 2618 3331 ccelestis
2637 3276 2958 3331 illnminet?
2976 3279 3042 3331 In
3061 3278 3184 3340 illa,
3207 3277 3393 3349 inquit
3413 3277 3547 3350 (72),

1915 3372 2067 3425 hora.
2101 3373 2248 3441 Ergo
2286 3375 2345 3424 et
2382 3371 2583 3426 horam
2619 3371 2806 3438 novit;
2855 3369 2954 3425 sed
2991 3371 3149 3425 novit
3182 3371 3322 3438 sibi,
3370 3373 3550 3426 nescit

1917 3465 2076 3520 mihi.
2126 3468 2274 3520 Bene
2316 3470 2510 3520 autem
2552 3480 2782 3519 causam
2820 3463 3038 3531 diluvii,
3082 3471 3137 3519 et
3180 3464 3452 3534 incendii,
3494 3472 3551 3520 et

1909 3559 2111 3630 judicii
2166 3560 2234 3614 de
2281 3559 2487 3613 nostris
2536 3559 2735 3613 asserit
2781 3557 3038 3628 prodisse
3084 3559 3356 3628 peccatis;
3412 3560 3547 3632 quia

1919 3654 2060 3707 Dens
2104 3654 2318 3707 malum
2363 3669 2478 3706 non
2522 3653 2754 3717 creavit,
2806 3651 2902 3706 sed
2956 3659 3141 3708 nostra
3190 3652 3292 3706 sibi
3349 3654 3548 3708 merita

1918 3751 2275 3817 repererunt.

1991 3843 2161 3909 (Vers.
2216 3841 2327 3909 27.)
2381 3841 2629 3894 Edebant
2688 3839 2843 3892 enim
2903 3845 2952 3891 et
3010 3839 3289 3904 bibebant;
3359 3856 3552 3895 umores

1920 3936 2208 3996 ducebant,
2230 3939 2280 3988 et
2304 3934 2595 3989 nubebant.

1993 4034 2080 4084 37.
2127 4030 2244 4082 Non
2296 4027 2429 4099 quia
2473 4027 2744 4098 conjugia
2791 4027 3157 4094 damnentur,
3203 4043 3304 4082 nec
3351 4033 3412 4082 ut
3447 4029 3549 4083 ali-

1923 4129 2109 4178 menta
2137 4123 2513 4189 damnentur;
2541 4137 2671 4176 cum
2697 4121 2758 4175 in
2787 4120 2894 4175 illis
2914 4120 3322 4189 successiones,
3347 4121 3406 4176 in
3434 4122 3552 4178 istis

1924 4223 2138 4272 naturae
2178 4216 2430 4271 subsidia
2470 4216 2610 4282 sint;
2645 4215 2899 4286 alioquin
2946 4216 3014 4271 de
3058 4217 3166 4271 hoc
3209 4216 3426 4271 mundo
3471 4225 3556 4273 est

1923 4312 2266 4378 exeundum,
2315 4311 2410 4364 sed
2443 4310 2500 4364 in
2529 4309 2795 4364 omnibus
2823 4309 3029 4364 modus
3055 4311 3334 4381 quaeritur
3348 4329 3366 4380 ;
3395 4312 3556 4382 quid-

1924 4406 2058 4477 quid
2087 4408 2278 4459 autem
2311 4404 2694 4459 abundantius
2721 4408 2824 4470 est,
2853 4419 2883 4456 a
2913 4404 3062 4458 malo
3090 4407 3192 4458 est.
3229 4404 3310 4459 Sit
3350 4405 3556 4476 aliquis

1925 4603 2056 4650 nino
2100 4599 2396 4663 legendum
2442 4599 2626 4653 medie,
2670 4597 2777 4646 hoc
2822 4601 2920 4659 est,
2971 4609 3082 4646 non
3138 4597 3559 4648 determinando

1929 4677 2112 4722 utrum
2149 4672 2246 4722 Dei
2270 4685 2340 4720 an
2367 4670 2608 4720 hominis.

1992 4745 2086 4806 (7-1)
2116 4745 2243 4793 Mss.
2274 4743 2507 4806 aliquot,
2534 4755 2703 4804 supra
2735 4739 2954 4790 illorum
2979 4740 3398 4803 fundamentum.

1991 4816 2091 4876 (72)
2123 4815 2280 4864 Rom.
2328 4813 2479 4873 edit.,
2528 4813 2600 4860 De
2641 4812 2725 4862 die
2768 4817 2941 4861 autem
2980 4818 3024 4862 et
3061 4812 3192 4862 hora
3242 4813 3374 4863 dixit
3417 4816 3560 4864 Mat—

1931 4886 2108 4935 tliaeus.
2157 4884 2361 4934 Verum
2402 4895 2466 4931 ea
2511 4883 2746 4931 mutatio
2790 4895 2898 4930 non
2947 4882 3174 4933 aliunde
3220 4885 3438 4934 invecta
3481 4888 3564 4933 est

1931 4971 2099 5023 quam
2127 4956 2276 5020 quod
2316 4955 2658 5019 superiorem
2702 4954 2868 5005 Lucas
2909 4959 3126 5005 textum
3162 4968 3290 5006 cum
3332 4957 3562 5020 rejecis-

1932 5034 2014 5080 set
2042 5033 2162 5092 post
2193 5027 2360 5076 verba
2399 5027 2629 5076 inferius
2668 5028 2866 5090 posita,
2905 5027 2993 5076 sed
3038 5027 3106 5074 ml
3148 5026 3396 5090 gloriam,
3427 5028 3566 5077 alios

1934 5106 2118 5152 textus
2167 5101 2402 5150 omissos
2443 5098 2511 5147 ab
2562 5099 2854 5148 Ambrosio
2903 5099 3266 5156 substituerit,
3312 5099 3379 5150 ad
3425 5113 3567 5164 quos

1934 5173 2122 5223 referri
2151 5185 2260 5220 non
2299 5175 2510 5234 poterat
2541 5172 2644 5218 ista
2671 5170 2962 5232 expositio.
3003 5167 3164 5229 Quod
3209 5175 3398 5220 autem
3439 5184 3568 5220 mox

1934 5243 2243 5307 subjicitur,
2270 5243 2416 5292 novit
2448 5241 2571 5299 sibi,
2610 5243 2769 5290 nescit
2805 5239 2952 5299 mihi,
2994 5239 3345 5289 referendum
3385 5246 3468 5290 est
3501 5243 3569 5301 ad

1936 5316 2222 5378 superiora
2253 5315 2368 5373 illa,
2396 5315 2485 5362 sed
2511 5327 2607 5362 cur
2637 5313 2770 5362 nolit
2797 5311 2988 5369 dicere,
3016 5310 3253 5360 ostendit.
3285 5311 3571 5376 QuaprOp-

1938 5393 2020 5437 ter
2046 5387 2137 5436 hic
2171 5400 2281 5435 non
2313 5391 2392 5435 est
2422 5383 2810 5448 aequivocalio,
2838 5381 2934 5431 sed
2963 5383 3319 5444 melonymiae
3354 5385 3573 5446 species

1938 5474 2048 5524 qua
2081 5471 2250 5508 causa
2289 5455 2359 5506 ab
2396 5455 2598 5506 eﬂ‘ectu
2635 5455 3062 5511 denominalur;
3099 5451 3382 5516 quomodo
3421 5453 3574 5504 hunc

1937 5531 2126 5581 locum
2155 5530 2322 5578 etiam
2359 5528 2429 5576 ab
2459 5527 2770 5589 Augustino
2796 5525 3111 5588 expositum
3143 5525 3452 5587 reperimus
3477 5525 3573 5574 lli).

1943 5604 2128 5664 anst.
2159 5602 2240 5658 83,
2272 5603 2472 5662 quaest.
2501 5598 2580 5648 60.
2612 5598 2862 5660 Namque
2895 5595 2970 5646 ibi
2999 5609 3029 5644 a
3056 5597 3302 5645 maximo
3327 5595 3424 5646 illo
3449 5597 3582 5646 doc-

1942 5678 2058 5723 tore
2080 5671 2331 5731 traditur,
2360 5671 2562 5720 nescire
2591 5669 2785 5718 Filium
2810 5668 2885 5717 sic
2909 5668 3108 5716 dictum
3134 5679 3262 5726 esse,
3289 5669 3420 5731 quia
3448 5667 3579 5731 facit

1942 5746 2144 5795 nescire
2168 5744 2420 5799 homines,
2455 5743 2506 5792 id
2531 5747 2622 5804 cst,
2660 5753 2767 5790 non
2802 5739 2985 5805 prodit
3027 5741 3101 5789 eis
3141 5739 3282 5803 quod
3318 5740 3582 5792 inutiliter

1944 5818 2159 5867 scirent.

3189 5908 3266 5967 ‘0’9
