4022 6176
553 245 678 294 1867

542 378 848 418 consensus
901 363 974 417 ad
1024 370 1271 435 tempus,
1319 373 1380 418 ut
1427 381 1690 420 vacemus
1742 364 1987 419 orationi
2036 383 2048 418 :

542 456 733 527 aliqua
758 456 909 511 inter
932 456 1340 513 sollicitudines
1369 459 1589 524 mundi,
1617 461 1676 513 et
1710 458 2170 528 intemperantiae

544 550 801 621 crapulas
843 549 1119 605 sobrietas
1162 551 1474 623 religionis,
1515 556 1572 606 et
1615 551 1859 607 induciae
1903 551 2170 606 castitatis

543 644 585 713 (Ι
616 645 758 708 Cor.,
788 660 882 711 vn,
913 647 987 713 5).

613 739 702 791 38.
724 738 872 808 Ergo
893 738 1029 808 quia
1053 747 1292 809 propter
1318 740 1609 810 improbos
1634 757 1868 795 necesse
1897 744 1983 794 est
2009 741 2170 810 probi

542 831 602 885 in
622 831 729 885 hoc
749 831 954 885 saeculo
977 833 1381 887 contritionem
1403 834 1590 888 cordis
1610 835 1928 906 animaeque
1955 836 2173 906 patian-

544 929 658 993 tur,
681 940 794 997 quo
813 924 1138 980 uberiorem
1161 928 1488 983 mercedem
1509 928 1790 999 accipiant
1811 928 1869 982 in
1888 929 2168 994 futurum,

545 1019 811 1073 remediis
835 1019 1229 1090 instruuntur;
1256 1025 1316 1074 ut
1342 1022 1439 1092 qui
1465 1022 1522 1074 in
1551 1022 1743 1076 Judaea
1772 1027 1922 1088 sunt,
1947 1022 2172 1092 fugiant

543 1113 604 1167 in
645 1116 868 1168 montes
901 1114 1146 1183 (Matth.,
1184 1130 1327 1180 xx1v,
1364 1117 1465 1184 16).
1505 1115 1638 1179 Quae
1683 1119 1766 1170 est
1805 1116 1909 1170 ista
1943 1116 2172 1170 Iudaea?

545 1206 679 1260 Novi
723 1206 876 1261 enim
915 1212 973 1261 et
1014 1207 1186 1261 aliam
1227 1207 1486 1262 Judmam
1530 1210 1841 1264 secundum
1883 1209 2168 1279 spiritum,

546 1315 661 1354 non
707 1300 1018 1355 secundum
1053 1301 1344 1356 litteram:
1381 1322 1408 1350 ι(
1449 1304 1627 1358 Notus
1674 1303 1828 1356 enim
1877 1303 1935 1357 in
1977 1303 2172 1357 Judaaa

543 1393 690 1448 Deus
724 1395 892 1465 (Psal.
935 1409 1091 1462 Lxxv,
1131 1395 1206 1465 2).
1238 1416 1264 1443 ››
1319 1395 1524 1459 Quales
1567 1399 1759 1450 autem
1809 1395 1901 1450 isti
1946 1402 2172 1450 montes

542 1487 640 1557 qui
687 1487 906 1557 possint
960 1492 1176 1542 metum
1222 1488 1400 1543 futuri
1449 1489 1716 1544 cohibere
1762 1489 1988 1560 judicii,
2040 1506 2170 1544 cum

544 1579 816 1650 scriptum
861 1581 932 1634 sit
966 1598 979 1634 :
1017 1603 1044 1629 ιι
1085 1582 1324 1636 Tremor
1369 1588 1564 1638 autem
1611 1588 1835 1637 montes
1877 1583 2173 1653 occupabit

543 1674 696 1743 (lsa.,
721 1690 861 1740 inv,
887 1678 938 1741 3)
955 1675 981 1728 τ
998 1697 1026 1724 ››
1046 1707 1111 1714 -
1130 1677 1384 1731 «Caelum
1403 1682 1459 1731 et
1481 1681 1634 1730 terra
1654 1676 1977 1730 transibunt
1999 1677 2170 1746 (Luc.,

542 1783 652 1835 xxi,
690 1769 798 1836 33),
829 1789 856 1816 »
888 1769 1176 1839 quomodo
1219 1774 1500 1824 terrarum
1543 1770 1725 1839 portio
1767 1771 2020 1824 manebit
2061 1771 2169 1824 im-
2201 1747 2249 1817 Β

544 1861 753 1927 munis,
786 1866 883 1914 aut
911 1863 1060 1915 tueri
1098 1879 1192 1916 me
1229 1864 1454 1934 poterit,
1484 1879 1612 1934 quae
1651 1880 1757 1917 nec
1791 1864 1913 1934 ipsa
1951 1881 2008 1918 se
2056 1881 2168 1918 ser-

545 1954 670 2007 vat?
711 1953 811 2007 Ubi
858 1954 1037 2025 igitur
1082 1971 1174 2009 me
1221 1956 1290 2009 ab
1343 1957 1426 2009 ira
1479 1957 1602 2026 ejus
1651 1957 2014 2024 abscondam,
2077 1958 2173 2027 qui

543 2047 843 2102 conturbat
871 2047 1218 2118 profundum
1251 2049 1464 2103 maris?
1497 2070 1523 2096 ‹‹
1553 2049 1606 2104 Si
1638 2050 1943 2106 ascendere
1971 2051 2030 2105 in
2061 2067 2173 2105 coe-

543 2140 698 2209 lum,
744 2140 820 2194 ibi
873 2147 985 2209 est;
1037 2142 1080 2195 si
1135 2142 1480 2197 descendero
1535 2144 1593 2196 in
1640 2144 1963 2213 infernum,
2015 2145 2175 2199 adest

541 2233 707 2303 (Psal.
733 2250 985 2301 cxxxvm,
1010 2237 1081 2304 8).
1106 2257 1133 2285 ››
1158 2237 1281 2291 Νοη
1303 2252 1442 2306 ergo
1474 2237 1588 2290 falli
1618 2243 1804 2307 potest
1838 2237 1935 2308 qui
1961 2238 2173 2309 ubique

545 2333 649 2395 est,
678 2327 776 2382 sed
805 2329 1034 2399 placari.

613 2424 701 2477 39.
730 2421 904 2476 Adest
936 2423 1130 2494 itaque
1152 2423 1355 2493 judicii
1392 2424 1546 2493 dies;
1577 2425 1624 2478 si
1661 2425 1741 2478 vis
1767 2441 1884 2480 non
1914 2441 2171 2496 compre-

545 2515 740 2583 hendi,
778 2516 1030 2587 quotidie
1075 2517 1239 2586 time,
1284 2518 1538 2588 quotidie
1584 2519 1738 2589 fuge.
1788 2519 2003 2583 Quaeris
2041 2536 2176 2590 quo-

546 2609 716 2664 modo
742 2609 965 2681 fugias?
987 2631 1014 2660 «
1043 2611 1304 2666 Ascende
1333 2612 1392 2666 in
1421 2616 1681 2667 montem
1707 2612 1804 2684 qui
1831 2613 2175 2683 evangelizas

546 2704 678 2758 Sion
725 2703 874 2774 (lsa.,
924 2721 1013 2770 XL,
1060 2705 1135 2774 9),
1180 2725 1206 2754 ιδ
1248 2710 1310 2759 ut
1353 2707 1705 2761 excelsorum
1748 2707 1958 2761 vertice
1997 2707 2175 2777 possis

546 2797 800 2853 eminere
828 2798 1174 2853 meritorum
1209 2816 1222 2852 :
1259 2800 1406 2853 Deus
1447 2801 1601 2854 enim
1638 2801 1944 2868 montium,
1975 2804 2033 2854 et
2059 2817 2176 2855 non

544 2891 692 2945 Deus
717 2891 948 2946 vallium
974 2897 1059 2946 est
1096 2892 1182 2960 (lll
1221 2895 1372 2959 Beg.,
1417 2909 1507 2962 xx,
1549 2894 1660 2961 28).
1697 2894 1950 2948 Ascende
1982 2910 2048 2948 eo
2079 2893 2173 2948 ubi

545 2984 798 3040 Christus
841 2985 1004 3040 sedet
1048 2985 1123 3040 ad
1167 2985 1460 3040 dexteram
1505 2986 1623 3053 Dei,
1672 2988 1832 3056 cujus
1877 3008 1903 3035 ‹‹
1951 2987 2174 3041 Funda-

545 3082 742 3134 menta
777 3079 836 3133 in
874 3078 1166 3133 montibus
1208 3080 1415 3133 sanctis
1458 3080 1621 3149 (Psal.
1666 3096 1882 3146 LXXXVI,
1921 3080 2057 3149 1);»
2099 3086 2172 3147 et,
2198 3119 2252 3191 Ο

549 3194 576 3222 ‹‹
610 3173 820 3228 Montes
865 3173 925 3226 in
963 3171 1203 3226 circuitu
1238 3173 1362 3242 ejus
1403 3173 1569 3241 (Psal.
1613 3190 1790 3242 cxxw,
1833 3177 1905 3241 2).
1948 3197 1973 3223 υ
2021 3175 2177 3228 Mons

550 3269 681 3326 tuus
718 3264 942 3331 Paulus,
972 3279 1138 3319 mons
1174 3269 1305 3319 tuus
1347 3267 1544 3319 Petrus
1581 3272 1684 3321 est.
1726 3267 1906 3336 Supra
1945 3267 2175 3320 illorum

550 3358 720 3413 fidem
767 3358 973 3413 mentis
1021 3363 1136 3413 tua:
1183 3359 1364 3414 locato
1419 3359 1741 3429 vestigium.
1793 3362 1851 3414 lu
1909 3362 2030 3432 lege
2076 3362 2178 3414 Dei

546 3459 718 3524 atque
755 3452 1084 3507 hereditate
1121 3452 1253 3507 iidei
1285 3452 1626 3508 constitutos
1659 3453 1862 3523 judicii
1907 3454 2026 3509 dies
2065 3471 2176 3509 non

547 3547 617 3601 ad
644 3562 872 3618 poenam
905 3546 1267 3613 invenit,.sed
1298 3546 1367 3601 ad
1396 3546 1656 3617 gloriam.

623 3638 881 3713 1480
911 3641 997 3695 40.
1037 3641 1091 3696 Si
1139 3640 1264 3712 quis
1303 3640 1472 3695 etiam
1515 3640 1572 3695 in
1620 3645 1770 3696 tecto
1811 3647 1896 3697 est
1937 3643 2175 3712 positus,

551 3737 660 3790 hoc
689 3742 794 3800 est,
822 3733 1118 3806 superiora
1135 3737 1264 3804 jam
1291 3735 1495 3789 domus
1522 3751 1662 3802 suae,
1688 3735 2178 3808 eminentiumque

550 3829 822 3883 virtutum
851 3828 1075 3883 culmen
1107 3827 1383 3894 ascendit,
1412 3828 1484 3882 ad
1513 3831 1743 3883 terrena
1783 3829 1981 3884 mundi
2009 3831 2178 3900 hujus

551 3938 728 3994 opera
752 3938 869 3976 non
895 3921 1123 3976 recidat.
1157 3921 1291 3976 Novi
1324 3921 1481 3976 enim
1508 3925 1722 3977 tectum
1748 3923 1806 3977 in
1838 3939 1953 3994 quo
1982 3924 2178 3978 Rahab

549 4017 646 4070 illa
675 4021 808 4087 typo
834 4015 1105 4070 meretrix
1137 4015 1335 4086 (Iosue,
1366 4031 1423 4083 ιι,
1457 4019 1475 4068 l
1509 4016 1668 4086 seq.),
1693 4018 1959 4087 mysterio
1989 4018 2174 4071 Eccle-

551 4110 634 4164 sia
652 4113 1140 4164 sacramentorum
1168 4109 1453 4164 consortio
1476 4109 1703 4180 populis
1722 4111 1984 4180 copulata
2004 4111 2179 4180 genti-

555 4202 716 4268 libus,
757 4201 1137 4273 exploratores
1179 4218 1320 4273 quos
1358 4202 1518 4256 Jesus
1562 4202 1784 4270 direxit,
1825 4203 2123 4259 abscondit
2162 4221 2175 4257 :

554 4296 655 4367 qui
684 4297 730 4349 si
761 4295 832 4349 ad
870 4295 1140 4349 inferiora
1175 4295 1596 4350 descendissent
1628 4297 1846 4364 domus,
1879 4298 1948 4352 ab
1986 4300 2179 4368 explo-

552 4390 830 4445 ratoribus
871 4390 969 4460 qui
1027 4389 1097 4444 ad
1150 4388 1546 4460 corripiendos
1597 4407 1693 4444 eos
1745 4391 1900 4445 missi
1953 4393 2181 4447 fuerant

2008 243 2062 296 S.
2107 243 2198 296 AM
2208 242 2426 296 BROSII

3717 248 3830 299 1868

2101 365 2172 420 sit
2193 381 2251 450 Α
2275 365 2610 434 grediamur
2636 382 2668 418 a
2695 368 2843 418 tecto
2867 383 2878 428 ;
2910 380 2980 418 ue
3013 365 3150 418 dum
3184 379 3312 416 vasa
3339 380 3460 433 quae
3483 365 3538 416 in
3561 365 3710 418 domo
3734 377 3840 421 sunt

2273 459 2501 512 auferre
2552 458 2833 528 cupimus,
2883 456 3195 528 capiamur.
3247 457 3366 510 Non
3421 455 3564 510 enim
3615 457 3667 510 in
3713 461 3840 513 omni

2273 553 2440 606 domo
2475 557 2607 606 sunt
2632 569 2762 606 vasa
2788 567 2961 606 aurea
2991 557 3047 606 et
3074 553 3366 622 argentea,
3393 550 3494 604 sed
3521 551 3575 604 in
3601 551 3844 622 plerisque

2273 651 2405 700 sunt
2429 646 2622 717 lignea
2653 663 2665 700 :
2695 661 2799 700 nec
2824 645 3008 699 omnis
3039 645 3243 699 domus
3269 644 3461 714 plena;
3495 648 3617 698 sunt
3639 642 3777 698 enim
3801 649 3846 698 et

2273 756 2485 807 vacuae,
2519 755 2658 811 quas
2688 739 2841 793 novit
2867 737 3151 810 propheta
3183 737 3279 808 qui
3318 737 3457 790 dixit
3489 753 3500 790 :
3534 758 3559 784 «
3591 736 3720 800 Quid
3756 738 3844 790 fac-

2275 837 2394 887 tum
2421 838 2504 887 est
2531 831 2635 885 tibi
2665 849 2838 900 nunc,
2869 830 3003 902 quia
3027 829 3327 885 ascendisti
3350 829 3408 882 in
3431 829 3620 883 domos
3646 831 3847 883 vacuas?

2273 928 2504 997 lmpleta
2543 930 2628 980 est
2669 925 2860 980 civitas
2907 924 3276 980 clamantium
3321 923 3472 992 (Isa.,
3511 939 3631 991 χιιι,
3665 926 3707 990 l,
3738 925 3798 991 2).
3826 946 3848 971 ››

2273 1022 2341 1075 Et
2369 1020 2611 1090 subjecit
2639 1037 2649 1074 :
2690 1041 2717 1071 «
2743 1019 2951 1074 Omnes
2992 1018 3278 1089 principes
3317 1017 3396 1070 tui
3440 1017 3712 1087 fugerunt,
3740 1018 3846 1086 qui-

2272 1131 2495 1186 cunque
2538 1115 2596 1168 in
2633 1118 2688 1168 te
2723 1113 3001 1168 vulnerati
3041 1115 3175 1166 sunt
3208 1110 3396 1182 (Ibid.,
3429 1110 3500 1178 3),
3533 1115 3585 1164 et
3615 1109 3681 1164 ad
3708 1109 3850 1180 perli-

2274 1209 2427 1262 diam
2466 1209 2534 1262 de
2566 1208 2675 1262 ﬁde
2713 1207 2854 1278 lapsi
2895 1210 3046 1261 sunt.
3089 1206 3425 1260 Vulneratus
3469 1207 3552 1257 est
3590 1202 3849 1267 Sabellius,

2273 1303 2597 1357 vulneratus
2625 1305 2707 1355 est
2741 1301 3090 1366 Valentinus,
3132 1300 3461 1353 vulneratus
3488 1300 3569 1351 est
3595 1296 3742 1350 Arius
3767 1313 3778 1350 :
3805 1296 3851 1349 in

2275 1398 2443 1452 domo
2475 1395 2629 1450 enim
2652 1411 2828 1449 vacua
2860 1401 2990 1448 sunt
3021 1393 3251 1464 reperti.

2343 1492 2430 1544 42.
2486 1489 2576 1543 Vis
2625 1487 2864 1542 domum
2920 1487 3111 1541 videre
3165 1485 3436 1557 plenam?
3485 1487 3714 1554 Sequere
3771 1485 3854 1536 Pe-

2273 1590 2446 1650 trum,
2476 1599 2606 1637 cum
2633 1582 2873 1636 esuriret
2899 1581 2967 1635 ad
2997 1581 3198 1635 domus
3224 1580 3515 1650 superiora
3541 1576 3856 1648 gradientem

2275 1680 2442 1742 (Act.,
2480 1695 2533 1747 x,
2577 1679 2626 1746 9)
2662 1694 2674 1730 :
2710 1676 2784 1729 ibi
2827 1675 3058 1746 agnovit
3101 1675 3441 1745 mysterium
3481 1671 3721 1727 Ecclesiae
3748 1686 3858 1724 con-

2274 1771 2614 1842 gregandte,
2671 1776 2734 1824 ut
2791 1769 3067 1840 gentilem
3125 1769 3400 1839 populum
3453 1782 3567 1820 non
3612 1764 3859 1834 judicaret

2275 1865 2660 1931 immundum,
2688 1879 2860 1934 quem
2901 1863 3040 1917 ﬁdes
3077 1863 3181 1931 (73)
3210 1865 3400 1932 posset
3438 1860 3509 1914 ab
3545 1853 3692 1912 omni
3723 1873 3859 1910 mun-

2274 1961 2405 2013 dare
2435 1958 2716 2028 contagio.
2749 1959 2892 2011 Vasa
2927 1961 3120 2010 autem
3159 1956 3228 2010 de
3267 1956 3388 2009 luto
3429 1959 3559 2008 sunt
3593 1969 3605 2006 :
3638 1967 3762 2022 ergo
3785 1965 3861 2003 vas

2275 2069 2479 2124 corpus
2533 2056 2636 2106 est.
2690 2053 2759 2105 Et
2808 2051 2934 2105 ideo
2987 2066 3117 2104 cave
3170 2065 3242 2103 ne
3295 2047 3572 2103 desiderio
3621 2044 3862 2114 corporis,

2275 2147 2540 2217 praeclara
2581 2145 2790 2200 mentis
2823 2145 3009 2200 studia
3047 2144 3432 2213 derelinquas.
3471 2140 3528 2196 Si
3558 2142 3743 2194 Petrus
3773 2153 3861 2189 non

2273 2241 2489 2310 accepit
2513 2239 2843 2310 mysterium
2869 2239 2930 2292 in
2957 2236 3324 2292 inferioribus
3354 2235 3588 2306 positus,
3619 2236 3678 2286 tu
3706 2246 3866 2302 quem-

2273 2334 2582 2390 admodum
2626 2333 2906 2403 accipies?
2951 2331 3046 2385 lile
3084 2330 3318 2401 accepit,
3363 2329 3496 2399 quia
3536 2324 3788 2389 ascendit,
3819 2329 3866 2375 ut

2277 2427 2687 2498 evangelizaret
2739 2425 3067 2490 Dominum,
3119 2422 3447 2494 passionem
3495 2419 3732 2491 corporis
3773 2431 3866 2470 non

2276 2522 2520 2577 timeret.

2346 2618 2434 2671 43.
2471 2617 2618 2686 Ergo
2666 2615 2770 2680 Qui
2804 2617 2864 2668 in
2903 2619 3034 2668 tecto
3069 2619 3166 2674 est,
3210 2627 3316 2665 non
3365 2611 3678 2673 descendat;
3719 2613 3763 2662 et
3798 2609 3872 2675 qui

2274 2713 2332 2764 in
2376 2725 2505 2780 agro
2547 2715 2642 2772 est,
2686 2725 2795 2762 non
2834 2713 3142 2762 revertatur
3179 2711 3346 2760 retro.
3389 2704 3547 2758 Unde
3588 2701 3869 2770 intelligam

2278 2803 2412 2875 quid
2453 2803 2524 2857 sit
2561 2819 2718 2873 ager,
2753 2801 2863 2856 nisi
2908 2802 3026 2871 ipse
3069 2815 3163 2854 me
3205 2799 3411 2853 doceat
3447 2799 3622 2865 Jesus,
3668 2796 3870 2849 dicens:

2280 2920 2307 2948 «
2351 2899 2526 2952 Nemo
2566 2897 2794 2951 mittens
2835 2909 3074 2949 manum
3111 2894 3169 2947 in
3207 2897 3489 2958 aratrum,
3523 2896 3580 2945 et
3608 2888 3873 2958 respiciens

2279 2996 2450 3055 retro,
2495 2997 2660 3062 aptus
2702 2995 2787 3043 est
2821 3004 3002 3059 regno
3049 2988 3319 3041 caelorum
3363 2987 3542 3057 (Lua,
3587 2999 3657 3049 ix,
3701 2981 3816 3049 62)?
3852 3001 3872 3027 ν

2276 3087 2495 3141 Otiosus
2532 3085 2589 3138 in
2621 3085 2750 3138 villa
2787 3083 2964 3147 sedet,
2993 3081 3308 3135 laboriosus
3347 3080 3407 3134 in
3446 3095 3584 3149 agro
3621 3076 3870 3131 seminat:

2278 3178 2478 3233 debilis
2519 3177 2590 3231 ad
2635 3177 2845 3242 focum,
2889 3174 3050 3230 fortis
3095 3174 3164 3226 ad
3213 3179 3494 3228 aratrum.
3543 3173 3723 3226 Bonus
3763 3166 3877 3221 odor

2279 3272 2432 3343 agri;
2467 3271 2609 3326 odor
2643 3271 2798 3325 enim
2831 3269 3003 3323 Jacob
3030 3267 3170 3322 odor
3200 3267 3325 3337 agri
3357 3266 3510 3338 pleni
3542 3266 3708 3334 (Gem,
3736 3274 3873 3323 xxvn,

2279 3368 2384 3434 27).
2436 3369 2586 3436 Ager
2626 3365 2826 3435 plenus
2864 3366 2950 3417 est
2988 3363 3213 3426 ﬂorum,
3251 3361 3460 3432 plenus
3503 3365 3586 3413 est
3623 3357 3877 3411 fructuum

2279 3460 2656 3514 diversorum.
2708 3461 2817 3511 Ara
2862 3456 3038 3526 igitur
3081 3470 3286 3525 agrum
3323 3459 3512 3521 tuum,
3550 3452 3594 3506 si
3630 3452 3708 3504 vis
3734 3444 3875 3515 dirigi

2282 3554 2353 3608 ad
2405 3553 2500 3608 Dei
2549 3567 2814 3622 regnum.
2872 3550 3087 3603 Floreat
3135 3548 3239 3601 tibi
3291 3547 3577 3602 bonorum
3621 3559 3772 3614 seges
3811 3539 3876 3592 fe-

2280 3646 2468 3701 cunda
2496 3646 2858 3699 meritorum.
2887 3643 2969 3698 Sit
3000 3662 3027 3693 (ι
3057 3641 3194 3695 Vitis
3223 3641 3524 3695 abundans
3550 3640 3608 3693 in
3635 3634 3874 3692 lateribus

2281 3742 2486 3795 domus
2516 3746 2648 3805 tuae,
2683 3743 2739 3792 et
2765 3737 2988 3791 novella
3012 3735 3290 3790 olivarum
3318 3735 3380 3788 in
3419 3734 3655 3789 circuitu
3702 3739 3877 3784 mensa

2278 3840 2392 3888 tuas
2439 3833 2603 3902 (Psal.
2653 3847 2850 3898 cxxvn,
2896 3833 2967 3900 3).
3015 3848 3041 3879 ι)
3093 3829 3250 3883 Dicat
3293 3828 3492 3882 anima
3534 3833 3628 3881 tua
3667 3822 3875 3884 Christo,

2279 3927 2580 3982 fertilitatis
2617 3942 2732 3979 suae
2766 3925 2890 3994 jam
2935 3923 3179 3990 conscia,
3224 3928 3282 3976 et
3329 3921 3614 3976 seminata
3656 3910 3870 3990 1481

2281 4021 2380 4075 Dei
2428 4021 2618 4086 verbo,
2669 4018 3018 4090 spiritalibus
3059 4031 3291 4088 quoque
3342 4015 3564 4070 inarata
3611 4008 3824 4066 culturis
3870 4021 3879 4056 :

2284 4137 2311 4166 «
2341 4115 2500 4181 Veni,
2533 4114 2706 4168 frater
2733 4128 2914 4181 meus,
2950 4126 3224 4166 exeamus
3251 4109 3308 4163 in
3347 4125 3555 4180 agrum
3589 4109 3775 4178 (Cant,
3803 4114 3878 4164 νην

2286 4213 2389 4276 ll).
2422 4231 2447 4256 η
2479 4209 2573 4264 llle
2603 4205 2944 4277 respondeat
2972 4221 2985 4258 :
3012 4225 3038 4252 «
3071 4203 3306 4258 lntroivi
3339 4202 3400 4256 in
3443 4203 3674 4256 hortum
3699 4209 3878 4256 meum,

2283 4319 2442 4358 soror
2493 4317 2622 4355 mea
2669 4315 2880 4370 sponsa
2927 4315 2939 4351 :
2988 4296 3332 4351 vindemiavi
3383 4296 3674 4366 myrrham
3721 4301 3879 4345 meam

2284 4398 2487 4467 (Cant,
2522 4411 2572 4463 v,
2615 4395 2682 4462 l).
2715 4416 2742 4441 ››
2773 4393 2912 4457 Quae
2945 4391 3099 4445 enim
3130 4391 3329 4445 melior
3361 4405 3539 4460 quam
3571 4388 3694 4442 ﬁdei
3722 4379 3878 4438 vinde-

553 4485 907 4540 occidissent.
947 4484 1182 4538 Tectum
1223 4500 1361 4554 ergo
1391 4484 1648 4538 sublimis
1683 4491 1765 4539 est
1810 4485 2018 4540 mentis
2056 4488 2260 4566 oﬂi-D
2283 4492 2424 4555 mia,
2483 4505 2597 4560 qua
2650 4486 3077 4541 resurrectionis
3127 4486 3343 4539 fructus
3397 4482 3746 4545 reconditur,
3791 4487 3881 4545 qua

553 4579 727 4648 cium,
753 4578 1077 4649 animmque
1105 4578 1416 4649 fastigium,
1445 4594 1558 4649 quo
1586 4579 1740 4633 nuda
1768 4581 2019 4651 corporis
2047 4597 2182 4652 ope-

554 4671 700 4727 ritur
727 4673 1054 4726 intirmitas.
1084 4672 1239 4726 Unde
1273 4672 1413 4725 mihi
1450 4671 1678 4727 videtur
1703 4674 1875 4728 etiam
1907 4675 2180 4746 paralyti-

555 4783 654 4822 cus
690 4766 786 4820 ille
830 4766 1037 4820 idcirco
1080 4782 1198 4820 esse
1226 4770 1477 4834 sanctus,
1520 4768 1653 4837 quia
1683 4784 1716 4821 a
1748 4771 1996 4839 quatuor
2015 4769 2179 4839 juve-

556 4861 726 4916 nibus
765 4859 1042 4915 demissus
1088 4877 1118 4915 e
1161 4865 1306 4915 tecto
1349 4869 1432 4917 est
1479 4863 1693 4932 (Mam,
1738 4879 1794 4931 ιι,
1836 4867 1920 4932 2);
1978 4865 2108 4936 quia
2152 4883 2184 4918 a

555 4959 803 5028 quatuor
831 4954 1174 5010 adminiculo
1202 4956 1496 5025 virtutum,
1529 4957 1861 5027 prudentia},
1892 4957 2179 5014 fortitudi-

553 5050 662 5120 nis,
699 5050 1116 5122 temperantias,
1156 5053 1326 5122 atque
1360 5051 1618 5122 justitiae,
1653 5052 1724 5106 ad
1767 5051 1939 5122 pedes
1978 5053 2184 5108 Christi

555 5145 666 5200 alta
686 5144 938 5216 quadam
957 5160 1018 5198 se
1039 5143 1262 5199 ratione
1283 5145 1540 5216 subjecit.
1564 5145 1714 5199 Nihil
1733 5147 1892 5200 enim
1915 5147 2184 5202 excelsius

553 5239 896 5303 humilitate,
943 5254 1070 5308 qua:
1112 5243 1392 5308 tanquam
1441 5239 1698 5309 superior
1741 5241 1920 5294 nescit
1961 5241 2180 5296 extolli.

554 5332 688 5404 quia
716 5349 886 5388 nemo
926 5331 981 5386 id
1011 5331 1252 5402 affectat,
1289 5333 1440 5404 quod
1469 5334 1621 5387 infra
1648 5351 1707 5387 se
1731 5333 1968 5403 judicat.

624 5428 711 5481 41.
762 5425 873 5482 Sed
902 5427 1181 5498 quoniam
1210 5427 1272 5482 in
1307 5427 1524 5497 judicio
1571 5444 1881 5496 versamur,
1933 5446 2050 5485 non
2095 5430 2179 5486 di-

616 5593 710 5655 (73)
757 5594 876 5644 Non
919 5596 993 5644 ita
1029 5595 1123 5646 hic
1165 5595 1304 5646 ﬁdes
1345 5596 1724 5660 intelligenda,
1772 5603 1830 5647 ut
1878 5599 2182 5648 necessitas

558 5662 828 5732 bonorum
860 5677 1090 5725 operum
1122 5667 1473 5729 excludatur,
1505 5667 1654 5732 quod
1687 5682 1819 5719 sane
1845 5669 1915 5720 ab
1944 5670 2182 5720 Ambro-

556 5729 1097 5804 siidoctrinaAquam
1136 5729 1542 5790 alienissimum
1579 5752 1700 5790 esse
1745 5739 1917 5804 probe
1955 5745 2178 5803 norunt,

558 5802 653 5868 qui
685 5801 739 5849 in
768 5802 891 5861 ejus
919 5801 1157 5854 lectione
1180 5819 1292 5856 non
1321 5813 1450 5859 sunt
1479 5812 1709 5860 omnino
1739 5801 2044 5876 peregrini;
2083 5801 2180 5863 sed

2287 4589 2576 4656 perpetuae
2608 4579 2816 4634 laetitiae
2847 4579 2977 4633 fons
3004 4579 3264 4649 rigatur?

2357 4680 2444 4733 44.
2504 4680 2696 4746 Itaque
2755 4690 2882 4727 cum
2952 4673 3236 4744 respicere
3294 4669 3679 4742 prohibearis,
3734 4659 3885 4718 multo

2287 4774 2466 4844 magis
2499 4771 2684 4826 redire
2724 4766 3064 4840 prohiberis,
3099 4770 3156 4820 et
3191 4765 3397 4820 tollere
3433 4763 3712 4827 tunicam;
3757 4767 3885 4810 com-

2285 4865 2480 4938 peristi
2524 4865 2679 4919 enim
2714 4862 2867 4934 quod
2908 4860 2959 4916 ei
2998 4860 3094 4932 qui
3135 4859 3390 4914 tunicam
3432 4863 3490 4912 te
3531 4851 3766 4927 petierit,
3806 4862 3878 4900 re-

2288 4961 2513 5016 mittere
2558 4957 2766 5013 debeas
2815 4960 2870 5009 et
2919 4954 3157 5026 pallium
3206 4953 3450 5022 (Matth.,
3506 4966 3556 5014 ν,
3608 4949 3710 5016 40).
3764 4942 3885 5009 Ergo

2287 5055 2531 5109 directus
2563 5053 2633 5106 ad
2667 5051 2764 5106 Dei
2799 5064 3066 5121 regnum;
3106 5061 3240 5118 opes
3269 5051 3326 5101 et
3363 5041 3760 5116 patrimonium
3789 5046 3882 5087 non

2287 5148 2562 5218 requiras.
2594 5146 2755 5200 Novit
2781 5151 2838 5199 et
2864 5144 3036 5198 aliam
3082 5141 3373 5211 Scriptura
3409 5137 3676 5200 tunicam,
3702 5131 3766 5184 de
3789 5138 3883 5197 qua

2286 5259 2386 5297 nos
2430 5243 2688 5294 hortatur
2728 5238 3030 5310 Apostolus
3071 5234 3266 5288 dicens
3308 5249 3320 5284 :
3367 5254 3394 5281 ‹‹
3440 5233 3513 5286 Ut
3548 5225 3884 5298 exspoliantes

2288 5339 2528 5391 veterem
2559 5333 2856 5388 hominem
2893 5347 3022 5385 cum
3057 5327 3277 5383 actibus
3305 5327 3449 5397 ejus,
3482 5320 3662 5378 induti
3701 5325 3880 5371 novum

2288 5430 2525 5488 (001058.,
2574 5444 2653 5496 ιιι,
2702 5429 2754 5494 9,
2802 5428 2907 5494 10),
2945 5445 2970 5474 ι)
3013 5421 3317 5493 superioris
3363 5419 3614 5474 tunicam
3661 5427 3764 5466 non
3806 5419 3876 5459 re-

2284 5613 2348 5650 ea
2389 5598 2506 5648 sola
2550 5597 2676 5647 ideo
2721 5596 3058 5650 nominatur,
3105 5592 3240 5657 quia
3294 5588 3490 5638 salutis
3535 5598 3597 5634 ac
3645 5578 3876 5657 virtut-uni

2284 5649 2534 5722 omnium
2558 5673 2643 5719 est
2665 5649 3208 5727 fundamentum-ut
3240 5661 3400 5712 docet
3437 5659 3659 5708 sanctus
3695 5649 3872 5727 nos-(91:.

3166 5735 3213 5798 9,
3249 5745 3404 5784 num.
3449 5731 3527 5790 28,
3558 5731 3714 5789 atque
3747 5713 3872 5770 alibi.
