  <div class='ocr_page' id='page_1' title='image "/cluster/home/n/w/nwhite01/storage/ocr_20150623/15/hvd.32044048207278/316.png"; bbox 0 0 4022 6176; ppageno 0'>
   <div class='ocr_carea' id='block_1_1' title="bbox 146 316 247 370">
    <p class='ocr_par' dir='ltr' id='par_1_1' title="bbox 146 316 247 370">
     <span class='ocr_line' id='line_1_1' title="bbox 146 316 247 370; baseline -0.02 -2"><span class='ocrx_word' id='word_1_1' title='bbox 146 316 247 370; x_wconf 84' lang='grc'><strong>1869</strong></span> 
     </span>
    </p>
   </div>
   <div class='ocr_carea' id='block_1_2' title="bbox 1173 307 2361 374">
    <p class='ocr_par' dir='ltr' id='par_1_2' title="bbox 1173 307 2361 374">
     <span class='ocr_line' id='line_1_2' title="bbox 1173 307 2361 374; baseline 0.003 -7"><span class='ocrx_word' id='word_1_2' title='bbox 1173 307 1643 373; x_wconf 67' lang='grc' dir='ltr'>ΕΧΡΟΞΙΤῘΟΝΙΒ</span> <span class='ocrx_word' id='word_1_3' title='bbox 1681 319 1748 374; x_wconf 85' lang='lat' dir='ltr'>IN</span> <span class='ocrx_word' id='word_1_4' title='bbox 1791 319 2014 374; x_wconf 80' lang='lat' dir='ltr'>LUCAM</span> <span class='ocrx_word' id='word_1_5' title='bbox 2058 319 2182 372; x_wconf 87' lang='lat' dir='ltr'>LIB.</span> <span class='ocrx_word' id='word_1_6' title='bbox 2229 320 2361 373; x_wconf 90' lang='lat' dir='ltr'>Vlll.</span> 
     </span>
    </p>
   </div>
   <div class='ocr_carea' id='block_1_3' title="bbox 3321 330 3451 380">
    <p class='ocr_par' dir='ltr' id='par_1_3' title="bbox 3321 330 3451 380">
     <span class='ocr_line' id='line_1_3' title="bbox 3321 330 3451 380; baseline 0.008 -2"><span class='ocrx_word' id='word_1_7' title='bbox 3321 331 3336 378; x_wconf 84' lang='lat' dir='ltr'>l</span> <span class='ocrx_word' id='word_1_8' title='bbox 3351 330 3451 380; x_wconf 88' lang='grc'>870</span> 
     </span>
    </p>
   </div>
   <div class='ocr_carea' id='block_1_4' title="bbox 140 438 3449 528">
    <p class='ocr_par' dir='ltr' id='par_1_4' title="bbox 140 438 3449 528">
     <span class='ocr_line' id='line_1_4' title="bbox 140 438 3449 528; baseline 0.005 -37"><span class='ocrx_word' id='word_1_9' title='bbox 140 440 389 510; x_wconf 84' lang='lat' dir='ltr'>quiramus</span> <span class='ocrx_word' id='word_1_10' title='bbox 424 438 642 493; x_wconf 88' lang='lat' dir='ltr'>erroris.</span> <span class='ocrx_word' id='word_1_11' title='bbox 678 440 837 495; x_wconf 86' lang='lat' dir='ltr'>Unde</span> <span class='ocrx_word' id='word_1_12' title='bbox 879 446 938 494; x_wconf 91' lang='lat' dir='ltr'>et</span> <span class='ocrx_word' id='word_1_13' title='bbox 978 441 1076 497; x_wconf 88' lang='lat' dir='ltr'>illa</span> <span class='ocrx_word' id='word_1_14' title='bbox 1118 443 1197 498; x_wconf 92' lang='lat' dir='ltr'>ait</span> <span class='ocrx_word' id='word_1_15' title='bbox 1239 461 1250 498; x_wconf 90' lang='lat'>:</span> <span class='ocrx_word' id='word_1_16' title='bbox 1299 465 1327 493; x_wconf 88' lang='lat'><strong><em>«</em></strong></span> <span class='ocrx_word' id='word_1_17' title='bbox 1366 445 1540 499; x_wconf 82' lang='lat' dir='ltr'>Nocte</span> <span class='ocrx_word' id='word_1_18' title='bbox 1581 446 1714 499; x_wconf 84' lang='lat' dir='ltr'>exui</span> <span class='ocrx_word' id='word_1_19' title='bbox 1739 446 1992 528; x_wconf 72' lang='lat' dir='ltr'>Amitur</span> <span class='ocrx_word' id='word_1_20' title='bbox 2033 462 2046 500; x_wconf 88' lang='lat'><strong>:</strong></span> <span class='ocrx_word' id='word_1_21' title='bbox 2095 446 2195 517; x_wconf 86' lang='lat' dir='ltr'>qui</span> <span class='ocrx_word' id='word_1_22' title='bbox 2235 445 2539 499; x_wconf 82' lang='lat' dir='ltr'>assumitur</span> <span class='ocrx_word' id='word_1_23' title='bbox 2585 447 2808 516; x_wconf 84' lang='lat' dir='ltr'>rapitur</span> <span class='ocrx_word' id='word_1_24' title='bbox 2854 446 3080 502; x_wconf 83' lang='lat' dir='ltr'>obviam</span> <span class='ocrx_word' id='word_1_25' title='bbox 3125 450 3343 505; x_wconf 84' lang='lat' dir='ltr'>Christo</span> <span class='ocrx_word' id='word_1_26' title='bbox 3392 453 3449 506; x_wconf 89' lang='lat' dir='ltr'>in</span> 
     </span>
    </p>
   </div>
   <div class='ocr_carea' id='block_1_5' title="bbox 136 531 1713 608">
    <p class='ocr_par' dir='ltr' id='par_1_5' title="bbox 136 531 1713 608">
     <span class='ocr_line' id='line_1_5' title="bbox 136 531 1713 608; baseline 0.002 -21"><span class='ocrx_word' id='word_1_27' title='bbox 136 549 205 587; x_wconf 89' lang='lat' dir='ltr'>me</span> <span class='ocrx_word' id='word_1_28' title='bbox 229 531 461 586; x_wconf 81' lang='lat' dir='ltr'>tunicam</span> <span class='ocrx_word' id='word_1_29' title='bbox 487 548 691 599; x_wconf 85' lang='lat' dir='ltr'>meam,</span> <span class='ocrx_word' id='word_1_30' title='bbox 722 535 1008 606; x_wconf 91' lang='lat' dir='ltr'>quomodo</span> <span class='ocrx_word' id='word_1_31' title='bbox 1038 535 1248 591; x_wconf 90' lang='lat' dir='ltr'>induar</span> <span class='ocrx_word' id='word_1_32' title='bbox 1275 554 1396 592; x_wconf 90' lang='lat' dir='ltr'>eam</span> <span class='ocrx_word' id='word_1_33' title='bbox 1424 538 1630 608; x_wconf 88' lang='lat' dir='ltr'>(Cant.,</span> <span class='ocrx_word' id='word_1_34' title='bbox 1659 556 1713 605; x_wconf 84' lang='grc' dir='ltr'>ν,</span> 
     </span>
    </p>
   </div>
   <div class='ocr_carea' id='block_1_6' title="bbox 135 625 1714 702">
    <p class='ocr_par' dir='ltr' id='par_1_6' title="bbox 135 625 1714 702">
     <span class='ocr_line' id='line_1_6' title="bbox 135 625 1714 702; baseline 0.004 -22"><span class='ocrx_word' id='word_1_35' title='bbox 135 626 205 695; x_wconf 86' lang='lat'>3)?</span> <span class='ocrx_word' id='word_1_36' title='bbox 244 648 266 674; x_wconf 85' lang='grc'><strong>››</strong></span> <span class='ocrx_word' id='word_1_37' title='bbox 319 625 461 696; x_wconf 89' lang='lat' dir='ltr'>quod</span> <span class='ocrx_word' id='word_1_38' title='bbox 513 642 626 680; x_wconf 89' lang='lat' dir='ltr'>non</span> <span class='ocrx_word' id='word_1_39' title='bbox 676 629 865 682; x_wconf 91' lang='lat' dir='ltr'>solum</span> <span class='ocrx_word' id='word_1_40' title='bbox 917 629 1250 685; x_wconf 88' lang='lat' dir='ltr'>renuntiare</span> <span class='ocrx_word' id='word_1_41' title='bbox 1299 632 1563 702; x_wconf 85' lang='lat' dir='ltr'>peccatis,</span> <span class='ocrx_word' id='word_1_42' title='bbox 1617 632 1714 686; x_wconf 89' lang='lat' dir='ltr'>sed</span> 
     </span>
    </p>
   </div>
   <div class='ocr_carea' id='block_1_7' title="bbox 133 719 1716 796">
    <p class='ocr_par' dir='ltr' id='par_1_7' title="bbox 133 719 1716 796">
     <span class='ocr_line' id='line_1_7' title="bbox 133 719 1716 796; baseline 0.005 -25"><span class='ocrx_word' id='word_1_43' title='bbox 133 719 272 772; x_wconf 80' lang='lat' dir='ltr'>etiam</span> <span class='ocrx_word' id='word_1_44' title='bbox 310 721 642 774; x_wconf 86' lang='lat' dir='ltr'>memoriam</span> <span class='ocrx_word' id='word_1_45' title='bbox 689 737 923 776; x_wconf 89' lang='lat' dir='ltr'>omnem</span> <span class='ocrx_word' id='word_1_46' title='bbox 971 723 1175 778; x_wconf 85' lang='lat' dir='ltr'>debeas</span> <span class='ocrx_word' id='word_1_47' title='bbox 1214 729 1374 779; x_wconf 90' lang='lat' dir='ltr'>actus</span> <span class='ocrx_word' id='word_1_48' title='bbox 1409 725 1716 796; x_wconf 82' lang='lat' dir='ltr'>superioris</span> 
     </span>
    </p>
   </div>
   <div class='ocr_carea' id='block_1_8' title="bbox 130 811 1712 887">
    <p class='ocr_par' dir='ltr' id='par_1_8' title="bbox 130 811 1712 887">
     <span class='ocr_line' id='line_1_8' title="bbox 130 811 1712 887; baseline 0.006 -23"><span class='ocrx_word' id='word_1_49' title='bbox 130 811 338 865; x_wconf 79' lang='lat' dir='ltr'>abolere.</span> <span class='ocrx_word' id='word_1_50' title='bbox 390 812 638 883; x_wconf 86' lang='lat' dir='ltr'>Denique</span> <span class='ocrx_word' id='word_1_51' title='bbox 692 816 930 881; x_wconf 84' lang='lat' dir='ltr'>Paulus,</span> <span class='ocrx_word' id='word_1_52' title='bbox 989 816 1286 887; x_wconf 90' lang='lat' dir='ltr'>superiora</span> <span class='ocrx_word' id='word_1_53' title='bbox 1340 818 1712 886; x_wconf 89' lang='lat' dir='ltr'>obliviscens,</span> 
     </span>
    </p>
   </div>
   <div class='ocr_carea' id='block_1_9' title="bbox 132 905 1713 982">
    <p class='ocr_par' dir='ltr' id='par_1_9' title="bbox 132 905 1713 982">
     <span class='ocr_line' id='line_1_9' title="bbox 132 905 1713 982; baseline 0.006 -25"><span class='ocrx_word' id='word_1_54' title='bbox 132 905 316 975; x_wconf 84' lang='lat' dir='ltr'>culpam</span> <span class='ocrx_word' id='word_1_55' title='bbox 357 907 527 972; x_wconf 83' lang='lat' dir='ltr'>exuit,</span> <span class='ocrx_word' id='word_1_56' title='bbox 581 909 978 977; x_wconf 84' lang='lat' dir='ltr'>pcenitentiam</span> <span class='ocrx_word' id='word_1_57' title='bbox 1028 927 1143 965; x_wconf 87' lang='lat' dir='ltr'>non</span> <span class='ocrx_word' id='word_1_58' title='bbox 1191 911 1385 966; x_wconf 89' lang='lat' dir='ltr'>omisit</span> <span class='ocrx_word' id='word_1_59' title='bbox 1428 911 1713 982; x_wconf 58' lang='lat' dir='ltr'>(Philipp,</span> 
     </span>
    </p>
   </div>
   <div class='ocr_carea' id='block_1_10' title="bbox 133 1000 319 1065">
    <p class='ocr_par' dir='ltr' id='par_1_10' title="bbox 133 1000 319 1065">
     <span class='ocr_line' id='line_1_10' title="bbox 133 1000 319 1065; baseline -0.005 -13"><span class='ocrx_word' id='word_1_60' title='bbox 133 1014 194 1064; x_wconf 78' lang='grc' dir='ltr'>ιιι,</span> <span class='ocrx_word' id='word_1_61' title='bbox 225 1000 319 1065; x_wconf 85' lang='lat' dir='ltr'>l3).</span> 
     </span>
    </p>
   </div>
   <div class='ocr_carea' id='block_1_11' title="bbox 181 1092 1714 1170">
    <p class='ocr_par' dir='ltr' id='par_1_11' title="bbox 181 1092 1714 1170">
     <span class='ocr_line' id='line_1_11' title="bbox 181 1092 1714 1170; baseline 0.005 -25"><span class='ocrx_word' id='word_1_62' title='bbox 181 1093 253 1146; x_wconf 75' lang='grc'>45.</span> <span class='ocrx_word' id='word_1_63' title='bbox 297 1092 360 1146; x_wconf 85' lang='lat' dir='ltr'>Et</span> <span class='ocrx_word' id='word_1_64' title='bbox 404 1093 528 1147; x_wconf 88' lang='lat' dir='ltr'>ideo</span> <span class='ocrx_word' id='word_1_65' title='bbox 576 1095 848 1149; x_wconf 90' lang='lat' dir='ltr'>Dominus</span> <span class='ocrx_word' id='word_1_66' title='bbox 896 1113 907 1149; x_wconf 93' lang='lat'>:</span> <span class='ocrx_word' id='word_1_67' title='bbox 959 1099 1234 1160; x_wconf 85' lang='lat' dir='ltr'>Memores,</span> <span class='ocrx_word' id='word_1_68' title='bbox 1295 1099 1498 1170; x_wconf 81' lang='lat' dir='ltr'>inquit,</span> <span class='ocrx_word' id='word_1_69' title='bbox 1553 1105 1714 1154; x_wconf 82' lang='lat' dir='ltr'>estote</span> 
     </span>
    </p>
   </div>
   <div class='ocr_carea' id='block_1_12' title="bbox 131 1188 1716 1262">
    <p class='ocr_par' dir='ltr' id='par_1_12' title="bbox 131 1188 1716 1262">
     <span class='ocr_line' id='line_1_12' title="bbox 131 1188 1716 1262; baseline 0.004 -23"><span class='ocrx_word' id='word_1_70' title='bbox 131 1190 277 1240; x_wconf 62' lang='lat' dir='ltr'>umoris</span> <span class='ocrx_word' id='word_1_71' title='bbox 299 1188 454 1250; x_wconf 84' lang='lat' dir='ltr'>Loth;</span> <span class='ocrx_word' id='word_1_72' title='bbox 486 1203 611 1257; x_wconf 78' lang='lat' dir='ltr'>quae</span> <span class='ocrx_word' id='word_1_73' title='bbox 651 1188 780 1243; x_wconf 90' lang='lat' dir='ltr'>ideo</span> <span class='ocrx_word' id='word_1_74' title='bbox 808 1190 940 1260; x_wconf 86' lang='lat' dir='ltr'>quia</span> <span class='ocrx_word' id='word_1_75' title='bbox 970 1191 1222 1261; x_wconf 81' lang='lat' dir='ltr'>respexit</span> <span class='ocrx_word' id='word_1_76' title='bbox 1259 1196 1432 1260; x_wconf 90' lang='lat' dir='ltr'>retro,</span> <span class='ocrx_word' id='word_1_77' title='bbox 1471 1192 1716 1262; x_wconf 85' lang='lat' dir='ltr'>perdidit</span> 
     </span>
    </p>
   </div>
   <div class='ocr_carea' id='block_1_13' title="bbox 127 1283 1713 1352">
    <p class='ocr_par' dir='ltr' id='par_1_13' title="bbox 127 1283 1713 1352">
     <span class='ocr_line' id='line_1_13' title="bbox 127 1283 1713 1352; baseline 0.004 -20"><span class='ocrx_word' id='word_1_78' title='bbox 127 1283 303 1333; x_wconf 54' lang='lat' dir='ltr'>natura</span> <span class='ocrx_word' id='word_1_79' title='bbox 357 1296 471 1333; x_wconf 70' lang='lat' dir='ltr'>sua:</span> <span class='ocrx_word' id='word_1_80' title='bbox 531 1297 766 1349; x_wconf 90' lang='lat' dir='ltr'>munus;</span> <span class='ocrx_word' id='word_1_81' title='bbox 823 1286 976 1336; x_wconf 92' lang='lat' dir='ltr'>retro</span> <span class='ocrx_word' id='word_1_82' title='bbox 1028 1285 1183 1338; x_wconf 91' lang='lat' dir='ltr'>enim</span> <span class='ocrx_word' id='word_1_83' title='bbox 1236 1284 1505 1352; x_wconf 85' lang='lat' dir='ltr'>Satanas,</span> <span class='ocrx_word' id='word_1_84' title='bbox 1563 1289 1713 1340; x_wconf 88' lang='lat' dir='ltr'>retro</span> 
     </span>
    </p>
   </div>
   <div class='ocr_carea' id='block_1_14' title="bbox 129 1372 1710 1448">
    <p class='ocr_par' dir='ltr' id='par_1_14' title="bbox 129 1372 1710 1448">
     <span class='ocr_line' id='line_1_14' title="bbox 129 1372 1710 1448; baseline 0.004 -22"><span class='ocrx_word' id='word_1_85' title='bbox 129 1372 350 1427; x_wconf 84' lang='lat' dir='ltr'>Sodoma.</span> <span class='ocrx_word' id='word_1_86' title='bbox 392 1374 749 1446; x_wconf 86' lang='lat' dir='ltr'>Quapropter</span> <span class='ocrx_word' id='word_1_87' title='bbox 790 1375 924 1447; x_wconf 88' lang='lat' dir='ltr'>fuge</span> <span class='ocrx_word' id='word_1_88' title='bbox 969 1377 1492 1448; x_wconf 87' lang='lat' dir='ltr'>intemperantiam,</span> <span class='ocrx_word' id='word_1_89' title='bbox 1539 1379 1710 1433; x_wconf 90' lang='lat' dir='ltr'>decli-</span> 
     </span>
    </p>
   </div>
   <div class='ocr_carea' id='block_1_15' title="bbox 128 1467 1714 1542">
    <p class='ocr_par' dir='ltr' id='par_1_15' title="bbox 128 1467 1714 1542">
     <span class='ocr_line' id='line_1_15' title="bbox 128 1467 1714 1542; baseline 0.005 -23"><span class='ocrx_word' id='word_1_90' title='bbox 128 1469 229 1520; x_wconf 90' lang='lat' dir='ltr'>nato</span> <span class='ocrx_word' id='word_1_91' title='bbox 264 1467 563 1522; x_wconf 81' lang='lat' dir='ltr'>luxuriam.</span> <span class='ocrx_word' id='word_1_92' title='bbox 611 1470 678 1522; x_wconf 90' lang='lat' dir='ltr'>Et</span> <span class='ocrx_word' id='word_1_93' title='bbox 724 1473 784 1523; x_wconf 87' lang='lat' dir='ltr'>ut</span> <span class='ocrx_word' id='word_1_94' title='bbox 828 1486 1135 1540; x_wconf 82' lang='lat' dir='ltr'>cognoscas</span> <span class='ocrx_word' id='word_1_95' title='bbox 1179 1471 1312 1542; x_wconf 84' lang='lat' dir='ltr'>quia</span> <span class='ocrx_word' id='word_1_96' title='bbox 1355 1489 1470 1526; x_wconf 92' lang='lat' dir='ltr'>non</span> <span class='ocrx_word' id='word_1_97' title='bbox 1515 1489 1714 1527; x_wconf 91' lang='lat' dir='ltr'>omnes</span> 
     </span>
    </p>
   </div>
   <div class='ocr_carea' id='block_1_16' title="bbox 127 1561 1713 1637">
    <p class='ocr_par' dir='ltr' id='par_1_16' title="bbox 127 1561 1713 1637">
     <span class='ocr_line' id='line_1_16' title="bbox 127 1561 1713 1637; baseline 0.005 -25"><span class='ocrx_word' id='word_1_98' title='bbox 127 1564 316 1629; x_wconf 89' lang='lat' dir='ltr'>possunt</span> <span class='ocrx_word' id='word_1_99' title='bbox 345 1561 545 1631; x_wconf 85' lang='lat' dir='ltr'>fugere</span> <span class='ocrx_word' id='word_1_100' title='bbox 581 1562 640 1616; x_wconf 91' lang='lat' dir='ltr'>in</span> <span class='ocrx_word' id='word_1_101' title='bbox 674 1569 951 1631; x_wconf 87' lang='lat' dir='ltr'>montem,</span> <span class='ocrx_word' id='word_1_102' title='bbox 980 1564 1285 1620; x_wconf 86' lang='lat' dir='ltr'>recordare</span> <span class='ocrx_word' id='word_1_103' title='bbox 1316 1566 1452 1636; x_wconf 87' lang='lat' dir='ltr'>quia</span> <span class='ocrx_word' id='word_1_104' title='bbox 1484 1567 1575 1620; x_wconf 89' lang='lat' dir='ltr'>ille</span> <span class='ocrx_word' id='word_1_105' title='bbox 1616 1568 1713 1637; x_wconf 88' lang='lat' dir='ltr'>qui</span> 
     </span>
    </p>
   </div>
   <div class='ocr_carea' id='block_1_17' title="bbox 127 1654 1715 1728">
    <p class='ocr_par' dir='ltr' id='par_1_17' title="bbox 127 1654 1715 1728">
     <span class='ocr_line' id='line_1_17' title="bbox 127 1654 1715 1728; baseline 0.006 -23"><span class='ocrx_word' id='word_1_106' title='bbox 127 1669 170 1706; x_wconf 81' lang='lat' dir='ltr'>se</span> <span class='ocrx_word' id='word_1_107' title='bbox 199 1671 225 1705; x_wconf 93' lang='lat' dir='ltr'>a</span> <span class='ocrx_word' id='word_1_108' title='bbox 260 1654 534 1708; x_wconf 83' lang='lat' dir='ltr'>veteribus</span> <span class='ocrx_word' id='word_1_109' title='bbox 582 1656 785 1711; x_wconf 88' lang='lat' dir='ltr'>studiis</span> <span class='ocrx_word' id='word_1_110' title='bbox 824 1673 939 1711; x_wconf 93' lang='lat' dir='ltr'>non</span> <span class='ocrx_word' id='word_1_111' title='bbox 984 1658 1206 1712; x_wconf 84' lang='lat' dir='ltr'>reflexit</span> <span class='ocrx_word' id='word_1_112' title='bbox 1235 1659 1340 1728; x_wconf 70' lang='lat'>(74)</span> <span class='ocrx_word' id='word_1_113' title='bbox 1383 1660 1715 1728; x_wconf 91' lang='lat' dir='ltr'>(Sodomam</span> 
     </span>
    </p>
   </div>
   <div class='ocr_carea' id='block_1_18' title="bbox 125 1747 1713 1823">
    <p class='ocr_par' dir='ltr' id='par_1_18' title="bbox 125 1747 1713 1823">
     <span class='ocr_line' id='line_1_18' title="bbox 125 1747 1713 1823; baseline 0.005 -23"><span class='ocrx_word' id='word_1_114' title='bbox 125 1747 247 1800; x_wconf 88' lang='lat' dir='ltr'>enim</span> <span class='ocrx_word' id='word_1_115' title='bbox 278 1751 403 1802; x_wconf 86' lang='lat' dir='ltr'>ante</span> <span class='ocrx_word' id='word_1_116' title='bbox 442 1748 757 1820; x_wconf 87' lang='lat' dir='ltr'>delegerat)</span> <span class='ocrx_word' id='word_1_117' title='bbox 791 1751 917 1806; x_wconf 92' lang='lat' dir='ltr'>ideo</span> <span class='ocrx_word' id='word_1_118' title='bbox 958 1752 1151 1817; x_wconf 88' lang='lat' dir='ltr'>evasit,</span> <span class='ocrx_word' id='word_1_119' title='bbox 1180 1753 1311 1823; x_wconf 88' lang='lat' dir='ltr'>quia</span> <span class='ocrx_word' id='word_1_120' title='bbox 1353 1753 1616 1822; x_wconf 87' lang='lat' dir='ltr'>pervenit</span> <span class='ocrx_word' id='word_1_121' title='bbox 1643 1754 1713 1808; x_wconf 88' lang='lat' dir='ltr'>ad</span> 
     </span>
    </p>
   </div>
   <div class='ocr_carea' id='block_1_19' title="bbox 126 1826 1791 1917">
    <p class='ocr_par' dir='ltr' id='par_1_19' title="bbox 126 1826 1791 1917">
     <span class='ocr_line' id='line_1_19' title="bbox 126 1826 1791 1917; baseline 0.002 -23"><span class='ocrx_word' id='word_1_122' title='bbox 126 1845 342 1895; x_wconf 87' lang='lat' dir='ltr'>montem</span> <span class='ocrx_word' id='word_1_123' title='bbox 386 1842 563 1911; x_wconf 60' lang='lat' dir='ltr'>(Gem,</span> <span class='ocrx_word' id='word_1_124' title='bbox 605 1860 721 1913; x_wconf 73' lang='lat' dir='ltr'>nx,</span> <span class='ocrx_word' id='word_1_125' title='bbox 767 1847 855 1911; x_wconf 88' lang='lat'>30)</span> <span class='ocrx_word' id='word_1_126' title='bbox 899 1861 912 1898; x_wconf 89' lang='lat'><strong>:</strong></span> <span class='ocrx_word' id='word_1_127' title='bbox 953 1845 1044 1899; x_wconf 87' lang='lat' dir='ltr'>illa</span> <span class='ocrx_word' id='word_1_128' title='bbox 1091 1861 1221 1917; x_wconf 58' lang='lat' dir='ltr'>quae</span> <span class='ocrx_word' id='word_1_129' title='bbox 1262 1846 1543 1900; x_wconf 91' lang='lat' dir='ltr'>inﬁrmior</span> <span class='ocrx_word' id='word_1_130' title='bbox 1585 1826 1791 1913; x_wconf 87' lang='lat' dir='ltr'>fuit,B</span> 
     </span>
    </p>
   </div>
   <div class='ocr_carea' id='block_1_20' title="bbox 123 1935 1712 2010">
    <p class='ocr_par' dir='ltr' id='par_1_20' title="bbox 123 1935 1712 2010">
     <span class='ocr_line' id='line_1_20' title="bbox 123 1935 1712 2010; baseline 0.006 -25"><span class='ocrx_word' id='word_1_131' title='bbox 123 1935 354 2004; x_wconf 80' lang='lat' dir='ltr'>quoniam</span> <span class='ocrx_word' id='word_1_132' title='bbox 393 1935 462 1989; x_wconf 90' lang='lat' dir='ltr'>ad</span> <span class='ocrx_word' id='word_1_133' title='bbox 502 1936 818 2006; x_wconf 88' lang='lat' dir='ltr'>posteriora</span> <span class='ocrx_word' id='word_1_134' title='bbox 856 1938 1128 2009; x_wconf 84' lang='lat' dir='ltr'>respexit,</span> <span class='ocrx_word' id='word_1_135' title='bbox 1157 1955 1264 1993; x_wconf 90' lang='lat' dir='ltr'>nec</span> <span class='ocrx_word' id='word_1_136' title='bbox 1297 1940 1483 1994; x_wconf 90' lang='lat' dir='ltr'>mariti</span> <span class='ocrx_word' id='word_1_137' title='bbox 1523 1940 1712 2010; x_wconf 88' lang='lat' dir='ltr'>adjuta</span> 
     </span>
    </p>
   </div>
   <div class='ocr_carea' id='block_1_21' title="bbox 123 2025 1709 2104">
    <p class='ocr_par' dir='ltr' id='par_1_21' title="bbox 123 2025 1709 2104">
     <span class='ocr_line' id='line_1_21' title="bbox 123 2025 1709 2104; baseline 0.004 -24"><span class='ocrx_word' id='word_1_138' title='bbox 123 2025 370 2099; x_wconf 81' lang='lat' dir='ltr'>suffragio,</span> <span class='ocrx_word' id='word_1_139' title='bbox 419 2029 488 2082; x_wconf 89' lang='lat' dir='ltr'>ad</span> <span class='ocrx_word' id='word_1_140' title='bbox 545 2033 801 2085; x_wconf 87' lang='lat' dir='ltr'>montem</span> <span class='ocrx_word' id='word_1_141' title='bbox 855 2032 1152 2102; x_wconf 89' lang='lat' dir='ltr'>pervenire</span> <span class='ocrx_word' id='word_1_142' title='bbox 1205 2034 1408 2104; x_wconf 91' lang='lat' dir='ltr'>potuit,</span> <span class='ocrx_word' id='word_1_143' title='bbox 1462 2033 1561 2088; x_wconf 87' lang='lat' dir='ltr'>sed</span> <span class='ocrx_word' id='word_1_144' title='bbox 1620 2051 1709 2087; x_wconf 87' lang='lat' dir='ltr'>re-</span> 
     </span>
    </p>
   </div>
   <div class='ocr_carea' id='block_1_22' title="bbox 126 2122 312 2175">
    <p class='ocr_par' dir='ltr' id='par_1_22' title="bbox 126 2122 312 2175">
     <span class='ocr_line' id='line_1_22' title="bbox 126 2122 312 2175; baseline 0.011 -2"><span class='ocrx_word' id='word_1_145' title='bbox 126 2122 312 2175; x_wconf 84' lang='lat' dir='ltr'>mansit.</span> 
     </span>
    </p>
   </div>
   <div class='ocr_carea' id='block_1_23' title="bbox 176 2214 1711 2285">
    <p class='ocr_par' dir='ltr' id='par_1_23' title="bbox 176 2214 1711 2285">
     <span class='ocr_line' id='line_1_23' title="bbox 176 2214 1711 2285; baseline 0.005 -17"><span class='ocrx_word' id='word_1_146' title='bbox 176 2214 327 2283; x_wconf 85' lang='lat' dir='ltr'>(Vers.</span> <span class='ocrx_word' id='word_1_147' title='bbox 367 2217 475 2285; x_wconf 73' lang='grc'>34.)</span> <span class='ocrx_word' id='word_1_148' title='bbox 515 2220 580 2272; x_wconf 87' lang='grc' dir='ltr'><strong>1η</strong></span> <span class='ocrx_word' id='word_1_149' title='bbox 623 2219 725 2272; x_wconf 74' lang='lat' dir='ltr'>illa</span> <span class='ocrx_word' id='word_1_150' title='bbox 764 2223 914 2274; x_wconf 85' lang='lat' dir='ltr'>nocte</span> <span class='ocrx_word' id='word_1_151' title='bbox 953 2226 1114 2274; x_wconf 89' lang='lat' dir='ltr'>erunt</span> <span class='ocrx_word' id='word_1_152' title='bbox 1157 2221 1266 2274; x_wconf 85' lang='lat' dir='ltr'>duo</span> <span class='ocrx_word' id='word_1_153' title='bbox 1310 2224 1368 2274; x_wconf 79' lang='lat' dir='ltr'>in</span> <span class='ocrx_word' id='word_1_154' title='bbox 1410 2223 1540 2276; x_wconf 85' lang='lat' dir='ltr'>lecto</span> <span class='ocrx_word' id='word_1_155' title='bbox 1577 2238 1711 2285; x_wconf 85' lang='lat' dir='ltr'>uno;</span> 
     </span>
    </p>
   </div>
   <div class='ocr_carea' id='block_1_24' title="bbox 125 2313 1201 2383">
    <p class='ocr_par' dir='ltr' id='par_1_24' title="bbox 125 2313 1201 2383">
     <span class='ocr_line' id='line_1_24' title="bbox 125 2313 1201 2383; baseline 0.007 -23"><span class='ocrx_word' id='word_1_156' title='bbox 125 2323 233 2362; x_wconf 80' lang='lat' dir='ltr'>unus</span> <span class='ocrx_word' id='word_1_157' title='bbox 257 2315 572 2373; x_wconf 86' lang='lat' dir='ltr'>assumetur,</span> <span class='ocrx_word' id='word_1_158' title='bbox 603 2317 655 2366; x_wconf 85' lang='lat' dir='ltr'>et</span> <span class='ocrx_word' id='word_1_159' title='bbox 682 2313 824 2366; x_wconf 85' lang='lat' dir='ltr'>alter</span> <span class='ocrx_word' id='word_1_160' title='bbox 846 2314 1201 2383; x_wconf 77' lang='lat' dir='ltr'>relinquetur.</span> 
     </span>
    </p>
   </div>
   <div class='ocr_carea' id='block_1_25' title="bbox 178 2401 1713 2477">
    <p class='ocr_par' dir='ltr' id='par_1_25' title="bbox 178 2401 1713 2477">
     <span class='ocr_line' id='line_1_25' title="bbox 178 2401 1713 2477; baseline 0.005 -22"><span class='ocrx_word' id='word_1_161' title='bbox 178 2401 249 2455; x_wconf 75' lang='grc'>46.</span> <span class='ocrx_word' id='word_1_162' title='bbox 287 2401 426 2457; x_wconf 87' lang='lat' dir='ltr'>Bene</span> <span class='ocrx_word' id='word_1_163' title='bbox 474 2409 705 2459; x_wconf 89' lang='lat' dir='ltr'>noctem</span> <span class='ocrx_word' id='word_1_164' title='bbox 755 2405 915 2475; x_wconf 87' lang='lat' dir='ltr'>dixit,</span> <span class='ocrx_word' id='word_1_165' title='bbox 966 2407 1098 2477; x_wconf 89' lang='lat' dir='ltr'>quia</span> <span class='ocrx_word' id='word_1_166' title='bbox 1143 2408 1523 2462; x_wconf 82' lang='lat' dir='ltr'>Autichristus</span> <span class='ocrx_word' id='word_1_167' title='bbox 1575 2410 1713 2462; x_wconf 90' lang='lat' dir='ltr'>hora</span> 
     </span>
    </p>
   </div>
   <div class='ocr_carea' id='block_1_26' title="bbox 125 2495 1713 2571">
    <p class='ocr_par' dir='ltr' id='par_1_26' title="bbox 125 2495 1713 2571">
     <span class='ocr_line' id='line_1_26' title="bbox 125 2495 1713 2571; baseline 0.006 -24"><span class='ocrx_word' id='word_1_168' title='bbox 125 2495 438 2551; x_wconf 86' lang='lat' dir='ltr'>tenebrarum</span> <span class='ocrx_word' id='word_1_169' title='bbox 502 2503 618 2567; x_wconf 85' lang='lat' dir='ltr'>est;</span> <span class='ocrx_word' id='word_1_170' title='bbox 675 2515 742 2554; x_wconf 90' lang='lat' dir='ltr'>eo</span> <span class='ocrx_word' id='word_1_171' title='bbox 811 2500 966 2571; x_wconf 91' lang='lat' dir='ltr'>quod</span> <span class='ocrx_word' id='word_1_172' title='bbox 1030 2501 1352 2571; x_wconf 87' lang='lat' dir='ltr'>pectoribus</span> <span class='ocrx_word' id='word_1_173' title='bbox 1413 2502 1713 2556; x_wconf 89' lang='lat' dir='ltr'>hominum</span> 
     </span>
    </p>
   </div>
   <div class='ocr_carea' id='block_1_27' title="bbox 126 2589 1711 2664">
    <p class='ocr_par' dir='ltr' id='par_1_27' title="bbox 126 2589 1711 2664">
     <span class='ocr_line' id='line_1_27' title="bbox 126 2589 1711 2664; baseline 0.006 -24"><span class='ocrx_word' id='word_1_174' title='bbox 126 2589 338 2644; x_wconf 83' lang='lat' dir='ltr'>tenebras</span> <span class='ocrx_word' id='word_1_175' title='bbox 387 2591 667 2659; x_wconf 77' lang='lat' dir='ltr'>offundat,</span> <span class='ocrx_word' id='word_1_176' title='bbox 726 2609 855 2647; x_wconf 90' lang='lat' dir='ltr'>cum</span> <span class='ocrx_word' id='word_1_177' title='bbox 915 2593 1068 2650; x_wconf 88' lang='lat' dir='ltr'>dicat</span> <span class='ocrx_word' id='word_1_178' title='bbox 1117 2611 1176 2648; x_wconf 92' lang='lat' dir='ltr'>se</span> <span class='ocrx_word' id='word_1_179' title='bbox 1235 2611 1355 2650; x_wconf 91' lang='lat' dir='ltr'>esse</span> <span class='ocrx_word' id='word_1_180' title='bbox 1405 2596 1711 2664; x_wconf 86' lang='lat' dir='ltr'>Christum,</span> 
     </span>
    </p>
   </div>
   <div class='ocr_carea' id='block_1_28' title="bbox 127 2685 1714 2760">
    <p class='ocr_par' dir='ltr' id='par_1_28' title="bbox 127 2685 1714 2760">
     <span class='ocr_line' id='line_1_28' title="bbox 127 2685 1714 2760; baseline 0.006 -26"><span class='ocrx_word' id='word_1_181' title='bbox 127 2685 512 2754; x_wconf 83' lang='lat' dir='ltr'>exsurgentibus</span> <span class='ocrx_word' id='word_1_182' title='bbox 559 2686 1074 2758; x_wconf 84' lang='lat' dir='ltr'>pseudoprophetis</span> <span class='ocrx_word' id='word_1_183' title='bbox 1118 2689 1216 2760; x_wconf 88' lang='lat' dir='ltr'>qui</span> <span class='ocrx_word' id='word_1_184' title='bbox 1265 2695 1520 2744; x_wconf 90' lang='lat' dir='ltr'>asserant</span> <span class='ocrx_word' id='word_1_185' title='bbox 1563 2707 1714 2744; x_wconf 91' lang='lat' dir='ltr'>nunc</span> 
     </span>
    </p>
   </div>
   <div class='ocr_carea' id='block_1_29' title="bbox 128 2775 1715 2854">
    <p class='ocr_par' dir='ltr' id='par_1_29' title="bbox 128 2775 1715 2854">
     <span class='ocr_line' id='line_1_29' title="bbox 128 2775 1715 2854; baseline 0.006 -27"><span class='ocrx_word' id='word_1_186' title='bbox 128 2775 169 2828; x_wconf 88' lang='lat' dir='ltr'>in</span> <span class='ocrx_word' id='word_1_187' title='bbox 190 2776 398 2834; x_wconf 86' lang='lat' dir='ltr'>desertis</span> <span class='ocrx_word' id='word_1_188' title='bbox 420 2780 622 2834; x_wconf 87' lang='lat' dir='ltr'>Jesum</span> <span class='ocrx_word' id='word_1_189' title='bbox 651 2779 878 2849; x_wconf 80' lang='lat' dir='ltr'>degere,</span> <span class='ocrx_word' id='word_1_190' title='bbox 911 2787 970 2836; x_wconf 92' lang='lat' dir='ltr'>ut</span> <span class='ocrx_word' id='word_1_191' title='bbox 1001 2797 1156 2852; x_wconf 67' lang='lat' dir='ltr'>vagae</span> <span class='ocrx_word' id='word_1_192' title='bbox 1197 2799 1391 2838; x_wconf 91' lang='lat' dir='ltr'>errore</span> <span class='ocrx_word' id='word_1_193' title='bbox 1433 2784 1715 2854; x_wconf 88' lang='lat' dir='ltr'>opinionis</span> 
     </span>
    </p>
   </div>
   <div class='ocr_carea' id='block_1_30' title="bbox 127 2869 1712 2947">
    <p class='ocr_par' dir='ltr' id='par_1_30' title="bbox 127 2869 1712 2947">
     <span class='ocr_line' id='line_1_30' title="bbox 127 2869 1712 2947; baseline 0.007 -26"><span class='ocrx_word' id='word_1_194' title='bbox 127 2869 344 2937; x_wconf 84' lang='lat' dir='ltr'>illudant;</span> <span class='ocrx_word' id='word_1_195' title='bbox 388 2890 548 2928; x_wconf 89' lang='lat' dir='ltr'>nunc</span> <span class='ocrx_word' id='word_1_196' title='bbox 593 2875 654 2928; x_wconf 90' lang='lat' dir='ltr'>in</span> <span class='ocrx_word' id='word_1_197' title='bbox 698 2875 1106 2945; x_wconf 88' lang='lat' dir='ltr'>penetralibus,</span> <span class='ocrx_word' id='word_1_198' title='bbox 1155 2883 1215 2929; x_wconf 92' lang='lat' dir='ltr'>ut</span> <span class='ocrx_word' id='word_1_199' title='bbox 1261 2877 1360 2947; x_wconf 92' lang='lat' dir='ltr'>qui</span> <span class='ocrx_word' id='word_1_200' title='bbox 1409 2877 1712 2944; x_wconf 85' lang='lat' dir='ltr'>audierint,</span> 
     </span>
    </p>
   </div>
   <div class='ocr_carea' id='block_1_31' title="bbox 127 2967 1715 3039">
    <p class='ocr_par' dir='ltr' id='par_1_31' title="bbox 127 2967 1715 3039">
     <span class='ocr_line' id='line_1_31' title="bbox 127 2967 1715 3039; baseline 0.004 -21"><span class='ocrx_word' id='word_1_201' title='bbox 127 2967 361 3032; x_wconf 66' lang='lat' dir='ltr'>pracelsze</span> <span class='ocrx_word' id='word_1_202' title='bbox 422 2969 659 3022; x_wconf 90' lang='lat' dir='ltr'>nomine</span> <span class='ocrx_word' id='word_1_203' title='bbox 724 2969 1021 3039; x_wconf 88' lang='lat' dir='ltr'>potestatis</span> <span class='ocrx_word' id='word_1_204' title='bbox 1084 2976 1408 3036; x_wconf 90' lang='lat' dir='ltr'>arctentur,</span> <span class='ocrx_word' id='word_1_205' title='bbox 1461 2971 1715 3026; x_wconf 78' lang='lat' dir='ltr'>Christus</span> 
     </span>
    </p>
   </div>
   <div class='ocr_carea' id='block_1_32' title="bbox 125 3061 1711 3135">
    <p class='ocr_par' dir='ltr' id='par_1_32' title="bbox 125 3061 1711 3135">
     <span class='ocr_line' id='line_1_32' title="bbox 125 3061 1711 3135; baseline 0.008 -26"><span class='ocrx_word' id='word_1_206' title='bbox 125 3067 280 3114; x_wconf 85' lang='lat' dir='ltr'>autem</span> <span class='ocrx_word' id='word_1_207' title='bbox 309 3061 448 3116; x_wconf 85' lang='lat' dir='ltr'>sicut</span> <span class='ocrx_word' id='word_1_208' title='bbox 476 3061 679 3132; x_wconf 83' lang='lat' dir='ltr'>fulgur</span> <span class='ocrx_word' id='word_1_209' title='bbox 710 3079 1012 3118; x_wconf 86' lang='lat' dir='ltr'>coruscans</span> <span class='ocrx_word' id='word_1_210' title='bbox 1046 3080 1146 3135; x_wconf 88' lang='lat' dir='ltr'>per</span> <span class='ocrx_word' id='word_1_211' title='bbox 1175 3064 1504 3119; x_wconf 87' lang='lat' dir='ltr'>universum</span> <span class='ocrx_word' id='word_1_212' title='bbox 1544 3082 1711 3120; x_wconf 90' lang='lat' dir='ltr'>mun-</span> 
     </span>
    </p>
   </div>
   <div class='ocr_carea' id='block_1_33' title="bbox 128 3151 1792 3264">
    <p class='ocr_par' dir='ltr' id='par_1_33' title="bbox 128 3151 1792 3264">
     <span class='ocr_line' id='line_1_33' title="bbox 128 3151 1792 3264; baseline 0.006 -59"><span class='ocrx_word' id='word_1_213' title='bbox 128 3151 236 3207; x_wconf 90' lang='lat' dir='ltr'>dum</span> <span class='ocrx_word' id='word_1_214' title='bbox 263 3155 484 3210; x_wconf 90' lang='lat' dir='ltr'>luminis</span> <span class='ocrx_word' id='word_1_215' title='bbox 529 3157 618 3210; x_wconf 93' lang='lat' dir='ltr'>sui</span> <span class='ocrx_word' id='word_1_216' title='bbox 658 3157 856 3227; x_wconf 89' lang='lat' dir='ltr'>globos</span> <span class='ocrx_word' id='word_1_217' title='bbox 896 3157 1114 3228; x_wconf 87' lang='lat' dir='ltr'>spargit</span> <span class='ocrx_word' id='word_1_218' title='bbox 1148 3158 1385 3226; x_wconf 83' lang='lat' dir='ltr'>(Matth.,</span> <span class='ocrx_word' id='word_1_219' title='bbox 1420 3175 1564 3226; x_wconf 75' lang='lat' dir='ltr'>xxxv,</span> <span class='ocrx_word' id='word_1_220' title='bbox 1601 3164 1712 3224; x_wconf 89' lang='grc'>27).</span> <span class='ocrx_word' id='word_1_221' title='bbox 1737 3191 1792 3264; x_wconf 78' lang='lat' dir='ltr'><strong>C</strong></span> 
     </span>
    </p>
   </div>
   <div class='ocr_carea' id='block_1_34' title="bbox 128 3246 1717 3323">
    <p class='ocr_par' dir='ltr' id='par_1_34' title="bbox 128 3246 1717 3323">
     <span class='ocr_line' id='line_1_34' title="bbox 128 3246 1717 3323; baseline 0.006 -26"><span class='ocrx_word' id='word_1_222' title='bbox 128 3246 177 3297; x_wconf 87' lang='lat' dir='ltr'>Et</span> <span class='ocrx_word' id='word_1_223' title='bbox 194 3247 303 3302; x_wconf 89' lang='lat' dir='ltr'>ideo</span> <span class='ocrx_word' id='word_1_224' title='bbox 335 3267 436 3305; x_wconf 86' lang='lat' dir='ltr'>nec</span> <span class='ocrx_word' id='word_1_225' title='bbox 474 3253 542 3304; x_wconf 91' lang='lat' dir='ltr'>in</span> <span class='ocrx_word' id='word_1_226' title='bbox 572 3250 809 3304; x_wconf 89' lang='lat' dir='ltr'>desertis</span> <span class='ocrx_word' id='word_1_227' title='bbox 839 3253 1101 3321; x_wconf 86' lang='lat' dir='ltr'>vagatur,</span> <span class='ocrx_word' id='word_1_228' title='bbox 1129 3268 1234 3306; x_wconf 91' lang='lat' dir='ltr'>nec</span> <span class='ocrx_word' id='word_1_229' title='bbox 1263 3251 1546 3323; x_wconf 82' lang='lat' dir='ltr'>aliquibus</span> <span class='ocrx_word' id='word_1_230' title='bbox 1579 3253 1717 3308; x_wconf 87' lang='lat' dir='ltr'>locis</span> 
     </span>
    </p>
   </div>
   <div class='ocr_carea' id='block_1_35' title="bbox 128 3339 1712 3417">
    <p class='ocr_par' dir='ltr' id='par_1_35' title="bbox 128 3339 1712 3417">
     <span class='ocr_line' id='line_1_35' title="bbox 128 3339 1712 3417; baseline 0.008 -26"><span class='ocrx_word' id='word_1_231' title='bbox 128 3339 378 3411; x_wconf 85' lang='lat' dir='ltr'>clauditur,</span> <span class='ocrx_word' id='word_1_232' title='bbox 418 3345 561 3416; x_wconf 90' lang='lat' dir='ltr'>quia</span> <span class='ocrx_word' id='word_1_233' title='bbox 593 3365 620 3393; x_wconf 88' lang='grc'>‹‹</span> <span class='ocrx_word' id='word_1_234' title='bbox 658 3345 870 3401; x_wconf 79' lang='lat' dir='ltr'>Caelum</span> <span class='ocrx_word' id='word_1_235' title='bbox 910 3348 968 3398; x_wconf 89' lang='lat' dir='ltr'>et</span> <span class='ocrx_word' id='word_1_236' title='bbox 1005 3351 1221 3400; x_wconf 86' lang='lat' dir='ltr'>terram</span> <span class='ocrx_word' id='word_1_237' title='bbox 1260 3361 1368 3415; x_wconf 88' lang='lat' dir='ltr'>ego</span> <span class='ocrx_word' id='word_1_238' title='bbox 1405 3346 1646 3417; x_wconf 89' lang='lat' dir='ltr'>impleo,</span> <span class='ocrx_word' id='word_1_239' title='bbox 1687 3368 1712 3396; x_wconf 74' lang='grc' dir='ltr'><em>η</em></span> 
     </span>
    </p>
   </div>
   <div class='ocr_carea' id='block_1_36' title="bbox 127 3431 1719 3511">
    <p class='ocr_par' dir='ltr' id='par_1_36' title="bbox 127 3431 1719 3511">
     <span class='ocr_line' id='line_1_36' title="bbox 127 3431 1719 3511; baseline 0.004 -26"><span class='ocrx_word' id='word_1_240' title='bbox 127 3431 231 3488; x_wconf 79' lang='lat' dir='ltr'>dicit</span> <span class='ocrx_word' id='word_1_241' title='bbox 262 3436 530 3492; x_wconf 84' lang='lat' dir='ltr'>Dominus</span> <span class='ocrx_word' id='word_1_242' title='bbox 572 3441 802 3506; x_wconf 74' lang='lat' dir='ltr'>(Ierem,</span> <span class='ocrx_word' id='word_1_243' title='bbox 836 3454 984 3507; x_wconf 72' lang='grc' dir='ltr'>χχιιι,</span> <span class='ocrx_word' id='word_1_244' title='bbox 1018 3439 1135 3508; x_wconf 66' lang='lat' dir='ltr'>2i);</span> <span class='ocrx_word' id='word_1_245' title='bbox 1176 3439 1270 3493; x_wconf 90' lang='lat' dir='ltr'>sed</span> <span class='ocrx_word' id='word_1_246' title='bbox 1315 3440 1436 3493; x_wconf 91' lang='lat' dir='ltr'>luce</span> <span class='ocrx_word' id='word_1_247' title='bbox 1480 3440 1719 3511; x_wconf 84' lang='lat' dir='ltr'>fulgoris</span> 
     </span>
    </p>
   </div>
   <div class='ocr_carea' id='block_1_37' title="bbox 128 3525 1716 3604">
    <p class='ocr_par' dir='ltr' id='par_1_37' title="bbox 128 3525 1716 3604">
     <span class='ocr_line' id='line_1_37' title="bbox 128 3525 1716 3604; baseline 0.006 -25"><span class='ocrx_word' id='word_1_248' title='bbox 128 3525 191 3580; x_wconf 85' lang='lat' dir='ltr'>sui</span> <span class='ocrx_word' id='word_1_249' title='bbox 223 3527 404 3602; x_wconf 87' lang='lat' dir='ltr'>fulget,</span> <span class='ocrx_word' id='word_1_250' title='bbox 447 3539 515 3586; x_wconf 91' lang='lat' dir='ltr'>ut</span> <span class='ocrx_word' id='word_1_251' title='bbox 564 3531 622 3585; x_wconf 92' lang='lat' dir='ltr'>in</span> <span class='ocrx_word' id='word_1_252' title='bbox 659 3532 754 3586; x_wconf 88' lang='lat' dir='ltr'>illa</span> <span class='ocrx_word' id='word_1_253' title='bbox 794 3537 957 3586; x_wconf 90' lang='lat' dir='ltr'>nocte</span> <span class='ocrx_word' id='word_1_254' title='bbox 1005 3533 1432 3588; x_wconf 89' lang='lat' dir='ltr'>resurrectionis</span> <span class='ocrx_word' id='word_1_255' title='bbox 1477 3534 1716 3604; x_wconf 86' lang='lat' dir='ltr'>gloriam</span> 
     </span>
    </p>
   </div>
   <div class='ocr_carea' id='block_1_38' title="bbox 127 3619 1608 3698">
    <p class='ocr_par' dir='ltr' id='par_1_38' title="bbox 127 3619 1608 3698">
     <span class='ocr_line' id='line_1_38' title="bbox 127 3619 1608 3698; baseline 0.007 -27"><span class='ocrx_word' id='word_1_256' title='bbox 127 3619 278 3677; x_wconf 78' lang='lat' dir='ltr'>videre</span> <span class='ocrx_word' id='word_1_257' title='bbox 302 3625 604 3694; x_wconf 88' lang='lat' dir='ltr'>possimus.</span> <span class='ocrx_word' id='word_1_258' title='bbox 637 3625 787 3690; x_wconf 84' lang='lat' dir='ltr'>Quid</span> <span class='ocrx_word' id='word_1_259' title='bbox 813 3626 991 3696; x_wconf 89' lang='lat' dir='ltr'>igitur</span> <span class='ocrx_word' id='word_1_260' title='bbox 1018 3625 1123 3680; x_wconf 89' lang='lat' dir='ltr'>sibi</span> <span class='ocrx_word' id='word_1_261' title='bbox 1157 3626 1274 3680; x_wconf 91' lang='lat' dir='ltr'>vult</span> <span class='ocrx_word' id='word_1_262' title='bbox 1301 3627 1458 3698; x_wconf 91' lang='lat' dir='ltr'>quod</span> <span class='ocrx_word' id='word_1_263' title='bbox 1487 3627 1568 3682; x_wconf 89' lang='lat' dir='ltr'>ait</span> <span class='ocrx_word' id='word_1_264' title='bbox 1595 3645 1608 3681; x_wconf 77' lang='grc' dir='ltr'>ε</span> 
     </span>
    </p>
   </div>
   <div class='ocr_carea' id='block_1_39' title="bbox 181 3715 1719 3789">
    <p class='ocr_par' dir='ltr' id='par_1_39' title="bbox 181 3715 1719 3789">
     <span class='ocr_line' id='line_1_39' title="bbox 181 3715 1719 3789; baseline 0.005 -22"><span class='ocrx_word' id='word_1_265' title='bbox 181 3715 329 3781; x_wconf 84' lang='lat' dir='ltr'>(Vers.</span> <span class='ocrx_word' id='word_1_266' title='bbox 371 3720 484 3789; x_wconf 82' lang='lat'>35.)</span> <span class='ocrx_word' id='word_1_267' title='bbox 536 3723 652 3774; x_wconf 88' lang='lat' dir='ltr'>Duo</span> <span class='ocrx_word' id='word_1_268' title='bbox 696 3722 754 3773; x_wconf 75' lang='lat' dir='ltr'>in</span> <span class='ocrx_word' id='word_1_269' title='bbox 805 3720 934 3774; x_wconf 86' lang='lat' dir='ltr'>lecto</span> <span class='ocrx_word' id='word_1_270' title='bbox 980 3735 1152 3775; x_wconf 87' lang='lat' dir='ltr'>uno...</span> <span class='ocrx_word' id='word_1_271' title='bbox 1201 3721 1324 3774; x_wconf 62' lang='lat' dir='ltr'>dum</span> <span class='ocrx_word' id='word_1_272' title='bbox 1366 3721 1619 3776; x_wconf 85' lang='lat' dir='ltr'>molentes</span> <span class='ocrx_word' id='word_1_273' title='bbox 1658 3723 1719 3775; x_wconf 70' lang='lat' dir='ltr'>in</span> 
     </span>
    </p>
   </div>
   <div class='ocr_carea' id='block_1_40' title="bbox 125 3811 1719 3882">
    <p class='ocr_par' dir='ltr' id='par_1_40' title="bbox 125 3811 1719 3882">
     <span class='ocr_line' id='line_1_40' title="bbox 125 3811 1719 3882; baseline 0.005 -21"><span class='ocrx_word' id='word_1_274' title='bbox 125 3811 375 3873; x_wconf 77' lang='lat' dir='ltr'>pistrino...</span> <span class='ocrx_word' id='word_1_275' title='bbox 425 3813 543 3867; x_wconf 83' lang='lat' dir='ltr'>duo</span> <span class='ocrx_word' id='word_1_276' title='bbox 593 3816 654 3867; x_wconf 71' lang='lat' dir='ltr'>in</span> <span class='ocrx_word' id='word_1_277' title='bbox 704 3829 871 3882; x_wconf 85' lang='lat' dir='ltr'>agro;</span> <span class='ocrx_word' id='word_1_278' title='bbox 916 3830 1058 3869; x_wconf 80' lang='lat' dir='ltr'>unus</span> <span class='ocrx_word' id='word_1_279' title='bbox 1107 3820 1426 3877; x_wconf 75' lang='lat' dir='ltr'>assumatur,</span> <span class='ocrx_word' id='word_1_280' title='bbox 1476 3820 1526 3869; x_wconf 87' lang='lat' dir='ltr'>et</span> <span class='ocrx_word' id='word_1_281' title='bbox 1579 3815 1719 3870; x_wconf 84' lang='lat' dir='ltr'>alter</span> 
     </span>
    </p>
   </div>
   <div class='ocr_carea' id='block_1_41' title="bbox 129 3901 466 3973">
    <p class='ocr_par' dir='ltr' id='par_1_41' title="bbox 129 3901 466 3973">
     <span class='ocr_line' id='line_1_41' title="bbox 129 3901 466 3973; baseline 0.033 -23"><span class='ocrx_word' id='word_1_282' title='bbox 129 3901 422 3973; x_wconf 74' lang='lat' dir='ltr'>relinquetur</span> <span class='ocrx_word' id='word_1_283' title='bbox 437 3910 466 3960; x_wconf 68' lang='grc' dir='ltr'><em>Υ</em></span> 
     </span>
    </p>
   </div>
   <div class='ocr_carea' id='block_1_42' title="bbox 179 3996 1722 4072">
    <p class='ocr_par' dir='ltr' id='par_1_42' title="bbox 179 3996 1722 4072">
     <span class='ocr_line' id='line_1_42' title="bbox 179 3996 1722 4072; baseline 0.005 -24"><span class='ocrx_word' id='word_1_284' title='bbox 179 3996 252 4049; x_wconf 78' lang='grc'>47.</span> <span class='ocrx_word' id='word_1_285' title='bbox 291 3999 574 4072; x_wconf 83' lang='lat' dir='ltr'>Numquid</span> <span class='ocrx_word' id='word_1_286' title='bbox 621 4000 851 4072; x_wconf 90' lang='lat' dir='ltr'>iniquus</span> <span class='ocrx_word' id='word_1_287' title='bbox 893 4003 1060 4067; x_wconf 89' lang='lat' dir='ltr'>Deus,</span> <span class='ocrx_word' id='word_1_288' title='bbox 1109 4007 1172 4056; x_wconf 90' lang='lat' dir='ltr'>ut</span> <span class='ocrx_word' id='word_1_289' title='bbox 1214 4018 1378 4072; x_wconf 86' lang='lat' dir='ltr'>pares</span> <span class='ocrx_word' id='word_1_290' title='bbox 1423 4003 1621 4057; x_wconf 90' lang='lat' dir='ltr'>studiis</span> <span class='ocrx_word' id='word_1_291' title='bbox 1665 4007 1722 4056; x_wconf 89' lang='lat' dir='ltr'>et</span> 
     </span>
    </p>
   </div>
   <div class='ocr_carea' id='block_1_43' title="bbox 130 4089 1716 4166">
    <p class='ocr_par' dir='ltr' id='par_1_43' title="bbox 130 4089 1716 4166">
     <span class='ocr_line' id='line_1_43' title="bbox 130 4089 1716 4166; baseline 0.006 -25"><span class='ocrx_word' id='word_1_292' title='bbox 130 4089 347 4147; x_wconf 82' lang='lat' dir='ltr'>societate</span> <span class='ocrx_word' id='word_1_293' title='bbox 384 4093 641 4163; x_wconf 86' lang='lat' dir='ltr'>vivendi,</span> <span class='ocrx_word' id='word_1_294' title='bbox 683 4100 852 4166; x_wconf 89' lang='lat' dir='ltr'>atque</span> <span class='ocrx_word' id='word_1_295' title='bbox 890 4094 1226 4150; x_wconf 90' lang='lat' dir='ltr'>indiscretos</span> <span class='ocrx_word' id='word_1_296' title='bbox 1265 4100 1492 4150; x_wconf 88' lang='lat' dir='ltr'>actuum</span> <span class='ocrx_word' id='word_1_297' title='bbox 1535 4097 1716 4166; x_wconf 86' lang='lat' dir='ltr'>quali-</span> 
     </span>
    </p>
   </div>
   <div class='ocr_carea' id='block_1_44' title="bbox 128 4185 1722 4250">
    <p class='ocr_par' dir='ltr' id='par_1_44' title="bbox 128 4185 1722 4250">
     <span class='ocr_line' id='line_1_44' title="bbox 128 4185 1722 4250; baseline 0.006 -15"><span class='ocrx_word' id='word_1_298' title='bbox 128 4185 234 4250; x_wconf 80' lang='lat' dir='ltr'>tate,</span> <span class='ocrx_word' id='word_1_299' title='bbox 260 4188 594 4243; x_wconf 89' lang='lat' dir='ltr'>meritorum</span> <span class='ocrx_word' id='word_1_300' title='bbox 627 4189 1094 4243; x_wconf 85' lang='lat' dir='ltr'>remuneratione</span> <span class='ocrx_word' id='word_1_301' title='bbox 1137 4189 1458 4244; x_wconf 85' lang='lat' dir='ltr'>discernat?</span> <span class='ocrx_word' id='word_1_302' title='bbox 1482 4190 1607 4244; x_wconf 86' lang='lat' dir='ltr'>Non</span> <span class='ocrx_word' id='word_1_303' title='bbox 1639 4191 1722 4244; x_wconf 88' lang='lat' dir='ltr'>ita</span> 
     </span>
    </p>
   </div>
   <div class='ocr_carea' id='block_1_45' title="bbox 131 4281 1724 4353">
    <p class='ocr_par' dir='ltr' id='par_1_45' title="bbox 131 4281 1724 4353">
     <span class='ocr_line' id='line_1_45' title="bbox 131 4281 1724 4353; baseline 0.005 -23"><span class='ocrx_word' id='word_1_304' title='bbox 131 4281 207 4342; x_wconf 81' lang='lat' dir='ltr'>est,</span> <span class='ocrx_word' id='word_1_305' title='bbox 251 4281 342 4336; x_wconf 91' lang='lat' dir='ltr'>sed</span> <span class='ocrx_word' id='word_1_306' title='bbox 389 4299 493 4353; x_wconf 94' lang='lat' dir='ltr'>pro</span> <span class='ocrx_word' id='word_1_307' title='bbox 543 4282 759 4336; x_wconf 80' lang='lat' dir='ltr'>actibus</span> <span class='ocrx_word' id='word_1_308' title='bbox 813 4283 1064 4337; x_wconf 90' lang='lat' dir='ltr'>hominis</span> <span class='ocrx_word' id='word_1_309' title='bbox 1115 4283 1590 4338; x_wconf 89' lang='lat' dir='ltr'>remunerationis</span> <span class='ocrx_word' id='word_1_310' title='bbox 1637 4288 1724 4338; x_wconf 90' lang='lat' dir='ltr'>est</span> 
     </span>
    </p>
   </div>
   <div class='ocr_carea' id='block_1_46' title="bbox 132 4374 1723 4451">
    <p class='ocr_par' dir='ltr' id='par_1_46' title="bbox 132 4374 1723 4451">
     <span class='ocr_line' id='line_1_46' title="bbox 132 4374 1723 4451; baseline 0.004 -24"><span class='ocrx_word' id='word_1_311' title='bbox 132 4374 352 4440; x_wconf 83' lang='lat' dir='ltr'>qualitas.</span> <span class='ocrx_word' id='word_1_312' title='bbox 393 4379 522 4433; x_wconf 86' lang='lat' dir='ltr'>Non</span> <span class='ocrx_word' id='word_1_313' title='bbox 561 4395 700 4449; x_wconf 86' lang='lat' dir='ltr'>ergo</span> <span class='ocrx_word' id='word_1_314' title='bbox 745 4379 947 4433; x_wconf 81' lang='lat' dir='ltr'>merita</span> <span class='ocrx_word' id='word_1_315' title='bbox 991 4379 1291 4434; x_wconf 90' lang='lat' dir='ltr'>hominum</span> <span class='ocrx_word' id='word_1_316' title='bbox 1335 4381 1554 4451; x_wconf 68' lang='lat' dir='ltr'>copula:</span> <span class='ocrx_word' id='word_1_317' title='bbox 1592 4397 1723 4434; x_wconf 90' lang='lat' dir='ltr'>usus</span> 
     </span>
    </p>
   </div>
   <div class='ocr_carea' id='block_1_47' title="bbox 133 4472 1720 4545">
    <p class='ocr_par' dir='ltr' id='par_1_47' title="bbox 133 4472 1720 4545">
     <span class='ocr_line' id='line_1_47' title="bbox 133 4472 1720 4545; baseline 0.006 -27"><span class='ocrx_word' id='word_1_318' title='bbox 133 4473 378 4539; x_wconf 69' lang='lat' dir='ltr'>exaequat;</span> <span class='ocrx_word' id='word_1_319' title='bbox 407 4487 543 4526; x_wconf 88' lang='lat' dir='ltr'>nam</span> <span class='ocrx_word' id='word_1_320' title='bbox 573 4479 630 4526; x_wconf 90' lang='lat' dir='ltr'>et</span> <span class='ocrx_word' id='word_1_321' title='bbox 654 4475 818 4542; x_wconf 90' lang='lat' dir='ltr'>pater</span> <span class='ocrx_word' id='word_1_322' title='bbox 841 4472 899 4526; x_wconf 93' lang='lat' dir='ltr'>in</span> <span class='ocrx_word' id='word_1_323' title='bbox 927 4472 1128 4541; x_wconf 90' lang='lat' dir='ltr'>ﬁlium,</span> <span class='ocrx_word' id='word_1_324' title='bbox 1154 4476 1211 4527; x_wconf 91' lang='lat' dir='ltr'>et</span> <span class='ocrx_word' id='word_1_325' title='bbox 1233 4473 1382 4528; x_wconf 86' lang='lat' dir='ltr'>filius</span> <span class='ocrx_word' id='word_1_326' title='bbox 1411 4473 1470 4528; x_wconf 92' lang='lat' dir='ltr'>in</span> <span class='ocrx_word' id='word_1_327' title='bbox 1497 4477 1720 4545; x_wconf 88' lang='lat' dir='ltr'>patrem</span> 
     </span>
    </p>
   </div>
   <div class='ocr_carea' id='block_1_48' title="bbox 1817 539 3136 611">
    <p class='ocr_par' dir='ltr' id='par_1_48' title="bbox 1817 539 3136 611">
     <span class='ocr_line' id='line_1_48' title="bbox 1817 539 3136 611; baseline 0.002 -19"><span class='ocrx_word' id='word_1_328' title='bbox 1817 555 1984 608; x_wconf 81' lang='lat' dir='ltr'>aera;</span> <span class='ocrx_word' id='word_1_329' title='bbox 2014 539 2113 610; x_wconf 88' lang='lat' dir='ltr'>qui</span> <span class='ocrx_word' id='word_1_330' title='bbox 2138 542 2334 593; x_wconf 90' lang='lat' dir='ltr'>autem</span> <span class='ocrx_word' id='word_1_331' title='bbox 2363 539 2725 610; x_wconf 89' lang='lat' dir='ltr'>relinquitur,</span> <span class='ocrx_word' id='word_1_332' title='bbox 2758 539 3136 611; x_wconf 89' lang='lat' dir='ltr'>improbatur.</span> 
     </span>
    </p>
   </div>
   <div class='ocr_carea' id='block_1_49' title="bbox 1886 633 3451 706">
    <p class='ocr_par' dir='ltr' id='par_1_49' title="bbox 1886 633 3451 706">
     <span class='ocr_line' id='line_1_49' title="bbox 1886 633 3451 706; baseline 0.003 -20"><span class='ocrx_word' id='word_1_333' title='bbox 1886 633 1972 687; x_wconf 80' lang='grc'>48.</span> <span class='ocrx_word' id='word_1_334' title='bbox 2012 636 2137 687; x_wconf 74' lang='lat' dir='ltr'>Duae</span> <span class='ocrx_word' id='word_1_335' title='bbox 2173 634 2424 687; x_wconf 87' lang='lat' dir='ltr'>molentes</span> <span class='ocrx_word' id='word_1_336' title='bbox 2462 635 2522 687; x_wconf 78' lang='lat' dir='ltr'>in</span> <span class='ocrx_word' id='word_1_337' title='bbox 2558 635 2810 702; x_wconf 79' lang='lat' dir='ltr'>pistrino.</span> <span class='ocrx_word' id='word_1_338' title='bbox 2847 634 3057 689; x_wconf 90' lang='lat' dir='ltr'>Sensus</span> <span class='ocrx_word' id='word_1_339' title='bbox 3094 635 3328 706; x_wconf 88' lang='lat' dir='ltr'>quidem</span> <span class='ocrx_word' id='word_1_340' title='bbox 3368 644 3451 692; x_wconf 90' lang='lat' dir='ltr'>est</span> 
     </span>
    </p>
   </div>
   <div class='ocr_carea' id='block_1_50' title="bbox 1816 725 3446 798">
    <p class='ocr_par' dir='ltr' id='par_1_50' title="bbox 1816 725 3446 798">
     <span class='ocr_line' id='line_1_50' title="bbox 1816 725 3446 798; baseline 0.002 -20"><span class='ocrx_word' id='word_1_341' title='bbox 1816 725 1971 795; x_wconf 90' lang='lat' dir='ltr'>quod</span> <span class='ocrx_word' id='word_1_342' title='bbox 2015 725 2071 778; x_wconf 92' lang='lat' dir='ltr'>hi</span> <span class='ocrx_word' id='word_1_343' title='bbox 2113 726 2422 795; x_wconf 85' lang='lat' dir='ltr'>signiﬁcari</span> <span class='ocrx_word' id='word_1_344' title='bbox 2463 725 2783 793; x_wconf 84' lang='lat' dir='ltr'>videantur,</span> <span class='ocrx_word' id='word_1_345' title='bbox 2822 727 2918 798; x_wconf 89' lang='lat' dir='ltr'>qui</span> <span class='ocrx_word' id='word_1_346' title='bbox 2960 745 3030 782; x_wconf 84' lang='lat' dir='ltr'>ex</span> <span class='ocrx_word' id='word_1_347' title='bbox 3070 729 3302 782; x_wconf 91' lang='lat' dir='ltr'>occultis</span> <span class='ocrx_word' id='word_1_348' title='bbox 3346 729 3446 782; x_wconf 88' lang='lat' dir='ltr'>ali-</span> 
     </span>
    </p>
   </div>
   <div class='ocr_carea' id='block_1_51' title="bbox 1816 820 3446 890">
    <p class='ocr_par' dir='ltr' id='par_1_51' title="bbox 1816 820 3446 890">
     <span class='ocr_line' id='line_1_51' title="bbox 1816 820 3446 890; baseline 0.002 -17"><span class='ocrx_word' id='word_1_349' title='bbox 1816 822 2012 873; x_wconf 86' lang='lat' dir='ltr'>menta</span> <span class='ocrx_word' id='word_1_350' title='bbox 2060 823 2350 889; x_wconf 70' lang='lat' dir='ltr'>quaerant,</span> <span class='ocrx_word' id='word_1_351' title='bbox 2405 825 2459 873; x_wconf 91' lang='lat' dir='ltr'>et</span> <span class='ocrx_word' id='word_1_352' title='bbox 2511 820 2571 873; x_wconf 90' lang='lat' dir='ltr'>in</span> <span class='ocrx_word' id='word_1_353' title='bbox 2637 826 2894 890; x_wconf 90' lang='lat' dir='ltr'>apertum</span> <span class='ocrx_word' id='word_1_354' title='bbox 2959 837 3022 875; x_wconf 88' lang='lat' dir='ltr'>ex</span> <span class='ocrx_word' id='word_1_355' title='bbox 3082 820 3446 876; x_wconf 88' lang='lat' dir='ltr'>interioribus</span> 
     </span>
    </p>
   </div>
   <div class='ocr_carea' id='block_1_52' title="bbox 1815 913 3446 985">
    <p class='ocr_par' dir='ltr' id='par_1_52' title="bbox 1815 913 3446 985">
     <span class='ocr_line' id='line_1_52' title="bbox 1815 913 3446 985; baseline 0.001 -18"><span class='ocrx_word' id='word_1_356' title='bbox 1815 915 2124 985; x_wconf 84' lang='lat' dir='ltr'>proferant.</span> <span class='ocrx_word' id='word_1_357' title='bbox 2158 913 2268 968; x_wconf 89' lang='lat' dir='ltr'>Sed</span> <span class='ocrx_word' id='word_1_358' title='bbox 2307 918 2501 968; x_wconf 90' lang='lat' dir='ltr'>tamen</span> <span class='ocrx_word' id='word_1_359' title='bbox 2543 913 2681 982; x_wconf 90' lang='lat' dir='ltr'>quid</span> <span class='ocrx_word' id='word_1_360' title='bbox 2723 913 2941 968; x_wconf 90' lang='lat' dir='ltr'>molant</span> <span class='ocrx_word' id='word_1_361' title='bbox 2981 913 3099 968; x_wconf 68' lang='lat' dir='ltr'>ista:</span> <span class='ocrx_word' id='word_1_362' title='bbox 3142 914 3270 968; x_wconf 71' lang='lat' dir='ltr'>duae</span> <span class='ocrx_word' id='word_1_363' title='bbox 3319 931 3446 969; x_wconf 85' lang='lat' dir='ltr'>mu-</span> 
     </span>
    </p>
   </div>
   <div class='ocr_carea' id='block_1_53' title="bbox 1815 1006 3449 1079">
    <p class='ocr_par' dir='ltr' id='par_1_53' title="bbox 1815 1006 3449 1079">
     <span class='ocr_line' id='line_1_53' title="bbox 1815 1006 3449 1079; baseline -0.001 -17"><span class='ocrx_word' id='word_1_364' title='bbox 1815 1007 2000 1076; x_wconf 89' lang='lat' dir='ltr'>lieres,</span> <span class='ocrx_word' id='word_1_365' title='bbox 2045 1006 2452 1078; x_wconf 87' lang='lat' dir='ltr'>requirendum</span> <span class='ocrx_word' id='word_1_366' title='bbox 2493 1009 2596 1060; x_wconf 88' lang='lat' dir='ltr'>est.</span> <span class='ocrx_word' id='word_1_367' title='bbox 2649 1006 2758 1060; x_wconf 80' lang='lat' dir='ltr'>Nisi</span> <span class='ocrx_word' id='word_1_368' title='bbox 2811 1006 2954 1061; x_wconf 89' lang='lat' dir='ltr'>forte</span> <span class='ocrx_word' id='word_1_369' title='bbox 3003 1008 3157 1078; x_wconf 86' lang='lat' dir='ltr'>quod</span> <span class='ocrx_word' id='word_1_370' title='bbox 3203 1009 3449 1079; x_wconf 78' lang='lat' dir='ltr'>legimus</span> 
     </span>
    </p>
   </div>
   <div class='ocr_carea' id='block_1_54' title="bbox 1815 1099 3450 1171">
    <p class='ocr_par' dir='ltr' id='par_1_54' title="bbox 1815 1099 3450 1171">
     <span class='ocr_line' id='line_1_54' title="bbox 1815 1099 3450 1171; baseline 0.001 -17"><span class='ocrx_word' id='word_1_371' title='bbox 1815 1101 1874 1155; x_wconf 89' lang='lat' dir='ltr'>in</span> <span class='ocrx_word' id='word_1_372' title='bbox 1932 1101 2072 1156; x_wconf 90' lang='lat' dir='ltr'>lsaia</span> <span class='ocrx_word' id='word_1_373' title='bbox 2129 1117 2140 1154; x_wconf 92' lang='lat'>:</span> <span class='ocrx_word' id='word_1_374' title='bbox 2195 1100 2252 1155; x_wconf 90' lang='lat' dir='ltr'>Si</span> <span class='ocrx_word' id='word_1_375' title='bbox 2318 1099 2568 1154; x_wconf 74' lang='lat' dir='ltr'>efferatis</span> <span class='ocrx_word' id='word_1_376' title='bbox 2630 1100 3033 1171; x_wconf 87' lang='lat' dir='ltr'>similaginem,</span> <span class='ocrx_word' id='word_1_377' title='bbox 3091 1117 3300 1155; x_wconf 88' lang='lat' dir='ltr'>vanum</span> <span class='ocrx_word' id='word_1_378' title='bbox 3367 1110 3450 1156; x_wconf 90' lang='lat' dir='ltr'>est</span> 
     </span>
    </p>
   </div>
   <div class='ocr_carea' id='block_1_55' title="bbox 1818 1192 3447 1264">
    <p class='ocr_par' dir='ltr' id='par_1_55' title="bbox 1818 1192 3447 1264">
     <span class='ocr_line' id='line_1_55' title="bbox 1818 1192 3447 1264; baseline -0.001 -14"><span class='ocrx_word' id='word_1_379' title='bbox 1818 1197 1968 1260; x_wconf 88' lang='lat' dir='ltr'>(lsa.,</span> <span class='ocrx_word' id='word_1_380' title='bbox 2016 1211 2051 1262; x_wconf 84' lang='lat' dir='ltr'>I,</span> <span class='ocrx_word' id='word_1_381' title='bbox 2105 1197 2188 1261; x_wconf 86' lang='lat' dir='ltr'>l3)</span> <span class='ocrx_word' id='word_1_382' title='bbox 2232 1211 2244 1247; x_wconf 87' lang='lat'><strong>:</strong></span> <span class='ocrx_word' id='word_1_383' title='bbox 2289 1196 2351 1245; x_wconf 87' lang='lat' dir='ltr'>ut</span> <span class='ocrx_word' id='word_1_384' title='bbox 2395 1192 2661 1263; x_wconf 89' lang='lat' dir='ltr'>similago</span> <span class='ocrx_word' id='word_1_385' title='bbox 2713 1194 2802 1261; x_wconf 91' lang='lat' dir='ltr'>sit,</span> <span class='ocrx_word' id='word_1_386' title='bbox 2848 1210 2974 1264; x_wconf 70' lang='lat' dir='ltr'>quae</span> <span class='ocrx_word' id='word_1_387' title='bbox 3022 1211 3056 1248; x_wconf 90' lang='lat' dir='ltr'>a</span> <span class='ocrx_word' id='word_1_388' title='bbox 3104 1195 3447 1249; x_wconf 88' lang='lat' dir='ltr'>molentibus</span> 
     </span>
    </p>
   </div>
   <div class='ocr_carea' id='block_1_56' title="bbox 1819 1286 3447 1359">
    <p class='ocr_par' dir='ltr' id='par_1_56' title="bbox 1819 1286 3447 1359">
     <span class='ocr_line' id='line_1_56' title="bbox 1819 1286 3447 1359; baseline 0.001 -18"><span class='ocrx_word' id='word_1_389' title='bbox 1819 1287 2115 1342; x_wconf 71' lang='lat' dir='ltr'>offeratur.</span> <span class='ocrx_word' id='word_1_390' title='bbox 2167 1286 2548 1341; x_wconf 89' lang='lat' dir='ltr'>Discutiamus</span> <span class='ocrx_word' id='word_1_391' title='bbox 2597 1303 2732 1356; x_wconf 90' lang='lat' dir='ltr'>ergo</span> <span class='ocrx_word' id='word_1_392' title='bbox 2781 1303 2907 1357; x_wconf 65' lang='lat' dir='ltr'>qua:</span> <span class='ocrx_word' id='word_1_393' title='bbox 2960 1287 3193 1352; x_wconf 91' lang='lat' dir='ltr'>molant,</span> <span class='ocrx_word' id='word_1_394' title='bbox 3244 1288 3447 1359; x_wconf 86' lang='lat' dir='ltr'>quidve</span> 
     </span>
    </p>
   </div>
   <div class='ocr_carea' id='block_1_57' title="bbox 1819 1379 3448 1451">
    <p class='ocr_par' dir='ltr' id='par_1_57' title="bbox 1819 1379 3448 1451">
     <span class='ocr_line' id='line_1_57' title="bbox 1819 1379 3448 1451; baseline 0 -17"><span class='ocrx_word' id='word_1_395' title='bbox 1819 1382 2050 1447; x_wconf 91' lang='lat' dir='ltr'>molant,</span> <span class='ocrx_word' id='word_1_396' title='bbox 2085 1379 2289 1451; x_wconf 90' lang='lat' dir='ltr'>quidve</span> <span class='ocrx_word' id='word_1_397' title='bbox 2328 1380 2632 1450; x_wconf 90' lang='lat' dir='ltr'>pistrinum</span> <span class='ocrx_word' id='word_1_398' title='bbox 2676 1380 2766 1434; x_wconf 92' lang='lat' dir='ltr'>sit.</span> <span class='ocrx_word' id='word_1_399' title='bbox 2815 1381 2881 1433; x_wconf 88' lang='lat' dir='ltr'>Et</span> <span class='ocrx_word' id='word_1_400' title='bbox 2921 1380 3159 1435; x_wconf 86' lang='lat' dir='ltr'>fortasse</span> <span class='ocrx_word' id='word_1_401' title='bbox 3205 1383 3448 1436; x_wconf 90' lang='lat' dir='ltr'>mundus</span> 
     </span>
    </p>
   </div>
   <div class='ocr_carea' id='block_1_58' title="bbox 1817 1473 3444 1545">
    <p class='ocr_par' dir='ltr' id='par_1_58' title="bbox 1817 1473 3444 1545">
     <span class='ocr_line' id='line_1_58' title="bbox 1817 1473 3444 1545; baseline 0 -17"><span class='ocrx_word' id='word_1_402' title='bbox 1817 1475 1921 1529; x_wconf 90' lang='lat' dir='ltr'>iste</span> <span class='ocrx_word' id='word_1_403' title='bbox 1955 1474 2262 1545; x_wconf 91' lang='lat' dir='ltr'>pistrinum</span> <span class='ocrx_word' id='word_1_404' title='bbox 2293 1479 2396 1539; x_wconf 88' lang='lat' dir='ltr'>est,</span> <span class='ocrx_word' id='word_1_405' title='bbox 2424 1474 2482 1527; x_wconf 92' lang='lat' dir='ltr'>in</span> <span class='ocrx_word' id='word_1_406' title='bbox 2519 1489 2632 1544; x_wconf 90' lang='lat' dir='ltr'>quo</span> <span class='ocrx_word' id='word_1_407' title='bbox 2665 1473 2852 1544; x_wconf 87' lang='lat' dir='ltr'>aptius</span> <span class='ocrx_word' id='word_1_408' title='bbox 2880 1489 3006 1528; x_wconf 79' lang='lat' dir='ltr'>reor</span> <span class='ocrx_word' id='word_1_409' title='bbox 3044 1474 3178 1544; x_wconf 89' lang='lat' dir='ltr'>quia</span> <span class='ocrx_word' id='word_1_410' title='bbox 3213 1475 3444 1530; x_wconf 84' lang='lat' dir='ltr'>humani</span> 
     </span>
    </p>
   </div>
   <div class='ocr_carea' id='block_1_59' title="bbox 1817 1567 3443 1638">
    <p class='ocr_par' dir='ltr' id='par_1_59' title="bbox 1817 1567 3443 1638">
     <span class='ocr_line' id='line_1_59' title="bbox 1817 1567 3443 1638; baseline 0 -16"><span class='ocrx_word' id='word_1_411' title='bbox 1817 1567 2063 1638; x_wconf 91' lang='lat' dir='ltr'>corporis</span> <span class='ocrx_word' id='word_1_412' title='bbox 2103 1567 2289 1621; x_wconf 91' lang='lat' dir='ltr'>forma</span> <span class='ocrx_word' id='word_1_413' title='bbox 2319 1567 2594 1621; x_wconf 85' lang='lat' dir='ltr'>referatur</span> <span class='ocrx_word' id='word_1_414' title='bbox 2623 1568 2753 1636; x_wconf 82' lang='lat'>(75),</span> <span class='ocrx_word' id='word_1_415' title='bbox 2782 1567 2839 1620; x_wconf 93' lang='lat' dir='ltr'>in</span> <span class='ocrx_word' id='word_1_416' title='bbox 2877 1583 2988 1638; x_wconf 92' lang='lat' dir='ltr'>quo</span> <span class='ocrx_word' id='word_1_417' title='bbox 3026 1568 3218 1622; x_wconf 92' lang='lat' dir='ltr'>anima</span> <span class='ocrx_word' id='word_1_418' title='bbox 3246 1573 3443 1622; x_wconf 85' lang='lat' dir='ltr'>nostra</span> 
     </span>
    </p>
   </div>
   <div class='ocr_carea' id='block_1_60' title="bbox 1817 1659 3441 1732">
    <p class='ocr_par' dir='ltr' id='par_1_60' title="bbox 1817 1659 3441 1732">
     <span class='ocr_line' id='line_1_60' title="bbox 1817 1659 3441 1732; baseline 0.001 -18"><span class='ocrx_word' id='word_1_419' title='bbox 1817 1661 1968 1715; x_wconf 91' lang='lat' dir='ltr'>velut</span> <span class='ocrx_word' id='word_1_420' title='bbox 1996 1660 2246 1732; x_wconf 89' lang='lat' dir='ltr'>quodam</span> <span class='ocrx_word' id='word_1_421' title='bbox 2285 1676 2508 1715; x_wconf 88' lang='lat' dir='ltr'>carcere</span> <span class='ocrx_word' id='word_1_422' title='bbox 2545 1659 2856 1714; x_wconf 88' lang='lat' dir='ltr'>includitur</span> <span class='ocrx_word' id='word_1_423' title='bbox 2883 1661 3183 1730; x_wconf 86' lang='lat' dir='ltr'>corporali,</span> <span class='ocrx_word' id='word_1_424' title='bbox 3215 1677 3441 1731; x_wconf 89' lang='lat' dir='ltr'>panem,</span> 
     </span>
    </p>
   </div>
   <div class='ocr_carea' id='block_1_61' title="bbox 1817 1753 3442 1825">
    <p class='ocr_par' dir='ltr' id='par_1_61' title="bbox 1817 1753 3442 1825">
     <span class='ocr_line' id='line_1_61' title="bbox 1817 1753 3442 1825; baseline 0.001 -17"><span class='ocrx_word' id='word_1_425' title='bbox 1817 1755 1861 1810; x_wconf 89' lang='lat' dir='ltr'>si</span> <span class='ocrx_word' id='word_1_426' title='bbox 1891 1755 2027 1809; x_wconf 92' lang='lat' dir='ltr'>boni</span> <span class='ocrx_word' id='word_1_427' title='bbox 2064 1753 2325 1809; x_wconf 89' lang='lat' dir='ltr'>consulat</span> <span class='ocrx_word' id='word_1_428' title='bbox 2357 1754 2514 1825; x_wconf 78' lang='lat'>(75“),</span> <span class='ocrx_word' id='word_1_429' title='bbox 2549 1759 2857 1824; x_wconf 89' lang='lat' dir='ltr'>operatura</span> <span class='ocrx_word' id='word_1_430' title='bbox 2898 1755 3200 1808; x_wconf 65' lang='lat' dir='ltr'>caelestem.</span> <span class='ocrx_word' id='word_1_431' title='bbox 3238 1755 3297 1808; x_wconf 89' lang='lat' dir='ltr'>In</span> <span class='ocrx_word' id='word_1_432' title='bbox 3335 1755 3442 1809; x_wconf 92' lang='lat' dir='ltr'>hoc</span> 
     </span>
    </p>
   </div>
   <div class='ocr_carea' id='block_1_62' title="bbox 1816 1847 3441 1918">
    <p class='ocr_par' dir='ltr' id='par_1_62' title="bbox 1816 1847 3441 1918">
     <span class='ocr_line' id='line_1_62' title="bbox 1816 1847 3441 1918; baseline -0.001 -16"><span class='ocrx_word' id='word_1_433' title='bbox 1816 1864 1955 1918; x_wconf 92' lang='lat' dir='ltr'>ergo</span> <span class='ocrx_word' id='word_1_434' title='bbox 2011 1848 2250 1918; x_wconf 90' lang='lat' dir='ltr'>pistrino</span> <span class='ocrx_word' id='word_1_435' title='bbox 2308 1849 2391 1902; x_wconf 91' lang='lat' dir='ltr'>vel</span> <span class='ocrx_word' id='word_1_436' title='bbox 2447 1848 2771 1918; x_wconf 86' lang='lat' dir='ltr'>Synagoga,</span> <span class='ocrx_word' id='word_1_437' title='bbox 2816 1847 2898 1900; x_wconf 85' lang='lat' dir='ltr'>vel</span> <span class='ocrx_word' id='word_1_438' title='bbox 2959 1847 3153 1902; x_wconf 89' lang='lat' dir='ltr'>anima</span> <span class='ocrx_word' id='word_1_439' title='bbox 3201 1847 3441 1902; x_wconf 87' lang='lat' dir='ltr'>obnoxia</span> 
     </span>
    </p>
   </div>
   <div class='ocr_carea' id='block_1_63' title="bbox 1814 1940 3441 2012">
    <p class='ocr_par' dir='ltr' id='par_1_63' title="bbox 1814 1940 3441 2012">
     <span class='ocr_line' id='line_1_63' title="bbox 1814 1940 3441 2012; baseline -0.001 -17"><span class='ocrx_word' id='word_1_440' title='bbox 1814 1941 2056 2009; x_wconf 87' lang='lat' dir='ltr'>delictis,</span> <span class='ocrx_word' id='word_1_441' title='bbox 2103 1941 2354 1996; x_wconf 90' lang='lat' dir='ltr'>triticum</span> <span class='ocrx_word' id='word_1_442' title='bbox 2401 1940 2672 1994; x_wconf 90' lang='lat' dir='ltr'>molendo</span> <span class='ocrx_word' id='word_1_443' title='bbox 2717 1940 3129 2008; x_wconf 90' lang='lat' dir='ltr'>madefactum,</span> <span class='ocrx_word' id='word_1_444' title='bbox 3177 1947 3234 1995; x_wconf 91' lang='lat' dir='ltr'>et</span> <span class='ocrx_word' id='word_1_445' title='bbox 3282 1942 3441 2012; x_wconf 88' lang='lat' dir='ltr'>gravi</span> 
     </span>
    </p>
   </div>
   <div class='ocr_carea' id='block_1_64' title="bbox 1816 2033 3439 2104">
    <p class='ocr_par' dir='ltr' id='par_1_64' title="bbox 1816 2033 3439 2104">
     <span class='ocr_line' id='line_1_64' title="bbox 1816 2033 3439 2104; baseline 0 -16"><span class='ocrx_word' id='word_1_446' title='bbox 1816 2035 2058 2089; x_wconf 89' lang='lat' dir='ltr'>humore</span> <span class='ocrx_word' id='word_1_447' title='bbox 2089 2040 2441 2104; x_wconf 88' lang='lat' dir='ltr'>corruptum,</span> <span class='ocrx_word' id='word_1_448' title='bbox 2479 2050 2592 2088; x_wconf 92' lang='lat' dir='ltr'>non</span> <span class='ocrx_word' id='word_1_449' title='bbox 2635 2037 2823 2104; x_wconf 87' lang='lat' dir='ltr'>potest</span> <span class='ocrx_word' id='word_1_450' title='bbox 2864 2033 3134 2088; x_wconf 84' lang='lat' dir='ltr'>interiora</span> <span class='ocrx_word' id='word_1_451' title='bbox 3174 2033 3245 2088; x_wconf 90' lang='lat' dir='ltr'>ab</span> <span class='ocrx_word' id='word_1_452' title='bbox 3285 2039 3439 2089; x_wconf 86' lang='lat' dir='ltr'>exte-</span> 
     </span>
    </p>
   </div>
   <div class='ocr_carea' id='block_1_65' title="bbox 1816 2126 3444 2199">
    <p class='ocr_par' dir='ltr' id='par_1_65' title="bbox 1816 2126 3444 2199">
     <span class='ocr_line' id='line_1_65' title="bbox 1816 2126 3444 2199; baseline 0.001 -18"><span class='ocrx_word' id='word_1_453' title='bbox 1816 2127 2062 2181; x_wconf 90' lang='lat' dir='ltr'>rioribus</span> <span class='ocrx_word' id='word_1_454' title='bbox 2110 2144 2398 2198; x_wconf 84' lang='lat' dir='ltr'>separare;</span> <span class='ocrx_word' id='word_1_455' title='bbox 2445 2133 2501 2182; x_wconf 91' lang='lat' dir='ltr'>et</span> <span class='ocrx_word' id='word_1_456' title='bbox 2544 2127 2671 2181; x_wconf 87' lang='lat' dir='ltr'>ideo</span> <span class='ocrx_word' id='word_1_457' title='bbox 2723 2126 3087 2198; x_wconf 90' lang='lat' dir='ltr'>relinquitur,</span> <span class='ocrx_word' id='word_1_458' title='bbox 3132 2127 3267 2199; x_wconf 88' lang='lat' dir='ltr'>quia</span> <span class='ocrx_word' id='word_1_459' title='bbox 3321 2127 3444 2198; x_wconf 89' lang='lat' dir='ltr'>ejus</span> 
     </span>
    </p>
   </div>
   <div class='ocr_carea' id='block_1_66' title="bbox 1815 2221 3442 2292">
    <p class='ocr_par' dir='ltr' id='par_1_66' title="bbox 1815 2221 3442 2292">
     <span class='ocr_line' id='line_1_66' title="bbox 1815 2221 3442 2292; baseline -0.001 -17"><span class='ocrx_word' id='word_1_460' title='bbox 1815 2221 2076 2291; x_wconf 88' lang='lat' dir='ltr'>similago</span> <span class='ocrx_word' id='word_1_461' title='bbox 2127 2221 2436 2292; x_wconf 89' lang='lat' dir='ltr'>displicuit.</span> <span class='ocrx_word' id='word_1_462' title='bbox 2486 2225 2555 2276; x_wconf 84' lang='lat' dir='ltr'>At</span> <span class='ocrx_word' id='word_1_463' title='bbox 2607 2236 2741 2274; x_wconf 88' lang='lat' dir='ltr'>vero</span> <span class='ocrx_word' id='word_1_464' title='bbox 2793 2226 2989 2276; x_wconf 89' lang='lat' dir='ltr'>sancta</span> <span class='ocrx_word' id='word_1_465' title='bbox 3042 2221 3306 2288; x_wconf 85' lang='lat' dir='ltr'>Ecclesia,</span> <span class='ocrx_word' id='word_1_466' title='bbox 3358 2226 3442 2276; x_wconf 89' lang='lat' dir='ltr'>vel</span> 
     </span>
    </p>
   </div>
   <div class='ocr_carea' id='block_1_67' title="bbox 1815 2313 3442 2385">
    <p class='ocr_par' dir='ltr' id='par_1_67' title="bbox 1815 2313 3442 2385">
     <span class='ocr_line' id='line_1_67' title="bbox 1815 2313 3442 2385; baseline 0.001 -17"><span class='ocrx_word' id='word_1_467' title='bbox 1815 2315 2005 2369; x_wconf 91' lang='lat' dir='ltr'>anima</span> <span class='ocrx_word' id='word_1_468' title='bbox 2053 2315 2220 2368; x_wconf 92' lang='lat' dir='ltr'>nullis</span> <span class='ocrx_word' id='word_1_469' title='bbox 2265 2315 2547 2368; x_wconf 87' lang='lat' dir='ltr'>maculata</span> <span class='ocrx_word' id='word_1_470' title='bbox 2592 2313 2870 2384; x_wconf 88' lang='lat' dir='ltr'>contagiis</span> <span class='ocrx_word' id='word_1_471' title='bbox 2914 2314 3270 2382; x_wconf 88' lang='lat' dir='ltr'>delictorum,</span> <span class='ocrx_word' id='word_1_472' title='bbox 3313 2330 3442 2385; x_wconf 63' lang='lat' dir='ltr'>quae</span> 
     </span>
    </p>
   </div>
   <div class='ocr_carea' id='block_1_68' title="bbox 1817 2407 3446 2478">
    <p class='ocr_par' dir='ltr' id='par_1_68' title="bbox 1817 2407 3446 2478">
     <span class='ocr_line' id='line_1_68' title="bbox 1817 2407 3446 2478; baseline 0 -16"><span class='ocrx_word' id='word_1_473' title='bbox 1817 2409 1922 2462; x_wconf 88' lang='lat' dir='ltr'>tale</span> <span class='ocrx_word' id='word_1_474' title='bbox 1971 2409 2222 2463; x_wconf 89' lang='lat' dir='ltr'>triticum</span> <span class='ocrx_word' id='word_1_475' title='bbox 2274 2407 2453 2462; x_wconf 87' lang='lat' dir='ltr'>molet</span> <span class='ocrx_word' id='word_1_476' title='bbox 2495 2407 2649 2478; x_wconf 92' lang='lat' dir='ltr'>quod</span> <span class='ocrx_word' id='word_1_477' title='bbox 2696 2407 2837 2461; x_wconf 91' lang='lat' dir='ltr'>Solis</span> <span class='ocrx_word' id='word_1_478' title='bbox 2889 2407 3093 2462; x_wconf 72' lang='lat' dir='ltr'>aeterni</span> <span class='ocrx_word' id='word_1_479' title='bbox 3140 2408 3324 2463; x_wconf 88' lang='lat' dir='ltr'>calore</span> <span class='ocrx_word' id='word_1_480' title='bbox 3373 2409 3446 2462; x_wconf 85' lang='lat' dir='ltr'>sit</span> 
     </span>
    </p>
   </div>
   <div class='ocr_carea' id='block_1_69' title="bbox 1817 2500 3444 2571">
    <p class='ocr_par' dir='ltr' id='par_1_69' title="bbox 1817 2500 3444 2571">
     <span class='ocr_line' id='line_1_69' title="bbox 1817 2500 3444 2571; baseline -0.001 -16"><span class='ocrx_word' id='word_1_481' title='bbox 1817 2501 2115 2569; x_wconf 80' lang='lat' dir='ltr'>torridam,</span> <span class='ocrx_word' id='word_1_482' title='bbox 2170 2501 2319 2571; x_wconf 91' lang='lat' dir='ltr'>quod</span> <span class='ocrx_word' id='word_1_483' title='bbox 2371 2501 2517 2555; x_wconf 91' lang='lat' dir='ltr'>Deus</span> <span class='ocrx_word' id='word_1_484' title='bbox 2571 2500 3060 2571; x_wconf 87' lang='lat' dir='ltr'>quemadmodum</span> <span class='ocrx_word' id='word_1_485' title='bbox 3115 2501 3310 2568; x_wconf 89' lang='lat' dir='ltr'>voluit,</span> <span class='ocrx_word' id='word_1_486' title='bbox 3366 2503 3444 2554; x_wconf 90' lang='lat' dir='ltr'>sic</span> 
     </span>
    </p>
   </div>
   <div class='ocr_carea' id='block_1_70' title="bbox 1816 2593 3444 2664">
    <p class='ocr_par' dir='ltr' id='par_1_70' title="bbox 1816 2593 3444 2664">
     <span class='ocr_line' id='line_1_70' title="bbox 1816 2593 3444 2664; baseline 0 -16"><span class='ocrx_word' id='word_1_487' title='bbox 1816 2595 2058 2663; x_wconf 89' lang='lat' dir='ltr'>vestivit,</span> <span class='ocrx_word' id='word_1_488' title='bbox 2106 2599 2162 2648; x_wconf 87' lang='lat' dir='ltr'>et</span> <span class='ocrx_word' id='word_1_489' title='bbox 2205 2594 2396 2664; x_wconf 82' lang='lat' dir='ltr'>angeli</span> <span class='ocrx_word' id='word_1_490' title='bbox 2444 2593 2515 2648; x_wconf 91' lang='lat' dir='ltr'>ab</span> <span class='ocrx_word' id='word_1_491' title='bbox 2553 2594 2711 2649; x_wconf 91' lang='lat' dir='ltr'>omni</span> <span class='ocrx_word' id='word_1_492' title='bbox 2763 2598 3271 2664; x_wconf 90' lang='lat' dir='ltr'>purgamentorum</span> <span class='ocrx_word' id='word_1_493' title='bbox 3317 2594 3444 2649; x_wconf 87' lang='lat' dir='ltr'>labe</span> 
     </span>
    </p>
   </div>
   <div class='ocr_carea' id='block_1_71' title="bbox 1817 2686 3447 2758">
    <p class='ocr_par' dir='ltr' id='par_1_71' title="bbox 1817 2686 3447 2758">
     <span class='ocr_line' id='line_1_71' title="bbox 1817 2686 3447 2758; baseline -0.001 -16"><span class='ocrx_word' id='word_1_494' title='bbox 1817 2689 2184 2757; x_wconf 76' lang='lat' dir='ltr'>mandarunt,</span> <span class='ocrx_word' id='word_1_495' title='bbox 2234 2689 2448 2742; x_wconf 89' lang='lat' dir='ltr'>bonam</span> <span class='ocrx_word' id='word_1_496' title='bbox 2500 2686 2887 2757; x_wconf 87' lang='lat' dir='ltr'>similaginem</span> <span class='ocrx_word' id='word_1_497' title='bbox 2939 2687 3010 2742; x_wconf 89' lang='lat' dir='ltr'>de</span> <span class='ocrx_word' id='word_1_498' title='bbox 3059 2687 3447 2758; x_wconf 89' lang='lat' dir='ltr'>penetralibus</span> 
     </span>
    </p>
   </div>
   <div class='ocr_carea' id='block_1_72' title="bbox 1817 2780 3448 2848">
    <p class='ocr_par' dir='ltr' id='par_1_72' title="bbox 1817 2780 3448 2848">
     <span class='ocr_line' id='line_1_72' title="bbox 1817 2780 3448 2848; baseline 0 -12"><span class='ocrx_word' id='word_1_499' title='bbox 1817 2783 2117 2837; x_wconf 89' lang='lat' dir='ltr'>hominum</span> <span class='ocrx_word' id='word_1_500' title='bbox 2173 2782 2280 2835; x_wconf 88' lang='lat' dir='ltr'>Deo</span> <span class='ocrx_word' id='word_1_501' title='bbox 2336 2780 2612 2848; x_wconf 80' lang='lat' dir='ltr'>offerens,</span> <span class='ocrx_word' id='word_1_502' title='bbox 2669 2781 2926 2835; x_wconf 88' lang='lat' dir='ltr'>sacriﬁcii</span> <span class='ocrx_word' id='word_1_503' title='bbox 2989 2781 3073 2834; x_wconf 91' lang='lat' dir='ltr'>sui</span> <span class='ocrx_word' id='word_1_504' title='bbox 3130 2781 3448 2836; x_wconf 81' lang='lat' dir='ltr'>libamenta</span> 
     </span>
    </p>
   </div>
   <div class='ocr_carea' id='block_1_73' title="bbox 1816 2875 2199 2930">
    <p class='ocr_par' dir='ltr' id='par_1_73' title="bbox 1816 2875 2199 2930">
     <span class='ocr_line' id='line_1_73' title="bbox 1816 2875 2199 2930; baseline -0.003 0"><span class='ocrx_word' id='word_1_505' title='bbox 1816 2875 2199 2930; x_wconf 89' lang='lat' dir='ltr'>commendat.</span> 
     </span>
    </p>
   </div>
   <div class='ocr_carea' id='block_1_74' title="bbox 1887 2968 3443 3041">
    <p class='ocr_par' dir='ltr' id='par_1_74' title="bbox 1887 2968 3443 3041">
     <span class='ocr_line' id='line_1_74' title="bbox 1887 2968 3443 3041; baseline -0.001 -15"><span class='ocrx_word' id='word_1_506' title='bbox 1887 2972 1975 3026; x_wconf 78' lang='grc'>49.</span> <span class='ocrx_word' id='word_1_507' title='bbox 2005 2971 2112 3025; x_wconf 83' lang='lat' dir='ltr'>Nec</span> <span class='ocrx_word' id='word_1_508' title='bbox 2148 2970 2331 3023; x_wconf 90' lang='lat' dir='ltr'>solum</span> <span class='ocrx_word' id='word_1_509' title='bbox 2367 2970 2646 3024; x_wconf 91' lang='lat' dir='ltr'>molentes</span> <span class='ocrx_word' id='word_1_510' title='bbox 2677 2968 2828 3034; x_wconf 73' lang='lat' dir='ltr'>duae,</span> <span class='ocrx_word' id='word_1_511' title='bbox 2861 2969 2962 3023; x_wconf 88' lang='lat' dir='ltr'>sed</span> <span class='ocrx_word' id='word_1_512' title='bbox 3002 2970 3172 3024; x_wconf 88' lang='lat' dir='ltr'>etiam</span> <span class='ocrx_word' id='word_1_513' title='bbox 3207 2985 3443 3041; x_wconf 84' lang='lat' dir='ltr'>operan-</span> 
     </span>
    </p>
   </div>
   <div class='ocr_carea' id='block_1_75' title="bbox 1817 3062 3452 3133">
    <p class='ocr_par' dir='ltr' id='par_1_75' title="bbox 1817 3062 3452 3133">
     <span class='ocr_line' id='line_1_75' title="bbox 1817 3062 3452 3133; baseline -0.001 -14"><span class='ocrx_word' id='word_1_514' title='bbox 1817 3069 1901 3119; x_wconf 90' lang='lat' dir='ltr'>tes</span> <span class='ocrx_word' id='word_1_515' title='bbox 1949 3063 2060 3117; x_wconf 89' lang='lat' dir='ltr'>duo</span> <span class='ocrx_word' id='word_1_516' title='bbox 2108 3069 2276 3118; x_wconf 89' lang='lat' dir='ltr'>erunt</span> <span class='ocrx_word' id='word_1_517' title='bbox 2320 3063 2380 3116; x_wconf 91' lang='lat' dir='ltr'>in</span> <span class='ocrx_word' id='word_1_518' title='bbox 2429 3078 2569 3133; x_wconf 87' lang='lat' dir='ltr'>agro</span> <span class='ocrx_word' id='word_1_519' title='bbox 2622 3077 2761 3128; x_wconf 90' lang='lat' dir='ltr'>uno,</span> <span class='ocrx_word' id='word_1_520' title='bbox 2810 3079 2841 3116; x_wconf 92' lang='lat' dir='ltr'>e</span> <span class='ocrx_word' id='word_1_521' title='bbox 2885 3062 3090 3133; x_wconf 88' lang='lat' dir='ltr'>quibus</span> <span class='ocrx_word' id='word_1_522' title='bbox 3131 3069 3452 3118; x_wconf 87' lang='lat' dir='ltr'>assumetur</span> 
     </span>
    </p>
   </div>
   <div class='ocr_carea' id='block_1_76' title="bbox 1821 3156 3447 3227">
    <p class='ocr_par' dir='ltr' id='par_1_76' title="bbox 1821 3156 3447 3227">
     <span class='ocr_line' id='line_1_76' title="bbox 1821 3156 3447 3227; baseline -0.001 -15"><span class='ocrx_word' id='word_1_523' title='bbox 1821 3173 1983 3213; x_wconf 90' lang='lat' dir='ltr'>unus.</span> <span class='ocrx_word' id='word_1_524' title='bbox 2027 3159 2214 3212; x_wconf 90' lang='lat' dir='ltr'>Bonus</span> <span class='ocrx_word' id='word_1_525' title='bbox 2250 3157 2582 3225; x_wconf 90' lang='lat' dir='ltr'>seminator,</span> <span class='ocrx_word' id='word_1_526' title='bbox 2612 3156 2712 3226; x_wconf 89' lang='lat' dir='ltr'>qui</span> <span class='ocrx_word' id='word_1_527' title='bbox 2748 3172 2867 3212; x_wconf 87' lang='lat' dir='ltr'>non</span> <span class='ocrx_word' id='word_1_528' title='bbox 2909 3172 3083 3227; x_wconf 84' lang='lat' dir='ltr'>supra</span> <span class='ocrx_word' id='word_1_529' title='bbox 3124 3157 3240 3210; x_wconf 88' lang='lat' dir='ltr'>vias</span> <span class='ocrx_word' id='word_1_530' title='bbox 3274 3157 3447 3227; x_wconf 79' lang='lat' dir='ltr'>semi-</span> 
     </span>
    </p>
   </div>
   <div class='ocr_carea' id='block_1_77' title="bbox 1819 3250 3455 3321">
    <p class='ocr_par' dir='ltr' id='par_1_77' title="bbox 1819 3250 3455 3321">
     <span class='ocr_line' id='line_1_77' title="bbox 1819 3250 3455 3321; baseline -0.001 -16"><span class='ocrx_word' id='word_1_531' title='bbox 1819 3252 2057 3319; x_wconf 88' lang='lat' dir='ltr'>naverit,</span> <span class='ocrx_word' id='word_1_532' title='bbox 2106 3251 2203 3305; x_wconf 90' lang='lat' dir='ltr'>sed</span> <span class='ocrx_word' id='word_1_533' title='bbox 2254 3267 2425 3321; x_wconf 89' lang='lat' dir='ltr'>supra</span> <span class='ocrx_word' id='word_1_534' title='bbox 2477 3253 2704 3304; x_wconf 88' lang='lat' dir='ltr'>aratum</span> <span class='ocrx_word' id='word_1_535' title='bbox 2751 3255 2808 3304; x_wconf 88' lang='lat' dir='ltr'>et</span> <span class='ocrx_word' id='word_1_536' title='bbox 2855 3250 3073 3304; x_wconf 91' lang='lat' dir='ltr'>cultum</span> <span class='ocrx_word' id='word_1_537' title='bbox 3128 3251 3340 3317; x_wconf 87' lang='lat' dir='ltr'>solum;</span> <span class='ocrx_word' id='word_1_538' title='bbox 3390 3257 3455 3304; x_wconf 91' lang='lat' dir='ltr'>ut</span> 
     </span>
    </p>
   </div>
   <div class='ocr_carea' id='block_1_78' title="bbox 1818 3343 3453 3414">
    <p class='ocr_par' dir='ltr' id='par_1_78' title="bbox 1818 3343 3453 3414">
     <span class='ocr_line' id='line_1_78' title="bbox 1818 3343 3453 3414; baseline -0.001 -16"><span class='ocrx_word' id='word_1_539' title='bbox 1818 3345 2067 3399; x_wconf 86' lang='lat' dir='ltr'>fructum</span> <span class='ocrx_word' id='word_1_540' title='bbox 2094 3344 2414 3399; x_wconf 86' lang='lat' dir='ltr'>humilitate</span> <span class='ocrx_word' id='word_1_541' title='bbox 2439 3359 2722 3414; x_wconf 89' lang='lat' dir='ltr'>pressum,</span> <span class='ocrx_word' id='word_1_542' title='bbox 2752 3359 2868 3398; x_wconf 90' lang='lat' dir='ltr'>non</span> <span class='ocrx_word' id='word_1_543' title='bbox 2891 3343 3204 3413; x_wconf 86' lang='lat' dir='ltr'>jactatione</span> <span class='ocrx_word' id='word_1_544' title='bbox 3233 3343 3453 3414; x_wconf 85' lang='lat' dir='ltr'>disper-</span> 
     </span>
    </p>
   </div>
   <div class='ocr_carea' id='block_1_79' title="bbox 1820 3439 3454 3512">
    <p class='ocr_par' dir='ltr' id='par_1_79' title="bbox 1820 3439 3454 3512">
     <span class='ocr_line' id='line_1_79' title="bbox 1820 3439 3454 3512; baseline -0.001 -18"><span class='ocrx_word' id='word_1_545' title='bbox 1820 3457 1946 3495; x_wconf 91' lang='lat' dir='ltr'>sum</span> <span class='ocrx_word' id='word_1_546' title='bbox 1972 3447 2125 3495; x_wconf 91' lang='lat' dir='ltr'>terra</span> <span class='ocrx_word' id='word_1_547' title='bbox 2151 3439 2507 3512; x_wconf 87' lang='lat' dir='ltr'>multiplicet.</span> <span class='ocrx_word' id='word_1_548' title='bbox 2535 3439 2898 3509; x_wconf 82' lang='lat' dir='ltr'>Relinquitur</span> <span class='ocrx_word' id='word_1_549' title='bbox 2921 3442 3114 3494; x_wconf 89' lang='lat' dir='ltr'>autem</span> <span class='ocrx_word' id='word_1_550' title='bbox 3144 3439 3454 3496; x_wconf 84' lang='lat' dir='ltr'>seminator</span> 
     </span>
    </p>
   </div>
   <div class='ocr_carea' id='block_1_80' title="bbox 1820 3532 3452 3604">
    <p class='ocr_par' dir='ltr' id='par_1_80' title="bbox 1820 3532 3452 3604">
     <span class='ocr_line' id='line_1_80' title="bbox 1820 3532 3452 3604; baseline 0.001 -17"><span class='ocrx_word' id='word_1_551' title='bbox 1820 3534 2188 3602; x_wconf 86' lang='lat' dir='ltr'>zizaniorum,</span> <span class='ocrx_word' id='word_1_552' title='bbox 2237 3550 2306 3588; x_wconf 92' lang='lat' dir='ltr'>ex</span> <span class='ocrx_word' id='word_1_553' title='bbox 2356 3533 2563 3604; x_wconf 89' lang='lat' dir='ltr'>quibus</span> <span class='ocrx_word' id='word_1_554' title='bbox 2604 3532 2924 3586; x_wconf 88' lang='lat' dir='ltr'>refutabilis</span> <span class='ocrx_word' id='word_1_555' title='bbox 2967 3533 3234 3603; x_wconf 89' lang='lat' dir='ltr'>similago</span> <span class='ocrx_word' id='word_1_556' title='bbox 3277 3533 3452 3588; x_wconf 84' lang='lat' dir='ltr'>conﬁ-</span> 
     </span>
    </p>
   </div>
   <div class='ocr_carea' id='block_1_81' title="bbox 1819 3625 3449 3698">
    <p class='ocr_par' dir='ltr' id='par_1_81' title="bbox 1819 3625 3449 3698">
     <span class='ocr_line' id='line_1_81' title="bbox 1819 3625 3449 3698; baseline -0.001 -15"><span class='ocrx_word' id='word_1_557' title='bbox 1819 3629 1984 3684; x_wconf 90' lang='lat' dir='ltr'>citur.</span> <span class='ocrx_word' id='word_1_558' title='bbox 2016 3628 2124 3693; x_wconf 87' lang='lat' dir='ltr'>Qui</span> <span class='ocrx_word' id='word_1_559' title='bbox 2154 3628 2268 3682; x_wconf 92' lang='lat' dir='ltr'>sint</span> <span class='ocrx_word' id='word_1_560' title='bbox 2300 3632 2494 3682; x_wconf 89' lang='lat' dir='ltr'>autem</span> <span class='ocrx_word' id='word_1_561' title='bbox 2521 3626 2614 3681; x_wconf 90' lang='lat' dir='ltr'>isti</span> <span class='ocrx_word' id='word_1_562' title='bbox 2643 3626 2910 3697; x_wconf 56' lang='lat' dir='ltr'>agricolae</span> <span class='ocrx_word' id='word_1_563' title='bbox 2945 3625 3292 3692; x_wconf 81' lang='lat' dir='ltr'>differentes,</span> <span class='ocrx_word' id='word_1_564' title='bbox 3321 3643 3449 3698; x_wconf 88' lang='lat' dir='ltr'>pos-</span> 
     </span>
    </p>
   </div>
   <div class='ocr_carea' id='block_1_82' title="bbox 1821 3719 3453 3792">
    <p class='ocr_par' dir='ltr' id='par_1_82' title="bbox 1821 3719 3453 3792">
     <span class='ocr_line' id='line_1_82' title="bbox 1821 3719 3453 3792; baseline -0.002 -15"><span class='ocrx_word' id='word_1_565' title='bbox 1821 3739 2018 3777; x_wconf 90' lang='lat' dir='ltr'>sumus</span> <span class='ocrx_word' id='word_1_566' title='bbox 2063 3721 2330 3792; x_wconf 85' lang='lat' dir='ltr'>reperire,</span> <span class='ocrx_word' id='word_1_567' title='bbox 2376 3722 2422 3775; x_wconf 86' lang='lat' dir='ltr'>si</span> <span class='ocrx_word' id='word_1_568' title='bbox 2472 3720 2837 3775; x_wconf 89' lang='lat' dir='ltr'>advertamus</span> <span class='ocrx_word' id='word_1_569' title='bbox 2881 3735 2994 3790; x_wconf 88' lang='lat' dir='ltr'>qua</span> <span class='ocrx_word' id='word_1_570' title='bbox 3044 3719 3263 3774; x_wconf 87' lang='lat' dir='ltr'>ratione</span> <span class='ocrx_word' id='word_1_571' title='bbox 3314 3720 3453 3775; x_wconf 92' lang='lat' dir='ltr'>duos</span> 
     </span>
    </p>
   </div>
   <div class='ocr_carea' id='block_1_83' title="bbox 1820 3813 3455 3884">
    <p class='ocr_par' dir='ltr' id='par_1_83' title="bbox 1820 3813 3455 3884">
     <span class='ocr_line' id='line_1_83' title="bbox 1820 3813 3455 3884; baseline -0.004 -12"><span class='ocrx_word' id='word_1_572' title='bbox 1820 3823 1949 3884; x_wconf 77' lang='grc' dir='ltr'>νοῦς,</span> <span class='ocrx_word' id='word_1_573' title='bbox 1979 3817 2085 3871; x_wconf 92' lang='lat' dir='ltr'>hoc</span> <span class='ocrx_word' id='word_1_574' title='bbox 2120 3819 2224 3882; x_wconf 87' lang='lat' dir='ltr'>est,</span> <span class='ocrx_word' id='word_1_575' title='bbox 2255 3815 2398 3869; x_wconf 90' lang='lat' dir='ltr'>duas</span> <span class='ocrx_word' id='word_1_576' title='bbox 2429 3818 2669 3880; x_wconf 89' lang='lat' dir='ltr'>mentes,</span> <span class='ocrx_word' id='word_1_577' title='bbox 2702 3830 2823 3869; x_wconf 91' lang='lat' dir='ltr'>esse</span> <span class='ocrx_word' id='word_1_578' title='bbox 2863 3813 2922 3867; x_wconf 91' lang='lat' dir='ltr'>in</span> <span class='ocrx_word' id='word_1_579' title='bbox 2957 3813 3119 3867; x_wconf 89' lang='lat' dir='ltr'>nobis</span> <span class='ocrx_word' id='word_1_580' title='bbox 3153 3814 3455 3884; x_wconf 84' lang='lat' dir='ltr'>Apostolus</span> 
     </span>
    </p>
   </div>
   <div class='ocr_carea' id='block_1_84' title="bbox 1822 3906 3453 3978">
    <p class='ocr_par' dir='ltr' id='par_1_84' title="bbox 1822 3906 3453 3978">
     <span class='ocr_line' id='line_1_84' title="bbox 1822 3906 3453 3978; baseline -0.003 -13"><span class='ocrx_word' id='word_1_581' title='bbox 1822 3909 2053 3978; x_wconf 86' lang='lat' dir='ltr'>dixerit;</span> <span class='ocrx_word' id='word_1_582' title='bbox 2094 3909 2327 3964; x_wconf 86' lang='lat' dir='ltr'>fortasse</span> <span class='ocrx_word' id='word_1_583' title='bbox 2367 3908 2523 3963; x_wconf 90' lang='lat' dir='ltr'>enim</span> <span class='ocrx_word' id='word_1_584' title='bbox 2567 3907 2715 3975; x_wconf 89' lang='lat' dir='ltr'>ideo,</span> <span class='ocrx_word' id='word_1_585' title='bbox 2757 3907 2891 3977; x_wconf 89' lang='lat' dir='ltr'>quia</span> <span class='ocrx_word' id='word_1_586' title='bbox 2929 3907 3108 3961; x_wconf 87' lang='lat' dir='ltr'>altera</span> <span class='ocrx_word' id='word_1_587' title='bbox 3152 3906 3453 3961; x_wconf 86' lang='lat' dir='ltr'>exterioris</span> 
     </span>
    </p>
   </div>
   <div class='ocr_carea' id='block_1_85' title="bbox 1823 3999 3451 4072">
    <p class='ocr_par' dir='ltr' id='par_1_85' title="bbox 1823 3999 3451 4072">
     <span class='ocr_line' id='line_1_85' title="bbox 1823 3999 3451 4072; baseline -0.003 -13"><span class='ocrx_word' id='word_1_588' title='bbox 1823 4008 1907 4060; x_wconf 89' lang='lat' dir='ltr'>est</span> <span class='ocrx_word' id='word_1_589' title='bbox 1957 4003 2227 4071; x_wconf 91' lang='lat' dir='ltr'>hominis,</span> <span class='ocrx_word' id='word_1_590' title='bbox 2284 4003 2381 4072; x_wconf 88' lang='lat' dir='ltr'>qui</span> <span class='ocrx_word' id='word_1_591' title='bbox 2436 4001 2844 4072; x_wconf 90' lang='lat' dir='ltr'>corrumpitur,</span> <span class='ocrx_word' id='word_1_592' title='bbox 2901 4001 3086 4055; x_wconf 90' lang='lat' dir='ltr'>altera</span> <span class='ocrx_word' id='word_1_593' title='bbox 3141 3999 3451 4066; x_wconf 89' lang='lat' dir='ltr'>interioris,</span> 
     </span>
    </p>
   </div>
   <div class='ocr_carea' id='block_1_86' title="bbox 1825 4093 3453 4169">
    <p class='ocr_par' dir='ltr' id='par_1_86' title="bbox 1825 4093 3453 4169">
     <span class='ocr_line' id='line_1_86' title="bbox 1825 4093 3453 4169; baseline -0.004 -17"><span class='ocrx_word' id='word_1_594' title='bbox 1825 4098 1923 4169; x_wconf 91' lang='lat' dir='ltr'>qui</span> <span class='ocrx_word' id='word_1_595' title='bbox 1965 4114 2065 4168; x_wconf 87' lang='lat' dir='ltr'>per</span> <span class='ocrx_word' id='word_1_596' title='bbox 2103 4101 2463 4151; x_wconf 87' lang='lat' dir='ltr'>sacramenta</span> <span class='ocrx_word' id='word_1_597' title='bbox 2501 4100 2824 4150; x_wconf 88' lang='lat' dir='ltr'>renovatur.</span> <span class='ocrx_word' id='word_1_598' title='bbox 2868 4094 2934 4148; x_wconf 88' lang='lat' dir='ltr'>Et</span> <span class='ocrx_word' id='word_1_599' title='bbox 2972 4110 3040 4147; x_wconf 93' lang='lat' dir='ltr'>eo</span> <span class='ocrx_word' id='word_1_600' title='bbox 3082 4093 3178 4148; x_wconf 91' lang='lat' dir='ltr'>ille</span> <span class='ocrx_word' id='word_1_601' title='bbox 3219 4093 3453 4148; x_wconf 86' lang='lat' dir='ltr'>fortasse</span> 
     </span>
    </p>
   </div>
   <div class='ocr_carea' id='block_1_87' title="bbox 1824 4187 3450 4262">
    <p class='ocr_par' dir='ltr' id='par_1_87' title="bbox 1824 4187 3450 4262">
     <span class='ocr_line' id='line_1_87' title="bbox 1824 4187 3450 4262; baseline -0.002 -16"><span class='ocrx_word' id='word_1_602' title='bbox 1824 4192 2095 4257; x_wconf 89' lang='lat' dir='ltr'>deterior,</span> <span class='ocrx_word' id='word_1_603' title='bbox 2126 4190 2226 4262; x_wconf 90' lang='lat' dir='ltr'>qui</span> <span class='ocrx_word' id='word_1_604' title='bbox 2260 4189 2550 4244; x_wconf 91' lang='lat' dir='ltr'>extollitur</span> <span class='ocrx_word' id='word_1_605' title='bbox 2581 4189 2791 4244; x_wconf 89' lang='lat' dir='ltr'>frustra</span> <span class='ocrx_word' id='word_1_606' title='bbox 2829 4187 3060 4242; x_wconf 79' lang='lat' dir='ltr'>inflatus</span> <span class='ocrx_word' id='word_1_607' title='bbox 3101 4191 3295 4244; x_wconf 91' lang='lat' dir='ltr'>mente</span> <span class='ocrx_word' id='word_1_608' title='bbox 3333 4203 3450 4242; x_wconf 85' lang='lat' dir='ltr'>car-</span> 
     </span>
    </p>
   </div>
   <div class='ocr_carea' id='block_1_88' title="bbox 1825 4281 3456 4353">
    <p class='ocr_par' dir='ltr' id='par_1_88' title="bbox 1825 4281 3456 4353">
     <span class='ocr_line' id='line_1_88' title="bbox 1825 4281 3456 4353; baseline -0.003 -13"><span class='ocrx_word' id='word_1_609' title='bbox 1825 4287 1913 4340; x_wconf 92' lang='lat' dir='ltr'>nis</span> <span class='ocrx_word' id='word_1_610' title='bbox 1938 4301 2076 4352; x_wconf 69' lang='lat' dir='ltr'>suaa,</span> <span class='ocrx_word' id='word_1_611' title='bbox 2109 4289 2166 4339; x_wconf 85' lang='lat' dir='ltr'>et</span> <span class='ocrx_word' id='word_1_612' title='bbox 2194 4300 2310 4339; x_wconf 91' lang='lat' dir='ltr'>non</span> <span class='ocrx_word' id='word_1_613' title='bbox 2341 4290 2539 4338; x_wconf 90' lang='lat' dir='ltr'>tenens</span> <span class='ocrx_word' id='word_1_614' title='bbox 2575 4287 2767 4353; x_wconf 89' lang='lat' dir='ltr'>caput,</span> <span class='ocrx_word' id='word_1_615' title='bbox 2801 4281 2936 4352; x_wconf 89' lang='lat' dir='ltr'>quia</span> <span class='ocrx_word' id='word_1_616' title='bbox 2960 4298 2994 4335; x_wconf 93' lang='lat' dir='ltr'>a</span> <span class='ocrx_word' id='word_1_617' title='bbox 3023 4281 3252 4336; x_wconf 88' lang='lat' dir='ltr'>Domini</span> <span class='ocrx_word' id='word_1_618' title='bbox 3275 4283 3456 4337; x_wconf 85' lang='lat' dir='ltr'>nostri</span> 
     </span>
    </p>
   </div>
   <div class='ocr_carea' id='block_1_89' title="bbox 1823 4375 3454 4447">
    <p class='ocr_par' dir='ltr' id='par_1_89' title="bbox 1823 4375 3454 4447">
     <span class='ocr_line' id='line_1_89' title="bbox 1823 4375 3454 4447; baseline -0.004 -12"><span class='ocrx_word' id='word_1_619' title='bbox 1823 4382 1949 4435; x_wconf 84' lang='lat' dir='ltr'>Jesu</span> <span class='ocrx_word' id='word_1_620' title='bbox 1978 4378 2184 4434; x_wconf 88' lang='lat' dir='ltr'>Christi</span> <span class='ocrx_word' id='word_1_621' title='bbox 2223 4378 2561 4432; x_wconf 88' lang='lat' dir='ltr'>salutarium</span> <span class='ocrx_word' id='word_1_622' title='bbox 2601 4379 3020 4447; x_wconf 64' lang='lat' dir='ltr'>praeceptorum</span> <span class='ocrx_word' id='word_1_623' title='bbox 3060 4375 3454 4430; x_wconf 89' lang='lat' dir='ltr'>observatione</span> 
     </span>
    </p>
   </div>
   <div class='ocr_carea' id='block_1_90' title="bbox 1827 4468 3458 4543">
    <p class='ocr_par' dir='ltr' id='par_1_90' title="bbox 1827 4468 3458 4543">
     <span class='ocr_line' id='line_1_90' title="bbox 1827 4468 3458 4543; baseline -0.004 -16"><span class='ocrx_word' id='word_1_624' title='bbox 1827 4473 2100 4539; x_wconf 84' lang='lat' dir='ltr'>declinat;</span> <span class='ocrx_word' id='word_1_625' title='bbox 2129 4473 2247 4543; x_wconf 89' lang='lat' dir='ltr'>ipse</span> <span class='ocrx_word' id='word_1_626' title='bbox 2289 4472 2440 4526; x_wconf 90' lang='lat' dir='ltr'>enim</span> <span class='ocrx_word' id='word_1_627' title='bbox 2476 4473 2649 4540; x_wconf 89' lang='lat' dir='ltr'>caput</span> <span class='ocrx_word' id='word_1_628' title='bbox 2689 4470 2968 4535; x_wconf 89' lang='lat' dir='ltr'>omnium,</span> <span class='ocrx_word' id='word_1_629' title='bbox 3003 4468 3102 4538; x_wconf 89' lang='lat' dir='ltr'>qui</span> <span class='ocrx_word' id='word_1_630' title='bbox 3141 4471 3341 4522; x_wconf 91' lang='lat' dir='ltr'>auctor</span> <span class='ocrx_word' id='word_1_631' title='bbox 3371 4471 3458 4521; x_wconf 91' lang='lat' dir='ltr'>est</span> 
     </span>
    </p>
   </div>
   <div class='ocr_carea' id='block_1_91' title="bbox 132 4561 3453 4639">
    <p class='ocr_par' dir='ltr' id='par_1_91' title="bbox 132 4561 3453 4639">
     <span class='ocr_line' id='line_1_91' title="bbox 132 4561 3453 4639; baseline 0.004 -31"><span class='ocrx_word' id='word_1_632' title='bbox 132 4562 278 4615; x_wconf 77' lang='lat' dir='ltr'>studio</span> <span class='ocrx_word' id='word_1_633' title='bbox 313 4566 604 4638; x_wconf 89' lang='lat' dir='ltr'>religionis</span> <span class='ocrx_word' id='word_1_634' title='bbox 631 4566 958 4637; x_wconf 90' lang='lat' dir='ltr'>insurgunt,</span> <span class='ocrx_word' id='word_1_635' title='bbox 1001 4567 1135 4637; x_wconf 90' lang='lat' dir='ltr'>quia</span> <span class='ocrx_word' id='word_1_636' title='bbox 1174 4583 1289 4622; x_wconf 93' lang='lat' dir='ltr'>non</span> <span class='ocrx_word' id='word_1_637' title='bbox 1330 4583 1531 4622; x_wconf 89' lang='lat' dir='ltr'>omnes</span> <span class='ocrx_word' id='word_1_638' title='bbox 1570 4561 1804 4639; x_wconf 88' lang='lat' dir='ltr'>quodD</span> <span class='ocrx_word' id='word_1_639' title='bbox 1828 4571 2106 4626; x_wconf 89' lang='lat' dir='ltr'>omnium.</span> <span class='ocrx_word' id='word_1_640' title='bbox 2141 4572 2298 4623; x_wconf 85' lang='lat' dir='ltr'>Alter</span> <span class='ocrx_word' id='word_1_641' title='bbox 2339 4573 2427 4622; x_wconf 90' lang='lat' dir='ltr'>est</span> <span class='ocrx_word' id='word_1_642' title='bbox 2461 4569 2558 4622; x_wconf 88' lang='lat' dir='ltr'>ille</span> <span class='ocrx_word' id='word_1_643' title='bbox 2600 4565 2997 4638; x_wconf 63' lang='lat' dir='ltr'>praestabilior,</span> <span class='ocrx_word' id='word_1_644' title='bbox 3034 4564 3132 4636; x_wconf 88' lang='lat' dir='ltr'>qui</span> <span class='ocrx_word' id='word_1_645' title='bbox 3161 4564 3453 4620; x_wconf 86' lang='lat' dir='ltr'>humilita-</span> 
     </span>
    </p>
   </div>
   <div class='ocr_carea' id='block_1_92' title="bbox 131 4649 1724 4732">
    <p class='ocr_par' dir='ltr' id='par_1_92' title="bbox 131 4649 1724 4732">
     <span class='ocr_line' id='line_1_92' title="bbox 131 4649 1724 4732; baseline 0.006 -26"><span class='ocrx_word' id='word_1_646' title='bbox 131 4649 441 4728; x_wconf 77' lang='lat' dir='ltr'>adoriuutur,</span> <span class='ocrx_word' id='word_1_647' title='bbox 486 4659 742 4714; x_wconf 89' lang='lat' dir='ltr'>efﬁciunt</span> <span class='ocrx_word' id='word_1_648' title='bbox 774 4677 787 4714; x_wconf 88' lang='lat'>:</span> <span class='ocrx_word' id='word_1_649' title='bbox 824 4681 852 4709; x_wconf 85' lang='lat'><strong>«</strong></span> <span class='ocrx_word' id='word_1_650' title='bbox 895 4660 1005 4716; x_wconf 92' lang='lat' dir='ltr'>Sed</span> <span class='ocrx_word' id='word_1_651' title='bbox 1046 4661 1144 4732; x_wconf 91' lang='lat' dir='ltr'>qui</span> <span class='ocrx_word' id='word_1_652' title='bbox 1183 4662 1630 4732; x_wconf 77' lang='lat' dir='ltr'>perseveraverit</span> <span class='ocrx_word' id='word_1_653' title='bbox 1668 4662 1724 4716; x_wconf 91' lang='lat' dir='ltr'>in</span> 
     </span>
    </p>
   </div>
   <div class='ocr_carea' id='block_1_93' title="bbox 133 4742 1725 4826">
    <p class='ocr_par' dir='ltr' id='par_1_93' title="bbox 133 4742 1725 4826">
     <span class='ocr_line' id='line_1_93' title="bbox 133 4742 1725 4826; baseline 0.004 -24"><span class='ocrx_word' id='word_1_654' title='bbox 133 4742 287 4817; x_wconf 77' lang='lat' dir='ltr'>ﬁnem,</span> <span class='ocrx_word' id='word_1_655' title='bbox 316 4753 406 4807; x_wconf 87' lang='lat' dir='ltr'>hic</span> <span class='ocrx_word' id='word_1_656' title='bbox 432 4755 621 4807; x_wconf 88' lang='lat' dir='ltr'>salvus</span> <span class='ocrx_word' id='word_1_657' title='bbox 649 4754 758 4808; x_wconf 88' lang='lat' dir='ltr'>erit</span> <span class='ocrx_word' id='word_1_658' title='bbox 782 4755 1022 4824; x_wconf 82' lang='lat' dir='ltr'>(Matth.,</span> <span class='ocrx_word' id='word_1_659' title='bbox 1059 4771 1114 4824; x_wconf 88' lang='lat' dir='ltr'>x,</span> <span class='ocrx_word' id='word_1_660' title='bbox 1147 4756 1258 4826; x_wconf 88' lang='grc'>22).</span> <span class='ocrx_word' id='word_1_661' title='bbox 1285 4776 1314 4804; x_wconf 79' lang='grc'><strong>››</strong></span> <span class='ocrx_word' id='word_1_662' title='bbox 1341 4756 1483 4809; x_wconf 87' lang='lat' dir='ltr'>Tum</span> <span class='ocrx_word' id='word_1_663' title='bbox 1515 4755 1725 4810; x_wconf 92' lang='lat' dir='ltr'>deinde</span> 
     </span>
    </p>
   </div>
   <div class='ocr_carea' id='block_1_94' title="bbox 133 4843 1726 4919">
    <p class='ocr_par' dir='ltr' id='par_1_94' title="bbox 133 4843 1726 4919">
     <span class='ocr_line' id='line_1_94' title="bbox 133 4843 1726 4919; baseline 0.006 -27"><span class='ocrx_word' id='word_1_664' title='bbox 133 4852 217 4895; x_wconf 87' lang='lat' dir='ltr'>non</span> <span class='ocrx_word' id='word_1_665' title='bbox 255 4843 471 4902; x_wconf 90' lang='lat' dir='ltr'>forense</span> <span class='ocrx_word' id='word_1_666' title='bbox 523 4847 876 4919; x_wconf 89' lang='lat' dir='ltr'>obsequium,</span> <span class='ocrx_word' id='word_1_667' title='bbox 925 4847 1025 4902; x_wconf 89' lang='lat' dir='ltr'>sed</span> <span class='ocrx_word' id='word_1_668' title='bbox 1077 4849 1404 4903; x_wconf 90' lang='lat' dir='ltr'>interiorem</span> <span class='ocrx_word' id='word_1_669' title='bbox 1454 4849 1726 4903; x_wconf 89' lang='lat' dir='ltr'>Dominus</span> 
     </span>
    </p>
   </div>
   <div class='ocr_carea' id='block_1_95' title="bbox 133 4932 1728 5013">
    <p class='ocr_par' dir='ltr' id='par_1_95' title="bbox 133 4932 1728 5013">
     <span class='ocr_line' id='line_1_95' title="bbox 133 4932 1728 5013; baseline 0.004 -24"><span class='ocrx_word' id='word_1_670' title='bbox 133 4932 330 4993; x_wconf 81' lang='lat' dir='ltr'>rimatur</span> <span class='ocrx_word' id='word_1_671' title='bbox 367 4940 670 5010; x_wconf 78' lang='lat' dir='ltr'>affectum;</span> <span class='ocrx_word' id='word_1_672' title='bbox 711 4957 897 5013; x_wconf 89' lang='lat' dir='ltr'>neque</span> <span class='ocrx_word' id='word_1_673' title='bbox 938 4941 1089 4996; x_wconf 90' lang='lat' dir='ltr'>enim</span> <span class='ocrx_word' id='word_1_674' title='bbox 1132 4942 1178 4995; x_wconf 91' lang='lat' dir='ltr'>si</span> <span class='ocrx_word' id='word_1_675' title='bbox 1208 4943 1362 5012; x_wconf 86' lang='lat' dir='ltr'>juste</span> <span class='ocrx_word' id='word_1_676' title='bbox 1407 4942 1634 5008; x_wconf 77' lang='lat' dir='ltr'>offeras,</span> <span class='ocrx_word' id='word_1_677' title='bbox 1673 4949 1728 4996; x_wconf 88' lang='lat' dir='ltr'>et</span> 
     </span>
    </p>
   </div>
   <div class='ocr_carea' id='block_1_96' title="bbox 133 5031 1722 5108">
    <p class='ocr_par' dir='ltr' id='par_1_96' title="bbox 133 5031 1722 5108">
     <span class='ocr_line' id='line_1_96' title="bbox 133 5031 1722 5108; baseline 0.005 -26"><span class='ocrx_word' id='word_1_678' title='bbox 133 5039 222 5082; x_wconf 88' lang='lat' dir='ltr'>non</span> <span class='ocrx_word' id='word_1_679' title='bbox 237 5031 378 5100; x_wconf 89' lang='lat' dir='ltr'>juste</span> <span class='ocrx_word' id='word_1_680' title='bbox 405 5035 626 5090; x_wconf 88' lang='lat' dir='ltr'>dividas</span> <span class='ocrx_word' id='word_1_681' title='bbox 653 5037 829 5102; x_wconf 67' lang='lat' dir='ltr'>(Gem,</span> <span class='ocrx_word' id='word_1_682' title='bbox 857 5052 932 5102; x_wconf 83' lang='lat' dir='ltr'>iv,</span> <span class='ocrx_word' id='word_1_683' title='bbox 963 5036 1037 5107; x_wconf 89' lang='lat'>7),</span> <span class='ocrx_word' id='word_1_684' title='bbox 1067 5043 1366 5108; x_wconf 89' lang='lat' dir='ltr'>acceptum</span> <span class='ocrx_word' id='word_1_685' title='bbox 1399 5042 1484 5090; x_wconf 91' lang='lat' dir='ltr'>est</span> <span class='ocrx_word' id='word_1_686' title='bbox 1513 5033 1722 5090; x_wconf 82' lang='lat' dir='ltr'>sacriﬁ-</span> 
     </span>
    </p>
   </div>
   <div class='ocr_carea' id='block_1_97' title="bbox 133 5117 1724 5202">
    <p class='ocr_par' dir='ltr' id='par_1_97' title="bbox 133 5117 1724 5202">
     <span class='ocr_line' id='line_1_97' title="bbox 133 5117 1724 5202; baseline 0.006 -27"><span class='ocrx_word' id='word_1_687' title='bbox 133 5117 252 5177; x_wconf 83' lang='lat' dir='ltr'>Cium</span> <span class='ocrx_word' id='word_1_688' title='bbox 290 5128 419 5182; x_wconf 86' lang='lat' dir='ltr'>Deo.</span> <span class='ocrx_word' id='word_1_689' title='bbox 465 5127 722 5202; x_wconf 76' lang='grc'>1482</span> <span class='ocrx_word' id='word_1_690' title='bbox 763 5130 911 5201; x_wconf 86' lang='lat' dir='ltr'>Ergo</span> <span class='ocrx_word' id='word_1_691' title='bbox 952 5146 1019 5184; x_wconf 86' lang='lat' dir='ltr'>ex</span> <span class='ocrx_word' id='word_1_692' title='bbox 1063 5146 1176 5184; x_wconf 89' lang='lat' dir='ltr'>uno</span> <span class='ocrx_word' id='word_1_693' title='bbox 1216 5135 1386 5184; x_wconf 91' lang='lat' dir='ltr'>strato</span> <span class='ocrx_word' id='word_1_694' title='bbox 1425 5130 1531 5200; x_wconf 85' lang='lat' dir='ltr'>(est</span> <span class='ocrx_word' id='word_1_695' title='bbox 1573 5130 1724 5185; x_wconf 91' lang='lat' dir='ltr'>enim</span> 
     </span>
    </p>
   </div>
   <div class='ocr_carea' id='block_1_98' title="bbox 135 5215 1727 5295">
    <p class='ocr_par' dir='ltr' id='par_1_98' title="bbox 135 5215 1727 5295">
     <span class='ocr_line' id='line_1_98' title="bbox 135 5215 1727 5295; baseline 0.005 -25"><span class='ocrx_word' id='word_1_696' title='bbox 135 5215 332 5274; x_wconf 71' lang='lat' dir='ltr'>stratum</span> <span class='ocrx_word' id='word_1_697' title='bbox 387 5221 732 5278; x_wconf 83' lang='lat' dir='ltr'>inﬁrmitatis</span> <span class='ocrx_word' id='word_1_698' title='bbox 784 5224 1072 5294; x_wconf 63' lang='lat' dir='ltr'>humanae,</span> <span class='ocrx_word' id='word_1_699' title='bbox 1122 5225 1260 5295; x_wconf 92' lang='lat' dir='ltr'>quia</span> <span class='ocrx_word' id='word_1_700' title='bbox 1313 5223 1590 5295; x_wconf 87' lang='lat' dir='ltr'>scriptum</span> <span class='ocrx_word' id='word_1_701' title='bbox 1642 5230 1727 5278; x_wconf 88' lang='lat' dir='ltr'>est</span> 
     </span>
    </p>
   </div>
   <div class='ocr_carea' id='block_1_99' title="bbox 138 5305 1726 5388">
    <p class='ocr_par' dir='ltr' id='par_1_99' title="bbox 138 5305 1726 5388">
     <span class='ocr_line' id='line_1_99' title="bbox 138 5305 1726 5388; baseline 0.004 -24"><span class='ocrx_word' id='word_1_702' title='bbox 138 5305 270 5367; x_wconf 64' lang='lat' dir='ltr'>(Psal.</span> <span class='ocrx_word' id='word_1_703' title='bbox 305 5331 391 5383; x_wconf 87' lang='lat' dir='ltr'>xL,</span> <span class='ocrx_word' id='word_1_704' title='bbox 430 5317 487 5387; x_wconf 79' lang='grc'>4)</span> <span class='ocrx_word' id='word_1_705' title='bbox 533 5334 545 5371; x_wconf 93' lang='lat'><strong>:</strong></span> <span class='ocrx_word' id='word_1_706' title='bbox 594 5340 621 5367; x_wconf 84' lang='lat'><strong>«</strong></span> <span class='ocrx_word' id='word_1_707' title='bbox 667 5319 1004 5373; x_wconf 85' lang='lat' dir='ltr'>Universum</span> <span class='ocrx_word' id='word_1_708' title='bbox 1049 5322 1288 5373; x_wconf 89' lang='lat' dir='ltr'>stratum</span> <span class='ocrx_word' id='word_1_709' title='bbox 1335 5318 1457 5388; x_wconf 84' lang='lat' dir='ltr'>ejus</span> <span class='ocrx_word' id='word_1_710' title='bbox 1494 5318 1726 5373; x_wconf 88' lang='lat' dir='ltr'>versasti</span> 
     </span>
    </p>
   </div>
   <div class='ocr_carea' id='block_1_100' title="bbox 139 5398 1724 5484">
    <p class='ocr_par' dir='ltr' id='par_1_100' title="bbox 139 5398 1724 5484">
     <span class='ocr_line' id='line_1_100' title="bbox 139 5398 1724 5484; baseline 0.004 -25"><span class='ocrx_word' id='word_1_711' title='bbox 139 5398 179 5453; x_wconf 78' lang='lat' dir='ltr'>in</span> <span class='ocrx_word' id='word_1_712' title='bbox 201 5403 518 5464; x_wconf 84' lang='lat' dir='ltr'>inﬁrmitate</span> <span class='ocrx_word' id='word_1_713' title='bbox 559 5411 729 5482; x_wconf 90' lang='lat' dir='ltr'>ejus);</span> <span class='ocrx_word' id='word_1_714' title='bbox 762 5434 790 5460; x_wconf 82' lang='grc'><strong>››</strong></span> <span class='ocrx_word' id='word_1_715' title='bbox 822 5428 971 5467; x_wconf 90' lang='lat' dir='ltr'>unus</span> <span class='ocrx_word' id='word_1_716' title='bbox 1011 5412 1370 5484; x_wconf 91' lang='lat' dir='ltr'>relinquitur,</span> <span class='ocrx_word' id='word_1_717' title='bbox 1399 5412 1545 5467; x_wconf 90' lang='lat' dir='ltr'>alter</span> <span class='ocrx_word' id='word_1_718' title='bbox 1569 5429 1724 5467; x_wconf 87' lang='lat' dir='ltr'>assu-</span> 
     </span>
    </p>
   </div>
   <div class='ocr_carea' id='block_1_101' title="bbox 138 5588 1729 5712">
    <p class='ocr_par' dir='ltr' id='par_1_101' title="bbox 138 5588 1729 5712">
     <span class='ocr_line' id='line_1_101' title="bbox 138 5588 1729 5712; baseline -0.001 -62"><span class='ocrx_word' id='word_1_719' title='bbox 138 5588 265 5712; x_wconf 51' lang='lat' dir='ltr'>ﬂgtl</span> <span class='ocrx_word' id='word_1_720' title='bbox 307 5592 464 5644; x_wconf 85' lang='lat' dir='ltr'>Rom.</span> <span class='ocrx_word' id='word_1_721' title='bbox 511 5596 659 5657; x_wconf 89' lang='lat' dir='ltr'>edit.,</span> <span class='ocrx_word' id='word_1_722' title='bbox 702 5599 797 5662; x_wconf 78' lang='lat' dir='ltr'>qui</span> <span class='ocrx_word' id='word_1_723' title='bbox 835 5612 888 5648; x_wconf 86' lang='lat' dir='ltr'>se</span> <span class='ocrx_word' id='word_1_724' title='bbox 929 5599 1001 5650; x_wconf 81' lang='lat' dir='ltr'>ad</span> <span class='ocrx_word' id='word_1_725' title='bbox 1039 5603 1214 5649; x_wconf 75' lang='lat' dir='ltr'>vetera</span> <span class='ocrx_word' id='word_1_726' title='bbox 1255 5599 1434 5650; x_wconf 76' lang='lat' dir='ltr'>studia</span> <span class='ocrx_word' id='word_1_727' title='bbox 1480 5612 1589 5649; x_wconf 79' lang='lat' dir='ltr'>non</span> <span class='ocrx_word' id='word_1_728' title='bbox 1637 5613 1729 5648; x_wconf 84' lang='lat' dir='ltr'>re—</span> 
     </span>
    </p>
   </div>
   <div class='ocr_carea' id='block_1_102' title="bbox 185 5730 1727 5808">
    <p class='ocr_par' dir='ltr' id='par_1_102' title="bbox 185 5730 1727 5808">
     <span class='ocr_line' id='line_1_102' title="bbox 185 5730 1727 5808; baseline 0.005 -25"><span class='ocrx_word' id='word_1_729' title='bbox 185 5730 275 5808; x_wconf 71' lang='lat'>(73)</span> <span class='ocrx_word' id='word_1_730' title='bbox 308 5735 385 5786; x_wconf 85' lang='lat' dir='ltr'>Ita</span> <span class='ocrx_word' id='word_1_731' title='bbox 427 5753 621 5793; x_wconf 90' lang='lat' dir='ltr'>omnes</span> <span class='ocrx_word' id='word_1_732' title='bbox 662 5756 794 5792; x_wconf 87' lang='lat' dir='ltr'>mss.</span> <span class='ocrx_word' id='word_1_733' title='bbox 842 5748 897 5793; x_wconf 90' lang='lat' dir='ltr'>et</span> <span class='ocrx_word' id='word_1_734' title='bbox 937 5743 1091 5806; x_wconf 89' lang='lat' dir='ltr'>edit.,</span> <span class='ocrx_word' id='word_1_735' title='bbox 1141 5745 1246 5794; x_wconf 89' lang='lat' dir='ltr'>nisi</span> <span class='ocrx_word' id='word_1_736' title='bbox 1299 5744 1453 5808; x_wconf 87' lang='lat' dir='ltr'>quod</span> <span class='ocrx_word' id='word_1_737' title='bbox 1506 5743 1727 5793; x_wconf 88' lang='lat' dir='ltr'>illorum</span> 
     </span>
    </p>
   </div>
   <div class='ocr_carea' id='block_1_103' title="bbox 138 5796 1730 5878">
    <p class='ocr_par' dir='ltr' id='par_1_103' title="bbox 138 5796 1730 5878">
     <span class='ocr_line' id='line_1_103' title="bbox 138 5796 1730 5878; baseline -0.003 -12"><span class='ocrx_word' id='word_1_738' title='bbox 138 5796 298 5867; x_wconf 57' lang='lat' dir='ltr'>aliqui.</span> <span class='ocrx_word' id='word_1_739' title='bbox 337 5822 433 5871; x_wconf 85' lang='lat' dir='ltr'>pro</span> <span class='ocrx_word' id='word_1_740' title='bbox 475 5811 763 5876; x_wconf 76' lang='lat' dir='ltr'>referatur,</span> <span class='ocrx_word' id='word_1_741' title='bbox 801 5815 1008 5866; x_wconf 85' lang='lat' dir='ltr'>habent</span> <span class='ocrx_word' id='word_1_742' title='bbox 1049 5796 1394 5878; x_wconf 63' lang='lat' dir='ltr'>reformatur.</span> <span class='ocrx_word' id='word_1_743' title='bbox 1423 5814 1601 5876; x_wconf 89' lang='lat' dir='ltr'>Unus,</span> <span class='ocrx_word' id='word_1_744' title='bbox 1643 5828 1730 5862; x_wconf 80' lang='lat' dir='ltr'>re-</span> 
     </span>
    </p>
   </div>
   <div class='ocr_carea' id='block_1_104' title="bbox 137 5878 1732 5951">
    <p class='ocr_par' dir='ltr' id='par_1_104' title="bbox 137 5878 1732 5951">
     <span class='ocr_line' id='line_1_104' title="bbox 137 5878 1732 5951; baseline 0.01 -31"><span class='ocrx_word' id='word_1_745' title='bbox 137 5878 334 5926; x_wconf 64' lang='lat' dir='ltr'>seratur.</span> <span class='ocrx_word' id='word_1_746' title='bbox 378 5879 523 5930; x_wconf 73' lang='lat' dir='ltr'>Edit.</span> <span class='ocrx_word' id='word_1_747' title='bbox 560 5891 742 5938; x_wconf 76' lang='lat' dir='ltr'>autem</span> <span class='ocrx_word' id='word_1_748' title='bbox 785 5887 942 5938; x_wconf 80' lang='lat' dir='ltr'>Rom.</span> <span class='ocrx_word' id='word_1_749' title='bbox 983 5900 1100 5950; x_wconf 85' lang='lat' dir='ltr'>pro,</span> <span class='ocrx_word' id='word_1_750' title='bbox 1144 5888 1202 5936; x_wconf 78' lang='lat' dir='ltr'>in</span> <span class='ocrx_word' id='word_1_751' title='bbox 1243 5900 1348 5951; x_wconf 80' lang='lat' dir='ltr'>quo</span> <span class='ocrx_word' id='word_1_752' title='bbox 1386 5886 1565 5950; x_wconf 78' lang='lat' dir='ltr'>aptius</span> <span class='ocrx_word' id='word_1_753' title='bbox 1611 5900 1732 5936; x_wconf 80' lang='lat' dir='ltr'>reor</span> 
     </span>
    </p>
   </div>
   <div class='ocr_carea' id='block_1_105' title="bbox 1826 4658 3454 4733">
    <p class='ocr_par' dir='ltr' id='par_1_105' title="bbox 1826 4658 3454 4733">
     <span class='ocr_line' id='line_1_105' title="bbox 1826 4658 3454 4733; baseline -0.004 -15"><span class='ocrx_word' id='word_1_754' title='bbox 1826 4669 1944 4718; x_wconf 90' lang='lat' dir='ltr'>tem</span> <span class='ocrx_word' id='word_1_755' title='bbox 1983 4662 2191 4733; x_wconf 88' lang='lat' dir='ltr'>diligit,</span> <span class='ocrx_word' id='word_1_756' title='bbox 2219 4660 2559 4731; x_wconf 90' lang='lat' dir='ltr'>sapientiam</span> <span class='ocrx_word' id='word_1_757' title='bbox 2592 4659 2816 4730; x_wconf 80' lang='lat' dir='ltr'>quaerit,</span> <span class='ocrx_word' id='word_1_758' title='bbox 2850 4658 3299 4714; x_wconf 89' lang='lat' dir='ltr'>misericordiam</span> <span class='ocrx_word' id='word_1_759' title='bbox 3339 4675 3454 4714; x_wconf 91' lang='lat' dir='ltr'>non</span> 
     </span>
    </p>
   </div>
   <div class='ocr_carea' id='block_1_106' title="bbox 1828 4753 3453 4824">
    <p class='ocr_par' dir='ltr' id='par_1_106' title="bbox 1828 4753 3453 4824">
     <span class='ocr_line' id='line_1_106' title="bbox 1828 4753 3453 4824; baseline -0.002 -13"><span class='ocrx_word' id='word_1_760' title='bbox 1828 4757 2069 4823; x_wconf 90' lang='lat' dir='ltr'>omittit;</span> <span class='ocrx_word' id='word_1_761' title='bbox 2100 4757 2284 4810; x_wconf 90' lang='lat' dir='ltr'>bonus</span> <span class='ocrx_word' id='word_1_762' title='bbox 2314 4754 2524 4809; x_wconf 88' lang='lat' dir='ltr'>scilicet</span> <span class='ocrx_word' id='word_1_763' title='bbox 2546 4753 2880 4808; x_wconf 90' lang='lat' dir='ltr'>seminator.</span> <span class='ocrx_word' id='word_1_764' title='bbox 2917 4773 2945 4802; x_wconf 76' lang='grc' dir='ltr'><strong><em>α</em></strong></span> <span class='ocrx_word' id='word_1_765' title='bbox 2978 4753 3248 4824; x_wconf 91' lang='lat' dir='ltr'>Dispersit</span> <span class='ocrx_word' id='word_1_766' title='bbox 3277 4753 3453 4818; x_wconf 89' lang='lat' dir='ltr'>enim,</span> 
     </span>
    </p>
   </div>
   <div class='ocr_carea' id='block_1_107' title="bbox 1828 4848 3457 4920">
    <p class='ocr_par' dir='ltr' id='par_1_107' title="bbox 1828 4848 3457 4920">
     <span class='ocr_line' id='line_1_107' title="bbox 1828 4848 3457 4920; baseline -0.004 -15"><span class='ocrx_word' id='word_1_767' title='bbox 1828 4851 1984 4906; x_wconf 86' lang='lat' dir='ltr'>dedit</span> <span class='ocrx_word' id='word_1_768' title='bbox 2021 4849 2386 4920; x_wconf 89' lang='lat' dir='ltr'>pauperibus,</span> <span class='ocrx_word' id='word_1_769' title='bbox 2419 4849 2642 4918; x_wconf 87' lang='lat' dir='ltr'>justitia</span> <span class='ocrx_word' id='word_1_770' title='bbox 2679 4848 2800 4918; x_wconf 87' lang='lat' dir='ltr'>ejus</span> <span class='ocrx_word' id='word_1_771' title='bbox 2843 4851 3042 4902; x_wconf 90' lang='lat' dir='ltr'>manet</span> <span class='ocrx_word' id='word_1_772' title='bbox 3083 4849 3139 4901; x_wconf 91' lang='lat' dir='ltr'>in</span> <span class='ocrx_word' id='word_1_773' title='bbox 3178 4851 3457 4901; x_wconf 68' lang='lat' dir='ltr'>aeternum</span> 
     </span>
    </p>
   </div>
   <div class='ocr_carea' id='block_1_108' title="bbox 1829 4940 3453 5016">
    <p class='ocr_par' dir='ltr' id='par_1_108' title="bbox 1829 4940 3453 5016">
     <span class='ocr_line' id='line_1_108' title="bbox 1829 4940 3453 5016; baseline -0.005 -16"><span class='ocrx_word' id='word_1_774' title='bbox 1829 4945 1995 5016; x_wconf 75' lang='lat' dir='ltr'>(Paul.</span> <span class='ocrx_word' id='word_1_775' title='bbox 2021 4959 2130 5008; x_wconf 79' lang='lat' dir='ltr'>CXI,</span> <span class='ocrx_word' id='word_1_776' title='bbox 2157 4943 2229 5013; x_wconf 91' lang='lat'>9).</span> <span class='ocrx_word' id='word_1_777' title='bbox 2254 4965 2282 4992; x_wconf 85' lang='lat'><strong>»</strong></span> <span class='ocrx_word' id='word_1_778' title='bbox 2314 4943 2408 4997; x_wconf 84' lang='lat' dir='ltr'>Hic</span> <span class='ocrx_word' id='word_1_779' title='bbox 2438 4943 2618 5013; x_wconf 89' lang='lat' dir='ltr'>igitur</span> <span class='ocrx_word' id='word_1_780' title='bbox 2647 4942 2913 5013; x_wconf 89' lang='lat' dir='ltr'>spiritalis</span> <span class='ocrx_word' id='word_1_781' title='bbox 2938 4949 3040 5009; x_wconf 91' lang='lat' dir='ltr'>est,</span> <span class='ocrx_word' id='word_1_782' title='bbox 3071 4942 3166 4995; x_wconf 90' lang='lat' dir='ltr'>ille</span> <span class='ocrx_word' id='word_1_783' title='bbox 3194 4940 3453 4994; x_wconf 83' lang='lat' dir='ltr'>carnalis.</span> 
     </span>
    </p>
   </div>
   <div class='ocr_carea' id='block_1_109' title="bbox 1828 5032 3456 5107">
    <p class='ocr_par' dir='ltr' id='par_1_109' title="bbox 1828 5032 3456 5107">
     <span class='ocr_line' id='line_1_109' title="bbox 1828 5032 3456 5107; baseline -0.003 -15"><span class='ocrx_word' id='word_1_784' title='bbox 1828 5039 1966 5092; x_wconf 85' lang='lat' dir='ltr'>Nam</span> <span class='ocrx_word' id='word_1_785' title='bbox 1993 5037 2139 5092; x_wconf 89' lang='lat' dir='ltr'>sicut</span> <span class='ocrx_word' id='word_1_786' title='bbox 2168 5037 2356 5090; x_wconf 86' lang='lat' dir='ltr'>verbis</span> <span class='ocrx_word' id='word_1_787' title='bbox 2380 5035 2702 5107; x_wconf 81' lang='lat' dir='ltr'>apostolicis</span> <span class='ocrx_word' id='word_1_788' title='bbox 2729 5035 3270 5107; x_wconf 89' lang='lat' dir='ltr'>comprehendimus</span> <span class='ocrx_word' id='word_1_789' title='bbox 3297 5032 3456 5088; x_wconf 88' lang='lat' dir='ltr'>illum</span> 
     </span>
    </p>
   </div>
   <div class='ocr_carea' id='block_1_110' title="bbox 1827 5129 3457 5188">
    <p class='ocr_par' dir='ltr' id='par_1_110' title="bbox 1827 5129 3457 5188">
     <span class='ocr_line' id='line_1_110' title="bbox 1827 5129 3457 5188; baseline -0.006 -1"><span class='ocrx_word' id='word_1_790' title='bbox 1827 5133 2194 5188; x_wconf 87' lang='lat' dir='ltr'>extollentem</span> <span class='ocrx_word' id='word_1_791' title='bbox 2245 5149 2302 5185; x_wconf 91' lang='lat' dir='ltr'>se</span> <span class='ocrx_word' id='word_1_792' title='bbox 2357 5130 2569 5185; x_wconf 90' lang='lat' dir='ltr'>tumido</span> <span class='ocrx_word' id='word_1_793' title='bbox 2614 5131 2809 5184; x_wconf 92' lang='lat' dir='ltr'>animo</span> <span class='ocrx_word' id='word_1_794' title='bbox 2858 5131 3213 5183; x_wconf 90' lang='lat' dir='ltr'>seductorem</span> <span class='ocrx_word' id='word_1_795' title='bbox 3262 5129 3457 5182; x_wconf 88' lang='lat' dir='ltr'>mente</span> 
     </span>
    </p>
   </div>
   <div class='ocr_carea' id='block_1_111' title="bbox 1829 5222 3456 5292">
    <p class='ocr_par' dir='ltr' id='par_1_111' title="bbox 1829 5222 3456 5292">
     <span class='ocr_line' id='line_1_111' title="bbox 1829 5222 3456 5292; baseline -0.004 -11"><span class='ocrx_word' id='word_1_796' title='bbox 1829 5226 2018 5281; x_wconf 90' lang='lat' dir='ltr'>carnis</span> <span class='ocrx_word' id='word_1_797' title='bbox 2079 5226 2266 5280; x_wconf 87' lang='lat' dir='ltr'>inﬂari</span> <span class='ocrx_word' id='word_1_798' title='bbox 2324 5225 2566 5289; x_wconf 85' lang='lat' dir='ltr'>(Coloss.,</span> <span class='ocrx_word' id='word_1_799' title='bbox 2623 5241 2680 5289; x_wconf 82' lang='grc' dir='ltr'>ιι,</span> <span class='ocrx_word' id='word_1_800' title='bbox 2743 5223 2858 5292; x_wconf 85' lang='grc'><strong>18),</strong></span> <span class='ocrx_word' id='word_1_801' title='bbox 2917 5223 2993 5276; x_wconf 87' lang='lat' dir='ltr'>ita</span> <span class='ocrx_word' id='word_1_802' title='bbox 3055 5222 3230 5276; x_wconf 89' lang='lat' dir='ltr'>etiam</span> <span class='ocrx_word' id='word_1_803' title='bbox 3291 5236 3456 5276; x_wconf 86' lang='lat' dir='ltr'>sanc-</span> 
     </span>
    </p>
   </div>
   <div class='ocr_carea' id='block_1_112' title="bbox 1829 5315 3460 5390">
    <p class='ocr_par' dir='ltr' id='par_1_112' title="bbox 1829 5315 3460 5390">
     <span class='ocr_line' id='line_1_112' title="bbox 1829 5315 3460 5390; baseline -0.005 -14"><span class='ocrx_word' id='word_1_804' title='bbox 1829 5326 1950 5376; x_wconf 89' lang='lat' dir='ltr'>tum</span> <span class='ocrx_word' id='word_1_805' title='bbox 2003 5320 2191 5375; x_wconf 90' lang='lat' dir='ltr'>virum</span> <span class='ocrx_word' id='word_1_806' title='bbox 2252 5319 2507 5375; x_wconf 84' lang='lat' dir='ltr'>renovari</span> <span class='ocrx_word' id='word_1_807' title='bbox 2561 5318 2758 5390; x_wconf 90' lang='lat' dir='ltr'>spiritu</span> <span class='ocrx_word' id='word_1_808' title='bbox 2813 5317 3019 5371; x_wconf 90' lang='lat' dir='ltr'>mentis</span> <span class='ocrx_word' id='word_1_809' title='bbox 3072 5315 3460 5381; x_wconf 91' lang='lat' dir='ltr'>ostendimus,</span> 
     </span>
    </p>
   </div>
   <div class='ocr_carea' id='block_1_113' title="bbox 1829 5409 3462 5480">
    <p class='ocr_par' dir='ltr' id='par_1_113' title="bbox 1829 5409 3462 5480">
     <span class='ocr_line' id='line_1_113' title="bbox 1829 5409 3462 5480; baseline -0.005 -10"><span class='ocrx_word' id='word_1_810' title='bbox 1829 5415 2049 5470; x_wconf 89' lang='lat' dir='ltr'>dicente</span> <span class='ocrx_word' id='word_1_811' title='bbox 2081 5413 2280 5470; x_wconf 90' lang='lat' dir='ltr'>eodem</span> <span class='ocrx_word' id='word_1_812' title='bbox 2318 5431 2329 5468; x_wconf 92' lang='lat'><strong>:</strong></span> <span class='ocrx_word' id='word_1_813' title='bbox 2368 5436 2394 5460; x_wconf 79' lang='lat' dir='ltr'><strong>u</strong></span> <span class='ocrx_word' id='word_1_814' title='bbox 2425 5411 2796 5468; x_wconf 84' lang='lat' dir='ltr'>Renovamini</span> <span class='ocrx_word' id='word_1_815' title='bbox 2835 5417 3026 5465; x_wconf 88' lang='lat' dir='ltr'>autem</span> <span class='ocrx_word' id='word_1_816' title='bbox 3066 5409 3268 5480; x_wconf 90' lang='lat' dir='ltr'>spiritu</span> <span class='ocrx_word' id='word_1_817' title='bbox 3305 5424 3462 5463; x_wconf 89' lang='lat' dir='ltr'>men-</span> 
     </span>
    </p>
   </div>
   <div class='ocr_carea' id='block_1_114' title="bbox 1831 5595 3465 5665">
    <p class='ocr_par' dir='ltr' id='par_1_114' title="bbox 1831 5595 3465 5665">
     <span class='ocr_line' id='line_1_114' title="bbox 1831 5595 3465 5665; baseline -0.004 -15"><span class='ocrx_word' id='word_1_818' title='bbox 1831 5603 1963 5665; x_wconf 82' lang='lat' dir='ltr'>quia</span> <span class='ocrx_word' id='word_1_819' title='bbox 2003 5602 2108 5663; x_wconf 87' lang='lat' dir='ltr'>(vel</span> <span class='ocrx_word' id='word_1_820' title='bbox 2149 5601 2292 5665; x_wconf 83' lang='lat' dir='ltr'>quod</span> <span class='ocrx_word' id='word_1_821' title='bbox 2331 5602 2393 5649; x_wconf 91' lang='lat' dir='ltr'>ut</span> <span class='ocrx_word' id='word_1_822' title='bbox 2428 5598 2578 5656; x_wconf 85' lang='lat' dir='ltr'>edit.)</span> <span class='ocrx_word' id='word_1_823' title='bbox 2623 5596 2890 5661; x_wconf 89' lang='lat' dir='ltr'>reposuit,</span> <span class='ocrx_word' id='word_1_824' title='bbox 2940 5595 3083 5660; x_wconf 86' lang='lat' dir='ltr'>quod</span> <span class='ocrx_word' id='word_1_825' title='bbox 3123 5597 3300 5659; x_wconf 73' lang='lat' dir='ltr'>aptius</span> <span class='ocrx_word' id='word_1_826' title='bbox 3344 5608 3465 5644; x_wconf 79' lang='lat' dir='ltr'>reor</span> 
     </span>
    </p>
   </div>
   <div class='ocr_carea' id='block_1_115' title="bbox 1830 5673 2295 5736">
    <p class='ocr_par' dir='ltr' id='par_1_115' title="bbox 1830 5673 2295 5736">
     <span class='ocr_line' id='line_1_115' title="bbox 1830 5673 2295 5736; baseline -0.006 -13"><span class='ocrx_word' id='word_1_827' title='bbox 1830 5673 1972 5736; x_wconf 86' lang='lat' dir='ltr'>quod</span> <span class='ocrx_word' id='word_1_828' title='bbox 1998 5674 2056 5722; x_wconf 73' lang='lat' dir='ltr'>in</span> <span class='ocrx_word' id='word_1_829' title='bbox 2085 5685 2164 5730; x_wconf 85' lang='lat' dir='ltr'>eo,</span> <span class='ocrx_word' id='word_1_830' title='bbox 2189 5677 2295 5722; x_wconf 89' lang='lat' dir='ltr'>etc.</span> 
     </span>
    </p>
   </div>
   <div class='ocr_carea' id='block_1_116' title="bbox 1893 5737 3461 5806">
    <p class='ocr_par' dir='ltr' id='par_1_116' title="bbox 1893 5737 3461 5806">
     <span class='ocr_line' id='line_1_116' title="bbox 1893 5737 3461 5806; baseline -0.004 -14"><span class='ocrx_word' id='word_1_831' title='bbox 1893 5745 2011 5806; x_wconf 68' lang='grc' dir='ltr'>ηδ’)</span> <span class='ocrx_word' id='word_1_832' title='bbox 2072 5743 2335 5794; x_wconf 84' lang='lat' dir='ltr'>Nonnulli</span> <span class='ocrx_word' id='word_1_833' title='bbox 2385 5754 2540 5803; x_wconf 88' lang='lat' dir='ltr'>mss.,</span> <span class='ocrx_word' id='word_1_834' title='bbox 2586 5741 2634 5791; x_wconf 80' lang='lat' dir='ltr'>si</span> <span class='ocrx_word' id='word_1_835' title='bbox 2699 5738 2853 5790; x_wconf 78' lang='lat' dir='ltr'>bonis</span> <span class='ocrx_word' id='word_1_836' title='bbox 2911 5739 3184 5799; x_wconf 77' lang='lat' dir='ltr'>consulat;</span> <span class='ocrx_word' id='word_1_837' title='bbox 3234 5737 3461 5802; x_wconf 84' lang='lat' dir='ltr'>quidam</span> 
     </span>
    </p>
   </div>
   <div class='ocr_carea' id='block_1_117' title="bbox 1832 5809 3332 5876">
    <p class='ocr_par' dir='ltr' id='par_1_117' title="bbox 1832 5809 3332 5876">
     <span class='ocr_line' id='line_1_117' title="bbox 1832 5809 3332 5876; baseline -0.005 -11"><span class='ocrx_word' id='word_1_838' title='bbox 1832 5817 2018 5876; x_wconf 85' lang='lat' dir='ltr'>etiam,</span> <span class='ocrx_word' id='word_1_839' title='bbox 2046 5816 2092 5864; x_wconf 83' lang='lat' dir='ltr'>si</span> <span class='ocrx_word' id='word_1_840' title='bbox 2121 5814 2248 5865; x_wconf 80' lang='lat' dir='ltr'>bene</span> <span class='ocrx_word' id='word_1_841' title='bbox 2270 5813 2527 5865; x_wconf 81' lang='lat' dir='ltr'>consulat.</span> <span class='ocrx_word' id='word_1_842' title='bbox 2561 5813 2828 5863; x_wconf 89' lang='lat' dir='ltr'>Neutrum</span> <span class='ocrx_word' id='word_1_843' title='bbox 2854 5811 2990 5863; x_wconf 85' lang='lat' dir='ltr'>satis</span> <span class='ocrx_word' id='word_1_844' title='bbox 3022 5809 3332 5861; x_wconf 89' lang='lat' dir='ltr'>commode.</span> 
     </span>
    </p>
   </div>
  </div>
