4022 6176
574 298 696 349 i871

2036 297 2090 347 S.
2134 293 2459 348 AMBROSH

3731 306 3840 357 187?

568 420 638 470 tis
689 425 888 474 vestrae
937 418 1171 488 (Ephes.,
1224 433 1297 484 iv,
1350 416 1458 488 23)".
1514 439 1540 466 ν
1590 417 1734 470 Duas
1786 433 1924 488 ergo
1978 419 2194 470 mentes
2215 416 2490 500 Aanima
2523 418 2718 488 patris,
2748 418 2824 471 ita
2853 418 3024 472 etiam
3057 416 3246 471 anima
3274 415 3369 470 ﬁlii
3408 433 3521 472 mea
3547 423 3621 472 est
3647 421 3841 489 (Ezech.,

569 527 689 566 esse
719 511 1071 566 demonstrat
1101 527 1114 565 :
1145 526 1338 578 unam,
1365 527 1495 582 quae
1526 527 1688 565 mens
1713 509 1899 565 carnis
1925 509 2189 578 efﬁcitur,

566 605 751 658 vincta
804 609 1067 675 peccato;
1119 604 1389 671 alteram,
1446 619 1572 673 quae
1632 602 1854 674 spiritui
1909 602 2188 673 copulata,

567 698 753 753 carnis
780 697 1005 768 abjurat
1034 696 1346 752 illecebras.

641 794 726 846 50.
757 791 865 846 Nec
891 791 1077 846 solum
1107 790 1236 845 duae
1267 795 1508 856 mentes,
1539 791 1639 844 sed
1669 790 1844 846 etiam
1879 790 2005 845 duae
2036 790 2192 860 leges

569 886 627 940 in
665 885 831 940 nobis
867 890 1021 952 sunt,
1063 901 1311 956 quarum
1356 888 1654 954 utramque
1694 884 1856 938 nobis
1895 883 2193 955 Apostolus

573 977 830 1052 1483
885 978 1194 1050 explicavit,
1243 978 1433 1032 dicens
1479 995 1492 1030 :
1546 1000 1572 1025 ‹‹
1616 977 1985 1032 Condelector
2036 977 2192 1030 enim

571 1073 682 1143 legi
747 1072 850 1126 Dei
899 1071 1211 1126 secundum
1264 1069 1597 1124 interiorem
1657 1069 1980 1135 hominem;
2031 1070 2192 1124 video

569 1169 760 1220 autem
791 1165 960 1219 aliam
989 1165 1178 1235 legem
1210 1164 1269 1218 in
1300 1163 1572 1218 membris
1603 1165 1742 1218 meis
1775 1167 2192 1234 repugnantem

571 1259 680 1331 legi
710 1259 916 1314 mentis
951 1274 1111 1327 meae,
1154 1261 1210 1311 et
1246 1257 1630 1327 captivantem
1660 1273 1752 1311 me
1791 1257 1851 1310 in
1891 1258 2018 1327 lege
2058 1272 2190 1327 pec-

571 1352 700 1420 cati,
729 1369 857 1423 quaa
886 1355 971 1406 est
1000 1351 1056 1405 in
1086 1350 1361 1405 membris
1387 1349 1528 1405 meis
1561 1354 1750 1420 (Rom,
1781 1367 1871 1417 vn,
1901 1353 1990 1416 22,
2020 1352 2129 1416 23).
2165 1372 2190 1397 ››

573 1447 666 1500 Est
685 1461 822 1516 ergo
844 1445 937 1499 lex
963 1444 1249 1499 interioris
1273 1443 1541 1512 hominis,
1564 1447 1650 1499 est
1670 1446 1843 1498 etiam
1865 1443 2153 1498 exterioris
2177 1460 2188 1496 :

570 1539 663 1592 illa
703 1555 829 1609 qua:
870 1542 1166 1609 peccatum
1197 1537 1482 1608 prohibet,
1516 1536 1620 1592 ista
1666 1553 1791 1608 quae
1833 1537 2059 1605 suadet;
2097 1536 2194 1591 illa

571 1648 700 1703 qum
740 1633 977 1687 damnat
1015 1647 1290 1693 errorem,
1325 1631 1430 1685 ista
1464 1647 1590 1702 quae
1629 1631 1913 1702 suggerit;
1947 1631 2038 1684 illa
2068 1646 2193 1702 quae

569 1731 823 1780 mentem
865 1724 1110 1792 instruit,
1148 1724 1251 1778 ista
1280 1741 1408 1796 quae
1449 1728 1650 1779 tentat.
1687 1724 1829 1779 Sunt
1861 1724 2034 1778 etiam
2067 1723 2194 1778 duae

2297 526 2450 579 xvm,
2480 512 2558 581 4).
2590 534 2614 560 ››

2365 607 2448 658 52.
2497 604 2608 658 Nec
2653 603 2788 659 illud
2831 608 3130 675 praetereat
3171 608 3231 658 ut
3272 604 3409 658 duos
3446 605 3666 676 populos
3707 609 3846 662 inter-

2293 700 2605 767 pretemur,
2633 698 2694 752 id
2720 703 2820 765 est,
2851 699 3003 770 quod
3030 699 3089 752 in
3118 698 3225 752 hoc
3264 697 3472 751 mundo
3503 698 3596 768 qui
3617 714 3739 768 agro
3761 700 3851 755 fre-

2293 792 2655 862 quentissime
2705 797 3104 863 comparatur,
3155 791 3268 846 duo
3325 790 3509 861 populi
3561 791 3689 858 sint,
3742 810 3856 848 unus

2293 884 2672 953 credentium,
2710 885 2849 940 alter
2888 885 2986 956 qui
3018 901 3131 939 non
3163 883 3364 952 credit,
3403 884 3623 938 relaturi
3662 886 3855 940 merito-

2293 994 2420 1032 rum
2456 979 2635 1032 vicem
2678 995 2943 1045 suorum;
2982 984 3038 1033 et
3078 977 3206 1032 ideo
3253 977 3414 1043 alter,
3458 977 3552 1047 qui
3588 977 3748 1032 ﬁdelis
3779 984 3860 1042 est,

2295 1075 2646 1138 assumatur;
2691 1073 2855 1138 alter,
2904 1072 3000 1142 qui
3051 1071 3312 1138 inﬁdelis,
3362 1070 3714 1142 relinquatur.
3753 1071 3865 1125 Duae

2293 1170 2481 1219 autem
2517 1165 2626 1220 illae
2660 1167 2955 1233 molentes,
2989 1165 3117 1219 duae
3158 1165 3389 1233 animae,
3419 1164 3505 1218 vel
3539 1169 3677 1219 certe
3715 1165 3866 1218 Eccle-

2293 1258 2375 1313 sia
2403 1264 2570 1330 atque
2602 1258 2951 1330 Synagoga;
2972 1275 3085 1313 non
3125 1257 3282 1312 enim
3315 1273 3424 1312 una
3457 1261 3672 1312 tantum
3701 1257 3870 1328 ﬁgura,

2295 1352 2392 1406 sed
2432 1353 2735 1423 multiplex
2772 1352 2834 1406 in
2869 1352 3074 1407 divinis
3111 1350 3418 1423 Scripturis
3455 1367 3570 1405 esse
3607 1351 3873 1414 consuevit,

2298 1449 2358 1499 ut
2382 1462 2530 1500 unus
2556 1462 2746 1500 sermo
2771 1446 2960 1517 plures
2987 1445 3202 1516 species
3230 1443 3692 1516 comprehendat.
3714 1444 3880 1515 Itaque

2294 1555 2457 1593 mens
2491 1540 2694 1606 carnis,
2728 1543 2786 1593 et
2823 1540 3013 1594 anima
3050 1539 3257 1602 carnis,
3298 1542 3356 1592 et
3395 1553 3682 1609 synagoga
3715 1537 3763 1591 id
3799 1536 3878 1590 tri-

2297 1632 2471 1687 ticum
2508 1633 2801 1704 colligunt,
2831 1637 2888 1688 et
2927 1649 3054 1688 eam
3093 1631 3489 1703 similaginem
3519 1631 3755 1698 molunt,
3780 1645 3882 1701 qua:

2298 1726 2535 1782 oﬁ‘ertur
2580 1727 2637 1781 in
2682 1743 2893 1783 vanum
2941 1745 2954 1781 ε
2999 1743 3162 1781 mens
3202 1729 3399 1780 autem
3445 1741 3572 1796 qua:
3608 1724 3786 1794 juncta
3821 1728 3885 1776 est

573 1820 695 1874 aliae
733 1819 1182 1873 vehementiores
1224 1818 1280 1871 in
1319 1817 1479 1872 nobis
1519 1818 1692 1888 leges,
1729 1833 1838 1873 una
1877 1818 1992 1884 Dei,
2021 1818 2198 1872 altera
2220 1827 2274 1898 Β
2298 1820 2523 1886 animae,
2553 1825 2608 1874 et
2644 1820 2834 1875 anima
2871 1836 2999 1892 quia
3037 1820 3317 1891 receptrix
3351 1823 3439 1874 est
3464 1816 3719 1873 salutaris
3744 1815 3886 1880 verbi,

569 1913 803 1984 peccati,
834 1912 1144 1966 secundum
1193 1912 1459 1966 eumdem
1497 1912 1819 1982 Apostolum
1862 1911 2144 1966 dicentem
2178 1929 2190 1964 :

572 2029 597 2054 u
652 2006 826 2077 Igitur
873 2023 981 2076 ego
1032 2006 1152 2076 ipse
1209 2011 1402 2060 mente
1453 2006 1636 2059 servio
1690 2005 1804 2076 legi
1856 2005 1974 2073 Dei,
2025 2020 2194 2060 carne

569 2104 760 2155 autem
792 2099 908 2171 legi
940 2102 1151 2171 peccati
1186 2101 1368 2170 (ΗΜΛ,
1398 2101 1507 2171 25).
1540 2122 1567 2148 »
1602 2101 1666 2154 Et
1691 2099 2011 2154 ostenditur
2042 2098 2194 2169 quod

569 2195 613 2248 si
654 2199 907 2249 mentem
954 2193 1357 2248 tantummodo
1404 2192 1576 2260 dicas,
1621 2193 1971 2247 contrariam
2013 2191 2196 2246 carnis

569 2287 861 2356 ostendas;
894 2302 1022 2341 cum
1051 2287 1203 2342 enim
1235 2287 1387 2341 dicat
1416 2285 1618 2340 Paulus
1645 2303 1704 2339 se
1737 2286 1846 2357 legi
1876 2286 1972 2339 Dei
2001 2289 2194 2340 mente

568 2382 793 2448 servire,
837 2380 1034 2452 utique
1080 2386 1334 2435 mentem
1376 2396 1481 2450 per
1524 2395 1583 2433 se
1626 2378 1829 2451 ipsam,
1874 2378 1983 2433 nisi
2027 2395 2195 2433 carne

567 2475 844 2543 vincatur,
898 2474 1110 2528 bonam
1164 2490 1286 2528 esse
1336 2474 1708 2542 demonstrat,
1763 2476 1821 2527 et
1871 2475 2070 2526 natura
2121 2472 2198 2526 ita

567 2573 841 2634 creatam,
886 2571 951 2621 ut
995 2568 1219 2622 resistat
1266 2567 1462 2622 errori.
1510 2568 1702 2637 Itaque
1749 2581 1881 2621 cum
1932 2565 2193 2633 vincitur,

572 2678 736 2717 mens
781 2661 964 2716 carnis
1011 2668 1118 2729 est,
1170 2677 1282 2715 non
1337 2677 1402 2714 ex
1449 2663 1653 2715 natura
1700 2659 1937 2728 habens,
1983 2659 2080 2713 sed
2132 2674 2195 2712 ex

569 2771 760 2822 carne,
796 2755 949 2827 quod
984 2755 1220 2822 labitur;
1250 2758 1308 2808 et
1335 2753 1498 2826 quasi
1535 2753 1595 2807 in
1636 2769 1844 2809 nomen
1880 2751 2194 2824 proprieta-

571 2855 798 2920 temque
861 2847 1104 2903 victricis
1170 2847 1318 2902 victa
1381 2846 1665 2916 succedit;
1735 2850 1940 2901 natura
2002 2849 2194 2900 autem

569 2943 802 2998 adversa
841 2942 1026 2996 carnis
1070 2947 1173 2996 est.
1217 2941 1465 3012 Denique
1507 2942 1700 2994 mente
1739 2942 1853 2995 Deo
1897 2939 2195 3007 servimus,

569 3052 734 3091 carne
773 3037 1030 3107 peccato.
1071 3033 1268 3089 Melior
1307 3039 1498 3089 autem
1538 3049 1697 3089 mens
1737 3033 1862 3101 erit,
1904 3033 1951 3086 si
1991 3049 2194 3104 coope-

2297 1913 2379 1968 vel
2433 1914 2681 1968 Ecclesia
2735 1914 2854 1982 Dei,
2908 1915 3174 1968 excolunt
3226 1913 3358 1982 (76")
3408 1915 3467 1967 et
3518 1911 3731 1965 molunt
3777 1924 3888 1962 vere

2299 2005 2558 2080 1484
2602 2008 2742 2078 legis
2780 2007 3164 2079 similaginem
3195 2005 3554 2077 spiritalem;
3581 2003 3726 2058 unde
3755 2001 3891 2057 etiam

2297 2118 2471 2171 panes
2502 2101 2899 2172 propositionis
2927 2101 3091 2170 ﬁunt,
3117 2117 3262 2172 quos
3289 2099 3398 2154 soli
3425 2097 3740 2153 sacerdotes
3757 2096 3893 2150 edunt

2298 2194 2510 2265 (Leuit,
2545 2210 2693 2264 xxxv,
2730 2195 2806 2264 8),
2849 2195 3056 2266 quibus
3091 2193 3397 2266 puriorem
3441 2207 3652 2264 panem
3691 2189 3894 2245 mandu-

2297 2305 2422 2342 care
2469 2288 2862 2360 praescriptum
2901 2292 3004 2357 est,
3049 2289 3210 2343 illum
3253 2287 3461 2359 utique
3506 2287 3605 2358 qui
3651 2281 3902 2340 descendit

2297 2383 2368 2437 de
2411 2383 2551 2437 coelo
2599 2385 2801 2450 (Joan.,
2851 2399 2924 2450 v1,
2969 2383 3076 2452 5t).
3123 2381 3340 2437 Omnes
3392 2385 3590 2435 autem
3641 2393 3839 2443 sumus,
3872 2374 3907 2427 si

2300 2476 2508 2530 merita
2552 2481 2744 2530 nostra
2793 2475 3106 2547 patiantur,
3143 2475 3392 2546 justitim
3447 2473 3786 2537 sacerdotes,
3831 2468 3908 2538 qui

2298 2569 2564 2624 unctione
2595 2569 2805 2624 laetitiae
2843 2570 2901 2624 in
2934 2585 3178 2639 regnum
3221 2572 3278 2622 et
3311 2567 3711 2623 sacerdotium
3745 2578 3909 2618 conse-

2298 2679 2544 2718 cramur.

2370 2759 2457 2811 53.
2489 2759 2634 2827 Ergo
2662 2759 2741 2811 ita
2780 2773 3139 2812 exerceamus
3170 2763 3230 2810 et
3266 2758 3537 2812 colamus
3573 2770 3775 2828 agrum
3810 2767 3914 2806 nos-

2301 2855 2451 2905 trum
2497 2851 2555 2904 in
2604 2851 2765 2905 istius
2817 2851 3054 2906 culturae
3106 2866 3357 2905 munere
3409 2849 3732 2915 constituti,
3779 2855 3832 2899 ut
3874 2845 3917 2897 in

2300 2944 2393 2998 illa
2437 2944 2726 3015 superiore
2768 2944 3105 3012 Jerusalem,
3155 2943 3257 2998 ubi
3315 2943 3472 3015 legis
3518 2941 3775 2998 custodia
3814 2952 3922 2992 ven

2297 3037 2648 3103 celebratur,
2701 3037 3012 3092 habeamus
3063 3036 3472 3108 similaginem
3528 3037 3602 3091 de
3655 3031 3925 3104 manipulis

570 3129 718 3184 raria
772 3134 963 3184 sancto
1013 3127 1252 3198 Spiritui
1301 3126 1631 3199 religiosum
1686 3143 1800 3180 non
1863 3126 2200 3181 intermittat
2240 3199 2268 3202 _
2303 3131 2524 3199 nostris,
2555 3147 2698 3202 quos
2733 3131 2887 3185 beati
2924 3131 3023 3202 qui
3057 3130 3354 3201 potuerint
3387 3145 3756 3202 congregare
3786 3144 3800 3182 :
3828 3146 3853 3175 ει
3874 3124 3928 3178 Εἰ

572 3221 820 3278 ofﬁcium
831 3263 842 3275 .

642 3319 728 3370 5t.
771 3315 896 3369 Istae
944 3318 1076 3368 sunt
1122 3314 1299 3385 igitur
1339 3317 1643 3386 operantes
1688 3315 1747 3368 in
1791 3331 1928 3385 agro
1981 3319 2196 3380 nostro,

569 3423 814 3482 quarum
843 3409 1020 3462 altera
1043 3408 1254 3462 bonum
1284 3408 1533 3462 fructum
1557 3407 1852 3479 diligentia
1878 3409 1994 3477 dat,
2021 3409 2200 3462 altera

568 3501 780 3558 amittit
806 3502 1040 3570 incuria,
1074 3518 1246 3574 quam
1278 3501 1616 3572 sanguinem
1652 3501 1968 3572 Legislator
2001 3502 2196 3573 appel-

570 3597 669 3666 lat,
713 3595 907 3651 dicens
951 3612 963 3649 :
1009 3617 1036 3646 ‹‹
1078 3595 1286 3650 Anima
1325 3595 1512 3649 omnis
1557 3594 1764 3663 carnis,
1808 3595 2039 3666 sanguis
2078 3595 2200 3666 ejus

570 3693 783 3760 (Leuit,
832 3707 966 3760 xvu,
1016 3693 1123 3762 14).
1170 3715 1196 3741 ››
1245 3691 1368 3756 0υο
1417 3691 1676 3762 plerique
1721 3691 1979 3745 referunt
2024 3691 2200 3745 etiam

549 3787 709 3841 ‘illud
748 3785 902 3857 quod
941 3785 1214 3856 scriptum
1256 3791 1340 3840 est
1377 3802 1390 3839 :
1438 3805 1464 3833 «
1507 3786 1627 3840 Non
1666 3784 2034 3839 manducabis
2076 3800 2197 3838 car-

573 3896 705 3935 nem
757 3879 817 3934 in
872 3879 1151 3950 sanguine
1199 3878 1373 3948 (Gen.,
1424 3895 1496 3946 1x,
1543 3880 1626 3948 4);
1677 3900 1705 3929 »
1758 3894 1830 3932 ne
1877 3877 2201 3933 vulneribus

547 3973 780 4030 animae
822 3975 1144 4028 cruentatas
1194 3971 1449 4043 corporis
1496 3972 1835 4043 voluptates,
1881 3971 2200 4026 refectionis

570 4067 757 4139 potius
811 4068 966 4134 loco,
1021 4082 1196 4138 quam
1249 4068 1411 4120 reatu
1463 4065 1760 4136 sanguinis
1817 4065 2198 4131 aestimemus,

571 4176 714 4232 quos
758 4163 979 4231 oportet
1015 4159 1115 4213 Dei
1152 4158 1325 4212 verbo
1372 4159 1544 4214 reﬁci.
1589 4159 1685 4212 Est
1724 4175 1860 4230 ergo
1899 4158 2057 4214 cibus
2097 4160 2200 4227 (76)

570 4253 914 4320 refectionis,
970 4257 1056 4308 est
1105 4252 1263 4307 cibus
1316 4253 1640 4324 sanguinis;
1684 4252 1825 4308 sicut
1871 4254 2023 4308 enim
2073 4270 2202 4308 caro

573 4348 800 4404 Domini
838 4363 967 4403 vere
1003 4353 1086 4401 est
1123 4347 1300 4415 cibus,
1334 4347 1412 4401 ita
1449 4347 1678 4418 sanguis
1719 4363 1848 4402 vere
1891 4352 2086 4403 noster
2119 4355 2201 4403 est

572 4449 735 4515 potus
778 4446 870 4508 (De
919 4457 1149 4497 consecr.
1199 4441 1329 4496 dist.
1375 4445 1428 4508 ‘2,
1478 4457 1602 4512 cap.
1649 4443 1713 4496 In
1764 4442 1983 4510 quibus,
2031 4441 2060 4513 δ
2108 4444 2201 4497 Est

571 4537 761 4608 cibus).
821 4537 1036 4591 Bonam
1094 4551 1230 4607 ergo
1287 4536 1357 4590 de
1414 4535 1619 4590 nostris
1681 4535 1949 4606 operibus
2011 4552 2201 4590 escam

543 4631 818 4685 Domino
861 4644 1270 4700 suggeramus;
1321 4646 1393 4684 ne
1437 4645 1632 4683 rursus
1676 4643 1807 4683 cum
1857 4629 2097 4694 venerit,
2147 4633 2205 4684 et

573 4725 718 4779 sicut
754 4723 814 4778 in
844 4723 942 4776 illa
971 4723 1082 4777 ﬁcu
1118 4738 1357 4794 pomum
1397 4739 1513 4777 non
1546 4722 1846 4792 invenerit,
1876 4728 2205 4778 nostrorum

577 4819 909 4874 meritorum
939 4816 1350 4871 infecunditate
1370 4817 1603 4887 jejunus
1631 4815 1989 4888 propositum
2017 4818 2200 4888 pieta-

570 4915 641 4968 tis
677 4916 912 4979 avertat,
942 4910 1138 4965 dicens
1178 4910 1248 4964 ad
1287 4910 1444 4964 illam
1489 4911 1737 4964 animam
1780 4927 1952 4982 quam
1989 4911 2203 4966 nudam

571 5021 872 5079 pomorum
941 5003 1251 5075 repererit,
1311 5011 1367 5058 et
1422 5005 1703 5075 sanguine
1767 5007 2126 5060 cruentatam
2190 5023 2201 5059 :

573 5120 601 5153 α
630 5102 936 5172 Nunquam
970 5115 1037 5153 ex
1067 5104 1122 5153 te
1154 5099 1369 5153 fructus
1398 5103 1666 5153 nascatur
1701 5099 1760 5153 in
1789 5099 2204 5172 sempiternum

572 5196 816 5263 (Matth.,
857 5210 967 5262 xxi,
1015 5195 1124 5262 19).
1167 5215 1194 5244 ››
1234 5194 1331 5246 Est
1369 5209 1508 5264 ergo
1555 5193 1748 5247 anima
1788 5194 1973 5248 carnis
2018 5196 2205 5249 omnis

572 5290 801 5361 sanguis
829 5288 970 5359 ejus.
999 5288 1097 5342 Est
1134 5288 1308 5342 etiam
1339 5286 1722 5359 praestabilior
1747 5288 1960 5358 anima,
1991 5289 2060 5343 de
2091 5305 2204 5360 qua

575 5384 715 5439 dixit
770 5384 913 5437 Deus
963 5406 971 5435 :
1028 5403 1053 5429 ‹‹
1102 5383 1314 5437 Omnes
1371 5382 1579 5436 animae
1634 5398 1777 5436 meae
1827 5388 1955 5436 sunt
2001 5400 2013 5436 :
2063 5384 2203 5438 sicut

635 5575 730 5636 (76)
758 5576 893 5626 Hinc
937 5575 1108 5627 verba
1145 5576 1446 5629 Gratianus
1485 5576 1611 5627 loco
1649 5576 1819 5627 citato
1861 5578 1916 5626 in
1955 5577 2205 5641 margine

575 5643 631 5692 S.
659 5643 830 5693 Leoni
859 5645 1142 5706 attribuit;
1169 5646 1267 5698 sed
1294 5647 1544 5710 ejusdem
1582 5648 1830 5699 Gratiani
1867 5651 2203 5699 correctores

575 5724 637 5760 ea
668 5725 946 5782 nusquam
975 5718 1086 5764 nisi
1109 5718 1256 5779 apud
1287 5717 1643 5769 Ambrosium
1675 5719 1902 5782 reperiri
1942 5718 2201 5770 observa-

579 5785 724 5855 runt.
753 5781 990 5855 Eosdem
1022 5799 1246 5850 quoque
1275 5802 1386 5838 non
1413 5791 1554 5855 fugit
1583 5781 1783 5840 similis
1813 5804 1964 5842 error
1995 5791 2202 5842 admis-

578 5859 673 5900 sus
699 5851 754 5898 in
786 5850 986 5914 verbis,
1021 5855 1106 5902 Est
1135 5858 1293 5906 etiam
1323 5850 1534 5923 corpus,
1564 5865 1692 5924 etc.,
1719 5875 1873 5913 num.
1914 5862 1994 5925 56,
2034 5874 2202 5929 quem

2221 3199 2274 3271 C
2301 3224 2589 3279 venientes
2615 3225 2840 3279 veniant
2867 3225 2925 3278 in
2953 3223 3364 3292 exsultatione,
3392 3224 3674 3278 tollentes
3703 3219 3928 3288 manipu-

2301 3318 2380 3371 los
2425 3334 2555 3371 suos
2597 3319 2764 3388 (Psal.
2803 3333 2960 3384 cxxv,
3003 3317 3078 3386 6).
3123 3339 3148 3364 η
3189 3318 3283 3371 lsti
3331 3317 3523 3388 igitur
3569 3316 3790 3371 fructus
3826 3315 3931 3367 sunt

2301 3411 2600 3482 spiritales,
2655 3415 2711 3466 et
2765 3411 2955 3466 felices
3010 3411 3129 3464 veri
3184 3416 3520 3481 proventus
3580 3409 3808 3473 laboris,
3855 3405 3927 3475 qui

2299 3505 2456 3559 nullo
2495 3504 2680 3559 inutili
2715 3505 2898 3559 imbre
2939 3504 3247 3559 madeﬁant
3288 3521 3302 3558 :
3338 3504 3579 3560 fructus
3614 3509 3804 3560 autem
3840 3513 3931 3554 car-

2301 3599 2388 3653 nis
2426 3599 2762 3669 corrnptelaz
2802 3598 3078 3652 obnoxius
3121 3601 3238 3665 est;
3280 3603 3344 3653 et
3388 3598 3534 3654 ideo
3575 3599 3679 3669 qui
3722 3592 3934 3651 carnalia

2301 3692 2683 3759 seminaverit,
2729 3692 2979 3746 carnalia
3023 3698 3081 3745 et
3127 3695 3314 3747 metet
3356 3692 3611 3764 (Galat.,
3654 3707 3732 3760 v1,
3772 3689 3842 3760 8).
3879 3685 3936 3740 De

2301 3802 2440 3856 agro
2465 3802 2594 3841 vero
2625 3787 2760 3857 quid
2787 3786 2992 3851 dicam,
3014 3801 3146 3840 cum
3174 3786 3581 3842 manifestum
3617 3787 3691 3840 sit
3721 3785 3776 3839 in
3802 3793 3939 3852 opere

2302 3879 2534 3934 cultoris
2558 3881 2644 3933 vel
2675 3880 2905 3934 laudem
2936 3895 3059 3934 esse
3092 3880 3175 3934 vel
3204 3881 3504 3952 culpam?

2374 3974 2547 4043 (Vers.
2595 3972 2706 4042 36.)
2752 3975 2821 4027 Et
2863 3973 3239 4044 respondentes
3295 3974 3584 4030 dixerunt
3637 3993 3655 4027 :
3708 3973 3822 4032 Ubi,
3865 3972 3943 4022 Do-

2302 4069 2446 4122 mine
2459 4071 2486 4121 7

2373 4162 2459 4215 54.
2511 4162 2620 4215 Hoc
2667 4159 2925 4230 discipuli
2971 4158 3145 4214 locuti
3189 4164 3338 4214 sunt
3389 4179 3404 4216 :
3461 4163 3749 4218 Dominus
3789 4162 3949 4214 autem

2305 4255 2398 4309 ubi
2437 4254 2783 4325 praemonuit
2819 4260 2874 4307 et
2913 4270 3026 4325 quo
3063 4253 3456 4326 fugiendum,
3492 4261 3556 4312 et
3587 4255 3689 4312 ubi
3729 4264 3952 4310 commo-

2304 4348 2567 4417 randum,
2618 4354 2673 4402 et
2720 4348 2855 4419 quid
2905 4351 3048 4402 esset
3095 4349 3459 4418 cavendum,
3515 4351 3851 4421 complexus
3891 4346 3956 4395 est

2301 4457 2585 4496 summam
2613 4441 2944 4497 deﬁnitione
2979 4440 3254 4512 generali,
3295 4441 3518 4499 dicens
3556 4462 3569 4500 :

2378 4536 2547 4605 (Vers.
2576 4537 2686 4602 37.)
2720 4536 2817 4592 Ubi
2843 4536 3012 4601 fuerit
3035 4549 3252 4604 corpus.
3282 4536 3374 4590 ibi
3412 4539 3904 4606 congregabantur
3924 4536 3965 4582 et

2305 4631 2524 4699 aquilas.

2377 4727 2464 4778 55.
2517 4725 2706 4794 Itaque
2753 4723 2910 4794 prius
2952 4737 3076 4793 quia
3121 4723 3235 4776 sint
3287 4727 3526 4795 aquilae
3582 4726 3962 4797 conjiciamua

2309 4823 2368 4873 ut
2420 4817 2576 4888 quod
2630 4817 2699 4870 sit
2756 4833 2960 4887 corpus
3021 4815 3406 4873 deﬁniamus.
3471 4821 3784 4877 Justorum
3837 4815 3969 4872 enim

2306 4912 2513 4966 animae
2575 4911 2782 4982 aquilis
2836 4912 3271 4981 comparantur,
3336 4915 3515 4984 quod
3581 4917 3703 4968 alta
3767 4916 3966 4985 petant,

2308 5005 2546 5060 humilia
2594 5004 3012 5075 derelinquant,
3063 5005 3408 5075 longaevam
3465 5007 3696 5065 ducere
3745 5008 3974 5064 ferantur

2307 5105 2554 5154 aetatem.
2583 5099 2741 5153 Unde
2769 5101 2826 5152 et
2850 5097 3022 5152 David
3047 5097 3256 5152 animae
3288 5116 3426 5155 suae
3463 5102 3616 5157 dicit
3644 5120 3660 5156 ε
3698 5124 3726 5150 ‹‹
3753 5103 3972 5157 Renova-

2308 5193 2458 5247 bitur
2497 5193 2639 5247 sicut
2681 5192 2883 5263 aquila:
2917 5191 3183 5262 juventus
3229 5193 3346 5248 tua
3384 5196 3577 5265 (Psul.
3624 5214 3718 5265 cu,
3763 5197 3832 5266 5).
3877 5216 3900 5237 ιι
3928 5187 3977 5243 Si

2308 5287 2482 5357 igitur
2507 5284 2886 5340 intelleximus
2910 5285 3148 5355 aquilas,
3171 5284 3245 5338 de
3277 5300 3553 5359 corpore
3574 5292 3702 5361 jam
3733 5287 3973 5343 dubitare

2306 5395 2420 5434 non
2474 5395 2792 5450 possumus,
2840 5379 3082 5433 maxime
3127 5378 3171 5432 si
3223 5382 3718 5440 meminerimus
3767 5378 3915 5454 quod
3957 5393 3978 5428 ε

2304 5589 2409 5629 nec
2436 5577 2494 5626 B.
2526 5576 2822 5626 Anselmus
2848 5574 3166 5626 declinavit.

2368 5650 2487 5709 (76')
2534 5649 2662 5697 Mss.
2708 5647 2941 5711 aliquot,
2985 5646 3249 5708 receptrix
3299 5656 3387 5698 est
3437 5651 3668 5706 solum,
3708 5649 3978 5700 Ecclesium

2309 5720 2399 5768 Dei
2423 5717 2686 5768 excolunt.
2718 5717 2913 5768 Melius
2936 5716 3029 5767 alii
3061 5715 3274 5779 plures,
3312 5723 3377 5769 et
3415 5721 3563 5773 edit.
3601 5735 3811 5776 omnes
3836 5724 3895 5769 ut
3937 5719 3978 5764 in

2303 5793 2477 5853 textu,
2506 5789 2609 5839 nisi
2636 5788 2805 5852 quod,
2833 5801 2930 5852 pro
2957 5785 3217 5837 salutaris
3250 5790 3450 5849 verbi,
3482 5806 3605 5843 non
3655 5794 3824 5857 pauci
3864 5799 3978 5853 quo-

2303 5874 2411 5927 que
2437 5860 2634 5914 horum
2667 5872 2796 5912 mss.
2824 5859 3016 5924 legunt
3039 5857 3247 5909 salutis.
