4022 6176
199 277 308 330 I873

1253 270 1714 325 EXPOSITIONIS
1754 271 1819 324 IN
1862 271 2083 326 LUCAM
2126 272 2246 326 LIB.
2283 273 2412 327 VIII.

3377 271 3509 326 18⁵74

195 401 346 456 Pilato
393 395 585 466 Joseph
644 411 848 467 corpus
912 395 1191 466 acceperit
1240 395 1438 462 (10am,
1495 413 1606 461 xix,
1667 396 1775 466 38).
1803 400 2060 479 Aretur,
2091 413 2204 452 non
2235 397 2621 464 remaledixit;
2650 413 2781 452 cum
2822 401 3236 467 percuteretur,
3266 415 3382 454 non
3415 416 3505 454 re-

192 496 356 550 Nonne
416 489 511 543 tibi
568 488 833 543 videntur
885 488 1090 559 aquila
1148 490 1291 543 circa
1348 505 1556 560 corpus
1605 490 1779 543 Maria

190 585 437 654 Cleopha,
478 587 529 637 et
563 582 733 636 Maria
772 583 1121 652 Magdalene,
1155 588 1206 636 et
1247 583 1417 636 Maria
1455 583 1628 637 Mater
1670 583 1777 637 Do-

191 678 328 744 mini,
355 676 848 749 apostolorumque
887 679 1197 730 conventus
1233 677 1380 730 circa
1426 676 1650 730 Domini
1691 693 1774 731 se-

190 771 480 845 pulturam?
503 771 699 824 Nonne
727 769 827 823 tibi
854 769 1122 824 videntur
1147 770 1350 841 aquila
1380 769 1527 824 circa
1555 786 1776 841 corpus,

191 865 386 938 quando
424 863 605 918 veniet
653 879 780 916 cum
823 863 1267 934 intelligibilibus
1312 863 1559 918 nubibus
1609 863 1780 918 Filius

187 957 402 1016 hominis
443 973 455 1010 :
501 982 523 1004 ιι
565 957 632 1010 Et
671 956 886 1011 videbit
932 973 1061 1010 eum
1104 958 1289 1011 omnis
1328 958 1540 1024 oculus,
1583 962 1640 1012 et
1684 957 1779 1028 qui

188 1069 297 1108 eum
326 1056 777 1121 compunxerunt
809 1051 1024 1120 (Apoc.,
1059 1068 1094 1114 ι,
1129 1051 1222 1119 7)?
1253 1073 1278 1098 »

245 1148 321 1200 56.
358 1145 449 1198 Est
483 1144 653 1198 etiam
694 1145 788 1213 (De
820 1160 1075 1204 consecr.,
1121 1144 1249 1198 dist.
1301 1149 1355 1213 ‘2,
1403 1162 1522 1215 cap.
1565 1151 1627 1200 1η
1667 1150 1781 1215 qui-

188 1241 279 1298 bus,
307 1238 336 1309 §
367 1241 457 1292 Est
482 1240 660 1307 etiam)
690 1254 893 1308 corpus
927 1237 996 1292 de
1031 1253 1144 1308 quo
1176 1237 1391 1292 dictum
1419 1242 1504 1291 est
1534 1255 1546 1291 :
1587 1262 1611 1287 α
1640 1241 1780 1294 Caro

185 1347 289 1387 mea
317 1347 441 1385 vere
471 1335 553 1385 est
580 1331 757 1400 cibus,
792 1338 847 1386 et
877 1331 1109 1401 sanguis
1140 1347 1300 1385 meus
1335 1348 1465 1386 vere
1506 1336 1590 1386 est
1614 1335 1782 1403 potus

186 1428 358 1493 (10am,
403 1441 472 1490 vx,
522 1425 632 1494 56).
688 1447 714 1473 ››
761 1425 922 1481 Circa
965 1425 1069 1478 hoc
1114 1441 1319 1496 corpus
1375 1425 1582 1497 aquila
1629 1430 1780 1492 sunt,

183 1535 288 1590 qua
335 1518 433 1572 alis
485 1518 891 1572 circumvolant
937 1518 1306 1589 spiritalibus.
1354 1519 1496 1574 Sunt
1539 1525 1591 1573 et
1637 1519 1783 1575 circa

183 1628 362 1683 corpus
381 1611 588 1682 aquila
617 1627 744 1682 qua
765 1611 1008 1666 credunt
1032 1613 1221 1666 Jesum
1248 1612 1306 1665 in
1337 1629 1507 1666 carne
1529 1613 1779 1680 venisse;

1880 491 2159 558 percussit
2198 491 2234 557 (l
2269 493 2436 552 Petr.,
2471 507 2527 556 ιι,
2567 489 2680 560 23);
2712 510 2738 538 »
2777 489 2899 543 hac
2940 494 3024 544 est
3059 490 3216 544 enim
3260 491 3509 560 perfecta

1883 583 2080 636 virtus.
2120 585 2318 655 Itaque
2357 587 2414 638 et
2443 584 2500 637 in
2533 581 2778 654 pueritia
2811 585 2896 636 est
2928 582 3189 653 quadam
3216 585 3508 639 venerabio

1881 677 1949 729 lis
2010 693 2235 731 morum
2287 678 2582 743 senectus,
2653 680 2710 730 et
2770 676 2828 730 in
2888 679 3180 730 senectute
3243 676 3511 733 innocens

1880 770 2129 840 pueritia
2159 787 2172 823 :
2207 792 2234 820 «
2264 770 2528 825 Senectus
2555 769 2710 824 enim
2738 768 3076 824 venerabilis
3105 773 3208 836 est,
3244 785 3358 824 non
3388 769 3508 824 diu-

1879 866 2072 932 turna,
2093 880 2198 918 nec
2227 880 2468 918 numero
2492 879 2771 918 annorum
2792 865 3136 934 computata;
3164 862 3287 916 cani
3314 868 3507 917 autem

1881 961 2014 1011 sunt
2039 973 2237 1010 sensus
2264 956 2528 1022 hominis,
2557 959 2612 1009 et
2654 959 2792 1010 atas
2824 955 3128 1010 senectutis
3160 955 3274 1010 vita
3302 956 3506 1010 imma-

1882 1051 2062 1104 culata
2110 1052 2283 1119 (Sap.,
2337 1067 2408 1116 iv,
2455 1052 2508 1114 8,
2561 1049 2636 1117 9).
2681 1071 2708 1097 ››
2754 1048 2913 1103 Unde
2957 1053 3015 1103 et
3063 1048 3333 1118 scriptum
3377 1053 3503 1104 est:

1889 1167 1914 1190 ι‹
1955 1143 2226 1209 Laudate,
2269 1142 2448 1214 pueri,
2493 1142 2818 1209 Dominum,
2865 1141 3090 1196 laudate
3140 1157 3350 1196 nomen
3400 1142 3507 1196 Do-

1883 1236 2022 1290 mini
2052 1236 2215 1306 (Psal.
2246 1253 2369 1302 cxn,
2407 1235 2479 1307 I),
2515 1257 2540 1283 η
2572 1235 2705 1306 quia
2735 1251 2908 1289 nemo
2942 1234 3048 1288 nisi
3078 1234 3360 1304 perfectus
3389 1237 3507 1290 lau-

1882 1330 1976 1384 dat
2007 1330 2333 1384 Dominum.
2361 1351 2386 1376 ‹‹
2414 1330 2589 1384 Nemo
2616 1328 2772 1383 enim
2803 1328 2942 1382 dicit
2972 1328 3272 1382 Dominum
3295 1330 3509 1397 Jesum,

1887 1424 1993 1478 nisi
2023 1424 2081 1477 in
2113 1423 2327 1494 Spiritu
2353 1428 2544 1477 sancto
2573 1424 2612 1492 (l
2646 1425 2790 1483 Cor.,
2821 1438 2918 1489 xu,
2948 1424 3019 1490 3).
3050 1444 3078 1471 »

1957 1520 2044 1572 59.
2083 1517 2248 1582 Quod
2287 1517 2508 1572 videtur
2546 1517 2616 1571 de
2657 1515 2918 1570 Ecclesiae
2954 1515 3166 1586 populo
3205 1515 3513 1586 propheta-

1888 1616 2028 1675 tum,
2062 1612 2158 1681 qui
2182 1611 2377 1681 juuior
2407 1610 2695 1664 seniorem
2735 1609 3010 1680 p0pulum
3048 1607 3378 1662 Judaorum
3405 1607 3514 1664 vir.

180 1704 293 1777 quia
325 1705 503 1758 omnis
531 1704 762 1775 spiritus
793 1705 892 1775 qui
931 1705 1234 1759 conﬁtetur
1261 1707 1451 1759 Jesum
1490 1706 1780 1762 Christum
1809 1775 1840 1777 __
1889 1705 2021 1758 tutis
2052 1704 2251 1759 studiis
2289 1704 2545 1759 anteivit.
2592 1705 2657 1757 Et
2699 1702 2826 1758 ideo
2863 1701 3004 1756 illud
3032 1719 3046 1754 :
3080 1723 3107 1751 ι(
3139 1702 3277 1756 Ecce
3311 1717 3420 1773 ego
3455 1704 3513 1756 et

181 1775 226 1852 in
263 1813 421 1852 carne
460 1797 702 1862 venisse,
751 1797 820 1851 de
862 1798 980 1851 Deo
1021 1801 1108 1851 est
1145 1798 1190 1868 (Ι
1230 1801 1412 1861 Joan.,
1456 1815 1525 1868 IV,
1570 1801 1643 1866 7).
1679 1775 1860 1855 UbiB
1888 1798 2049 1867 pueri
2090 1799 2201 1851 mei
2237 1815 2380 1869 quos
2424 1797 2628 1851 dedisti
2665 1796 2808 1850 mihi
2849 1797 3003 1865 (Isa.,
3035 1811 3149 1862 vni,
3197 1796 3305 1864 18).
3350 1817 3378 1845 ››
3418 1795 3514 1850 Isti

180 1906 296 1962 ergo
322 1890 476 1958 fides,
513 1891 591 1944 ibi
631 1893 1071 1959 sacramentum,
1107 1890 1181 1944 ibi
1221 1891 1592 1946 diversorium
1631 1909 1784 1947 sanc-

178 1983 346 2038 titatis.
376 1985 466 2038 Est
505 1985 681 2038 etiam
714 2000 916 2054 corpus
958 1983 1224 2052 Ecclesia,
1252 1984 1310 2038 in
1352 2001 1466 2055 qua
1506 2002 1609 2056 per
1640 1986 1780 2056 bap-

179 2077 311 2131 tismi
347 2077 596 2148 gratiam
637 2093 976 2131 renovamur
997 2077 1220 2148 spiritu,
1254 2080 1310 2132 et
1338 2079 1573 2134 occidua
1597 2096 1788 2134 senec-

182 2169 296 2224 tutis
322 2170 375 2225 in
405 2170 680 2226 redivivas
709 2174 1046 2241 reparantur
1070 2174 1263 2224 aetates
1294 2171 1423 2238 (77).

239 2266 378 2334 (Cap.
420 2265 605 2319 XVIII.
657 2295 724 2304 —
773 2265 922 2318 Vers.
985 2264 1092 2333 l6.)
1141 2265 1316 2319 Sinite
1362 2281 1558 2335 pueros
1606 2270 1784 2322 venire

179 2357 239 2410 ad
270 2373 360 2418 me,
397 2364 446 2411 et
476 2358 650 2411 nolite
681 2373 766 2411 eos
801 2364 1012 2420 vetare;
1051 2359 1242 2412 talium
1273 2363 1351 2412 est
1383 2361 1525 2412 enim
1558 2375 1782 2425 regnum

183 2453 274 2506 Dei.

239 2549 312 2598 57.
340 2546 511 2616 Atqui
547 2548 713 2599 astas
750 2545 872 2598 hac
911 2545 1136 2598 infirma
1165 2549 1250 2598 est
1281 2545 1513 2611 viribus,
1542 2546 1782 2600 invalida

180 2639 400 2708 ingenio,
445 2639 764 2692 immatura
808 2637 1074 2706 consilio;
1119 2653 1237 2692 non
1281 2654 1420 2709 ergo
1461 2640 1599 2692 atas
1635 2656 1780 2710 pra-

179 2730 329 2785 fertur
362 2731 543 2797 atati,
584 2731 833 2802 alioquin
881 2731 1099 2785 obesset
1143 2732 1482 2787 adolescere.
1526 2731 1780 2804 1485

179 2824 294 2886 Quid
330 2825 469 2879 votis
502 2841 653 2896 opus
697 2831 781 2878 est
822 2827 882 2878 ut
922 2824 1027 2878 avi
1061 2825 1358 2878 maturitas
1384 2830 1781 2896 consequatur,

180 2917 215 2969 si
248 2917 372 2972 mihi
401 2918 680 2972 meritum
717 2918 875 2988 regni
910 2919 1210 2988 demptura
1241 2919 1480 2972 caelestis
1519 2923 1603 2972 est
1633 2920 1785 2986 (78)?

178 3011 300 3081 Ergo
341 3013 480 3067 Deus
523 3012 655 3065 vita
694 3027 1019 3082 processum
1057 3011 1126 3064 ad
1175 3010 1310 3065 vitia
1351 3011 1525 3076 dedit,
1566 3029 1676 3066 non
1715 3013 1784 3066 ad

181 3105 504 3160 incrementa
571 3105 810 3160 virtutis.
876 3105 943 3157 Et
1011 3121 1110 3158 cur
1165 3105 1282 3175 ipse
1331 3107 1616 3175 apostolos
1671 3103 2142 3209 nonCDenique
2183 3101 2317 3156 alibi
2362 3101 2633 3172 scriptum
2675 3105 2758 3154 est
2807 3115 2820 3152 :

177 3199 408 3266 puerilis,
456 3198 563 3254 sed
613 3198 983 3269 provectioris
1031 3199 1209 3270 elegit
1257 3199 1436 3254 atatis
1485 3200 1653 3266 (Lua,
1702 3217 1782 3265 vi,

184 3292 280 3358 13)?
309 3292 414 3346 Cur
446 3296 647 3346 autem
685 3309 888 3363 pueros
924 3297 1084 3364 aptos
1124 3309 1307 3362 regno
1345 3292 1481 3346 dicit
1521 3309 1642 3348 esse
1681 3309 1786 3348 ca-

175 3383 333 3439 lorum
377 3387 626 3454 (Matth,
676 3401 823 3452 xvm,
877 3386 976 3456 3)?
1023 3387 1278 3440 Fortasse
1331 3386 1465 3457 quia
1508 3385 1785 3442 malitiam

176 3478 417 3547 nesciant,
448 3478 716 3534 fraudare
747 3495 856 3532 non
881 3479 1092 3546 norint,
1119 3479 1353 3534 referire
1374 3496 1491 3534 non
1516 3480 1782 3550 audeant,

176 3572 386 3626 scrutari
417 3574 690 3645 ignorent
718 3589 870 3644 opes,
905 3573 1185 3627 honorem
1230 3573 1362 3643 (79),
1405 3572 1784 3628 ambitionem

176 3679 271 3718 non
300 3670 600 3737 appetant.
634 3666 744 3721 Sed
770 3666 1039 3736 ignorare
1069 3667 1178 3721 ista
1206 3666 1382 3721 virtus
1407 3682 1525 3720 non
1555 3670 1659 3735 est,
1687 3666 1786 3721 sed

175 3763 542 3825 contemnere,
577 3776 682 3814 nec
719 3760 1088 3814 continentia
1124 3759 1268 3827 laus,
1302 3759 1398 3814 ubi
1439 3759 1786 3814 infirmitatis

176 3850 447 3922 integritas
481 3871 496 3908 :
533 3869 646 3907 non
680 3853 857 3924 igitur
892 3853 1154 3924 pueritia,
1183 3853 1280 3908 sed
1311 3853 1522 3908 amula
1550 3853 1786 3924 puerilis

175 3945 534 4016 simplicitatis
569 3947 794 4001 bonitas
833 3946 1186 4016 designatur.
1221 3947 1340 4000 Non
1371 3946 1525 4000 enim
1566 3946 1786 4001 virtutis

174 4042 243 4090 est
274 4056 381 4094 non
423 4057 594 4112 posse
634 4056 890 4110 peccare,
931 4040 1027 4094 sed
1070 4041 1240 4107 nolle,
1273 4043 1444 4111 atque
1473 4040 1552 4093 ita
1591 4043 1786 4094 tenere

173 4133 634 4199 perseverantiam
681 4133 1006 4199 voluntatis,
1053 4137 1117 4187 ut
1159 4135 1422 4188 voluntas
1463 4133 1784 4202 infantiam,

175 4239 298 4278 unus
327 4226 589 4280 imitetur
630 4230 914 4281 naturam.
947 4227 1198 4298 Denique
1242 4226 1358 4297 ipse
1399 4226 1503 4280 hoc
1533 4225 1789 4281 Salvator

173 4322 448 4388 expressit,
492 4319 728 4375 dicens:
762 4339 789 4371 α
821 4320 933 4374 Nisi
973 4320 1233 4374 conversi
1275 4319 1518 4387 fueritis,
1566 4327 1624 4374 et
1674 4318 1788 4373 efﬂ-

173 4409 375 4467 ciamini
421 4414 568 4468 sicut
608 4429 752 4484 puer
788 4413 914 4480 iste,
948 4430 1064 4468 non
1111 4411 1395 4467 intrabitis
1438 4413 1497 4467 in
1539 4428 1787 4482 regnum

173 4501 421 4558 calorum
453 4504 640 4574 (Ibid)
652 4544 664 4557 .
693 4525 719 4552 »

231 4593 312 4645 58.
332 4593 471 4655 Ouis
497 4596 583 4647 est
609 4608 748 4663 ergo
777 4609 922 4663 puer
943 4591 1256 4647 imitandus
1278 4590 1541 4661 apostolis
1560 4590 1786 4656 Christi,

172 4695 293 4736 num
330 4700 484 4738 unus
527 4699 592 4738 ex
637 4682 926 4753 parvulis?
966 4683 1094 4737 Hac
1139 4681 1315 4752 igitur
1351 4682 1530 4736 virtus
1570 4684 1791 4752 aposto-

175 4768 386 4826 lorum?
439 4773 576 4836 Quis
633 4787 768 4842 ergo
823 4773 1011 4842 puer?
1068 4773 1144 4826 Ne
1195 4773 1343 4826 forte
1402 4771 1494 4825 ille
1550 4771 1620 4825 de
1675 4788 1788 4842 quo

176 4858 324 4915 Isaias
367 4861 510 4916 dicit
554 4880 568 4914 :
616 4881 642 4911 α
687 4863 832 4915 Puer
872 4863 1037 4915 natus
1082 4865 1166 4915 est
1205 4860 1388 4927 nobis,
1432 4860 1582 4915 ﬁlius
1625 4861 1791 4916 datus

175 4953 245 5000 est
281 4950 445 5004 nobis
479 4951 630 5018 (Isa.,
668 4966 740 5014 ix,
775 4951 866 5016 6)?
894 4971 922 4998 n
957 4951 1079 5021 lpse
1115 4950 1266 5004 enim
1295 4948 1397 5003 tibi
1427 4965 1570 5019 puer
1599 4950 1744 5004 dixit
1775 4965 1788 5002 :

178 5058 199 5081 «ι
227 5039 370 5094 Tolle
415 5055 647 5094 crucem
692 5043 847 5094 tuam
886 5044 942 5094 et
979 5054 1217 5110 sequere
1258 5054 1349 5092 me
1390 5039 1635 5108 (Matth.,
1680 5055 1791 5103 xv1,

176 5128 270 5180 2t).
306 5150 330 5175 ››
369 5130 440 5182 Et
479 5132 539 5181 ut
575 5144 849 5199 agnoscas
894 5143 1136 5198 puerum
1181 5148 1190 5181 :
1227 5147 1255 5174 ‹‹
1297 5129 1436 5183 Cum
1483 5126 1791 5181 maledice-

228 5249 322 5307 (77)
361 5250 425 5299 In
473 5263 603 5300 mss.
642 5262 754 5299 non
798 5249 992 5312 paucis
1039 5249 1146 5298 hoc
1192 5249 1315 5299 loco
1360 5249 1626 5299 inseritur
1677 5262 1794 5299 am-

178 5317 253 5378 pla
297 5319 506 5370 lacinia
555 5321 610 5369 in
652 5319 972 5383 parabolam
1027 5319 1287 5382 pbarisai
1335 5333 1400 5370 ac
1445 5320 1733 5383 publicani
1780 5335 1792 5368 :

178 5401 288 5452 qua
318 5405 433 5442 non
459 5392 625 5442 modo
653 5393 709 5441 in
733 5405 863 5442 mss.
894 5392 1305 5455 antiquioribus
1348 5405 1460 5441 non
1492 5393 1795 5452 invenitur,

179 5474 354 5514 verum
380 5465 547 5514 etiam
575 5465 669 5515 vel
706 5466 881 5529 prima
911 5465 1154 5515 lectione
1195 5463 1629 5528 deprehenditur
1657 5464 1798 5513 nihil

179 5529 365 5584 habere
397 5535 772 5591 Ambrosiani.
800 5550 865 5586 ac
894 5539 1159 5600 praterea
1189 5536 1418 5585 totidem
1443 5535 1625 5586 verbis
1651 5534 1799 5598 apud

180 5601 365 5656 Bedam
397 5607 498 5655 lib.
534 5620 570 5659 v
604 5611 901 5658 comment.
941 5608 995 5656 in
1040 5607 1266 5666 Lucam,
1302 5620 1424 5669 cap.
1461 5608 1539 5666 7i,
1576 5605 1796 5669 legitur.

175 5671 514 5740 Quapropter
537 5679 780 5729 alienum
813 5682 1031 5742 partum
1062 5678 1310 5741 legitimo
1334 5691 1446 5726 non
1477 5677 1798 5739 putavimus

165 5743 474 5794 admiscend
493 5763 604 5798 um.

225 5817 312 5878 ωδ)
353 5817 501 5868 Mss.
551 5821 778 5884 aliquot,
819 5819 942 5869 dein
981 5825 1183 5869 natura
1220 5818 1436 5869 catastis
1479 5821 1568 5868 est.
1614 5816 1800 5866 Minus

1884 1895 2016 1946 sunt
2061 1891 2222 1962 pueri
2264 1891 2360 1962 qui
2390 1891 2694 1945 Dominum
2725 1890 2879 1960 pullo
2909 1888 3083 1943 asina
3113 1891 3512 1959 supervectum

1886 1985 2228 2056 propheticis
2274 1985 2502 2039 vocibus
2558 1988 3008 2055 prosequentes,
3058 1982 3514 2053 redemptionem

1887 2080 2138 2150 gentium
2200 2079 2418 2132 venisse
2469 2077 2735 2132 dicebant
2783 2078 3028 2146 (Matth.,
3080 2092 3198 2143 xxx,
3251 2076 3371 2146 t5);
3424 2074 3514 2132 isti

1886 2178 2017 2227 sunt
2047 2172 2209 2244 pueri
2237 2172 2320 2227 vel
2354 2171 2599 2226 infantes
2640 2170 2736 2242 qui
2779 2169 2986 2224 Christi
3021 2169 3113 2224 illa
3139 2167 3315 2222 ubera
3343 2184 3514 2240 super

1883 2266 2078 2320 vinum
2121 2267 2327 2320 haustu
2373 2265 2624 2336 pleniore
2673 2269 2951 2318 auxerunt
2991 2280 3003 2316 :
3038 2285 3064 2311 ‹‹
3107 2264 3180 2317 Ex
3215 2277 3312 2316 ore
3357 2261 3511 2317 enim

1885 2359 2187 2413 infantium
2235 2364 2289 2413 et
2343 2357 2672 2412 lactentium
2719 2355 3002 2426 perfecisti
3058 2355 3283 2409 laudem
3345 2356 3510 2418 (Psal.

1886 2468 1999 2520 Vill,
2034 2455 2104 2520 3).
2138 2475 2163 2498 υ

1956 2548 2041 2599 60.
2074 2545 2292 2598 Durum
2326 2544 2517 2615 itaque
2551 2541 2835 2614 aliquibus
2867 2547 2923 2596 et
2956 2540 3176 2596 immite
3201 2540 3383 2595 videri
3409 2557 3510 2612 po-

1886 2642 2014 2704 test,
2057 2637 2209 2708 quod
2247 2636 2501 2707 discipuli
2547 2634 2620 2690 ad
2663 2633 2969 2689 Dominum
3011 2633 3319 2687 infantulos
3357 2631 3514 2686 adire

1888 2729 2286 2802 prohibebant,
2310 2729 2416 2782 nisi
2439 2729 2524 2782 vel
2554 2727 2889 2798 mysterium
2914 2726 3218 2797 intelligas,
3243 2726 3330 2779 vel
3350 2725 3513 2780 affec-

1885 2829 2045 2889 tum;
2099 2837 2284 2893 neque
2337 2822 2493 2874 enim
2546 2821 2600 2874 id
2659 2819 2863 2874 invida
2923 2819 2984 2873 in
3044 2834 3248 2890 pueros
3303 2820 3514 2874 mentis

1885 2917 2189 2988 asperitate
2218 2914 2524 2983 faciebant,
2559 2915 2653 2969 sed
2695 2913 2902 2969 sedula
2932 2912 3215 2967 servitutis
3246 2911 3517 2983 obsequia

1887 3009 2125 3064 Domino
2169 3007 2518 3074 deferebant,
2574 3023 2646 3060 ne
2695 3006 3175 3076 comprimeretur
3219 3020 3253 3058 a
3307 3003 3509 3058 turbis.

2871 3120 2898 3148 ‹‹
2945 3097 3222 3169 Magister,
3263 3098 3512 3168 compri-

1888 3200 2056 3251 munt
2083 3201 2138 3251 te
2170 3195 2348 3249 turbae
2375 3195 2558 3264 (Luc.,
2589 3209 2701 3260 vui,
2729 3193 2838 3264 45).
2869 3214 2898 3243 ››
2926 3191 3269 3263 Respueuda
3297 3191 3511 3262 quippe

1886 3295 1970 3346 est
1995 3290 2212 3345 utilitas
2247 3291 2465 3356 nostra,
2507 3286 2604 3341 ubi
2641 3285 2954 3342 divinitatis
2989 3284 3197 3356 injuria
3231 3290 3336 3339 est.
3370 3285 3516 3356 Ergo

1888 3384 2174 3455 fugiamus
2211 3381 2561 3454 superbiam,
2591 3396 2904 3452 sequamur
2927 3378 3207 3450 puerilem
3241 3377 3514 3448 simplici-

1886 3481 2094 3543 tatem;
2138 3476 2275 3547 quia
2310 3475 2515 3529 veritas
2553 3473 2879 3528 adversaria
2909 3471 3215 3544 superbia,
3250 3471 3516 3542 simplici-

1889 3576 1970 3624 tas
2016 3573 2210 3624 autem
2254 3582 2596 3622 concurrens
2637 3567 2875 3632 veritati,
2916 3565 2975 3618 in
3024 3565 3145 3636 ipsa
3189 3564 3515 3620 humilitate

1888 3663 2164 3717 sublimis.
2194 3663 2314 3715 Non
2349 3659 2504 3714 enim
2541 3659 2598 3713 in
2634 3660 2856 3730 abjecto
2900 3659 3068 3712 corde
3099 3657 3320 3712 habitat
3349 3657 3513 3723 Dens,

1887 3757 1982 3812 sed
2026 3756 2171 3811 sicut
2198 3755 2557 3810 tradiderunt
2594 3753 2759 3808 nobis
2805 3752 3104 3824 propheta
3138 3767 3149 3804 :
3183 3771 3210 3798 «
3251 3750 3514 3804 Thronus

1887 3849 2106 3906 virtutis
2158 3849 2438 3903 exaltatus
2490 3851 2573 3902 est
2627 3847 2856 3916 (Jerem.,
2907 3861 3034 3909 xvn,
3094 3846 3200 3911 I2);
3263 3866 3304 3904 ››¹
3345 3844 3404 3897 in
3449 3860 3515 3898 eo

1889 3943 2098 3998 scilicet
2126 3942 2287 4012 cujus
2325 3943 2579 3996 elevatur
2603 3939 2882 4010 sapientia
2921 3937 2994 3991 ad
3021 3935 3382 3991 altitudinem
3414 3952 3512 3989 ve-

1889 4037 2092 4092 ritatis.
2113 4037 2222 4090 Nec
2241 4035 2385 4090 sicut
2403 4035 2538 4090 Cain
2557 4033 2812 4088 fraterna
2832 4029 3018 4102 specie
3039 4029 3236 4084 dolum
3255 4027 3303 4100 1
3320 4026 3514 4100 486

1890 4129 2239 4202 percussoris
2265 4127 2608 4192 abscondat;
2634 4125 2735 4181 sed
2763 4124 2901 4180 foris
2927 4123 3191 4194 intraque
3223 4123 3296 4176 sit
3318 4123 3516 4177 frater.

1892 4225 2013 4278 Haec
2045 4223 2104 4277 in
2141 4223 2367 4278 affectu.
2401 4224 2457 4276 In
2501 4219 2769 4291 mysterio
2801 4222 3019 4284 autem,
3054 4217 3189 4288 quia
3219 4215 3377 4288 prius
3409 4215 3517 4271 sal-

1892 4317 2006 4371 vari
2061 4317 2340 4387 populum
2390 4315 2748 4379 Judaorum,
2805 4328 2873 4368 ex
2926 4326 3039 4382 quo
3094 4313 3152 4363 et
3205 4309 3520 4363 secundum

1891 4426 2121 4464 carnem
2162 4410 2283 4464 nati
2322 4410 2570 4476 fuerant,
2614 4406 2957 4477 gestiebant,
2991 4403 3086 4457 sed
3124 4407 3182 4456 et
3223 4418 3326 4471 pro
3372 4402 3518 4456 Cha-

1807 4500 1865 4570 I)
1891 4515 2091 4554 nanaa
2119 4498 2361 4553 muliere
2401 4496 2792 4568 supplicarunt
2817 4491 3058 4561 (Matth.,
3097 4505 3185 4554 xv,
3217 4491 3328 4557 23).
3363 4488 3516 4543 Scie-

1892 4589 2033 4644 bant
2051 4605 2192 4660 ergo
2215 4587 2574 4658 mysterium,
2595 4583 2748 4655 quod
2779 4580 3032 4650 utrisque
3053 4578 3282 4650 populis
3301 4579 3518 4632 vacatio

1893 4678 2220 4744 deberetur,
2253 4677 2350 4731 sed
2382 4676 2618 4729 fortasse
2650 4671 2839 4726 adhuc
2868 4668 3131 4724 ordinem
3163 4667 3516 4723 nesciebant.

1964 4770 2052 4820 61.
2090 4767 2251 4820 Nunc
2296 4762 2624 4818 distantiam
2666 4760 2901 4816 intende
2937 4758 3258 4813 verborum.
3301 4756 3406 4811 Ubi
3451 4756 3522 4810 ad

1893 4873 1953 4909 se
2003 4855 2245 4909 infantes
2295 4851 2563 4907 accedere
2612 4849 2798 4920 jubet,
2851 4853 2914 4903 ut
2968 4864 3061 4902 eos
3111 4847 3196 4902 vel
3247 4845 3519 4916 pradica-

1896 4946 2047 5000 tione
2094 4944 2227 5014 (80),
2271 4944 2354 4997 vel
2408 4957 2681 4996 manuum
2732 4937 3095 5010 impositione
3139 4935 3518 4998 benediceret,

1897 5049 2105 5106 pueros
2143 5031 2391 5103 appellat
2427 5046 2439 5083 :
2479 5029 2575 5083 ubi
2612 5027 2872 5100 pracipit
2911 5043 3028 5081 non
3068 5022 3524 5079 scandalizandos

1895 5122 2125 5194 pusillos
2163 5123 2324 5175 vocat
2359 5119 2596 5184 (Matth.,
2640 5133 2786 5183 xvui,
2825 5114 2898 5184 6);
2943 5130 3056 5168 non
3099 5113 3250 5167 enim
3291 5111 3526 5166 scanda-

1895 5243 2204 5296 commode.

1960 5318 2061 5379 (79)
2089 5316 2170 5364 Ita
2196 5314 2324 5364 edit.
2357 5317 2471 5364 ant.
2504 5325 2569 5362 ac
2601 5324 2734 5360 mss.
2769 5320 2985 5368 omnes,
3009 5303 3429 5379 excepto_quod
3466 5305 3525 5355 in

1897 5376 2096 5437 borum
2129 5385 2434 5443 nonnullis,
2465 5396 2562 5447 pro
2599 5382 2870 5435 honorem,
2895 5380 3079 5442 legere
3122 5381 3206 5426 est
3247 5376 3526 5447 honorum.

1899 5461 1971 5510 At
1995 5459 2156 5509 Rom.
2195 5456 2324 5507 edit.
2361 5446 2496 5514 sola,
2532 5452 2765 5504 scortari
2801 5452 3064 5514 ignorent,
3097 5461 3237 5512 opes,
3278 5446 3528 5497 honorem

1898 5529 2342 5591 ambitionemque
2368 5537 2474 5575 non
2504 5528 2771 5588 appetant.

1968 5601 2064 5661 (80)
2106 5589 2267 5649 Rom:
2318 5597 2450 5647 edit.
2495 5595 2576 5644 vel
2613 5593 2915 5658 precatione
2958 5607 2975 5639 :
3017 5604 3183 5656 quam
3228 5589 3527 5639 lectionem

1899 5671 2157 5721 iubentes
2204 5667 2684 5732 amplecteremur,
2735 5665 2781 5713 si
2827 5677 2891 5714 ea
2938 5663 3134 5713 saltem
3180 5661 3349 5711 unico
3397 5671 3528 5709 mss.

1902 5741 2304 5794 defenderetur.
