4022 6176
558 234 681 285 19η

2019 232 2074 282 S.
2116 226 2439 284 AMBROSII

3715 243 3824 294 l878

547 355 790 410 lizantur
816 354 913 426 qui
944 355 1258 427 tanguntur
1287 371 1321 410 a
1357 353 1604 425 Christo,
1631 372 1746 411 non
1781 355 2048 411 labuntur
2073 355 2169 427 qui
2194 367 2249 438 Α
2271 352 2491 408 minum
2534 371 2646 409 non
2690 354 2918 424 recepit.
2964 351 3332 408 Tolerabilius
3360 358 3540 410 tamen
3579 362 3653 411 est
3685 359 3825 416 ﬁdem

547 449 766 504 Christo
792 448 1205 520 propinquant;
1235 449 1337 504 sed
1363 450 1637 504 labuntur
1661 451 1745 505 illi
1766 467 1908 522 quos
1938 448 2170 521 pusillos

546 557 662 596 non
712 541 889 598 etatis
938 541 1233 612 exiguitas,
1288 543 1381 596 sed
1433 542 1655 596 virtutis
1701 543 1973 613 pusillitas
2015 543 2165 598 fecit.

546 635 724 690 Simul
773 635 946 689 etiam
999 635 1160 689 docet
1209 635 1464 690 inﬁrmos
1513 653 1630 691 non
1672 653 1791 691 esse
1833 636 2166 704 tentandos,

549 745 622 784 ne
661 728 723 784 in
765 744 859 784 eos
887 745 1092 784 eorum
1121 730 1325 784 delicta
1352 733 1664 797 vertantur,
1694 747 1935 801 quorum
1972 746 2170 802 preces

547 823 620 878 ad
659 822 986 889 Dominum,
1034 827 1090 877 et
1129 823 1174 877 si
1221 823 1329 894 ipsi
1363 823 1635 878 virtutum
1684 824 1904 879 meritis
1956 823 2169 878 inﬁrmi

549 917 682 983 sint,
706 917 1041 987 angelorum
1068 920 1260 971 tamen
1285 917 1610 988 patrociniis
1629 918 1970 972 evehuntur.
1989 918 2169 972 Nemo

551 1025 688 1080 ergo
728 1009 960 1064 irrideat
1000 1025 1332 1080 pauperem,
1374 1009 1509 1080 quia
1538 1009 1833 1064 exacerbat
1870 1010 2034 1064 illum
2074 1012 2170 1081 qui

549 1103 682 1157 fecit
709 1118 841 1156 eum
872 1103 1073 1171 (Prov.,
1111 1119 1245 1170 xvu,
1287 1104 1357 1171 5);
1401 1119 1572 1158 nemo
1614 1107 1798 1158 tentet
1834 1103 2169 1173 invalidum,

553 1212 624 1250 ne
664 1196 898 1267 angelos
938 1195 1137 1265 1ωάειῑ;
1177 1213 1348 1250 nemo
1388 1196 1710 1268 praecipitet
1747 1197 2061 1264 inﬁrmum,
2104 1214 2174 1252 ne

549 1289 729 1345 solvat
752 1289 1091 1344 beneﬁcium
1119 1289 1538 1361 Redemptoris.

625 1385 710 1438 62.
741 1384 810 1436 Et
843 1383 970 1437 ideo
998 1383 1176 1439 dixit:
1209 1403 1236 1435 «
1266 1385 1360 1437 Vae
1399 1384 1533 1438 huic
1565 1384 1777 1439 mundo
1806 1385 1876 1439 ab
1903 1386 2176 1441 scandalis

553 1478 795 1547 (Matth,
833 1493 985 1544 xvm,
1027 1477 1100 1548 7),
1143 1500 1169 1527 ››
1199 1478 1332 1550 quia
1370 1494 1598 1533 crucem
1640 1479 1872 1534 Domini
1915 1479 2174 1552 plerique

553 1570 882 1625 scandalum
931 1571 1294 1641 judicarunt,
1339 1588 1471 1627 cum
1524 1573 1834 1628 Dominicae
1881 1573 2176 1628 humilitas

553 1663 829 1734 passionis
864 1669 1075 1720 nostra;
1105 1667 1178 1720 sit
1221 1669 1640 1720 sacramentum
1679 1667 1902 1736 salutis;
1944 1670 2004 1721 ut
2044 1668 2178 1722 ado-

553 1757 770 1812 riamur
822 1758 1044 1812 virtutis
1118 1759 1412 1826 ofﬁcium,
1485 1776 1776 1814 sumamus
1843 1733 2251 1816 humilitatisB
2277 1775 2341 1812 ex
2385 1762 2568 1829 parte.
2617 1758 2921 1828 Propterea
2967 1757 3243 1812 Dominus
3289 1773 3302 1811 :

551 1852 900 1922 exemplum.
929 1853 1020 1906 Ve:
1048 1852 1227 1922 igitur
1252 1852 1301 1906 ei
1333 1852 1430 1923 qui
1459 1853 1517 1906 in
1547 1869 1774 1908 crucem
1802 1854 2030 1908 Domini
2058 1871 2175 1909 non

549 1943 872 2013 crediderit,
918 1961 1029 2015 qua
1066 1945 1515 2000 scandalizentur
1556 1945 1770 2000 inﬁrmi
1813 1966 1827 2002 :
1864 1967 1891 1996 ι(
1938 1948 2175 2019 Expedit

552 2038 604 2092 ei
643 2043 708 2092 ut
750 2039 1121 2109 suspendatur
1155 2039 1309 2093 mola
1342 2040 1588 2094 asinaria
1635 2042 1694 2094 in
1739 2040 1884 2096 collo
1937 2041 2078 2112 ejus,
2120 2047 2175 2097 et

553 2131 927 2203 demergatur
953 2132 1009 2186 in
1036 2133 1386 2203 profundum
1415 2135 1590 2188 maris
1619 2136 1799 2203 (Ibid.,
1829 2136 1900 2204 6).
1929 2156 1956 2184 ››

621 2227 709 2280 63.
751 2226 814 2279 In
854 2225 1055 2280 divinis
1099 2226 1334 2297 quidem
1374 2227 1673 2298 Scripturis
1713 2244 1830 2283 non
1869 2229 2174 2284 verborum

553 2319 780 2387 seriem,
830 2319 925 2373 sed
974 2335 1170 2374 rerum
1215 2320 1438 2391 pondus
1484 2321 1814 2376 examinare
1861 2321 2168 2392 debemus;

548 2411 672 2482 plus
701 2411 852 2466 enim
885 2411 1107 2482 proﬁcit
1139 2413 1207 2467 ad
1242 2413 1608 2484 reprimenda
1646 2420 1897 2485 peccata,
1930 2417 2173 2472 inauditi

547 2505 774 2576 generis
817 2511 987 2577 atque
1031 2507 1303 2561 deformis
1346 2507 1600 2562 belluina
1643 2509 1907 2580 quaedam
1956 2526 2173 2581 pompa

547 2597 826 2670 supplicii.
875 2601 1083 2655 Tamen
1125 2616 1199 2654 ne
1249 2600 1340 2654 cui
1387 2601 1521 2656 hinc
1564 2618 1796 2673 quoque
1835 2603 2172 2658 scandalum

548 2695 855 2762 generetur
887 2691 1138 2762 inﬁrmo,
1172 2710 1287 2748 non
1315 2693 1488 2749 otiose
1520 2694 1693 2749 simul
1723 2695 1972 2766 positam
2005 2699 2169 2767 puta-

549 2799 675 2838 mus
701 2786 916 2840 molam
941 2786 1274 2856 asinariam,
1296 2786 1507 2842 collum
1529 2787 1802 2857 hominis,
1823 2789 2172 2860 profundum

547 2879 737 2933 maris.
781 2879 1004 2935 Etenim
1053 2897 1185 2935 cum
1224 2881 1370 2936 asini
1409 2886 1610 2953 typum
1655 2884 1900 2953 populus
1945 2885 2172 2954 gentilis

545 2973 843 3044 acceperit,
880 2990 1072 3029 nonne
1101 2974 1204 3028 tibi
1243 2974 1470 3030 videtur
1504 2979 1784 3047 tanquam
1822 2978 2030 3032 molam
2059 2979 2169 3032 asi-

2269 463 2388 502 non
2416 448 2679 503 detulisse
2704 447 2944 514 Christo,
2975 463 3149 518 quam
3181 459 3378 502 manus
3405 449 3656 505 intulisse.

2342 542 2519 612 (Vers.
2575 546 2659 610 l8,
2715 541 2820 611 19.)
2865 543 3227 610 Interrogavit
3273 548 3443 596 autem
3493 559 3602 597 eum
3645 549 3830 616 quidam

2268 638 2538 706 princeps,
2572 636 2748 690 dicens
2773 653 2789 688 :
2820 637 3084 702 Magister
3113 635 3260 696 bone,
3291 635 3420 704 quid
3441 638 3671 701 faciendo
3695 642 3831 695 vitam

2270 735 2528 785 aeternam
2560 729 2882 799 possidebo?
2919 731 3058 784 Dicit
3099 733 3279 783 autem
3317 731 3366 782 ei
3396 731 3538 784 Iesus
3571 749 3585 784 :
3618 732 3743 798 Quid
3773 750 3834 789 me

2271 824 2405 879 dicis
2430 824 2656 877 bonum?
2684 825 2848 880 Nemo
2881 823 3073 882 bonus.
3106 824 3216 877 nisi
3237 823 3379 877 solus
3403 825 3549 878 Deus.

2340 920 2427 972 65.
2463 917 2700 970 Versuta
2735 915 3128 987 interrogatio,
3171 920 3228 970 et
3257 915 3385 970 ideo
3421 919 3614 988 arguta
3640 935 3835 990 respon-

2270 1010 2370 1064 sio.
2399 1010 2667 1063 Tentator
2696 1009 2850 1063 enim
2882 1009 3150 1079 princeps
3177 1008 3282 1063 iste
3317 1009 3635 1081 magistrum
3659 1011 3836 1068 bonum

2272 1102 2427 1168 dixit,
2475 1103 2574 1173 qui
2607 1104 2784 1157 Deum
2828 1102 3050 1156 bonum
3094 1102 3282 1158 dicere
3322 1102 3608 1158 debuisset.
3635 1105 3759 1160 Nam
3792 1107 3840 1161 li-

2272 1201 2359 1250 cet
2389 1201 2444 1250 et
2476 1197 2532 1249 in
2570 1195 2862 1251 divinitate
2889 1195 3114 1250 bonitas
3153 1196 3242 1263 sit,
3283 1202 3340 1250 et
3377 1196 3432 1250 in
3467 1196 3700 1252 bonitate
3726 1198 3838 1254 divi-

2274 1290 2420 1344 nitas
2462 1289 2649 1358 (nemo
2696 1289 2849 1344 enim
2897 1289 3083 1344 bonus
3132 1289 3239 1343 nisi
3293 1289 3440 1344 solus
3491 1290 3645 1358 Deus,
3692 1293 3842 1347 omnis

2276 1387 2464 1438 autem
2508 1383 2683 1438 homo
2725 1383 2966 1438 mendax
2997 1382 3166 1453 (Psal.
3197 1398 3319 1451 cxv,
3355 1386 3457 1454 ll),
3483 1384 3736 1456 quidquid
3761 1402 3840 1441 au-

2275 1483 2390 1532 tem
2420 1478 2679 1545 mendax,
2713 1477 2910 1549 utique
2944 1493 3058 1531 non
3091 1476 3354 1547 bonum),
3383 1480 3568 1532 tamen
3603 1477 3843 1549 addendo,

2276 1573 2534 1640 Magister
2573 1571 2722 1633 bone,
2775 1571 2835 1624 in
2882 1570 3147 1641 portione
3192 1570 3408 1624 bonum
3457 1571 3608 1640 dixit,
3655 1587 3754 1627 non
3797 1573 3844 1627 in

2278 1664 2670 1732 universitate;
2717 1679 2850 1718 nam
2891 1665 3035 1719 Deus
3077 1662 3445 1718 universitate
3483 1663 3674 1730 bonus,
3711 1665 3846 1720 homo

3357 1777 3386 1809 α
3430 1756 3575 1822 Quid
3616 1774 3698 1813 me
3740 1759 3847 1814 dicis

2274 1851 2510 1919 bonum,
2551 1873 2578 1902 ››
2620 1867 2793 1922 quem
2823 1867 3000 1922 negas
3032 1851 3250 1906 Deum?
3295 1850 3441 1914 Quid
3482 1851 3686 1906 bonum
3724 1851 3847 1920 dicis,

2276 1961 2406 1999 cum
2437 1945 2622 2000 bonus
2650 1961 2822 1999 nemo
2851 1944 2959 1998 nisi
2982 1961 3129 1999 unus
3154 1943 3351 1999 Deus?
3373 1945 3493 2000 Non
3519 1961 3650 2016 ergo
3671 1945 3847 2000 bonum

2275 2055 2336 2092 se
2368 2043 2561 2110 negat,
2591 2039 2685 2093 sed
2716 2039 2896 2093 Deum
2924 2038 3197 2110 designat.
3229 2039 3419 2093 Bonus
3447 2039 3596 2093 enim
3625 2039 3747 2110 quid
3770 2043 3848 2108 est,

2277 2132 2385 2186 nisi
2425 2133 2625 2203 plenus
2668 2131 2980 2186 bonitatis?
3012 2134 3086 2187 At
3123 2147 3254 2186 vero
3293 2147 3428 2186 cum
3475 2133 3731 2203 scriptum
3757 2131 3845 2187 sit:

2279 2246 2306 2274 «
2346 2227 2468 2281 Non
2509 2229 2596 2280 est
2629 2226 2726 2297 qui
2770 2225 2940 2280 faciat
2973 2225 3308 2292 bonitatem,
3357 2242 3470 2281 non
3506 2231 3588 2280 est
3624 2241 3778 2298 usque
3800 2226 3850 2279 ad

2276 2335 2455 2374 unum
2503 2320 2666 2389 (Psal.
2708 2335 2826 2385 mi,
2869 2317 2944 2389 3),
2990 2340 3016 2368 ››
3045 2319 3245 2390 utique
3283 2319 3356 2375 de
3398 2319 3731 2386 hominibus,
3765 2335 3852 2374 non

2275 2413 2345 2467 de
2395 2414 2509 2468 Deo
2553 2413 2696 2468 dixit
2728 2430 2740 2467 :
2769 2414 2915 2468 Deus
2959 2413 3114 2468 enim
3156 2429 3305 2467 unus
3352 2417 3439 2469 est
3481 2416 3668 2482 (Deut,
3707 2430 3767 2480 v1,
3794 2414 3853 2482 4),

2276 2523 2392 2561 non
2422 2523 2568 2561 unus
2599 2523 2629 2560 e
2657 2522 2932 2574 numero;
2966 2506 3046 2561 ita
3075 2511 3132 2562 et
3161 2507 3260 2561 Dei
3303 2506 3476 2561 Filius
3512 2506 3664 2579 quasi
3691 2506 3855 2560 unicus

2275 2605 2542 2671 exceptus
2570 2606 2674 2667 est,
2706 2617 2820 2654 non
2857 2600 3020 2670 quasi
3050 2616 3200 2654 unus
3236 2616 3307 2654 ex
3340 2601 3571 2667 multis;
3610 2600 3857 2672 ingenitus

2275 2699 2377 2763 est,
2412 2710 2529 2748 non
2560 2710 2704 2748 unus
2735 2710 2805 2748 ex
2843 2693 3071 2763 genitis.
3107 2695 3171 2748 Et
3200 2693 3335 2748 ideo
3373 2695 3535 2751 Nemo
3561 2695 3736 2756 bonus,
3765 2709 3854 2747 non

2274 2787 2610 2858 praejudicat
2651 2786 2910 2852 Christo;
2958 2786 3091 2857 quia
3135 2803 3306 2841 nemo
3351 2785 3566 2858 judicat
3594 2786 3860 2844 Christum.

2274 2883 2437 2936 Nemo
2475 2881 2629 2934 enim
2667 2883 2945 2952 tanquam
2972 2880 3361 2937 communiter
3387 2881 3457 2936 de
3483 2880 3642 2936 nobis
3669 2881 3858 2940 dicitur,

2273 2974 2374 3028 sed
2409 2974 2552 3028 nihil
2580 2973 2804 3030 Christo
2832 2990 3145 3029 commune
3169 2974 3488 3030 nobiscum.

547 3065 767 3121 nariam
805 3067 1050 3134 volvere,
1081 3067 1339 3139 quandiu
1375 3068 1433 3121 in
1480 3068 1782 3139 imperitiae
1821 3086 1936 3124 suae
1975 3087 2170 3127 errore
2193 3098 2246 3170 C
2343 3070 2432 3122 66.
2481 3066 2639 3131 Quod
2679 3067 2725 3121 si
2769 3083 2938 3139 quem
2977 3072 3186 3137 movet,
3221 3069 3360 3140 quia
3394 3071 3558 3125 Nemo
3593 3070 3746 3124 bonus
3779 3069 3864 3122 nisi

544 3161 822 3228 versatur,
881 3162 1100 3214 natura:
1163 3160 1396 3230 quidem
1465 3161 1705 3215 vinculis
1759 3161 2056 3233 alligatus,
2110 3169 2173 3220 ut

543 3253 776 3307 verbum
807 3254 1035 3320 emolat,
1066 3255 1247 3308 Deum
1287 3258 1510 3325 quaerat
1540 3273 1553 3309 :
1584 3255 1684 3309 sed
1719 3261 1933 3327 opertae
1962 3258 2172 3312 mentis

544 3345 796 3401 caecitate
815 3345 1079 3416 suffusus,
1099 3352 1160 3402 ut
1181 3347 1401 3402 vultum
1424 3349 1605 3403 animi
1625 3350 1848 3421 erigere
1874 3350 1947 3404 ad
1969 3353 2168 3420 Deum,

547 3443 604 3495 et
638 3441 828 3495 oculos
862 3440 1048 3495 cordis
1085 3441 1308 3512 aperire
1339 3458 1456 3497 non
1496 3443 1764 3498 noverit?
1790 3446 1858 3500 Et
1885 3443 2016 3500 ideo
2047 3446 2170 3500 sine

545 3533 665 3588 ulla
701 3548 898 3589 cursus
928 3533 1239 3600 alacritate,
1270 3535 1524 3607 vestigiis
1564 3537 1623 3591 in
1657 3553 1716 3591 se
1747 3553 1896 3608 saepe
1923 3538 2168 3593 redeun-

544 3627 717 3694 tibus,
758 3626 967 3682 invitus
997 3627 1122 3682 usui
1159 3628 1378 3683 laborat
1418 3629 1625 3685 alieno.
1657 3631 1869 3686 Tamen
1906 3632 2003 3703 qui
2042 3649 2166 3688 mo-

543 3721 658 3775 lam
695 3721 884 3788 volvit,
926 3722 1362 3778 consummandi
1406 3722 1714 3795 aliquando
1763 3724 1937 3780 ﬁnem
1981 3727 2170 3798 operis

543 3814 734 3884 habet,
765 3817 823 3869 et
860 3815 1132 3870 emendae
1165 3832 1324 3886 spem
1370 3817 1522 3887 gerit
1560 3817 1853 3887 caecitatis;
1901 3819 1992 3874 cui
2036 3836 2168 3876 vero

542 3909 694 3963 mola
738 3908 810 3962 ad
854 3909 1061 3964 collum
1110 3910 1493 3981 suspenditur,
1540 3913 1731 3981 portat
1772 3912 2028 3983 lapidem
2071 3915 2170 3986 qui

543 4004 770 4071 portare
811 4003 1036 4058 Domini
1077 4005 1288 4075 jugum
1331 4005 1625 4060 recusavit.
1670 4006 1877 4060 Asinus
1922 4023 2060 4079 ergo
2098 4009 2168 4063 ad

547 4095 782 4164 molam,
821 4112 1000 4151 caecus
1030 4097 1104 4151 ad
1137 4097 1408 4169 lapidem,
1443 4099 1670 4169 gentilis
1705 4099 1776 4153 ad
1814 4116 2033 4170 saxum,
2068 4102 2168 4173 qui

545 4187 746 4243 adorat
777 4205 911 4244 eum
944 4205 1115 4261 quem
1141 4207 1256 4245 non
1283 4191 1457 4259 videt,
1485 4207 1590 4246 nec
1620 4193 1877 4263 agnoscit
1909 4210 1922 4248 :
1957 4215 1985 4240 «ί
2021 4195 2170 4250 Deus

547 4281 696 4335 enim
743 4297 860 4336 non
904 4282 962 4337 in
1001 4283 1344 4338 manufactis
1378 4284 1599 4339 habitat
1635 4285 1799 4352 (Act.,
1832 4303 1961 4350 xvn,
1991 4288 2105 4357 24),
2141 4310 2167 4338 ››

544 4391 651 4431 nec
677 4375 735 4430 in
765 4393 898 4431 saxo
928 4377 1274 4448 agnoscitur,
1305 4376 1404 4433 sed
1435 4377 1494 4432 in
1523 4379 1744 4450 spiritu.

2271 3177 2410 3216 unus
2449 3165 2608 3224 Deus,
2654 3166 2878 3216 moveat
2915 3167 2973 3217 et
3009 3161 3170 3230 illud,
3203 3162 3340 3234 quia
3368 3178 3541 3218 nemo
3568 3163 3742 3218 bonus
3777 3160 3861 3216 nisi

2259 3257 2436 3338 Deus.
2477 3254 2640 3318 Quod
2679 3254 2725 3308 si
2767 3258 2799 3308 a
2840 3256 2954 3310 Deo
2999 3255 3169 3310 Filius
3209 3273 3328 3311 non
3376 3257 3665 3328 excipitur,
3695 3254 3860 3326 utique

2270 3364 2373 3404 nec
2403 3365 2438 3402 a
2465 3347 2618 3403 bono
2645 3348 2897 3406 Christus
2932 3349 3234 3420 excipitur.
3264 3349 3375 3406 Sed
3406 3366 3539 3406 cum
3576 3350 3633 3405 in
3662 3352 3764 3406 Deo
3791 3347 3859 3402 Fi-

2270 3443 2378 3497 lius
2417 3458 2662 3514 persona
2691 3443 2852 3510 alter,
2881 3445 3166 3514 potestate
3197 3460 3348 3498 unus
3384 3444 3476 3510 sit,
3508 3464 3536 3496 (ι
3565 3445 3713 3499 Unus
3738 3442 3860 3498 enim

2271 3537 2418 3590 Deus
2460 3553 2531 3590 ex
2575 3553 2687 3608 quo
2731 3536 2944 3602 omnia,
2993 3541 3051 3591 et
3090 3552 3234 3591 unus
3271 3538 3546 3594 Dominus
3587 3555 3687 3610 per
3721 3552 3861 3608 quem

2271 3630 2462 3684 omnia
2491 3630 2534 3701 (l
2573 3633 2715 3692 Cor.,
2753 3646 2870 3696 vni,
2913 3631 2984 3702 6);
3035 3649 3061 3681 η
3097 3632 3240 3686 Deus
3286 3636 3486 3688 autem
3529 3637 3583 3686 et
3622 3630 3860 3686 Dominus

2273 3739 2386 3777 non
2425 3722 2536 3777 duo
2576 3723 2676 3791 dii,
2722 3722 2820 3779 sed
2863 3739 3010 3777 unus
3052 3724 3200 3779 Deus
3242 3725 3337 3794 sit,
3383 3724 3518 3797 quia
3562 3748 3588 3774 ‹‹
3626 3723 3862 3780 Dominus

2269 3818 2415 3872 Deus
2441 3819 2571 3870 tuus
2599 3816 2870 3872 Dominus
2897 3833 3044 3871 unus
3072 3822 3156 3872 est
3189 3818 3394 3888 (Deut.,
3427 3835 3503 3885 vx,
3535 3819 3610 3888 4),
3642 3839 3668 3866 ››
3701 3815 3861 3885 utique

2271 3926 2399 3965 cum
2461 3910 2772 3965 secundum
2834 3910 3195 3981 majestatem
3245 3912 3394 3966 Deus
3454 3927 3600 3966 unus
3656 3912 3863 3979 utraque

2270 4019 2513 4076 persona
2550 4002 2642 4070 sit,
2699 4008 2756 4059 et
2797 4003 2979 4058 bonus
3029 4020 3177 4059 unus
3222 4005 3282 4059 in
3330 4007 3582 4076 utroque
3624 4009 3720 4059 est.
3749 4003 3862 4056 Nam

2272 4097 2563 4170 quomodo
2591 4113 2708 4152 non
2740 4097 2926 4153 bonus
2959 4115 3029 4153 ex
3053 4098 3204 4154 bono
3232 4101 3443 4154 natus?
3472 4122 3500 4150 ‹‹
3531 4099 3708 4156 Arbor
3733 4094 3860 4151 enim

2266 4191 2419 4246 bona
2460 4191 2642 4246 bonos
2681 4191 2896 4246 fructus
2932 4191 3064 4246 facit
3106 4191 3351 4261 (Matth,
3401 4210 3497 4261 vn,
3543 4195 3644 4265 l7).
3677 4214 3701 4241 ››
3737 4191 3861 4254 Quo-

2270 4283 2441 4339 modo
2494 4300 2606 4339 non
2662 4284 2880 4352 bonus,
2931 4301 3061 4338 cum
3114 4284 3383 4340 bonitatis
3439 4286 3747 4342 substantia
3793 4299 3861 4335 as.

2270 4383 2497 4448 sumpta
2526 4395 2594 4432 ex
2622 4380 2784 4432 Patre
2812 4393 2927 4433 non
2954 4379 3322 4449 degenerarit
3351 4380 3414 4434 in
3441 4380 3601 4449 Filio,
3629 4394 3746 4451 qua
3770 4390 3861 4430 non

615 4469 703 4524 64.
736 4470 985 4541 Uterque
1020 4469 1198 4542 igitur
1236 4470 1480 4542 populus
1513 4477 1569 4526 et
1606 4472 1831 4543 gentilis
1859 4479 1915 4526 et
1942 4466 2247 4538 JudaeusD
2272 4471 2638 4542 degeneravit
2685 4471 2745 4525 in
2799 4471 3057 4543 Spiritu?
3101 4472 3167 4526 Et
3216 4472 3347 4528 ideo
3400 4495 3428 4522 «
3477 4473 3718 4544 Spiritus
3755 4474 3864 4524 tuus

545 4579 754 4634 pompa
782 4563 1028 4634 quadam
1063 4565 1338 4621 sermonis
1375 4565 1544 4636 hujus
1582 4565 1902 4636 exponitur,
1935 4567 2034 4622 sed
2073 4584 2164 4623 ve-

545 4656 873 4712 hementior
910 4657 968 4712 in
1010 4659 1234 4713 Iudaeos
1272 4675 1438 4728 poena
1477 4658 1824 4714 decernitur.
1857 4660 2163 4715 Gentilium

544 4749 695 4804 enim
716 4750 991 4805 memoria
1015 4751 1206 4804 seaculi
1227 4751 1385 4806 istius
1406 4751 1670 4807 ﬂuctibus
1695 4752 1742 4825 1
1759 4751 1946 4827 48⁵7
1969 4754 2167 4809 obrue-

544 4848 652 4910 tur,
696 4848 753 4897 et
788 4859 946 4897 coeno
976 4843 1178 4898 mundi
1209 4845 1378 4914 hujus
1415 4845 1764 4918 abolebitur,
1789 4848 1889 4919 qui
1918 4848 2072 4902 inter
2099 4865 2166 4903 ea

542 4953 669 5007 quae
698 4952 810 4991 non
839 4940 989 5004 sunt,
1018 4952 1139 4991 esse
1168 4937 1488 5008 voluerunt,
1511 4943 1586 5005 et,
1609 4940 1840 4995 alienati
1869 4957 1901 4995 a
1927 4941 2165 4997 scientia

543 5031 662 5100 Dei,
701 5035 973 5103 tanquam
1005 5031 1063 5085 in
1106 5030 1453 5101 profundum
1484 5033 1663 5087 maris
1702 5033 1873 5087 mersi
1914 5039 2075 5096 sunt;
2109 5040 2165 5089 at

539 5142 670 5181 vero
714 5124 894 5180 Judaei
948 5139 1051 5195 per
1098 5124 1455 5195 patriarchas
1507 5126 1815 5197 absumpti,
1868 5127 2159 5182 circumci-

537 5220 694 5274 sione
743 5218 986 5290 signati,
1037 5234 1142 5288 per
1190 5219 1376 5290 legem
1425 5219 1665 5288 eruditi,
1721 5237 1835 5275 non
1888 5227 2161 5293 tanquam

537 5312 714 5383 ignoti
754 5312 1041 5383 peribunt,
1085 5313 1182 5368 sed
1227 5317 1496 5385 tanquam
1539 5314 1794 5386 sacrilegi
1833 5314 2158 5386 punientur.

539 5405 757 5460 Etenim
782 5405 1225 5462 Atheniensibus
1252 5407 1481 5478 ignotus
1515 5410 1660 5462 Deus
1689 5407 1857 5478 (Act.,
1890 5425 2022 5474 xvn,
2051 5411 2158 5476 23),

537 5497 592 5550 in
629 5497 822 5552 Iudaea
851 5504 1020 5554 notus
1057 5500 1222 5570 (Psul.
1263 5517 1421 5567 Lxxv,
1459 5499 1534 5570 2),
1579 5500 1676 5556 sed
1722 5516 1834 5554 non
1877 5506 2156 5572 receptus.

533 5590 600 5642 Et
629 5589 755 5644 ideo
784 5591 881 5660 qui
907 5592 1158 5662 ignorat,
1186 5594 1578 5665 ignorabitur;
1608 5594 1704 5666 qui
1731 5594 2157 5666 preevaricatur,

536 5679 932 5750 damnabitur;
981 5700 1083 5739 nec
1133 5687 1228 5742 ille
1279 5692 1483 5742 exutus
1529 5705 1562 5741 a
1612 5689 1796 5759 culpa,
1847 5689 1943 5760 qui
1992 5704 2159 5742 suum

536 5768 769 5821 nescivit
809 5779 1116 5843 auctorem,
1162 5785 1216 5830 et
1257 5779 1348 5834 ille
1385 5784 1588 5836 exutus
1627 5798 1660 5836 a
1691 5781 1874 5844 venia,
1908 5780 2002 5852 qui
2041 5783 2151 5836 Do-

2267 4565 2448 4619 bonus
2476 4565 2716 4620 deducet
2744 4581 2837 4619 me
2864 4565 2921 4620 in
2948 4565 3096 4619 viam
3125 4571 3341 4621 rectam
3369 4569 3533 4636 (Psal.
3557 4582 3710 4635 cmi,
3731 4566 3823 4631 10).
3840 4581 3860 4609 ν

2269 4658 2431 4722 Quod
2470 4658 2514 4712 si
2548 4657 2734 4713 bonus
2768 4658 3008 4729 Spiritus
3041 4659 3139 4731 qui
3169 4660 3389 4731 accepit
3420 4678 3490 4716 ex
3522 4660 3680 4726 Filio,
3710 4659 3865 4714 bonus

2266 4752 2462 4824 utique
2500 4757 2556 4806 et
2599 4751 2690 4805 ille
2736 4751 2833 4824 qui
2875 4752 3128 4807 tradidit.
3181 4753 3247 4808 Et
3289 4769 3422 4808 cum
3475 4755 3656 4809 bonus
3705 4754 3861 4812 Pater,

2267 4845 2464 4917 utique
2507 4850 2563 4900 et
2607 4845 2701 4899 ille
2742 4844 2925 4899 bonus
2964 4845 3060 4916 qui
3108 4847 3301 4901 omnia
3340 4847 3534 4913 habet,
3573 4863 3696 4918 qua:
3724 4847 3865 4900 Pater

2266 4939 2441 4994 habet
2478 4940 2680 5010 (Joan.,
2722 4955 2852 5006 xvn,
2903 4939 3012 5011 l0).
3048 4941 3158 4994 Aut
3194 4940 3239 4994 si
3278 4941 3501 5012 negatis
3549 4940 3737 4994 Filium
3781 4936 3860 4989 ba-

2265 5033 2400 5089 bere
2426 5033 2766 5098 bonitatem,
2798 5033 3022 5104 negatis
3050 5036 3107 5086 et
3131 5035 3377 5089 Patrem.

2337 5132 2421 5182 67.
2479 5127 2641 5182 Ratio
2699 5127 2927 5182 evidens
2984 5127 3258 5198 exemplis
3311 5144 3430 5182 non
3485 5133 3652 5199 eget,
3697 5130 3860 5178 tamen

2268 5221 2315 5292 1
2333 5219 2524 5294 488
2550 5221 2639 5274 vel
2669 5220 3071 5275 auctoritatem
3099 5220 3408 5292 sequimini
3442 5222 3858 5291 Scripturarum;

2265 5315 2537 5384 scriptum
2565 5319 2649 5368 est
2680 5314 2832 5369 enim
2862 5331 2875 5368 :
2912 5335 2939 5363 ‹‹
2968 5315 3239 5369 Dominus
3269 5314 3449 5385 judex
3483 5313 3658 5368 bonus
3687 5305 3859 5364 domui

2265 5407 2437 5462 lsrael
2466 5407 2619 5476 (Isa.,
2654 5422 2845 5472 xxxm,
2885 5406 2997 5478 22).
3045 5429 3071 5456 »
3117 5407 3192 5462 De
3228 5406 3368 5462 Filio
3401 5424 3475 5461 an
3515 5407 3584 5460 de
3614 5406 3766 5459 Patre
3793 5397 3858 5452 di-

2263 5500 2385 5555 cit?
2435 5501 2538 5556 Sed
2592 5523 2621 5550 «
2674 5502 2836 5555 Pater
2890 5517 3006 5555 non
3052 5500 3275 5571 judicat
3323 5513 3691 5571 quemquam;
3740 5490 3854 5564 quia

2265 5610 2438 5649 omne
2480 5593 2763 5666 judicium
2813 5593 2970 5650 dedit
3011 5593 3150 5648 Filio
3203 5596 3402 5662 (Joan.,
3436 5609 3487 5659 v,
3532 5591 3639 5663 22).
3668 5611 3693 5637 η
3727 5588 3854 5655 Ergo

2263 5687 2531 5742 Dominus
2576 5687 2759 5742 bonus
2811 5686 2999 5742 Filius.
3050 5688 3255 5759 Accipe
3293 5686 3446 5740 aliud
3493 5703 3506 5740 :
3547 5681 3850 5738 Trinitatem

2263 5781 2458 5853 utique
2490 5780 2954 5852 conﬁtentur-qui
2983 5781 3056 5836 ad
3084 5781 3426 5853 baptismum
3453 5779 3708 5843 veniunt;
3735 5770 3849 5843 quia

3971 203 3975 238 Ι
