4022 6176
227 316 333 367 1877

1246 306 1702 364 EXPOSITIONIS
1741 308 1809 361 IN
1851 308 2073 363 LUCAM
2114 308 2240 363 LIB.
2283 307 2415 362 VIII.

3401 315 3531 368 1878

220 432 528 504 baptizantur
554 429 610 484 in
651 430 883 484 nomine
929 429 1124 496 Patris,
1171 434 1227 484 et
1269 430 1416 498 Filii,
1459 433 1515 484 et
1552 431 1796 500 Spiritus
1820 444 1876 515 Α
1902 435 2159 493 transire,
2187 447 2354 500 quam
2391 431 2618 486 divitem
2655 435 2865 488 intrare
2894 437 2953 487 in
2988 449 3212 503 regnum
3250 439 3364 492 Dei.
3399 437 3527 510 (83).

219 525 362 583 sancti
383 542 394 580 :
415 541 542 595 ergo
565 526 621 578 et
641 523 809 592 Patri,
835 528 890 578 et
913 523 1072 591 Filio,
1101 526 1158 579 et
1182 523 1413 594 Spiritui
1443 527 1639 578 sancto
1669 540 1796 578 con—

223 621 419 676 ﬁtentur
470 617 592 688 (81).
649 617 788 673 Cum
843 633 980 689 ergo
1034 617 1240 672 dicitur
1287 635 1300 672 :
1359 639 1387 667 ‹‹
1432 617 1796 672 Conﬁtemini

219 715 434 780 Domino,
473 711 739 782 quoniam
783 711 963 765 bonus
1007 713 1170 780 (Psal.
1205 727 1400 780 cxxxv,
1443 715 1514 781 1),
1552 734 1579 762 ››
1611 712 1796 766 bonus

216 808 375 878 utique
414 807 586 871 Pater,
633 805 812 860 bonus
863 808 921 858 et
964 805 1168 874 Filius,
1222 805 1408 860 bonus
1451 811 1506 860 et
1553 806 1796 877 Spiritus

212 903 420 965 sanctus,
449 898 543 952 sed
573 899 714 953 Deus
752 915 901 953 unus
932 903 1048 968 est;
1086 899 1217 970 quia
1253 920 1280 948 α
1308 900 1492 954 bonus
1524 900 1795 955 Dominus

212 991 618 1064 exspectantibus
661 1009 792 1047 eum
837 993 1079 1064 (Thren.,
1113 1009 1191 1061 iu,
1230 994 1337 1062 25).
1369 1016 1393 1040 ››
1430 996 1514 1048 An
1546 1010 1663 1049 non
1692 993 1790 1049 bo-

213 1105 297 1144 nus
315 1087 401 1158 qui
422 1087 561 1140 bona
587 1086 787 1140 tribuit
805 1106 832 1134 ‹‹
857 1088 1061 1141 animae
1087 1087 1366 1158 quaerenti
1392 1104 1523 1142 eum
1545 1086 1791 1158 (Ibid.)?n

213 1187 277 1236 An
308 1196 408 1234 non
443 1180 644 1248 bonus,
677 1201 703 1230 α
735 1180 842 1244 Qui
872 1180 1040 1235 satiat
1071 1181 1126 1234 in
1163 1181 1326 1235 bonis
1356 1181 1610 1235 animam
1639 1184 1790 1236 tuam

212 1276 348 1342 (Psai.
380 1290 466 1340 cu,
498 1273 595 1341 5)?
631 1295 656 1322 ››
685 1279 767 1330 An
800 1291 916 1328 non
947 1275 1154 1343 bonus,
1185 1274 1281 1345 qui
1309 1275 1386 1328 ait
1417 1292 1428 1327 :
1463 1297 1487 1320 ‹‹
1526 1276 1641 1344 Ego
1668 1291 1790 1329 sum

210 1374 366 1438 pastor
389 1368 560 1422 bonus
590 1368 794 1437 (Joan.,
829 1385 880 1434 x,
916 1370 995 1436 11)
1019 1369 1046 1422 ἳ
1077 1390 1104 1418 ››

262 1464 334 1517 68.
375 1461 475 1517 Sed
514 1462 730 1533 putatis
779 1462 907 1517 ideo
953 1464 1132 1517 Deum
1179 1463 1416 1530 bonum,
1465 1463 1599 1534 quia
1635 1463 1789 1533 judi-

205 1557 330 1611 cium
353 1571 462 1610 non
483 1555 657 1609 habet
684 1555 741 1609 in
771 1572 882 1627 quo
907 1558 991 1610 est
1011 1556 1314 1610 necessitas
1334 1555 1661 1610 vindicandi
1685 1556 1792 1624 (82)

203 1651 378 1719 (supra,
421 1665 577 1702 num.
622 1651 728 1718 6'7).
769 1649 1110 1720 Quanquam
1148 1650 1267 1720 jam
1313 1649 1672 1719 praemissum
1721 1651 1794 1703 sit

196 1742 415 1813 judicem
443 1742 661 1797 bonum
693 1759 814 1797 esse
853 1742 1050 1797 domui
1094 1745 1281 1812 Israel,
1316 1749 1509 1798 tamen
1535 1743 1670 1798 alibi
1696 1744 1792 1798 ha-

1967 527 2056 578 70.
2099 525 2302 596 Magna
2343 525 2444 592 vis,
2477 541 2751 597 magnum
2797 528 3018 598 pondus
3055 527 3113 582 in
3157 528 3360 585 verbis.
3391 530 3527 595 Qui-

1895 619 2003 672 bus
2029 619 2183 672 enim
2210 618 2393 673 verbis
2419 619 2546 674 aliis
2579 621 2983 675 vehementius
3011 621 3378 692 exprimeret,
3411 639 3530 680 non

1898 711 2105 766 debere
2149 713 2368 783 jactare
2421 729 2479 767 se
2530 713 2765 768 divitem
2814 715 2871 768 in
2921 714 3132 769 divitiis
3177 715 3314 782 suis,
3357 732 3530 788 quam

1894 805 2100 859 talibus
2130 806 2335 876 quibus
2367 806 2637 862 deﬁnitur
2671 812 2874 862 contra
2918 812 3180 864 naturam
3224 825 3348 864 esse
3374 809 3530 864 dives

1896 898 2261 954 misericors?
2301 901 2476 956 Aufer
2524 900 2669 956 mihi
2719 901 3001 956 lenocinia
3045 902 3355 974 fucumque
3399 918 3529 958 ver-

1896 993 2136 1059 borum,
2203 1010 2332 1065 quae
2397 995 2582 1050 solent
2655 1011 2926 1049 enervare
2995 996 3327 1052 sententias.
3391 997 3528 1052 Lac-

1897 1086 1999 1140 tari
2050 1103 2165 1140 non
2211 1087 2408 1141 debuit
2456 1088 2561 1141 iste
2609 1088 2738 1156 (84),
2786 1089 2882 1142 sed
2936 1088 3142 1160 frangi,
3197 1089 3297 1161 qui
3356 1090 3525 1144 mise-

1895 1180 2206 1235 ricordiam
2276 1181 2591 1252 respuebat.
2642 1183 2855 1235 Tamen
2907 1181 2952 1235 si
3017 1199 3156 1253 quos
3224 1183 3527 1238 verborum

1898 1272 2154 1346 1489
2195 1275 2378 1346 magis
2421 1280 2756 1329 ornamenta
2801 1291 2972 1345 quam
3013 1292 3210 1330 sensus
3258 1277 3432 1332 virilis
3474 1282 3531 1332 et

1894 1368 2171 1421 naturalis
2199 1369 2433 1439 quidam
2459 1368 2689 1422 habitus
2715 1371 2772 1422 et
2796 1368 2982 1422 forma
3009 1368 3295 1424 delectant
3324 1387 3337 1424 :
3371 1373 3527 1442 quod

1893 1461 2031 1515 boni
2060 1462 2276 1516 faciunt
2315 1462 2588 1532 petitores
2626 1461 2685 1515 in
2730 1478 2904 1516 uxore
2939 1462 3219 1532 ducenda,
3251 1467 3313 1518 ut
3337 1481 3530 1520 mores

1895 1554 2216 1622 discutiant,
2263 1572 2377 1609 non
2420 1556 2706 1622 decorem,
2747 1572 2850 1610 nec
2907 1562 3169 1627 aspectus
3213 1557 3527 1614 offensione

1898 1656 2255 1714 revocentur,
2276 1666 2407 1702 cum
2433 1649 2640 1703 virtute
2664 1649 2847 1703 animi
2875 1655 3287 1720 provocantur;
3313 1651 3371 1705 hi
3394 1668 3531 1723 quo-

1894 1760 2004 1812 que
2045 1743 2101 1796 iu
2143 1742 2323 1796 verbis
2365 1743 2700 1813 mysterium
2743 1746 3020 1814 quaerant,
3060 1743 3212 1815 quod
3255 1748 3342 1799 est
3365 1761 3528 1801 mens

201 1836 281 1890 bes
308 1853 319 1890 ε
351 1837 571 1901 «Quam
620 1837 802 1892 bonus
831 1838 979 1891 Deus
1020 1837 1191 1892 Israel
1232 1837 1400 1892 rectis
1426 1838 1594 1892 corde
1626 1839 1789 1905 (Psai.
1815 1814 1868 1884 Β
1894 1836 2154 1907 quaedam
2183 1840 2238 1890 et
2269 1836 2459 1890 anima
2477 1836 2803 1903 verborum,
2836 1852 2940 1890 nec
2969 1836 3026 1890 in
3054 1837 3324 1907 mysterio
3352 1839 3527 1894 verba

204 1946 332 1993 LXXII,
361 1929 433 2001 I)!
468 1953 492 1978 η
523 1931 605 1985 De
633 1947 748 2001 quo
793 1930 968 2000 igitur
998 1930 1208 2002 putatis
1253 1931 1494 1999 dictum,
1530 1931 1601 1985 de
1631 1933 1791 1985 Patre

199 2040 256 2076 an
287 2023 345 2077 de
379 2023 554 2077 Filio?
584 2023 643 2078 Si
670 2023 738 2078 de
774 2025 957 2091 Patre,
991 2040 1130 2095 ergo
1160 2041 1273 2078 non
1300 2024 1564 2078 omnibus
1590 2025 1789 2079 bonus.

199 2117 288 2170 Cur
314 2117 476 2187 igitur
521 2117 660 2170 Filio
701 2117 1037 2188 derogatis?
1077 2117 1138 2172 Si
1179 2118 1248 2172 de
1295 2118 1450 2184 Filio,
1499 2134 1638 2189 ergo
1688 2118 1788 2172 bo-

200 2225 310 2264 num
347 2211 512 2264 Deum
566 2213 626 2263 et
661 2210 866 2264 Filium
918 2211 1300 2279 confitemini;
1344 2212 1466 2282 ipse
1509 2217 1594 2266 est
1637 2212 1791 2266 enim

201 2326 220 2350 ε‹
253 2303 566 2359 Benedictus
601 2305 743 2358 Deus
783 2305 969 2372 Israel,
1000 2305 1132 2375 quia
1172 2305 1412 2360 visitavit
1449 2311 1506 2360 et
1532 2305 1670 2360 fecit
1699 2322 1787 2359 re-

198 2395 542 2468 demptionem
577 2397 755 2469 plebis
793 2415 908 2452 suae
943 2398 1110 2466 (Luc.,
1148 2415 1184 2464 1,
1220 2400 1330 2468 68).
1362 2422 1389 2448 ››
1420 2401 1545 2470 Ipse
1578 2403 1664 2454 est
1691 2415 1791 2452 rex

198 2497 239 2542 et
275 2491 406 2545 Deus
441 2492 634 2557 Israel,
678 2491 768 2545 cui
811 2491 1062 2546 dicitur:
1107 2514 1132 2539 ‹‹
1167 2492 1367 2559 Rabbi,
1407 2497 1468 2546 tu
1519 2509 1579 2548 es
1618 2493 1792 2546 Filius

198 2583 287 2650 Dei,
312 2589 363 2638 tu
401 2601 458 2639 es
501 2601 610 2639 rex
653 2585 823 2640 Israel
863 2585 1061 2652 (Joan.,
1093 2602 1128 2654 ι,
1162 2587 1272 2656 49).
1304 2608 1331 2634 ››
1367 2585 1455 2640 Sic
1499 2586 1674 2656 igitur
1700 2585 1791 2639 hic

195 2676 342 2730 dicit:
388 2677 674 2742 Quoniam
718 2681 780 2732 tu
823 2678 1041 2733 bonum
1081 2695 1174 2732 me
1220 2695 1336 2733 non
1377 2684 1536 2750 potes
1580 2678 1790 2732 sentire

194 2771 268 2840 qui
308 2775 498 2839 tantas,
542 2771 686 2843 quid
731 2787 824 2826 me
861 2772 999 2826 dicis
1040 2771 1294 2826 bonum?
1333 2772 1521 2826 Bonus
1558 2772 1789 2842 quidem

195 2879 297 2934 ego,
337 2866 426 2920 sed
471 2868 636 2921 rectis
688 2866 862 2928 corde,
908 2865 1000 2920 cui
1042 2866 1255 2920 bonum
1302 2882 1440 2920 esse
1469 2883 1534 2920 ex
1585 2872 1791 2920 natura

1895 1929 2216 1984 discutiant.

1963 2027 2050 2077 71.
2083 2024 2345 2079 Camelus
2383 2041 2522 2096 ergo
2561 2026 2618 2077 in
2658 2028 2792 2095 typo
2832 2025 3078 2096 populus
3114 2023 3341 2096 gentilis
3377 2025 3524 2079 acci-

1894 2117 2066 2188 pitur,
2101 2134 2271 2188 quem
2313 2117 2402 2172 leo
2441 2117 2535 2172 ille
2573 2134 2836 2188 quarens
2877 2133 3052 2188 quem
3089 2117 3341 2187 devoret,
3380 2135 3525 2174 onu-

1894 2218 2041 2265 stum
2085 2211 2354 2266 thesauro
2393 2210 2744 2282 propheticis
2781 2211 2960 2282 agitat
2995 2211 3294 2284 speciebus
3323 2212 3432 2284 (85)
3463 2213 3522 2269 in

1893 2305 2184 2358 desertum
2215 2322 2226 2358 :
2262 2305 2321 2358 in
2366 2303 2727 2359 tribulatione
2759 2304 2913 2358 enim
2958 2307 3015 2358 et
3039 2305 3307 2377 angustia
3335 2307 3426 2361 leo
3469 2311 3528 2362 et

1893 2399 2108 2452 catulus
2156 2397 2357 2463 leonis,
2399 2397 2620 2468 aspides
2661 2403 2718 2451 et
2759 2397 3064 2468 progenies
3109 2398 3369 2469 aspidum
3419 2415 3520 2454 vo-

1893 2491 2132 2546 lantium
2175 2491 2442 2545 ferebant
2481 2490 2537 2545 in
2573 2489 2743 2544 asinis
2781 2495 2838 2545 et
2881 2490 3110 2545 camelis
3141 2490 3363 2546 divitias
3397 2509 3523 2547 suas

1895 2586 2044 2653 (Isa.,
2070 2601 2192 2651 xxx,
2226 2587 2298 2654 6).
2334 2586 2400 2640 Et
2427 2584 2570 2639 bene
2601 2584 2852 2639 camelus
2883 2600 2986 2655 pro
3013 2584 3216 2654 gentili
3241 2584 3522 2655 ﬁguratus

1892 2684 1971 2730 est
2014 2679 2252 2748 populo;
2282 2678 2440 2749 quia,
2486 2676 2902 2748 superstitionis
2941 2677 3308 2733 deformitate
3345 2678 3518 2751 dege~

1893 2787 2124 2840 nerans,
2182 2771 2522 2842 priusquam
2570 2770 2826 2825 crederet
2876 2771 3119 2842 populus
3175 2771 3514 2837 nationum,

1891 2864 2158 2918 belluinas
2203 2864 2448 2935 speciem
2492 2863 2783 2931 fceditatis,
2827 2863 3074 2919 absurda
3115 2864 3381 2936 vestigia,
3422 2882 3521 2922 ora

192 2963 451 3028 suppetat,
511 2976 632 3014 non
698 2977 763 3012 ex
822 2960 1083 3014 versutia.
1146 2961 1334 3014 Bonus
1392 2976 1530 3030 ergo
1588 2960 1784 3027 Filius,
1889 2958 2078 3029 turpia
2108 2957 2466 3028 prasterebat.
2499 2957 2737 3011 Facilius
2770 2957 2949 3028 igitur
2986 2957 3090 3012 iste
3128 2961 3390 3030 peccator
3415 2975 3520 3030 per

245 3053 442 3108 Candor
467 3060 555 3108 est
598 3053 755 3108 enim
789 3054 928 3108 lucis
967 3059 1216 3122 aeternae,
1261 3060 1316 3108 et
1345 3054 1636 3124 speculum
1667 3053 1788 3109 sine
1890 3052 2035 3105 viam
2080 3051 2310 3106 intravit
2353 3056 2654 3122 angustam
2695 3049 2850 3122 (quas
2889 3054 2975 3105 est
3019 3050 3109 3105 via
3148 3051 3374 3120 Christi,
3419 3052 3517 3123 qui

194 3147 372 3200 macula
423 3149 523 3203 Dei
583 3147 911 3217 majestatis,
960 3150 1017 3200 et
1073 3148 1262 3218 imago
1317 3146 1586 3201 bonitatis
1638 3147 1992 3252 illiuscper
2035 3145 2254 3217 proprii
2299 3145 2548 3215 corporis
2587 3144 2915 3216 passionem
2957 3143 3158 3199 mortis
3207 3150 3516 3216 penetrans

194 3238 337 3308 "Sap.,
371 3258 456 3307 vu,
487 3243 599 3309 26).
635 3262 662 3288 ι)
698 3240 995 3304 Quomodo
1026 3257 1163 3310 ergo
1197 3257 1311 3294 non
1341 3240 1545 3306 bonus,
1574 3240 1670 3311 qui
1703 3248 1784 3296 est
1815 3237 1862 3252 υ
1888 3240 2056 3306 viam,
2086 3240 2239 3293 velut
2268 3255 2404 3294 acus
2440 3238 2856 3310 redintegravit
2891 3237 3062 3293 scissa
3090 3239 3357 3310 quedam
3385 3256 3514 3294 nos-

190 3331 349 3404 imago
378 3334 691 3389 bonitatis?
729 3333 881 3389 Sicut
921 3334 1076 3388 enim
1117 3333 1311 3404 imago
1350 3334 1449 3387 Dei
1495 3335 1657 3401 Deus,
1687 3334 1786 3389 sed
1888 3337 1991 3388 trte
2021 3333 2360 3388 vestimenta
2390 3332 2654 3404 naturae),
2694 3348 2866 3404 quam
2905 3332 3148 3404 populus
3185 3332 3515 3389 Iudaeorum

191 3441 307 3479 unus
330 3430 488 3496 Deus,
522 3430 608 3482 ita
639 3432 694 3481 et
731 3426 936 3480 divinas
975 3427 1164 3498 imago
1191 3427 1464 3481 bonitatis
1488 3427 1658 3494 bona,
1686 3427 1784 3481 sed
1885 3427 2041 3482 dives
2064 3427 2123 3481 in
2159 3427 2307 3497 lege,
2344 3441 2560 3498 egenus
2585 3425 2644 3479 in
2683 3425 2814 3492 ﬁde,
2846 3430 3170 3496 praeruptus
3199 3427 3260 3480 in
3299 3427 3514 3494 furore,

190 3534 280 3572 una
323 3521 558 3575 bonitas.
618 3520 748 3575 Mihi
800 3526 952 3574 certe
1013 3520 1150 3574 utile
1203 3526 1286 3575 est
1339 3520 1552 3575 bonum
1601 3521 1782 3576 Deum
1885 3520 2192 3591 probrosus
2220 3520 2278 3574 in
2305 3519 2562 3574 crimine.

189 3613 414 3681 credere,
460 3629 639 3686 quem
695 3629 954 3668 meorum
1011 3613 1309 3668 habiturus
1359 3629 1486 3668 sum
1533 3613 1784 3683 judicem
1957 3617 2045 3668 72.
2104 3615 2298 3668 Potest
2347 3611 2518 3666 etiam
2574 3613 2871 3668 moraliter
2922 3612 2992 3666 de
3049 3613 3210 3667 omni
3267 3613 3516 3687 intelligi

189 3704 504 3762 delictorum.
560 3708 641 3760 Illi
690 3706 937 3761 viderint
983 3707 1080 3776 qui
1134 3707 1365 3762 credere
1410 3707 1627 3760 bonum
1679 3724 1781 3762 no-
1887 3709 2203 3779 peccatore,
2234 3709 2293 3759 et
2331 3705 2401 3759 de
2432 3709 2740 3776 arrogante
2771 3705 2962 3761 divite.
2995 3707 3194 3761 Nonne
3234 3706 3340 3760 tibi
3365 3707 3516 3762 vide-

189 3798 305 3853 lunt.
343 3802 532 3872 Itaque
577 3801 709 3872 quia
753 3800 1115 3870 legisperitus
1157 3805 1242 3855 est
1280 3801 1386 3854 iste
1436 3800 1532 3870 qui
1580 3804 1782 3867 tentat,
1887 3805 1980 3856 tur
2029 3799 2364 3872 publicanus
2417 3798 2511 3853 ille
2565 3802 2835 3853 oneratus
2885 3814 3119 3853 suorum
3171 3799 3517 3856 conscientia

187 3891 375 3948 sicutin
401 3895 551 3949 libro
579 3894 688 3947 alio
717 3893 1163 3960 demonstratur,
1187 3893 1334 3947 bene
1357 3893 1589 3948 dixit:«
1608 3895 1785 3949 Nemo
1885 3894 2254 3959 delictorum,
2309 3909 2440 3947 cum
2495 3892 2688 3947 oculos
2738 3893 2810 3946 ad
2867 3893 3050 3946 Deum
3104 3907 3222 3946 non
3271 3891 3516 3947 auderet

187 3985 353 4053 bonus,
402 3989 511 4043 nisi
563 3990 708 4043 Deus
751 3988 970 4055 (Marc.,
1011 4003 1066 4052 x,
1108 3986 1224 4058 I8);
1268 4009 1294 4035 »
1343 3993 1404 4041 ut
1446 3988 1786 4042 admoneret
1883 3988 2141 4042 attollere
2181 3988 2348 4056 (Luc.,
2380 4001 2528 4052 xvui,
2575 3988 2687 4052 l3),
2713 3985 2867 4040 velut
2904 3985 3142 4057 quidam
3175 3985 3426 4040 camelus
3451 3985 3512 4040 in

184 4080 290 4147 quia
315 4082 583 4153 scriptum
611 4084 733 4136 est:
770 4101 797 4128 ‹‹
832 4081 952 4134 Non
988 4081 1235 4135 tentabis
1265 4081 1568 4135 Dominum
1599 4082 1782 4136 Deum
1885 4083 2145 4136 foramen
2194 4097 2326 4134 acus
2374 4079 2744 4134 confessionis
2799 4095 2914 4134 suae
2963 4077 3234 4134 remediis
3287 4078 3513 4134 facilius

184 4176 319 4228 tuum
345 4179 548 4245 (Deut,
583 4191 658 4240 v1,
703 4177 814 4242 I6),
850 4196 877 4224 »
910 4174 1009 4228 sed
1052 4174 1236 4245 magis
1276 4174 1644 4229 conﬁteretur
1677 4177 1780 4228 Do-
1886 4175 2139 4240 introire,
2170 4189 2346 4246 quam
2385 4173 2698 4227 Pharisazus
2741 4172 2837 4226 ille
2873 4172 2932 4226 in
2973 4188 3216 4244 regnum
3254 4172 3354 4226 Dei
3379 4171 3514 4244 (86),

185 4265 327 4333 mino,
357 4291 384 4317 ‹‹
413 4269 697 4333 Quoniam
721 4268 909 4322 bonus
940 4269 1108 4335 (Psal.
1140 4284 1332 4334 cxxxv,
1367 4271 1438 4337 1).
1469 4289 1497 4317 ››
1884 4284 2155 4340 arrogans
2182 4267 2241 4322 in
2269 4283 2456 4338 prece,
2479 4267 2704 4338 jactans
2731 4265 3095 4335 innocentiae,
3129 4271 3514 4337 praesumptor

237 4363 310 4414 69.
358 4364 537 4429 (Vers.
584 4362 698 4431 21.)
748 4362 1010 4432 Denique
1051 4378 1181 4416 eum
1235 4378 1384 4432 saepe
1431 4362 1781 4434 perstringit,
1888 4362 2098 4434 glorias,
2147 4361 2514 4433 exprobrator
2552 4360 2978 4428 misericordia,
3019 4360 3359 4431 praedicator
3401 4360 3510 4422 sui,

185 4467 290 4506 nam
317 4455 585 4526 glorianti
613 4454 673 4509 in
709 4455 838 4527 lege
867 4455 1017 4526 quod
1055 4472 1089 4509 a
1120 4455 1424 4525 juventute
1465 4472 1568 4509 sua
1593 4456 1786 4510 omnia
1886 4456 2214 4511 criminator
2249 4455 2417 4510 alieni
2444 4471 2457 4510 :
2490 4455 2589 4525 qui
2621 4453 2805 4524 magis
2847 4452 3180 4507 conveniret
3210 4453 3513 4506 Dominum

185 4548 517 4619 custodisset;
554 4554 622 4603 ut
649 4549 876 4604 inanem
913 4549 1254 4620 jactantiam
1293 4548 1414 4620 ejus
1446 4552 1779 4621 exponeret,
1803 4546 1862 4617 D
1885 4567 2058 4623 quam
2084 4548 2353 4620 rogaret?
2382 4547 2437 4603 Si
2470 4547 2596 4618 quis
2621 4547 2799 4617 igitur
2825 4546 3022 4600 horret
3047 4544 3353 4613 camelum,
3386 4544 3515 4598 hor-

181 4643 395 4697 ostendit
419 4644 472 4698 ei
500 4643 691 4698 adhuc
728 4645 923 4699 deesse
963 4642 1115 4714 quod
1152 4643 1295 4714 legis
1325 4647 1426 4697 est.
1461 4644 1526 4697 Et
1550 4642 1678 4698 ideo
1708 4643 1780 4697 ad
1885 4649 2064 4699 rescat
2086 4659 2219 4697 eum
2245 4642 2346 4714 qui
2371 4639 2534 4695 factis
2557 4639 2760 4694 foedior
2786 4639 2858 4694 sit
2885 4639 3128 4694 camelo.

181 4732 562 4792 misericordias
608 4741 960 4808 praeceptum
1005 4736 1181 4790 tristis
1238 4736 1558 4804 inducitur,
1607 4741 1672 4791 ut
1724 4736 1780 4790 in
1957 4739 2128 4804 (Vers.
2161 4736 2275 4806 20.)
2306 4737 2528 4788 Honora
2553 4739 2770 4804 putrem
2793 4738 2842 4788 et
2868 4737 3117 4788 matrem.

182 4839 289 4884 eum
320 4830 587 4885 naturalis
615 4830 874 4901 quaedam
903 4829 1073 4886 detur
1098 4829 1287 4884 forma
1315 4830 1634 4884 sententiae.
1953 4834 2040 4886 73.
2082 4829 2320 4884 Pulchre
2363 4827 2506 4882 mihi
2551 4827 2720 4883 hodie
2758 4826 2969 4899 legitur
3008 4827 3150 4899 legis
3189 4827 3513 4891 exordium,

238 4920 395 4976 iVers.
448 4924 564 4992 25.)
618 4925 850 4979 Facilius
904 4925 1165 4980 camelum
1217 4939 1314 4992 per
1363 4925 1611 4988 foramen
1653 4940 1780 4978 acus
1885 4924 2112 4996 quando
2142 4922 2257 4977 mei
2300 4922 2501 4976 natalis
2530 4928 2612 4976 est
2643 4920 2978 4990 sacerdotii;
3009 4921 3314 4992 quotannis
3359 4919 3516 4975 enim

1884 5105 2012 5142 mss.
2046 5091 2278 5154 aliquot,
2301 5090 2508 5153 jactari
2531 5101 2640 5138 non
2662 5088 2859 5139 debuit.
2887 5090 3008 5139 Non
3034 5089 3168 5138 satis
3197 5090 3338 5151 apte.

1942 5165 2042 5228 (85)
2093 5163 2301 5214 Omnes
2352 5161 2485 5213 edit.
2545 5164 2601 5212 et
2651 5162 2815 5224 pauci
2867 5174 3018 5222 mss.,
3077 5160 3191 5222 agit
3243 5157 3516 5222 affatibus.

1883 5234 2107 5298 Septem
2159 5247 2310 5294 mss.,
2365 5233 2474 5296 agit
2531 5231 2840 5295 aspectibus.
2898 5231 3020 5281 Non
3087 5228 3346 5280 absurde.
3405 5230 3516 5280 Alii

1882 5308 2067 5353 tamen
2117 5307 2347 5366 septem,
2408 5302 2580 5365 agitat
2628 5300 2911 5365 speciebus,
2950 5301 3008 5349 id
3053 5302 3164 5361 est,
3211 5299 3405 5365 ﬁguris
3453 5313 3519 5350 ac

1882 5375 2244 5439 imaginibus,
2297 5373 2502 5438 quibus
2567 5371 2890 5436 prophetica
2951 5372 3092 5421 visio
3163 5372 3512 5435 exprimitur.

1886 5446 1990 5496 Ubi
2014 5449 2199 5495 autem
2228 5449 2352 5509 post
2380 5457 2558 5506 pauca
2589 5457 2722 5493 mss.
2766 5442 3019 5506 plerique
3064 5441 3275 5504 legunt,
3313 5440 3386 5490 ad
3423 5453 3520 5492 as—

1882 5517 2064 5580 pides;
2104 5517 2197 5566 alii
2243 5515 2503 5567 nonnulli
2542 5519 2710 5579 atque
2756 5513 2890 5563 edit.
2930 5525 3125 5563 omnes
3171 5513 3523 5577 praepositio-

1883 5601 2013 5639 nem
2044 5589 2324 5649 omittunt,
2356 5587 2531 5649 magis
2569 5598 2816 5650 congrue
2855 5584 2925 5634 ad
2969 5583 3358 5648 propheticum
3398 5587 3519 5635 tex-

1889 5664 2026 5709 tum.

1947 5731 2040 5793 (88)
2097 5733 2156 5780 In
2205 5744 2427 5792 regnum
2497 5730 2618 5784 Dei,
2675 5731 2921 5778 resecuta
2978 5728 3207 5779 fuerunt
3267 5726 3323 5776 in
3355 5725 3523 5786 (edit.

1890 5801 2050 5851 Rom.

229 5088 312 5149 (81)
357 5091 529 5140 Pauci
576 5104 730 5151 mss.,
783 5093 1011 5149 Patrem,
1058 5095 1105 5139 et
1159 5088 1374 5148 Filium,
1421 5096 1466 5138 et
1523 5090 1779 5152 Spiritum

179 5164 391 5209 sanctum
416 5163 717 5224 conﬁtetur.

227 5230 310 5292 (82)
342 5233 470 5284 Mss.
517 5235 752 5299 aliquot,
791 5236 848 5284 in
890 5247 994 5298 quo
1033 5235 1312 5284 necessitas
1354 5247 1460 5284 non
1501 5239 1573 5283 est
1615 5233 1781 5284 vindi—

179 5302 313 5351 candi
319 5340 329 5350 .

228 5371 316 5441 (83}
337 5373 482 5426 Edit.
518 5376 672 5428 Rom.
708 5377 867 5441 plura
892 5377 984 5427 hic
1013 5389 1109 5440 per
1143 5380 1383 5440 quatuor
1411 5380 1506 5425 aut
1531 5378 1781 5440 quinque

180 5440 442 5494 columnas
494 5440 716 5512 propria
770 5448 1102 5498 auctoritate
1161 5451 1602 5509 transposuerat,
1655 5459 1781 5510 quae

180 5521 279 5570 303.
320 5517 420 5565 etsi
470 5520 698 5581 pristino
737 5518 916 5568 ordini
960 5519 1334 5575 restituamus,
1380 5529 1444 5566 ea
1489 5521 1677 5568 tamen
1724 5517 1781 5568 in

181 5587 516 5656 marginibus,
545 5604 671 5656 quae
700 5603 809 5640 non
847 5591 956 5640 nisi
985 5603 1132 5654 agre
1161 5593 1271 5639 tam
1310 5588 1487 5639 multa
1521 5592 1783 5651 caperent

180 5649 466 5726 describere
492 5649 934 5726 super-sedemus.

181 5792 188 5800 ο
235 5725 321 5785 (84)
346 5727 437 5780 Sic
464 5725 590 5782 edit.
623 5733 746 5783 Era.
782 5737 836 5783 et
859 5733 986 5784 Gill.
1024 5733 1078 5781 iu
1110 5745 1303 5795 marg,
1336 5742 1441 5780 nec
1476 5742 1586 5778 non
1627 5728 1780 5779 Rom.

180 5805 390 5869 “1700113.
421 5813 546 5853 cum
575 5804 855 5869 plerisque
877 5803 1098 5869 scriptis
1121 5801 1243 5853 cod.
1275 5801 1422 5852 Edit.
1449 5803 1634 5850 autem
1671 5804 1780 5849 vet.

183 5868 270 5910 vet.
320 5869 371 5916 in
421 5884 565 5936 corp.
617 5889 682 5924 ac
729 5868 1014 5924 nonnullaé
1059 5887 1126 5924 ex
1169 5871 1383 5923 ultimis
1433 5871 1599 5922 Paris.
1654 5883 1783 5921 cum
