  <div class='ocr_page' id='page_1' title='image "/cluster/home/n/w/nwhite01/storage/ocr_20150623/15/hvd.32044048207278/321.png"; bbox 0 0 4022 6176; ppageno 0'>
   <div class='ocr_carea' id='block_1_1' title="bbox 516 282 663 340">
    <p class='ocr_par' dir='ltr' id='par_1_1' title="bbox 516 282 663 340">
     <span class='ocr_line' id='line_1_1' title="bbox 516 282 663 340; baseline -0.02 -2"><span class='ocrx_word' id='word_1_1' title='bbox 516 282 663 340; x_wconf 74' lang='grc'>’1879</span> 
     </span>
    </p>
   </div>
   <div class='ocr_carea' id='block_1_2' title="bbox 1989 284 2393 340">
    <p class='ocr_par' dir='ltr' id='par_1_2' title="bbox 1989 284 2393 340">
     <span class='ocr_line' id='line_1_2' title="bbox 1989 284 2393 340; baseline -0.01 -1"><span class='ocrx_word' id='word_1_2' title='bbox 1989 289 2042 339; x_wconf 80' lang='lat' dir='ltr'>S.</span> <span class='ocrx_word' id='word_1_3' title='bbox 2088 285 2172 340; x_wconf 78' lang='lat' dir='ltr'>AM</span> <span class='ocrx_word' id='word_1_4' title='bbox 2185 284 2393 338; x_wconf 78' lang='lat' dir='ltr'>BRUSII</span> 
     </span>
    </p>
   </div>
   <div class='ocr_carea' id='block_1_3' title="bbox 3699 303 3804 355">
    <p class='ocr_par' dir='ltr' id='par_1_3' title="bbox 3699 303 3804 355">
     <span class='ocr_line' id='line_1_3' title="bbox 3699 303 3804 355; baseline 0.038 -4"><span class='ocrx_word' id='word_1_5' title='bbox 3699 303 3804 355; x_wconf 78' lang='grc'>1880</span> 
     </span>
    </p>
   </div>
   <div class='ocr_carea' id='block_1_4' title="bbox 524 414 3806 497">
    <p class='ocr_par' dir='ltr' id='par_1_4' title="bbox 524 414 3806 497">
     <span class='ocr_line' id='line_1_4' title="bbox 524 414 3806 497; baseline 0.002 -27"><span class='ocrx_word' id='word_1_6' title='bbox 524 415 684 488; x_wconf 88' lang='lat' dir='ltr'>quasi</span> <span class='ocrx_word' id='word_1_7' title='bbox 744 416 811 470; x_wconf 92' lang='lat' dir='ltr'>de</span> <span class='ocrx_word' id='word_1_8' title='bbox 873 414 1098 487; x_wconf 82' lang='lat' dir='ltr'>integro</span> <span class='ocrx_word' id='word_1_9' title='bbox 1158 416 1380 470; x_wconf 89' lang='lat' dir='ltr'>videtur</span> <span class='ocrx_word' id='word_1_10' title='bbox 1431 416 1683 487; x_wconf 87' lang='lat' dir='ltr'>incipere</span> <span class='ocrx_word' id='word_1_11' title='bbox 1737 414 2146 478; x_wconf 75' lang='lat' dir='ltr'>sacerdotium,</span> <span class='ocrx_word' id='word_1_12' title='bbox 2177 427 2231 497; x_wconf 69' lang='grc' dir='ltr'><strong>Α</strong></span> <span class='ocrx_word' id='word_1_13' title='bbox 2254 414 2470 478; x_wconf 86' lang='lat' dir='ltr'>viduas,</span> <span class='ocrx_word' id='word_1_14' title='bbox 2497 415 2889 470; x_wconf 92' lang='lat' dir='ltr'>subministret</span> <span class='ocrx_word' id='word_1_15' title='bbox 2912 415 3049 480; x_wconf 84' lang='lat' dir='ltr'>illis;</span> <span class='ocrx_word' id='word_1_16' title='bbox 3083 420 3145 469; x_wconf 92' lang='lat' dir='ltr'>ut</span> <span class='ocrx_word' id='word_1_17' title='bbox 3175 431 3285 469; x_wconf 88' lang='lat' dir='ltr'>non</span> <span class='ocrx_word' id='word_1_18' title='bbox 3315 424 3561 485; x_wconf 82' lang='lat' dir='ltr'>gravetur</span> <span class='ocrx_word' id='word_1_19' title='bbox 3590 422 3806 490; x_wconf 80' lang='lat' dir='ltr'>Ecclesia,</span> 
     </span>
    </p>
   </div>
   <div class='ocr_carea' id='block_1_5' title="bbox 524 507 3810 585">
    <p class='ocr_par' dir='ltr' id='par_1_5' title="bbox 524 507 3810 585">
     <span class='ocr_line' id='line_1_5' title="bbox 524 507 3810 585; baseline 0.002 -21"><span class='ocrx_word' id='word_1_20' title='bbox 524 509 754 582; x_wconf 86' lang='lat' dir='ltr'>quando</span> <span class='ocrx_word' id='word_1_21' title='bbox 797 513 1122 581; x_wconf 83' lang='lat' dir='ltr'>temporum</span> <span class='ocrx_word' id='word_1_22' title='bbox 1182 510 1287 581; x_wconf 86' lang='lat'>(87)</span> <span class='ocrx_word' id='word_1_23' title='bbox 1337 515 1641 565; x_wconf 79' lang='lat' dir='ltr'>renovatur</span> <span class='ocrx_word' id='word_1_24' title='bbox 1693 515 1881 565; x_wconf 70' lang='lat' dir='ltr'>aetate.</span> <span class='ocrx_word' id='word_1_25' title='bbox 1934 511 2153 563; x_wconf 89' lang='lat' dir='ltr'>Bonum</span> <span class='ocrx_word' id='word_1_26' title='bbox 2255 514 2316 561; x_wconf 91' lang='lat' dir='ltr'>ut</span> <span class='ocrx_word' id='word_1_27' title='bbox 2359 507 2446 562; x_wconf 88' lang='lat' dir='ltr'>his</span> <span class='ocrx_word' id='word_1_28' title='bbox 2488 525 2616 579; x_wconf 65' lang='lat' dir='ltr'>quin</span> <span class='ocrx_word' id='word_1_29' title='bbox 2654 526 2785 563; x_wconf 82' lang='lat' dir='ltr'>vere</span> <span class='ocrx_word' id='word_1_30' title='bbox 2831 508 3017 563; x_wconf 63' lang='lat' dir='ltr'>viduas</span> <span class='ocrx_word' id='word_1_31' title='bbox 3058 515 3210 577; x_wconf 88' lang='lat' dir='ltr'>sunt,</span> <span class='ocrx_word' id='word_1_32' title='bbox 3249 510 3481 566; x_wconf 90' lang='lat' dir='ltr'>sufﬁciat</span> <span class='ocrx_word' id='word_1_33' title='bbox 3514 515 3550 582; x_wconf 77' lang='lat' dir='ltr'>(l</span> <span class='ocrx_word' id='word_1_34' title='bbox 3593 517 3731 577; x_wconf 68' lang='lat' dir='ltr'>Tim,</span> <span class='ocrx_word' id='word_1_35' title='bbox 3772 536 3810 585; x_wconf 85' lang='lat' dir='ltr'>v,</span> 
     </span>
    </p>
   </div>
   <div class='ocr_carea' id='block_1_6' title="bbox 525 602 2152 674">
    <p class='ocr_par' dir='ltr' id='par_1_6' title="bbox 525 602 2152 674">
     <span class='ocr_line' id='line_1_6' title="bbox 525 602 2152 674; baseline -0.001 -16"><span class='ocrx_word' id='word_1_36' title='bbox 525 604 697 658; x_wconf 77' lang='lat' dir='ltr'>etiam</span> <span class='ocrx_word' id='word_1_37' title='bbox 737 603 888 674; x_wconf 87' lang='lat' dir='ltr'>quod</span> <span class='ocrx_word' id='word_1_38' title='bbox 924 602 1176 674; x_wconf 77' lang='lat' dir='ltr'>legitur:</span> <span class='ocrx_word' id='word_1_39' title='bbox 1223 605 1503 658; x_wconf 78' lang='lat' dir='ltr'>«Honora</span> <span class='ocrx_word' id='word_1_40' title='bbox 1550 608 1772 674; x_wconf 84' lang='lat' dir='ltr'>patrem</span> <span class='ocrx_word' id='word_1_41' title='bbox 1814 607 1870 658; x_wconf 89' lang='lat' dir='ltr'>et</span> <span class='ocrx_word' id='word_1_42' title='bbox 1909 609 2152 658; x_wconf 81' lang='lat' dir='ltr'>matrem</span> 
     </span>
    </p>
   </div>
   <div class='ocr_carea' id='block_1_7' title="bbox 526 697 2150 768">
    <p class='ocr_par' dir='ltr' id='par_1_7' title="bbox 526 697 2150 768">
     <span class='ocr_line' id='line_1_7' title="bbox 526 697 2150 768; baseline -0.002 -15"><span class='ocrx_word' id='word_1_43' title='bbox 526 699 744 764; x_wconf 70' lang='lat' dir='ltr'>(Emod.,</span> <span class='ocrx_word' id='word_1_44' title='bbox 796 714 884 764; x_wconf 88' lang='lat' dir='ltr'>xx,</span> <span class='ocrx_word' id='word_1_45' title='bbox 935 699 1099 768; x_wconf 75' lang='lat'>12).»</span> <span class='ocrx_word' id='word_1_46' title='bbox 1151 699 1252 750; x_wconf 89' lang='lat' dir='ltr'>Vos</span> <span class='ocrx_word' id='word_1_47' title='bbox 1302 697 1454 752; x_wconf 91' lang='lat' dir='ltr'>enim</span> <span class='ocrx_word' id='word_1_48' title='bbox 1504 697 1646 750; x_wconf 89' lang='lat' dir='ltr'>mihi</span> <span class='ocrx_word' id='word_1_49' title='bbox 1692 697 1823 751; x_wconf 81' lang='lat' dir='ltr'>estis</span> <span class='ocrx_word' id='word_1_50' title='bbox 1862 700 2150 768; x_wconf 88' lang='lat' dir='ltr'>parentes,</span> 
     </span>
    </p>
   </div>
   <div class='ocr_carea' id='block_1_8' title="bbox 520 790 2151 863">
    <p class='ocr_par' dir='ltr' id='par_1_8' title="bbox 520 790 2151 863">
     <span class='ocr_line' id='line_1_8' title="bbox 520 790 2151 863; baseline -0.002 -17"><span class='ocrx_word' id='word_1_51' title='bbox 520 792 620 863; x_wconf 86' lang='lat' dir='ltr'>qui</span> <span class='ocrx_word' id='word_1_52' title='bbox 659 791 1038 846; x_wconf 88' lang='lat' dir='ltr'>sacerdotium</span> <span class='ocrx_word' id='word_1_53' title='bbox 1077 791 1355 845; x_wconf 88' lang='lat' dir='ltr'>detulistis</span> <span class='ocrx_word' id='word_1_54' title='bbox 1385 792 1494 862; x_wconf 76' lang='lat'><strong>(88)</strong></span> <span class='ocrx_word' id='word_1_55' title='bbox 1533 809 1545 845; x_wconf 88' lang='lat'><strong>:</strong></span> <span class='ocrx_word' id='word_1_56' title='bbox 1578 807 1696 857; x_wconf 89' lang='lat' dir='ltr'>vos,</span> <span class='ocrx_word' id='word_1_57' title='bbox 1734 792 1993 861; x_wconf 90' lang='lat' dir='ltr'>inquam,</span> <span class='ocrx_word' id='word_1_58' title='bbox 2027 790 2151 854; x_wconf 90' lang='lat' dir='ltr'>ﬁlii,</span> 
     </span>
    </p>
   </div>
   <div class='ocr_carea' id='block_1_9' title="bbox 526 884 2157 955">
    <p class='ocr_par' dir='ltr' id='par_1_9' title="bbox 526 884 2157 955">
     <span class='ocr_line' id='line_1_9' title="bbox 526 884 2157 955; baseline 0 -17"><span class='ocrx_word' id='word_1_59' title='bbox 526 886 615 939; x_wconf 90' lang='lat' dir='ltr'>vel</span> <span class='ocrx_word' id='word_1_60' title='bbox 649 888 914 955; x_wconf 88' lang='lat' dir='ltr'>parentes</span> <span class='ocrx_word' id='word_1_61' title='bbox 949 900 960 938; x_wconf 94' lang='lat'>:</span> <span class='ocrx_word' id='word_1_62' title='bbox 991 884 1089 938; x_wconf 92' lang='lat' dir='ltr'>ﬁlii</span> <span class='ocrx_word' id='word_1_63' title='bbox 1121 886 1354 955; x_wconf 84' lang='lat' dir='ltr'>singuli,</span> <span class='ocrx_word' id='word_1_64' title='bbox 1392 886 1633 940; x_wconf 87' lang='lat' dir='ltr'>universi</span> <span class='ocrx_word' id='word_1_65' title='bbox 1663 888 1946 955; x_wconf 87' lang='lat' dir='ltr'>parentes,</span> <span class='ocrx_word' id='word_1_66' title='bbox 1977 885 2157 939; x_wconf 43' lang='lat' dir='ltr'>liben.</span> 
     </span>
    </p>
   </div>
   <div class='ocr_carea' id='block_1_10' title="bbox 524 978 2152 1048">
    <p class='ocr_par' dir='ltr' id='par_1_10' title="bbox 524 978 2152 1048">
     <span class='ocr_line' id='line_1_10' title="bbox 524 978 2152 1048; baseline 0.001 -18"><span class='ocrx_word' id='word_1_67' title='bbox 524 983 615 1033; x_wconf 84' lang='lat' dir='ltr'>ter</span> <span class='ocrx_word' id='word_1_68' title='bbox 641 978 795 1032; x_wconf 91' lang='lat' dir='ltr'>enim</span> <span class='ocrx_word' id='word_1_69' title='bbox 829 995 982 1034; x_wconf 90' lang='lat' dir='ltr'>meos</span> <span class='ocrx_word' id='word_1_70' title='bbox 1004 979 1243 1033; x_wconf 82' lang='lat' dir='ltr'>dixerim</span> <span class='ocrx_word' id='word_1_71' title='bbox 1269 996 1364 1032; x_wconf 90' lang='lat' dir='ltr'>vos</span> <span class='ocrx_word' id='word_1_72' title='bbox 1391 981 1472 1034; x_wconf 87' lang='lat' dir='ltr'>vel</span> <span class='ocrx_word' id='word_1_73' title='bbox 1501 980 1730 1045; x_wconf 90' lang='lat' dir='ltr'>liberos,</span> <span class='ocrx_word' id='word_1_74' title='bbox 1754 979 1840 1034; x_wconf 92' lang='lat' dir='ltr'>vel</span> <span class='ocrx_word' id='word_1_75' title='bbox 1871 985 2152 1048; x_wconf 89' lang='lat' dir='ltr'>parentes,</span> 
     </span>
    </p>
   </div>
   <div class='ocr_carea' id='block_1_11' title="bbox 528 1072 2156 1144">
    <p class='ocr_par' dir='ltr' id='par_1_11' title="bbox 528 1072 2156 1144">
     <span class='ocr_line' id='line_1_11' title="bbox 528 1072 2156 1144; baseline -0.001 -18"><span class='ocrx_word' id='word_1_76' title='bbox 528 1073 624 1144; x_wconf 87' lang='lat' dir='ltr'>qui</span> <span class='ocrx_word' id='word_1_77' title='bbox 657 1072 896 1127; x_wconf 89' lang='lat' dir='ltr'>verbum</span> <span class='ocrx_word' id='word_1_78' title='bbox 927 1073 1022 1126; x_wconf 93' lang='lat' dir='ltr'>Dei</span> <span class='ocrx_word' id='word_1_79' title='bbox 1058 1073 1268 1127; x_wconf 89' lang='lat' dir='ltr'>auditis</span> <span class='ocrx_word' id='word_1_80' title='bbox 1299 1076 1356 1127; x_wconf 87' lang='lat' dir='ltr'>et</span> <span class='ocrx_word' id='word_1_81' title='bbox 1379 1073 1558 1127; x_wconf 88' lang='lat' dir='ltr'>facitis</span> <span class='ocrx_word' id='word_1_82' title='bbox 1590 1090 1601 1126; x_wconf 93' lang='lat'><strong>:</strong></span> <span class='ocrx_word' id='word_1_83' title='bbox 1627 1072 1793 1139; x_wconf 88' lang='lat' dir='ltr'>ﬁlios,</span> <span class='ocrx_word' id='word_1_84' title='bbox 1823 1073 1954 1143; x_wconf 86' lang='lat' dir='ltr'>quia</span> <span class='ocrx_word' id='word_1_85' title='bbox 1984 1073 2156 1142; x_wconf 86' lang='lat' dir='ltr'>scrip-</span> 
     </span>
    </p>
   </div>
   <div class='ocr_carea' id='block_1_12' title="bbox 530 1167 2154 1235">
    <p class='ocr_par' dir='ltr' id='par_1_12' title="bbox 530 1167 2154 1235">
     <span class='ocr_line' id='line_1_12' title="bbox 530 1167 2154 1235; baseline 0.001 -17"><span class='ocrx_word' id='word_1_86' title='bbox 530 1171 650 1221; x_wconf 90' lang='lat' dir='ltr'>tum</span> <span class='ocrx_word' id='word_1_87' title='bbox 699 1173 784 1222; x_wconf 93' lang='lat' dir='ltr'>est</span> <span class='ocrx_word' id='word_1_88' title='bbox 829 1185 840 1221; x_wconf 91' lang='lat'>:</span> <span class='ocrx_word' id='word_1_89' title='bbox 889 1188 916 1215; x_wconf 76' lang='lat'><strong>«</strong></span> <span class='ocrx_word' id='word_1_90' title='bbox 956 1167 1176 1232; x_wconf 89' lang='lat' dir='ltr'>Venite,</span> <span class='ocrx_word' id='word_1_91' title='bbox 1222 1167 1341 1235; x_wconf 90' lang='lat' dir='ltr'>ﬁlii,</span> <span class='ocrx_word' id='word_1_92' title='bbox 1385 1167 1575 1221; x_wconf 87' lang='lat' dir='ltr'>audite</span> <span class='ocrx_word' id='word_1_93' title='bbox 1622 1184 1713 1221; x_wconf 89' lang='lat' dir='ltr'>me</span> <span class='ocrx_word' id='word_1_94' title='bbox 1764 1169 1925 1227; x_wconf 90' lang='lat' dir='ltr'>(Psal.</span> <span class='ocrx_word' id='word_1_95' title='bbox 1973 1183 2154 1232; x_wconf 85' lang='lat' dir='ltr'>xxxm,</span> 
     </span>
    </p>
   </div>
   <div class='ocr_carea' id='block_1_13' title="bbox 535 1260 2157 1332">
    <p class='ocr_par' dir='ltr' id='par_1_13' title="bbox 535 1260 2157 1332">
     <span class='ocr_line' id='line_1_13' title="bbox 535 1260 2157 1332; baseline -0.001 -17"><span class='ocrx_word' id='word_1_96' title='bbox 535 1263 656 1328; x_wconf 82' lang='lat' dir='ltr'>l2);</span> <span class='ocrx_word' id='word_1_97' title='bbox 694 1281 720 1309; x_wconf 87' lang='grc'><strong>››</strong></span> <span class='ocrx_word' id='word_1_98' title='bbox 758 1265 1046 1332; x_wconf 87' lang='lat' dir='ltr'>parentes,</span> <span class='ocrx_word' id='word_1_99' title='bbox 1072 1261 1204 1332; x_wconf 87' lang='lat' dir='ltr'>quia</span> <span class='ocrx_word' id='word_1_100' title='bbox 1246 1261 1367 1331; x_wconf 90' lang='lat' dir='ltr'>ipse</span> <span class='ocrx_word' id='word_1_101' title='bbox 1406 1261 1675 1315; x_wconf 90' lang='lat' dir='ltr'>Dominus</span> <span class='ocrx_word' id='word_1_102' title='bbox 1719 1260 1861 1314; x_wconf 82' lang='lat' dir='ltr'>dixit</span> <span class='ocrx_word' id='word_1_103' title='bbox 1902 1278 1913 1315; x_wconf 94' lang='lat'>:</span> <span class='ocrx_word' id='word_1_104' title='bbox 1953 1282 1980 1308; x_wconf 87' lang='lat'><strong>«</strong></span> <span class='ocrx_word' id='word_1_105' title='bbox 2021 1262 2157 1325; x_wconf 75' lang='lat' dir='ltr'>Quae</span> 
     </span>
    </p>
   </div>
   <div class='ocr_carea' id='block_1_14' title="bbox 530 1353 2160 1410">
    <p class='ocr_par' dir='ltr' id='par_1_14' title="bbox 530 1353 2160 1410">
     <span class='ocr_line' id='line_1_14' title="bbox 530 1353 2160 1410; baseline -0.001 -1"><span class='ocrx_word' id='word_1_106' title='bbox 530 1353 673 1409; x_wconf 89' lang='lat' dir='ltr'>mihi</span> <span class='ocrx_word' id='word_1_107' title='bbox 700 1359 883 1408; x_wconf 88' lang='lat' dir='ltr'>mater</span> <span class='ocrx_word' id='word_1_108' title='bbox 903 1360 1004 1409; x_wconf 90' lang='lat' dir='ltr'>aut</span> <span class='ocrx_word' id='word_1_109' title='bbox 1028 1354 1275 1409; x_wconf 85' lang='lat' dir='ltr'>fratres?</span> <span class='ocrx_word' id='word_1_110' title='bbox 1295 1355 1468 1408; x_wconf 84' lang='lat' dir='ltr'>Mater</span> <span class='ocrx_word' id='word_1_111' title='bbox 1495 1358 1552 1409; x_wconf 92' lang='lat' dir='ltr'>et</span> <span class='ocrx_word' id='word_1_112' title='bbox 1575 1355 1777 1410; x_wconf 85' lang='lat' dir='ltr'>fratres</span> <span class='ocrx_word' id='word_1_113' title='bbox 1805 1355 1915 1408; x_wconf 90' lang='lat' dir='ltr'>mei</span> <span class='ocrx_word' id='word_1_114' title='bbox 1941 1355 1999 1408; x_wconf 89' lang='lat' dir='ltr'>hi</span> <span class='ocrx_word' id='word_1_115' title='bbox 2027 1357 2160 1408; x_wconf 91' lang='lat' dir='ltr'>sunt</span> 
     </span>
    </p>
   </div>
   <div class='ocr_carea' id='block_1_15' title="bbox 532 1447 2154 1518">
    <p class='ocr_par' dir='ltr' id='par_1_15' title="bbox 532 1447 2154 1518">
     <span class='ocr_line' id='line_1_15' title="bbox 532 1447 2154 1518; baseline 0 -17"><span class='ocrx_word' id='word_1_116' title='bbox 532 1448 628 1518; x_wconf 88' lang='lat' dir='ltr'>qui</span> <span class='ocrx_word' id='word_1_117' title='bbox 658 1448 899 1502; x_wconf 90' lang='lat' dir='ltr'>audiunt</span> <span class='ocrx_word' id='word_1_118' title='bbox 929 1448 1166 1502; x_wconf 79' lang='lat' dir='ltr'>verbum</span> <span class='ocrx_word' id='word_1_119' title='bbox 1194 1448 1292 1501; x_wconf 91' lang='lat' dir='ltr'>Dei</span> <span class='ocrx_word' id='word_1_120' title='bbox 1323 1451 1381 1501; x_wconf 92' lang='lat' dir='ltr'>et</span> <span class='ocrx_word' id='word_1_121' title='bbox 1399 1447 1619 1503; x_wconf 89' lang='lat' dir='ltr'>faciunt</span> <span class='ocrx_word' id='word_1_122' title='bbox 1649 1451 1818 1517; x_wconf 82' lang='lat' dir='ltr'>(Luc.,</span> <span class='ocrx_word' id='word_1_123' title='bbox 1845 1465 1960 1516; x_wconf 79' lang='lat' dir='ltr'>vui,</span> <span class='ocrx_word' id='word_1_124' title='bbox 1994 1451 2100 1517; x_wconf 82' lang='grc'>21).</span> <span class='ocrx_word' id='word_1_125' title='bbox 2129 1470 2154 1496; x_wconf 78' lang='grc'>››</span> 
     </span>
    </p>
   </div>
   <div class='ocr_carea' id='block_1_16' title="bbox 605 1543 2156 1613">
    <p class='ocr_par' dir='ltr' id='par_1_16' title="bbox 605 1543 2156 1613">
     <span class='ocr_line' id='line_1_16' title="bbox 605 1543 2156 1613; baseline 0.001 -19"><span class='ocrx_word' id='word_1_126' title='bbox 605 1543 692 1597; x_wconf 79' lang='grc'>74.</span> <span class='ocrx_word' id='word_1_127' title='bbox 723 1543 871 1596; x_wconf 91' lang='lat' dir='ltr'>Bene</span> <span class='ocrx_word' id='word_1_128' title='bbox 911 1559 1051 1613; x_wconf 86' lang='lat' dir='ltr'>ergo</span> <span class='ocrx_word' id='word_1_129' title='bbox 1095 1543 1185 1596; x_wconf 86' lang='lat' dir='ltr'>lex</span> <span class='ocrx_word' id='word_1_130' title='bbox 1227 1559 1356 1612; x_wconf 57' lang='lat' dir='ltr'>quae</span> <span class='ocrx_word' id='word_1_131' title='bbox 1394 1543 1750 1613; x_wconf 78' lang='lat' dir='ltr'>praemiserat</span> <span class='ocrx_word' id='word_1_132' title='bbox 1780 1559 1792 1596; x_wconf 92' lang='lat'>:</span> <span class='ocrx_word' id='word_1_133' title='bbox 1824 1543 2023 1611; x_wconf 83' lang='lat' dir='ltr'>Diliges</span> <span class='ocrx_word' id='word_1_134' title='bbox 2053 1545 2156 1596; x_wconf 91' lang='lat' dir='ltr'>Do-</span> 
     </span>
    </p>
   </div>
   <div class='ocr_carea' id='block_1_17' title="bbox 536 1636 2156 1706">
    <p class='ocr_par' dir='ltr' id='par_1_17' title="bbox 536 1636 2156 1706">
     <span class='ocr_line' id='line_1_17' title="bbox 536 1636 2156 1706; baseline -0.001 -16"><span class='ocrx_word' id='word_1_135' title='bbox 536 1638 744 1691; x_wconf 85' lang='lat' dir='ltr'>minum</span> <span class='ocrx_word' id='word_1_136' title='bbox 773 1639 937 1690; x_wconf 87' lang='lat' dir='ltr'>Deum</span> <span class='ocrx_word' id='word_1_137' title='bbox 967 1642 1119 1690; x_wconf 83' lang='lat' dir='ltr'>tuum</span> <span class='ocrx_word' id='word_1_138' title='bbox 1157 1643 1206 1691; x_wconf 85' lang='lat' dir='ltr'>et</span> <span class='ocrx_word' id='word_1_139' title='bbox 1248 1637 1439 1706; x_wconf 81' lang='lat' dir='ltr'>diliges</span> <span class='ocrx_word' id='word_1_140' title='bbox 1471 1639 1785 1706; x_wconf 66' lang='lat' dir='ltr'>proximum</span> <span class='ocrx_word' id='word_1_141' title='bbox 1823 1643 1996 1698; x_wconf 75' lang='lat' dir='ltr'>tuum,</span> <span class='ocrx_word' id='word_1_142' title='bbox 2027 1636 2156 1689; x_wconf 92' lang='lat' dir='ltr'>sub-</span> 
     </span>
    </p>
   </div>
   <div class='ocr_carea' id='block_1_18' title="bbox 525 1729 2160 1801">
    <p class='ocr_par' dir='ltr' id='par_1_18' title="bbox 525 1729 2160 1801">
     <span class='ocr_line' id='line_1_18' title="bbox 525 1729 2160 1801; baseline -0.001 -17"><span class='ocrx_word' id='word_1_143' title='bbox 525 1731 667 1801; x_wconf 85' lang='lat' dir='ltr'>jecit</span> <span class='ocrx_word' id='word_1_144' title='bbox 691 1747 703 1783; x_wconf 88' lang='lat'>:</span> <span class='ocrx_word' id='word_1_145' title='bbox 739 1733 958 1786; x_wconf 84' lang='lat' dir='ltr'>Honora</span> <span class='ocrx_word' id='word_1_146' title='bbox 981 1736 1194 1799; x_wconf 79' lang='lat' dir='ltr'>patrem</span> <span class='ocrx_word' id='word_1_147' title='bbox 1222 1735 1375 1784; x_wconf 84' lang='lat' dir='ltr'>tuum</span> <span class='ocrx_word' id='word_1_148' title='bbox 1402 1736 1452 1784; x_wconf 84' lang='lat' dir='ltr'>et</span> <span class='ocrx_word' id='word_1_149' title='bbox 1477 1736 1722 1784; x_wconf 81' lang='lat' dir='ltr'>matrem.</span> <span class='ocrx_word' id='word_1_150' title='bbox 1749 1729 1972 1783; x_wconf 88' lang='lat' dir='ltr'>Primus</span> <span class='ocrx_word' id='word_1_151' title='bbox 2003 1729 2160 1783; x_wconf 91' lang='lat' dir='ltr'>enim</span> 
     </span>
    </p>
   </div>
   <div class='ocr_carea' id='block_1_19' title="bbox 536 1794 2237 1896">
    <p class='ocr_par' dir='ltr' id='par_1_19' title="bbox 536 1794 2237 1896">
     <span class='ocr_line' id='line_1_19' title="bbox 536 1794 2237 1896; baseline -0.001 -18"><span class='ocrx_word' id='word_1_152' title='bbox 536 1823 747 1896; x_wconf 90' lang='lat' dir='ltr'>gradus</span> <span class='ocrx_word' id='word_1_153' title='bbox 805 1825 908 1876; x_wconf 88' lang='lat' dir='ltr'>iste</span> <span class='ocrx_word' id='word_1_154' title='bbox 969 1823 1192 1893; x_wconf 86' lang='lat' dir='ltr'>pietatis</span> <span class='ocrx_word' id='word_1_155' title='bbox 1254 1827 1369 1891; x_wconf 90' lang='lat' dir='ltr'>est;</span> <span class='ocrx_word' id='word_1_156' title='bbox 1429 1840 1676 1895; x_wconf 89' lang='lat' dir='ltr'>namque</span> <span class='ocrx_word' id='word_1_157' title='bbox 1742 1823 1845 1877; x_wconf 91' lang='lat' dir='ltr'>hos</span> <span class='ocrx_word' id='word_1_158' title='bbox 1907 1794 2237 1878; x_wconf 86' lang='lat' dir='ltr'>auctoresB</span> 
     </span>
    </p>
   </div>
   <div class='ocr_carea' id='block_1_20' title="bbox 537 1914 2160 1989">
    <p class='ocr_par' dir='ltr' id='par_1_20' title="bbox 537 1914 2160 1989">
     <span class='ocr_line' id='line_1_20' title="bbox 537 1914 2160 1989; baseline -0.002 -16"><span class='ocrx_word' id='word_1_159' title='bbox 537 1914 793 1989; x_wconf 74' lang='grc'>1490</span> <span class='ocrx_word' id='word_1_160' title='bbox 841 1916 942 1970; x_wconf 85' lang='lat' dir='ltr'>tibi</span> <span class='ocrx_word' id='word_1_161' title='bbox 983 1933 1104 1970; x_wconf 89' lang='lat' dir='ltr'>esse</span> <span class='ocrx_word' id='word_1_162' title='bbox 1145 1917 1326 1971; x_wconf 91' lang='lat' dir='ltr'>voluit</span> <span class='ocrx_word' id='word_1_163' title='bbox 1367 1917 1537 1972; x_wconf 89' lang='lat' dir='ltr'>Deus.</span> <span class='ocrx_word' id='word_1_164' title='bbox 1583 1919 1808 1971; x_wconf 86' lang='lat' dir='ltr'>Honora</span> <span class='ocrx_word' id='word_1_165' title='bbox 1852 1916 2160 1988; x_wconf 88' lang='lat' dir='ltr'>obsequiis,</span> 
     </span>
    </p>
   </div>
   <div class='ocr_carea' id='block_1_21' title="bbox 534 2009 2164 2082">
    <p class='ocr_par' dir='ltr' id='par_1_21' title="bbox 534 2009 2164 2082">
     <span class='ocr_line' id='line_1_21' title="bbox 534 2009 2164 2082; baseline -0.001 -18"><span class='ocrx_word' id='word_1_166' title='bbox 534 2016 600 2064; x_wconf 92' lang='lat' dir='ltr'>ut</span> <span class='ocrx_word' id='word_1_167' title='bbox 633 2009 916 2064; x_wconf 85' lang='lat' dir='ltr'>abstineas</span> <span class='ocrx_word' id='word_1_168' title='bbox 961 2026 992 2062; x_wconf 89' lang='lat' dir='ltr'>a</span> <span class='ocrx_word' id='word_1_169' title='bbox 1035 2010 1419 2077; x_wconf 86' lang='lat' dir='ltr'>contumeliis,</span> <span class='ocrx_word' id='word_1_170' title='bbox 1458 2011 1594 2081; x_wconf 89' lang='lat' dir='ltr'>quia</span> <span class='ocrx_word' id='word_1_171' title='bbox 1624 2027 1695 2064; x_wconf 91' lang='lat' dir='ltr'>ne</span> <span class='ocrx_word' id='word_1_172' title='bbox 1736 2011 1894 2064; x_wconf 90' lang='lat' dir='ltr'>vultu</span> <span class='ocrx_word' id='word_1_173' title='bbox 1932 2011 2164 2082; x_wconf 88' lang='lat' dir='ltr'>quidem</span> 
     </span>
    </p>
   </div>
   <div class='ocr_carea' id='block_1_22' title="bbox 536 2103 2163 2174">
    <p class='ocr_par' dir='ltr' id='par_1_22' title="bbox 536 2103 2163 2174">
     <span class='ocr_line' id='line_1_22' title="bbox 536 2103 2163 2174; baseline 0 -16"><span class='ocrx_word' id='word_1_174' title='bbox 536 2103 798 2158; x_wconf 68' lang='lat' dir='ltr'>laedenda</span> <span class='ocrx_word' id='word_1_175' title='bbox 827 2103 1005 2173; x_wconf 90' lang='lat' dir='ltr'>pietas</span> <span class='ocrx_word' id='word_1_176' title='bbox 1046 2107 1130 2157; x_wconf 92' lang='lat' dir='ltr'>est</span> <span class='ocrx_word' id='word_1_177' title='bbox 1163 2106 1488 2174; x_wconf 90' lang='lat' dir='ltr'>parentum.</span> <span class='ocrx_word' id='word_1_178' title='bbox 1529 2103 1638 2158; x_wconf 92' lang='lat' dir='ltr'>Sed</span> <span class='ocrx_word' id='word_1_179' title='bbox 1675 2120 1882 2174; x_wconf 89' lang='lat' dir='ltr'>parum</span> <span class='ocrx_word' id='word_1_180' title='bbox 1920 2108 2005 2158; x_wconf 91' lang='lat' dir='ltr'>est</span> <span class='ocrx_word' id='word_1_181' title='bbox 2051 2121 2163 2158; x_wconf 92' lang='lat' dir='ltr'>non</span> 
     </span>
    </p>
   </div>
   <div class='ocr_carea' id='block_1_23' title="bbox 537 2196 2157 2269">
    <p class='ocr_par' dir='ltr' id='par_1_23' title="bbox 537 2196 2157 2269">
     <span class='ocr_line' id='line_1_23' title="bbox 537 2196 2157 2269; baseline 0 -18"><span class='ocrx_word' id='word_1_182' title='bbox 537 2196 769 2264; x_wconf 73' lang='lat' dir='ltr'>laedere,</span> <span class='ocrx_word' id='word_1_183' title='bbox 799 2197 932 2268; x_wconf 91' lang='lat' dir='ltr'>quia</span> <span class='ocrx_word' id='word_1_184' title='bbox 965 2197 1056 2250; x_wconf 86' lang='lat' dir='ltr'>lex</span> <span class='ocrx_word' id='word_1_185' title='bbox 1090 2198 1382 2268; x_wconf 87' lang='lat' dir='ltr'>prospexit</span> <span class='ocrx_word' id='word_1_186' title='bbox 1417 2214 1488 2252; x_wconf 89' lang='lat' dir='ltr'>ne</span> <span class='ocrx_word' id='word_1_187' title='bbox 1524 2198 1814 2269; x_wconf 86' lang='lat' dir='ltr'>patiantur</span> <span class='ocrx_word' id='word_1_188' title='bbox 1839 2197 2114 2268; x_wconf 84' lang='lat' dir='ltr'>injuriam</span> <span class='ocrx_word' id='word_1_189' title='bbox 2145 2215 2157 2251; x_wconf 75' lang='grc' dir='ltr'>ε</span> 
     </span>
    </p>
   </div>
   <div class='ocr_carea' id='block_1_24' title="bbox 540 2290 2163 2361">
    <p class='ocr_par' dir='ltr' id='par_1_24' title="bbox 540 2290 2163 2361">
     <span class='ocr_line' id='line_1_24' title="bbox 540 2290 2163 2361; baseline 0.003 -21"><span class='ocrx_word' id='word_1_190' title='bbox 540 2310 566 2340; x_wconf 84' lang='grc'><strong>((</strong></span> <span class='ocrx_word' id='word_1_191' title='bbox 605 2291 710 2353; x_wconf 85' lang='lat' dir='ltr'>Qui</span> <span class='ocrx_word' id='word_1_192' title='bbox 762 2290 916 2344; x_wconf 89' lang='lat' dir='ltr'>enim</span> <span class='ocrx_word' id='word_1_193' title='bbox 968 2290 1322 2345; x_wconf 89' lang='lat' dir='ltr'>maledixcrit</span> <span class='ocrx_word' id='word_1_194' title='bbox 1374 2290 1522 2361; x_wconf 91' lang='lat' dir='ltr'>patri</span> <span class='ocrx_word' id='word_1_195' title='bbox 1579 2291 1664 2344; x_wconf 90' lang='lat' dir='ltr'>vel</span> <span class='ocrx_word' id='word_1_196' title='bbox 1718 2291 1921 2357; x_wconf 90' lang='lat' dir='ltr'>matri,</span> <span class='ocrx_word' id='word_1_197' title='bbox 1978 2292 2163 2345; x_wconf 86' lang='lat' dir='ltr'>morte</span> 
     </span>
    </p>
   </div>
   <div class='ocr_carea' id='block_1_25' title="bbox 535 2383 2164 2454">
    <p class='ocr_par' dir='ltr' id='par_1_25' title="bbox 535 2383 2164 2454">
     <span class='ocr_line' id='line_1_25' title="bbox 535 2383 2164 2454; baseline 0.001 -16"><span class='ocrx_word' id='word_1_198' title='bbox 535 2383 811 2438; x_wconf 89' lang='lat' dir='ltr'>morietur</span> <span class='ocrx_word' id='word_1_199' title='bbox 855 2383 1075 2454; x_wconf 70' lang='lat' dir='ltr'>(Emod.,</span> <span class='ocrx_word' id='word_1_200' title='bbox 1111 2401 1218 2450; x_wconf 77' lang='lat' dir='ltr'>xxi,</span> <span class='ocrx_word' id='word_1_201' title='bbox 1271 2383 1388 2454; x_wconf 85' lang='lat' dir='ltr'>l7);</span> <span class='ocrx_word' id='word_1_202' title='bbox 1422 2405 1449 2433; x_wconf 72' lang='lat' dir='ltr'>n</span> <span class='ocrx_word' id='word_1_203' title='bbox 1480 2387 1541 2439; x_wconf 90' lang='lat' dir='ltr'>tu</span> <span class='ocrx_word' id='word_1_204' title='bbox 1585 2385 1826 2451; x_wconf 87' lang='lat' dir='ltr'>honora,</span> <span class='ocrx_word' id='word_1_205' title='bbox 1879 2393 1934 2438; x_wconf 86' lang='lat' dir='ltr'>ut</span> <span class='ocrx_word' id='word_1_206' title='bbox 1984 2384 2164 2439; x_wconf 91' lang='lat' dir='ltr'>bonus</span> 
     </span>
    </p>
   </div>
   <div class='ocr_carea' id='block_1_26' title="bbox 535 2476 2165 2549">
    <p class='ocr_par' dir='ltr' id='par_1_26' title="bbox 535 2476 2165 2549">
     <span class='ocr_line' id='line_1_26' title="bbox 535 2476 2165 2549; baseline 0.001 -18"><span class='ocrx_word' id='word_1_207' title='bbox 535 2478 627 2532; x_wconf 88' lang='lat' dir='ltr'>sis.</span> <span class='ocrx_word' id='word_1_208' title='bbox 670 2476 835 2530; x_wconf 84' lang='lat' dir='ltr'>Aliud</span> <span class='ocrx_word' id='word_1_209' title='bbox 873 2480 958 2531; x_wconf 91' lang='lat' dir='ltr'>est</span> <span class='ocrx_word' id='word_1_210' title='bbox 994 2478 1134 2548; x_wconf 82' lang='lat' dir='ltr'>legis</span> <span class='ocrx_word' id='word_1_211' title='bbox 1176 2477 1540 2545; x_wconf 87' lang='lat' dir='ltr'>beneﬁcium,</span> <span class='ocrx_word' id='word_1_212' title='bbox 1576 2478 1724 2532; x_wconf 90' lang='lat' dir='ltr'>aliud</span> <span class='ocrx_word' id='word_1_213' title='bbox 1769 2478 1999 2549; x_wconf 87' lang='lat' dir='ltr'>pietatis</span> <span class='ocrx_word' id='word_1_214' title='bbox 2048 2479 2165 2533; x_wconf 89' lang='lat' dir='ltr'>ofﬁ-</span> 
     </span>
    </p>
   </div>
   <div class='ocr_carea' id='block_1_27' title="bbox 535 2571 2159 2642">
    <p class='ocr_par' dir='ltr' id='par_1_27' title="bbox 535 2571 2159 2642">
     <span class='ocr_line' id='line_1_27' title="bbox 535 2571 2159 2642; baseline 0 -17"><span class='ocrx_word' id='word_1_215' title='bbox 535 2571 707 2626; x_wconf 89' lang='lat' dir='ltr'>cium.</span> <span class='ocrx_word' id='word_1_216' title='bbox 741 2571 968 2624; x_wconf 87' lang='lat' dir='ltr'>Honora</span> <span class='ocrx_word' id='word_1_217' title='bbox 995 2575 1144 2639; x_wconf 91' lang='lat' dir='ltr'>tuos,</span> <span class='ocrx_word' id='word_1_218' title='bbox 1175 2572 1310 2642; x_wconf 88' lang='lat' dir='ltr'>quia</span> <span class='ocrx_word' id='word_1_219' title='bbox 1339 2589 1468 2625; x_wconf 91' lang='lat' dir='ltr'>suos</span> <span class='ocrx_word' id='word_1_220' title='bbox 1497 2571 1597 2627; x_wconf 89' lang='lat' dir='ltr'>Dei</span> <span class='ocrx_word' id='word_1_221' title='bbox 1623 2571 1796 2626; x_wconf 91' lang='lat' dir='ltr'>Filius</span> <span class='ocrx_word' id='word_1_222' title='bbox 1838 2573 2159 2627; x_wconf 85' lang='lat' dir='ltr'>honoravit.</span> 
     </span>
    </p>
   </div>
   <div class='ocr_carea' id='block_1_28' title="bbox 536 2663 2158 2736">
    <p class='ocr_par' dir='ltr' id='par_1_28' title="bbox 536 2663 2158 2736">
     <span class='ocr_line' id='line_1_28' title="bbox 536 2663 2158 2736; baseline 0.001 -18"><span class='ocrx_word' id='word_1_223' title='bbox 536 2664 745 2734; x_wconf 81' lang='lat' dir='ltr'>Legisti</span> <span class='ocrx_word' id='word_1_224' title='bbox 771 2663 948 2731; x_wconf 90' lang='lat' dir='ltr'>enim,</span> <span class='ocrx_word' id='word_1_225' title='bbox 979 2686 1006 2712; x_wconf 84' lang='grc'><em>‹‹</em></span> <span class='ocrx_word' id='word_1_226' title='bbox 1038 2665 1105 2718; x_wconf 87' lang='lat' dir='ltr'>Et</span> <span class='ocrx_word' id='word_1_227' title='bbox 1132 2670 1254 2719; x_wconf 90' lang='lat' dir='ltr'>erat</span> <span class='ocrx_word' id='word_1_228' title='bbox 1281 2665 1535 2720; x_wconf 89' lang='lat' dir='ltr'>subditus</span> <span class='ocrx_word' id='word_1_229' title='bbox 1559 2665 1669 2720; x_wconf 90' lang='lat' dir='ltr'>illis</span> <span class='ocrx_word' id='word_1_230' title='bbox 1695 2666 1869 2731; x_wconf 87' lang='lat' dir='ltr'>(Luc.,</span> <span class='ocrx_word' id='word_1_231' title='bbox 1900 2682 1960 2733; x_wconf 87' lang='grc' dir='ltr'><strong>ιι,</strong></span> <span class='ocrx_word' id='word_1_232' title='bbox 1988 2668 2106 2736; x_wconf 80' lang='lat' dir='ltr'>5t);</span> <span class='ocrx_word' id='word_1_233' title='bbox 2135 2689 2158 2714; x_wconf 83' lang='grc'>››</span> 
     </span>
    </p>
   </div>
   <div class='ocr_carea' id='block_1_29' title="bbox 538 2757 2163 2830">
    <p class='ocr_par' dir='ltr' id='par_1_29' title="bbox 538 2757 2163 2830">
     <span class='ocr_line' id='line_1_29' title="bbox 538 2757 2163 2830; baseline 0.001 -18"><span class='ocrx_word' id='word_1_234' title='bbox 538 2757 583 2812; x_wconf 89' lang='lat' dir='ltr'>si</span> <span class='ocrx_word' id='word_1_235' title='bbox 638 2759 782 2811; x_wconf 91' lang='lat' dir='ltr'>Deus</span> <span class='ocrx_word' id='word_1_236' title='bbox 835 2757 1094 2824; x_wconf 89' lang='lat' dir='ltr'>servulis,</span> <span class='ocrx_word' id='word_1_237' title='bbox 1141 2759 1630 2830; x_wconf 89' lang='lat' dir='ltr'>quemadmodum</span> <span class='ocrx_word' id='word_1_238' title='bbox 1677 2766 1734 2812; x_wconf 91' lang='lat' dir='ltr'>tu</span> <span class='ocrx_word' id='word_1_239' title='bbox 1788 2759 2163 2830; x_wconf 82' lang='lat' dir='ltr'>parentibus?</span> 
     </span>
    </p>
   </div>
   <div class='ocr_carea' id='block_1_30' title="bbox 539 2851 2162 2923">
    <p class='ocr_par' dir='ltr' id='par_1_30' title="bbox 539 2851 2162 2923">
     <span class='ocr_line' id='line_1_30' title="bbox 539 2851 2162 2923; baseline 0 -15"><span class='ocrx_word' id='word_1_240' title='bbox 539 2851 858 2908; x_wconf 88' lang='lat' dir='ltr'>Honorabat</span> <span class='ocrx_word' id='word_1_241' title='bbox 909 2851 1085 2923; x_wconf 84' lang='lat' dir='ltr'>igitur</span> <span class='ocrx_word' id='word_1_242' title='bbox 1127 2852 1333 2923; x_wconf 73' lang='lat' dir='ltr'>Ioseph</span> <span class='ocrx_word' id='word_1_243' title='bbox 1381 2858 1437 2907; x_wconf 90' lang='lat' dir='ltr'>et</span> <span class='ocrx_word' id='word_1_244' title='bbox 1476 2853 1709 2907; x_wconf 88' lang='lat' dir='ltr'>Mariam</span> <span class='ocrx_word' id='word_1_245' title='bbox 1759 2853 2012 2909; x_wconf 88' lang='lat' dir='ltr'>Christus</span> <span class='ocrx_word' id='word_1_246' title='bbox 2045 2870 2162 2909; x_wconf 90' lang='lat' dir='ltr'>non</span> 
     </span>
    </p>
   </div>
   <div class='ocr_carea' id='block_1_31' title="bbox 542 2945 2164 3018">
    <p class='ocr_par' dir='ltr' id='par_1_31' title="bbox 542 2945 2164 3018">
     <span class='ocr_line' id='line_1_31' title="bbox 542 2945 2164 3018; baseline 0.003 -19"><span class='ocrx_word' id='word_1_247' title='bbox 542 2949 763 3000; x_wconf 73' lang='lat' dir='ltr'>naturas</span> <span class='ocrx_word' id='word_1_248' title='bbox 805 2945 1023 3014; x_wconf 88' lang='lat' dir='ltr'>debito,</span> <span class='ocrx_word' id='word_1_249' title='bbox 1072 2947 1166 3000; x_wconf 89' lang='lat' dir='ltr'>sed</span> <span class='ocrx_word' id='word_1_250' title='bbox 1217 2946 1445 3018; x_wconf 89' lang='lat' dir='ltr'>pietatis</span> <span class='ocrx_word' id='word_1_251' title='bbox 1491 2945 1696 3002; x_wconf 88' lang='lat' dir='ltr'>ofﬁcio.</span> <span class='ocrx_word' id='word_1_252' title='bbox 1750 2948 2066 3004; x_wconf 89' lang='lat' dir='ltr'>Honorabat</span> <span class='ocrx_word' id='word_1_253' title='bbox 2109 2955 2164 3004; x_wconf 87' lang='lat' dir='ltr'>et</span> 
     </span>
    </p>
   </div>
   <div class='ocr_carea' id='block_1_32' title="bbox 539 3040 2158 3111">
    <p class='ocr_par' dir='ltr' id='par_1_32' title="bbox 539 3040 2158 3111">
     <span class='ocr_line' id='line_1_32' title="bbox 539 3040 2158 3111; baseline 0.002 -18"><span class='ocrx_word' id='word_1_254' title='bbox 539 3041 759 3095; x_wconf 86' lang='lat' dir='ltr'>Patrem</span> <span class='ocrx_word' id='word_1_255' title='bbox 801 3041 999 3106; x_wconf 90' lang='lat' dir='ltr'>Deum,</span> <span class='ocrx_word' id='word_1_256' title='bbox 1029 3040 1512 3111; x_wconf 87' lang='lat' dir='ltr'>quemadmodum</span> <span class='ocrx_word' id='word_1_257' title='bbox 1559 3057 1727 3094; x_wconf 91' lang='lat' dir='ltr'>nemo</span> <span class='ocrx_word' id='word_1_258' title='bbox 1758 3042 1942 3111; x_wconf 89' lang='lat' dir='ltr'>potuit</span> <span class='ocrx_word' id='word_1_259' title='bbox 1977 3043 2158 3097; x_wconf 88' lang='lat' dir='ltr'>hono-</span> 
     </span>
    </p>
   </div>
   <div class='ocr_carea' id='block_1_33' title="bbox 538 3132 2239 3236">
    <p class='ocr_par' dir='ltr' id='par_1_33' title="bbox 538 3132 2239 3236">
     <span class='ocr_line' id='line_1_33' title="bbox 538 3132 2239 3236; baseline 0.002 -49"><span class='ocrx_word' id='word_1_260' title='bbox 538 3149 682 3199; x_wconf 87' lang='lat' dir='ltr'>rare,</span> <span class='ocrx_word' id='word_1_261' title='bbox 710 3137 776 3187; x_wconf 90' lang='lat' dir='ltr'>ut</span> <span class='ocrx_word' id='word_1_262' title='bbox 807 3138 954 3188; x_wconf 91' lang='lat' dir='ltr'>esset</span> <span class='ocrx_word' id='word_1_263' title='bbox 989 3132 1259 3188; x_wconf 91' lang='lat' dir='ltr'>obediens</span> <span class='ocrx_word' id='word_1_264' title='bbox 1297 3150 1472 3206; x_wconf 91' lang='lat' dir='ltr'>usque</span> <span class='ocrx_word' id='word_1_265' title='bbox 1513 3135 1582 3188; x_wconf 89' lang='lat' dir='ltr'>ad</span> <span class='ocrx_word' id='word_1_266' title='bbox 1627 3140 1868 3189; x_wconf 86' lang='lat' dir='ltr'>mortem</span> <span class='ocrx_word' id='word_1_267' title='bbox 1902 3154 1912 3188; x_wconf 93' lang='lat'><strong><em>:</em></strong></span> <span class='ocrx_word' id='word_1_268' title='bbox 1947 3136 2166 3191; x_wconf 90' lang='lat' dir='ltr'>honora</span> <span class='ocrx_word' id='word_1_269' title='bbox 2185 3164 2239 3236; x_wconf 63' lang='grc' dir='ltr'>Ο</span> 
     </span>
    </p>
   </div>
   <div class='ocr_carea' id='block_1_34' title="bbox 528 3229 1167 3298">
    <p class='ocr_par' dir='ltr' id='par_1_34' title="bbox 528 3229 1167 3298">
     <span class='ocr_line' id='line_1_34' title="bbox 528 3229 1167 3298; baseline -0.002 -15"><span class='ocrx_word' id='word_1_270' title='bbox 528 3235 674 3298; x_wconf 86' lang='lat' dir='ltr'>ergo</span> <span class='ocrx_word' id='word_1_271' title='bbox 706 3231 762 3282; x_wconf 90' lang='lat' dir='ltr'>et</span> <span class='ocrx_word' id='word_1_272' title='bbox 791 3231 851 3281; x_wconf 90' lang='lat' dir='ltr'>tu</span> <span class='ocrx_word' id='word_1_273' title='bbox 885 3229 1167 3298; x_wconf 88' lang='lat' dir='ltr'>parentes.</span> 
     </span>
    </p>
   </div>
   <div class='ocr_carea' id='block_1_35' title="bbox 611 3321 2163 3394">
    <p class='ocr_par' dir='ltr' id='par_1_35' title="bbox 611 3321 2163 3394">
     <span class='ocr_line' id='line_1_35' title="bbox 611 3321 2163 3394; baseline 0.003 -20"><span class='ocrx_word' id='word_1_274' title='bbox 611 3324 697 3375; x_wconf 86' lang='lat'>75.</span> <span class='ocrx_word' id='word_1_275' title='bbox 736 3322 832 3375; x_wconf 86' lang='lat' dir='ltr'>Est</span> <span class='ocrx_word' id='word_1_276' title='bbox 857 3323 1049 3376; x_wconf 90' lang='lat' dir='ltr'>autem</span> <span class='ocrx_word' id='word_1_277' title='bbox 1089 3321 1274 3377; x_wconf 89' lang='lat' dir='ltr'>honor</span> <span class='ocrx_word' id='word_1_278' title='bbox 1316 3339 1428 3376; x_wconf 90' lang='lat' dir='ltr'>non</span> <span class='ocrx_word' id='word_1_279' title='bbox 1474 3321 1660 3377; x_wconf 90' lang='lat' dir='ltr'>solum</span> <span class='ocrx_word' id='word_1_280' title='bbox 1697 3323 2163 3394; x_wconf 78' lang='lat' dir='ltr'>honorificentiae,</span> 
     </span>
    </p>
   </div>
   <div class='ocr_carea' id='block_1_36' title="bbox 536 3413 2165 3490">
    <p class='ocr_par' dir='ltr' id='par_1_36' title="bbox 536 3413 2165 3490">
     <span class='ocr_line' id='line_1_36' title="bbox 536 3413 2165 3490; baseline 0.003 -23"><span class='ocrx_word' id='word_1_281' title='bbox 536 3415 631 3469; x_wconf 87' lang='lat' dir='ltr'>sed</span> <span class='ocrx_word' id='word_1_282' title='bbox 672 3413 842 3468; x_wconf 88' lang='lat' dir='ltr'>etiam</span> <span class='ocrx_word' id='word_1_283' title='bbox 883 3414 1162 3486; x_wconf 82' lang='lat' dir='ltr'>largitatis</span> <span class='ocrx_word' id='word_1_284' title='bbox 1205 3432 1218 3468; x_wconf 90' lang='lat'><strong>:</strong></span> <span class='ocrx_word' id='word_1_285' title='bbox 1267 3436 1294 3463; x_wconf 91' lang='grc'>‹‹</span> <span class='ocrx_word' id='word_1_286' title='bbox 1321 3414 1530 3468; x_wconf 86' lang='lat' dir='ltr'>Viduas</span> <span class='ocrx_word' id='word_1_287' title='bbox 1576 3416 1815 3481; x_wconf 90' lang='lat' dir='ltr'>honora,</span> <span class='ocrx_word' id='word_1_288' title='bbox 1855 3434 1982 3490; x_wconf 71' lang='lat' dir='ltr'>quae</span> <span class='ocrx_word' id='word_1_289' title='bbox 2035 3435 2165 3472; x_wconf 91' lang='lat' dir='ltr'>vere</span> 
     </span>
    </p>
   </div>
   <div class='ocr_carea' id='block_1_37' title="bbox 542 3507 2167 3580">
    <p class='ocr_par' dir='ltr' id='par_1_37' title="bbox 542 3507 2167 3580">
     <span class='ocr_line' id='line_1_37' title="bbox 542 3507 2167 3580; baseline 0.005 -20"><span class='ocrx_word' id='word_1_290' title='bbox 542 3507 727 3563; x_wconf 67' lang='lat' dir='ltr'>vidum</span> <span class='ocrx_word' id='word_1_291' title='bbox 755 3512 886 3562; x_wconf 90' lang='lat' dir='ltr'>sunt</span> <span class='ocrx_word' id='word_1_292' title='bbox 915 3508 960 3580; x_wconf 90' lang='grc' dir='ltr'>(Ι</span> <span class='ocrx_word' id='word_1_293' title='bbox 991 3511 1147 3570; x_wconf 76' lang='lat' dir='ltr'>Tim,</span> <span class='ocrx_word' id='word_1_294' title='bbox 1183 3526 1235 3577; x_wconf 87' lang='lat' dir='ltr'>v,</span> <span class='ocrx_word' id='word_1_295' title='bbox 1266 3508 1336 3579; x_wconf 88' lang='lat'>3).</span> <span class='ocrx_word' id='word_1_296' title='bbox 1372 3531 1397 3557; x_wconf 72' lang='grc' dir='ltr'>η</span> <span class='ocrx_word' id='word_1_297' title='bbox 1426 3511 1616 3563; x_wconf 89' lang='lat' dir='ltr'>Honor</span> <span class='ocrx_word' id='word_1_298' title='bbox 1642 3510 1793 3564; x_wconf 92' lang='lat' dir='ltr'>enim</span> <span class='ocrx_word' id='word_1_299' title='bbox 1833 3517 1917 3566; x_wconf 91' lang='lat' dir='ltr'>est</span> <span class='ocrx_word' id='word_1_300' title='bbox 1946 3511 2167 3568; x_wconf 87' lang='lat' dir='ltr'>deferre</span> 
     </span>
    </p>
   </div>
   <div class='ocr_carea' id='block_1_38' title="bbox 538 3601 2164 3675">
    <p class='ocr_par' dir='ltr' id='par_1_38' title="bbox 538 3601 2164 3675">
     <span class='ocr_line' id='line_1_38' title="bbox 538 3601 2164 3675; baseline 0.002 -19"><span class='ocrx_word' id='word_1_301' title='bbox 538 3619 641 3672; x_wconf 91' lang='lat' dir='ltr'>pro</span> <span class='ocrx_word' id='word_1_302' title='bbox 685 3601 925 3658; x_wconf 89' lang='lat' dir='ltr'>meritis.</span> <span class='ocrx_word' id='word_1_303' title='bbox 980 3603 1147 3657; x_wconf 90' lang='lat' dir='ltr'>Pasce</span> <span class='ocrx_word' id='word_1_304' title='bbox 1193 3605 1417 3674; x_wconf 89' lang='lat' dir='ltr'>patrem</span> <span class='ocrx_word' id='word_1_305' title='bbox 1466 3607 1654 3671; x_wconf 91' lang='lat' dir='ltr'>tuum,</span> <span class='ocrx_word' id='word_1_306' title='bbox 1707 3621 1872 3675; x_wconf 90' lang='lat' dir='ltr'>pasce</span> <span class='ocrx_word' id='word_1_307' title='bbox 1925 3611 2164 3661; x_wconf 88' lang='lat' dir='ltr'>matrem</span> 
     </span>
    </p>
   </div>
   <div class='ocr_carea' id='block_1_39' title="bbox 537 3696 2166 3768">
    <p class='ocr_par' dir='ltr' id='par_1_39' title="bbox 537 3696 2166 3768">
     <span class='ocr_line' id='line_1_39' title="bbox 537 3696 2166 3768; baseline 0.002 -19"><span class='ocrx_word' id='word_1_308' title='bbox 537 3702 712 3751; x_wconf 89' lang='lat' dir='ltr'>tuam.</span> <span class='ocrx_word' id='word_1_309' title='bbox 741 3697 810 3750; x_wconf 90' lang='lat' dir='ltr'>Et</span> <span class='ocrx_word' id='word_1_310' title='bbox 839 3696 882 3750; x_wconf 93' lang='lat' dir='ltr'>si</span> <span class='ocrx_word' id='word_1_311' title='bbox 922 3697 1143 3768; x_wconf 88' lang='lat' dir='ltr'>paveris</span> <span class='ocrx_word' id='word_1_312' title='bbox 1184 3699 1450 3761; x_wconf 88' lang='lat' dir='ltr'>matrem,</span> <span class='ocrx_word' id='word_1_313' title='bbox 1487 3697 1673 3752; x_wconf 91' lang='lat' dir='ltr'>adhuc</span> <span class='ocrx_word' id='word_1_314' title='bbox 1711 3715 1823 3751; x_wconf 93' lang='lat' dir='ltr'>non</span> <span class='ocrx_word' id='word_1_315' title='bbox 1869 3699 2166 3755; x_wconf 90' lang='lat' dir='ltr'>reddidisti</span> 
     </span>
    </p>
   </div>
   <div class='ocr_carea' id='block_1_40' title="bbox 538 3789 2168 3863">
    <p class='ocr_par' dir='ltr' id='par_1_40' title="bbox 538 3789 2168 3863">
     <span class='ocr_line' id='line_1_40' title="bbox 538 3789 2168 3863; baseline 0.001 -18"><span class='ocrx_word' id='word_1_316' title='bbox 538 3790 780 3857; x_wconf 89' lang='lat' dir='ltr'>dolores,</span> <span class='ocrx_word' id='word_1_317' title='bbox 813 3807 926 3844; x_wconf 92' lang='lat' dir='ltr'>non</span> <span class='ocrx_word' id='word_1_318' title='bbox 968 3789 1265 3844; x_wconf 88' lang='lat' dir='ltr'>reddidisti</span> <span class='ocrx_word' id='word_1_319' title='bbox 1294 3790 1571 3844; x_wconf 87' lang='lat' dir='ltr'>cruciatus</span> <span class='ocrx_word' id='word_1_320' title='bbox 1609 3807 1750 3862; x_wconf 90' lang='lat' dir='ltr'>quos</span> <span class='ocrx_word' id='word_1_321' title='bbox 1782 3807 1885 3862; x_wconf 90' lang='lat' dir='ltr'>pro</span> <span class='ocrx_word' id='word_1_322' title='bbox 1919 3798 1972 3846; x_wconf 92' lang='lat' dir='ltr'>te</span> <span class='ocrx_word' id='word_1_323' title='bbox 2007 3810 2168 3863; x_wconf 86' lang='lat' dir='ltr'>passa</span> 
     </span>
    </p>
   </div>
   <div class='ocr_carea' id='block_1_41' title="bbox 535 3882 2163 3956">
    <p class='ocr_par' dir='ltr' id='par_1_41' title="bbox 535 3882 2163 3956">
     <span class='ocr_line' id='line_1_41' title="bbox 535 3882 2163 3956; baseline 0.001 -18"><span class='ocrx_word' id='word_1_324' title='bbox 535 3888 648 3952; x_wconf 88' lang='lat' dir='ltr'>est;</span> <span class='ocrx_word' id='word_1_325' title='bbox 694 3900 810 3938; x_wconf 91' lang='lat' dir='ltr'>non</span> <span class='ocrx_word' id='word_1_326' title='bbox 853 3882 1149 3937; x_wconf 86' lang='lat' dir='ltr'>reddidisti</span> <span class='ocrx_word' id='word_1_327' title='bbox 1193 3883 1464 3954; x_wconf 89' lang='lat' dir='ltr'>obsequia</span> <span class='ocrx_word' id='word_1_328' title='bbox 1503 3884 1710 3955; x_wconf 89' lang='lat' dir='ltr'>quibus</span> <span class='ocrx_word' id='word_1_329' title='bbox 1751 3891 1804 3939; x_wconf 89' lang='lat' dir='ltr'>te</span> <span class='ocrx_word' id='word_1_330' title='bbox 1841 3885 1934 3939; x_wconf 88' lang='lat' dir='ltr'>illa</span> <span class='ocrx_word' id='word_1_331' title='bbox 1973 3893 2163 3956; x_wconf 88' lang='lat' dir='ltr'>gesta-</span> 
     </span>
    </p>
   </div>
   <div class='ocr_carea' id='block_1_42' title="bbox 533 3976 2167 4048">
    <p class='ocr_par' dir='ltr' id='par_1_42' title="bbox 533 3976 2167 4048">
     <span class='ocr_line' id='line_1_42' title="bbox 533 3976 2167 4048; baseline 0.004 -20"><span class='ocrx_word' id='word_1_332' title='bbox 533 3978 645 4046; x_wconf 85' lang='lat' dir='ltr'>vit;</span> <span class='ocrx_word' id='word_1_333' title='bbox 702 3993 816 4032; x_wconf 90' lang='lat' dir='ltr'>non</span> <span class='ocrx_word' id='word_1_334' title='bbox 868 3976 1164 4031; x_wconf 89' lang='lat' dir='ltr'>reddidisti</span> <span class='ocrx_word' id='word_1_335' title='bbox 1218 3977 1488 4031; x_wconf 89' lang='lat' dir='ltr'>alimenta</span> <span class='ocrx_word' id='word_1_336' title='bbox 1546 3995 1673 4048; x_wconf 67' lang='lat' dir='ltr'>qua:</span> <span class='ocrx_word' id='word_1_337' title='bbox 1718 3978 1919 4032; x_wconf 89' lang='lat' dir='ltr'>tribuit</span> <span class='ocrx_word' id='word_1_338' title='bbox 1969 3984 2167 4034; x_wconf 91' lang='lat' dir='ltr'>tenero</span> 
     </span>
    </p>
   </div>
   <div class='ocr_carea' id='block_1_43' title="bbox 540 4069 2166 4142">
    <p class='ocr_par' dir='ltr' id='par_1_43' title="bbox 540 4069 2166 4142">
     <span class='ocr_line' id='line_1_43' title="bbox 540 4069 2166 4142; baseline 0.002 -17"><span class='ocrx_word' id='word_1_339' title='bbox 540 4071 758 4141; x_wconf 86' lang='lat' dir='ltr'>pietatis</span> <span class='ocrx_word' id='word_1_340' title='bbox 789 4069 1015 4136; x_wconf 78' lang='lat' dir='ltr'>affectu,</span> <span class='ocrx_word' id='word_1_341' title='bbox 1049 4070 1395 4142; x_wconf 84' lang='lat' dir='ltr'>immulgens</span> <span class='ocrx_word' id='word_1_342' title='bbox 1436 4071 1604 4125; x_wconf 88' lang='lat' dir='ltr'>labris</span> <span class='ocrx_word' id='word_1_343' title='bbox 1653 4071 1761 4125; x_wconf 91' lang='lat' dir='ltr'>tuis</span> <span class='ocrx_word' id='word_1_344' title='bbox 1803 4072 2010 4142; x_wconf 91' lang='lat' dir='ltr'>ubera;</span> <span class='ocrx_word' id='word_1_345' title='bbox 2051 4090 2166 4128; x_wconf 92' lang='lat' dir='ltr'>non</span> 
     </span>
    </p>
   </div>
   <div class='ocr_carea' id='block_1_44' title="bbox 539 4162 2167 4237">
    <p class='ocr_par' dir='ltr' id='par_1_44' title="bbox 539 4162 2167 4237">
     <span class='ocr_line' id='line_1_44' title="bbox 539 4162 2167 4237; baseline 0.003 -22"><span class='ocrx_word' id='word_1_346' title='bbox 539 4162 835 4217; x_wconf 88' lang='lat' dir='ltr'>reddidisti</span> <span class='ocrx_word' id='word_1_347' title='bbox 858 4163 1072 4216; x_wconf 84' lang='lat' dir='ltr'>famem</span> <span class='ocrx_word' id='word_1_348' title='bbox 1102 4179 1276 4234; x_wconf 90' lang='lat' dir='ltr'>quam</span> <span class='ocrx_word' id='word_1_349' title='bbox 1304 4181 1406 4234; x_wconf 90' lang='lat' dir='ltr'>pro</span> <span class='ocrx_word' id='word_1_350' title='bbox 1436 4169 1489 4218; x_wconf 91' lang='lat' dir='ltr'>te</span> <span class='ocrx_word' id='word_1_351' title='bbox 1517 4163 1612 4218; x_wconf 90' lang='lat' dir='ltr'>illa</span> <span class='ocrx_word' id='word_1_352' title='bbox 1635 4163 1914 4235; x_wconf 88' lang='lat' dir='ltr'>toleravit,</span> <span class='ocrx_word' id='word_1_353' title='bbox 1941 4182 2009 4221; x_wconf 89' lang='lat' dir='ltr'>ne</span> <span class='ocrx_word' id='word_1_354' title='bbox 2030 4167 2167 4237; x_wconf 93' lang='lat' dir='ltr'>quid</span> 
     </span>
    </p>
   </div>
   <div class='ocr_carea' id='block_1_45' title="bbox 526 4251 2164 4330">
    <p class='ocr_par' dir='ltr' id='par_1_45' title="bbox 526 4251 2164 4330">
     <span class='ocr_line' id='line_1_45' title="bbox 526 4251 2164 4330; baseline 0.004 -22"><span class='ocrx_word' id='word_1_355' title='bbox 526 4251 693 4327; x_wconf 87' lang='lat' dir='ltr'>quod</span> <span class='ocrx_word' id='word_1_356' title='bbox 725 4255 827 4309; x_wconf 91' lang='lat' dir='ltr'>tibi</span> <span class='ocrx_word' id='word_1_357' title='bbox 864 4255 1099 4310; x_wconf 90' lang='lat' dir='ltr'>noxium</span> <span class='ocrx_word' id='word_1_358' title='bbox 1131 4262 1276 4311; x_wconf 89' lang='lat' dir='ltr'>esset</span> <span class='ocrx_word' id='word_1_359' title='bbox 1309 4257 1540 4323; x_wconf 90' lang='lat' dir='ltr'>ederet;</span> <span class='ocrx_word' id='word_1_360' title='bbox 1575 4274 1645 4312; x_wconf 94' lang='lat' dir='ltr'>ne</span> <span class='ocrx_word' id='word_1_361' title='bbox 1675 4258 1810 4329; x_wconf 83' lang='lat' dir='ltr'>quid</span> <span class='ocrx_word' id='word_1_362' title='bbox 1851 4260 2001 4330; x_wconf 86' lang='lat' dir='ltr'>quod</span> <span class='ocrx_word' id='word_1_363' title='bbox 2039 4261 2164 4314; x_wconf 87' lang='lat' dir='ltr'>lacti</span> 
     </span>
    </p>
   </div>
   <div class='ocr_carea' id='block_1_46' title="bbox 538 4349 2165 4422">
    <p class='ocr_par' dir='ltr' id='par_1_46' title="bbox 538 4349 2165 4422">
     <span class='ocr_line' id='line_1_46' title="bbox 538 4349 2165 4422; baseline 0.002 -19"><span class='ocrx_word' id='word_1_364' title='bbox 538 4354 770 4404; x_wconf 90' lang='lat' dir='ltr'>noceret</span> <span class='ocrx_word' id='word_1_365' title='bbox 817 4349 1092 4404; x_wconf 87' lang='lat' dir='ltr'>hauriret.</span> <span class='ocrx_word' id='word_1_366' title='bbox 1139 4350 1258 4404; x_wconf 89' lang='lat' dir='ltr'>Tibi</span> <span class='ocrx_word' id='word_1_367' title='bbox 1297 4351 1392 4404; x_wconf 91' lang='lat' dir='ltr'>illa</span> <span class='ocrx_word' id='word_1_368' title='bbox 1427 4352 1724 4422; x_wconf 88' lang='lat' dir='ltr'>jejunavit,</span> <span class='ocrx_word' id='word_1_369' title='bbox 1777 4351 1875 4406; x_wconf 90' lang='lat' dir='ltr'>tibi</span> <span class='ocrx_word' id='word_1_370' title='bbox 1921 4353 2165 4407; x_wconf 88' lang='lat' dir='ltr'>mandu-</span> 
     </span>
    </p>
   </div>
   <div class='ocr_carea' id='block_1_47' title="bbox 538 4442 2167 4517">
    <p class='ocr_par' dir='ltr' id='par_1_47' title="bbox 538 4442 2167 4517">
     <span class='ocr_line' id='line_1_47' title="bbox 538 4442 2167 4517; baseline 0.002 -19"><span class='ocrx_word' id='word_1_371' title='bbox 538 4443 703 4511; x_wconf 88' lang='lat' dir='ltr'>cavit,</span> <span class='ocrx_word' id='word_1_372' title='bbox 736 4442 839 4498; x_wconf 93' lang='lat' dir='ltr'>tibi</span> <span class='ocrx_word' id='word_1_373' title='bbox 876 4443 968 4498; x_wconf 92' lang='lat' dir='ltr'>illa</span> <span class='ocrx_word' id='word_1_374' title='bbox 1007 4459 1178 4515; x_wconf 90' lang='lat' dir='ltr'>quem</span> <span class='ocrx_word' id='word_1_375' title='bbox 1223 4444 1399 4498; x_wconf 92' lang='lat' dir='ltr'>voluit</span> <span class='ocrx_word' id='word_1_376' title='bbox 1437 4444 1628 4498; x_wconf 90' lang='lat' dir='ltr'>cibum</span> <span class='ocrx_word' id='word_1_377' title='bbox 1656 4462 1770 4499; x_wconf 90' lang='lat' dir='ltr'>non</span> <span class='ocrx_word' id='word_1_378' title='bbox 1797 4447 2035 4517; x_wconf 89' lang='lat' dir='ltr'>accepit,</span> <span class='ocrx_word' id='word_1_379' title='bbox 2063 4447 2167 4501; x_wconf 90' lang='lat' dir='ltr'>tibi</span> 
     </span>
    </p>
   </div>
   <div class='ocr_carea' id='block_1_48' title="bbox 2259 602 3637 674">
    <p class='ocr_par' dir='ltr' id='par_1_48' title="bbox 2259 602 3637 674">
     <span class='ocr_line' id='line_1_48' title="bbox 2259 602 3637 674; baseline 0.004 -19"><span class='ocrx_word' id='word_1_380' title='bbox 2259 603 2360 670; x_wconf 76' lang='grc'>16).</span> <span class='ocrx_word' id='word_1_381' title='bbox 2394 623 2422 651; x_wconf 84' lang='grc'><strong>››</strong></span> <span class='ocrx_word' id='word_1_382' title='bbox 2451 603 2564 656; x_wconf 91' lang='lat' dir='ltr'>Hoc</span> <span class='ocrx_word' id='word_1_383' title='bbox 2593 602 2662 656; x_wconf 93' lang='lat' dir='ltr'>de</span> <span class='ocrx_word' id='word_1_384' title='bbox 2689 604 3004 669; x_wconf 88' lang='lat' dir='ltr'>extraneis;</span> <span class='ocrx_word' id='word_1_385' title='bbox 3037 603 3176 674; x_wconf 92' lang='lat' dir='ltr'>quid</span> <span class='ocrx_word' id='word_1_386' title='bbox 3202 603 3270 657; x_wconf 92' lang='lat' dir='ltr'>de</span> <span class='ocrx_word' id='word_1_387' title='bbox 3297 606 3637 674; x_wconf 81' lang='lat' dir='ltr'>parentibus?</span> 
     </span>
    </p>
   </div>
   <div class='ocr_carea' id='block_1_49' title="bbox 2327 697 3814 770">
    <p class='ocr_par' dir='ltr' id='par_1_49' title="bbox 2327 697 3814 770">
     <span class='ocr_line' id='line_1_49' title="bbox 2327 697 3814 770; baseline 0.007 -21"><span class='ocrx_word' id='word_1_388' title='bbox 2327 699 2415 749; x_wconf 90' lang='lat'>76.</span> <span class='ocrx_word' id='word_1_389' title='bbox 2462 697 2579 750; x_wconf 70' lang='lat' dir='ltr'>Non</span> <span class='ocrx_word' id='word_1_390' title='bbox 2622 697 2801 750; x_wconf 91' lang='lat' dir='ltr'>otiose</span> <span class='ocrx_word' id='word_1_391' title='bbox 2843 697 3084 751; x_wconf 86' lang='lat' dir='ltr'>diximus</span> <span class='ocrx_word' id='word_1_392' title='bbox 3129 697 3396 767; x_wconf 86' lang='lat' dir='ltr'>proxime,</span> <span class='ocrx_word' id='word_1_393' title='bbox 3437 701 3558 770; x_wconf 88' lang='lat' dir='ltr'>quia</span> <span class='ocrx_word' id='word_1_394' title='bbox 3593 718 3682 756; x_wconf 90' lang='lat' dir='ltr'>nos</span> <span class='ocrx_word' id='word_1_395' title='bbox 3720 722 3814 760; x_wconf 83' lang='lat' dir='ltr'>ma-</span> 
     </span>
    </p>
   </div>
   <div class='ocr_carea' id='block_1_50' title="bbox 2257 791 3817 870">
    <p class='ocr_par' dir='ltr' id='par_1_50' title="bbox 2257 791 3817 870">
     <span class='ocr_line' id='line_1_50' title="bbox 2257 791 3817 870; baseline 0.006 -27"><span class='ocrx_word' id='word_1_396' title='bbox 2257 795 2420 844; x_wconf 89' lang='lat' dir='ltr'>terna</span> <span class='ocrx_word' id='word_1_397' title='bbox 2445 791 2682 861; x_wconf 89' lang='lat' dir='ltr'>querela</span> <span class='ocrx_word' id='word_1_398' title='bbox 2717 791 3093 861; x_wconf 84' lang='lat' dir='ltr'>praestrinxit;</span> <span class='ocrx_word' id='word_1_399' title='bbox 3139 791 3238 845; x_wconf 90' lang='lat' dir='ltr'>sed</span> <span class='ocrx_word' id='word_1_400' title='bbox 3275 792 3564 847; x_wconf 88' lang='lat' dir='ltr'>maluimus</span> <span class='ocrx_word' id='word_1_401' title='bbox 3597 811 3712 850; x_wconf 91' lang='lat' dir='ltr'>eum</span> <span class='ocrx_word' id='word_1_402' title='bbox 3741 803 3817 870; x_wconf 88' lang='lat' dir='ltr'>qui</span> 
     </span>
    </p>
   </div>
   <div class='ocr_carea' id='block_1_51' title="bbox 2257 884 3818 956">
    <p class='ocr_par' dir='ltr' id='par_1_51' title="bbox 2257 884 3818 956">
     <span class='ocr_line' id='line_1_51' title="bbox 2257 884 3818 956; baseline 0.004 -18"><span class='ocrx_word' id='word_1_403' title='bbox 2257 884 2386 938; x_wconf 91' lang='lat' dir='ltr'>talis</span> <span class='ocrx_word' id='word_1_404' title='bbox 2440 888 2541 952; x_wconf 90' lang='lat' dir='ltr'>est,</span> <span class='ocrx_word' id='word_1_405' title='bbox 2599 884 2817 954; x_wconf 90' lang='lat' dir='ltr'>publice</span> <span class='ocrx_word' id='word_1_406' title='bbox 2868 901 3103 938; x_wconf 86' lang='lat' dir='ltr'>monere</span> <span class='ocrx_word' id='word_1_407' title='bbox 3155 885 3287 954; x_wconf 88' lang='lat'>(90),</span> <span class='ocrx_word' id='word_1_408' title='bbox 3334 902 3499 956; x_wconf 89' lang='lat' dir='ltr'>quam</span> <span class='ocrx_word' id='word_1_409' title='bbox 3551 888 3818 946; x_wconf 85' lang='lat' dir='ltr'>domestice</span> 
     </span>
    </p>
   </div>
   <div class='ocr_carea' id='block_1_52' title="bbox 2259 978 3821 1050">
    <p class='ocr_par' dir='ltr' id='par_1_52' title="bbox 2259 978 3821 1050">
     <span class='ocr_line' id='line_1_52' title="bbox 2259 978 3821 1050; baseline 0.006 -19"><span class='ocrx_word' id='word_1_410' title='bbox 2259 994 2531 1032; x_wconf 89' lang='lat' dir='ltr'>coercere.</span> <span class='ocrx_word' id='word_1_411' title='bbox 2566 979 2633 1032; x_wconf 86' lang='lat' dir='ltr'>Et</span> <span class='ocrx_word' id='word_1_412' title='bbox 2677 978 2722 1031; x_wconf 89' lang='lat' dir='ltr'>si</span> <span class='ocrx_word' id='word_1_413' title='bbox 2762 983 2954 1031; x_wconf 88' lang='lat' dir='ltr'>nostra</span> <span class='ocrx_word' id='word_1_414' title='bbox 2999 994 3132 1032; x_wconf 92' lang='lat' dir='ltr'>voce</span> <span class='ocrx_word' id='word_1_415' title='bbox 3180 995 3292 1032; x_wconf 91' lang='lat' dir='ltr'>non</span> <span class='ocrx_word' id='word_1_416' title='bbox 3338 980 3601 1050; x_wconf 89' lang='lat' dir='ltr'>proditur,</span> <span class='ocrx_word' id='word_1_417' title='bbox 3637 983 3710 1036; x_wconf 86' lang='lat' dir='ltr'>vel</span> <span class='ocrx_word' id='word_1_418' title='bbox 3743 1001 3821 1040; x_wconf 90' lang='lat' dir='ltr'>suo</span> 
     </span>
    </p>
   </div>
   <div class='ocr_carea' id='block_1_53' title="bbox 2258 1071 3824 1141">
    <p class='ocr_par' dir='ltr' id='par_1_53' title="bbox 2258 1071 3824 1141">
     <span class='ocr_line' id='line_1_53' title="bbox 2258 1071 3824 1141; baseline 0.003 -16"><span class='ocrx_word' id='word_1_419' title='bbox 2258 1079 2447 1126; x_wconf 89' lang='lat' dir='ltr'>tamen</span> <span class='ocrx_word' id='word_1_420' title='bbox 2497 1071 2776 1125; x_wconf 88' lang='lat' dir='ltr'>erubescit</span> <span class='ocrx_word' id='word_1_421' title='bbox 2829 1071 3058 1125; x_wconf 75' lang='lat' dir='ltr'>affectu.</span> <span class='ocrx_word' id='word_1_422' title='bbox 3107 1073 3183 1125; x_wconf 89' lang='lat' dir='ltr'>Ne</span> <span class='ocrx_word' id='word_1_423' title='bbox 3233 1073 3593 1140; x_wconf 90' lang='lat' dir='ltr'>commiseris,</span> <span class='ocrx_word' id='word_1_424' title='bbox 3644 1074 3731 1141; x_wconf 89' lang='lat' dir='ltr'>ﬁli,</span> <span class='ocrx_word' id='word_1_425' title='bbox 3774 1086 3824 1131; x_wconf 90' lang='lat' dir='ltr'>ut</span> 
     </span>
    </p>
   </div>
   <div class='ocr_carea' id='block_1_54' title="bbox 2257 1167 3822 1236">
    <p class='ocr_par' dir='ltr' id='par_1_54' title="bbox 2257 1167 3822 1236">
     <span class='ocr_line' id='line_1_54' title="bbox 2257 1167 3822 1236; baseline 0.003 -18"><span class='ocrx_word' id='word_1_426' title='bbox 2257 1169 2524 1235; x_wconf 89' lang='lat' dir='ltr'>parentes</span> <span class='ocrx_word' id='word_1_427' title='bbox 2550 1171 2674 1219; x_wconf 89' lang='lat' dir='ltr'>tuos</span> <span class='ocrx_word' id='word_1_428' title='bbox 2702 1167 2948 1219; x_wconf 90' lang='lat' dir='ltr'>aliorum</span> <span class='ocrx_word' id='word_1_429' title='bbox 2975 1167 3155 1219; x_wconf 89' lang='lat' dir='ltr'>fames</span> <span class='ocrx_word' id='word_1_430' title='bbox 3181 1169 3370 1235; x_wconf 86' lang='lat' dir='ltr'>pascat</span> <span class='ocrx_word' id='word_1_431' title='bbox 3402 1183 3469 1219; x_wconf 90' lang='lat' dir='ltr'>ne</span> <span class='ocrx_word' id='word_1_432' title='bbox 3499 1170 3822 1236; x_wconf 83' lang='lat' dir='ltr'>commiseris,</span> 
     </span>
    </p>
   </div>
   <div class='ocr_carea' id='block_1_55' title="bbox 2259 1258 3829 1329">
    <p class='ocr_par' dir='ltr' id='par_1_55' title="bbox 2259 1258 3829 1329">
     <span class='ocr_line' id='line_1_55' title="bbox 2259 1258 3829 1329; baseline 0.003 -17"><span class='ocrx_word' id='word_1_433' title='bbox 2259 1259 2358 1324; x_wconf 90' lang='lat' dir='ltr'>ﬁli,</span> <span class='ocrx_word' id='word_1_434' title='bbox 2421 1265 2480 1312; x_wconf 89' lang='lat' dir='ltr'>ut</span> <span class='ocrx_word' id='word_1_435' title='bbox 2523 1259 2748 1329; x_wconf 84' lang='lat' dir='ltr'>jejunia</span> <span class='ocrx_word' id='word_1_436' title='bbox 2791 1275 3111 1329; x_wconf 85' lang='lat' dir='ltr'>pauperum</span> <span class='ocrx_word' id='word_1_437' title='bbox 3158 1258 3478 1329; x_wconf 88' lang='lat' dir='ltr'>parentibus</span> <span class='ocrx_word' id='word_1_438' title='bbox 3531 1261 3629 1314; x_wconf 89' lang='lat' dir='ltr'>tuis</span> <span class='ocrx_word' id='word_1_439' title='bbox 3675 1262 3829 1318; x_wconf 89' lang='lat' dir='ltr'>cibum</span> 
     </span>
    </p>
   </div>
   <div class='ocr_carea' id='block_1_56' title="bbox 2261 1352 3827 1426">
    <p class='ocr_par' dir='ltr' id='par_1_56' title="bbox 2261 1352 3827 1426">
     <span class='ocr_line' id='line_1_56' title="bbox 2261 1352 3827 1426; baseline 0.002 -20"><span class='ocrx_word' id='word_1_440' title='bbox 2261 1358 2536 1423; x_wconf 72' lang='lat' dir='ltr'>quaerant.</span> <span class='ocrx_word' id='word_1_441' title='bbox 2566 1352 2619 1406; x_wconf 92' lang='lat' dir='ltr'>Si</span> <span class='ocrx_word' id='word_1_442' title='bbox 2646 1369 2761 1406; x_wconf 92' lang='lat' dir='ltr'>non</span> <span class='ocrx_word' id='word_1_443' title='bbox 2791 1356 3024 1423; x_wconf 90' lang='lat' dir='ltr'>propter</span> <span class='ocrx_word' id='word_1_444' title='bbox 3052 1352 3300 1423; x_wconf 84' lang='lat' dir='ltr'>gratiam</span> <span class='ocrx_word' id='word_1_445' title='bbox 3331 1355 3388 1405; x_wconf 90' lang='lat' dir='ltr'>et</span> <span class='ocrx_word' id='word_1_446' title='bbox 3411 1353 3656 1420; x_wconf 88' lang='lat' dir='ltr'>salutem,</span> <span class='ocrx_word' id='word_1_447' title='bbox 3683 1371 3827 1426; x_wconf 80' lang='lat' dir='ltr'>prop-</span> 
     </span>
    </p>
   </div>
   <div class='ocr_carea' id='block_1_57' title="bbox 2258 1445 3830 1516">
    <p class='ocr_par' dir='ltr' id='par_1_57' title="bbox 2258 1445 3830 1516">
     <span class='ocr_line' id='line_1_57' title="bbox 2258 1445 3830 1516; baseline 0.001 -16"><span class='ocrx_word' id='word_1_448' title='bbox 2258 1453 2346 1500; x_wconf 88' lang='lat' dir='ltr'>ter</span> <span class='ocrx_word' id='word_1_449' title='bbox 2370 1445 2769 1500; x_wconf 87' lang='lat' dir='ltr'>verecundiam</span> <span class='ocrx_word' id='word_1_450' title='bbox 2796 1461 2964 1516; x_wconf 90' lang='lat' dir='ltr'>pasce</span> <span class='ocrx_word' id='word_1_451' title='bbox 2992 1445 3080 1499; x_wconf 92' lang='lat' dir='ltr'>vel</span> <span class='ocrx_word' id='word_1_452' title='bbox 3108 1450 3190 1514; x_wconf 88' lang='lat' dir='ltr'>tu,</span> <span class='ocrx_word' id='word_1_453' title='bbox 3226 1445 3328 1512; x_wconf 85' lang='lat' dir='ltr'>ﬁli,</span> <span class='ocrx_word' id='word_1_454' title='bbox 3363 1446 3446 1499; x_wconf 87' lang='lat' dir='ltr'>vel</span> <span class='ocrx_word' id='word_1_455' title='bbox 3477 1449 3556 1512; x_wconf 88' lang='lat' dir='ltr'>tu,</span> <span class='ocrx_word' id='word_1_456' title='bbox 3584 1446 3702 1500; x_wconf 88' lang='lat' dir='ltr'>ﬁlia.</span> <span class='ocrx_word' id='word_1_457' title='bbox 3730 1448 3830 1503; x_wconf 83' lang='lat' dir='ltr'>Non</span> 
     </span>
    </p>
   </div>
   <div class='ocr_carea' id='block_1_58' title="bbox 2259 1538 3835 1611">
    <p class='ocr_par' dir='ltr' id='par_1_58' title="bbox 2259 1538 3835 1611">
     <span class='ocr_line' id='line_1_58' title="bbox 2259 1538 3835 1611; baseline 0.001 -17"><span class='ocrx_word' id='word_1_458' title='bbox 2259 1541 2435 1611; x_wconf 90' lang='lat' dir='ltr'>pudet</span> <span class='ocrx_word' id='word_1_459' title='bbox 2460 1540 2503 1593; x_wconf 91' lang='lat' dir='ltr'>si</span> <span class='ocrx_word' id='word_1_460' title='bbox 2531 1543 2585 1593; x_wconf 91' lang='lat' dir='ltr'>te</span> <span class='ocrx_word' id='word_1_461' title='bbox 2611 1538 2967 1610; x_wconf 85' lang='lat' dir='ltr'>ingrediente</span> <span class='ocrx_word' id='word_1_462' title='bbox 3009 1539 3065 1592; x_wconf 92' lang='lat' dir='ltr'>in</span> <span class='ocrx_word' id='word_1_463' title='bbox 3093 1539 3422 1608; x_wconf 87' lang='lat' dir='ltr'>Ecclesiam,</span> <span class='ocrx_word' id='word_1_464' title='bbox 3452 1538 3640 1593; x_wconf 91' lang='lat' dir='ltr'>alienis</span> <span class='ocrx_word' id='word_1_465' title='bbox 3664 1557 3835 1595; x_wconf 87' lang='lat' dir='ltr'>manus</span> 
     </span>
    </p>
   </div>
   <div class='ocr_carea' id='block_1_59' title="bbox 2261 1632 3836 1704">
    <p class='ocr_par' dir='ltr' id='par_1_59' title="bbox 2261 1632 3836 1704">
     <span class='ocr_line' id='line_1_59' title="bbox 2261 1632 3836 1704; baseline 0.001 -16"><span class='ocrx_word' id='word_1_466' title='bbox 2261 1651 2387 1688; x_wconf 90' lang='lat' dir='ltr'>suas</span> <span class='ocrx_word' id='word_1_467' title='bbox 2426 1651 2565 1688; x_wconf 89' lang='lat' dir='ltr'>anus</span> <span class='ocrx_word' id='word_1_468' title='bbox 2604 1641 2790 1687; x_wconf 88' lang='lat' dir='ltr'>mater</span> <span class='ocrx_word' id='word_1_469' title='bbox 2828 1632 3119 1699; x_wconf 86' lang='lat' dir='ltr'>extendat,</span> <span class='ocrx_word' id='word_1_470' title='bbox 3155 1638 3211 1687; x_wconf 90' lang='lat' dir='ltr'>et</span> <span class='ocrx_word' id='word_1_471' title='bbox 3247 1633 3620 1704; x_wconf 67' lang='lat' dir='ltr'>praetermissa</span> <span class='ocrx_word' id='word_1_472' title='bbox 3643 1633 3762 1701; x_wconf 87' lang='lat' dir='ltr'>ﬁlia,</span> <span class='ocrx_word' id='word_1_473' title='bbox 3785 1635 3836 1689; x_wconf 88' lang='lat' dir='ltr'>de</span> 
     </span>
    </p>
   </div>
   <div class='ocr_carea' id='block_1_60' title="bbox 2263 1727 3837 1798">
    <p class='ocr_par' dir='ltr' id='par_1_60' title="bbox 2263 1727 3837 1798">
     <span class='ocr_line' id='line_1_60' title="bbox 2263 1727 3837 1798; baseline 0.001 -17"><span class='ocrx_word' id='word_1_474' title='bbox 2263 1727 2540 1781; x_wconf 89' lang='lat' dir='ltr'>extraneis</span> <span class='ocrx_word' id='word_1_475' title='bbox 2584 1727 2786 1796; x_wconf 88' lang='lat' dir='ltr'>stipem</span> <span class='ocrx_word' id='word_1_476' title='bbox 2833 1731 3056 1798; x_wconf 89' lang='lat' dir='ltr'>poscat;</span> <span class='ocrx_word' id='word_1_477' title='bbox 3085 1743 3214 1781; x_wconf 92' lang='lat' dir='ltr'>cum</span> <span class='ocrx_word' id='word_1_478' title='bbox 3261 1730 3323 1780; x_wconf 92' lang='lat' dir='ltr'>tu</span> <span class='ocrx_word' id='word_1_479' title='bbox 3367 1731 3608 1781; x_wconf 88' lang='lat' dir='ltr'>transeas</span> <span class='ocrx_word' id='word_1_480' title='bbox 3649 1727 3837 1782; x_wconf 89' lang='lat' dir='ltr'>sublimi</span> 
     </span>
    </p>
   </div>
   <div class='ocr_carea' id='block_1_61' title="bbox 2263 1819 3841 1888">
    <p class='ocr_par' dir='ltr' id='par_1_61' title="bbox 2263 1819 3841 1888">
     <span class='ocr_line' id='line_1_61' title="bbox 2263 1819 3841 1888; baseline 0 -14"><span class='ocrx_word' id='word_1_481' title='bbox 2263 1821 2423 1888; x_wconf 89' lang='lat' dir='ltr'>collo,</span> <span class='ocrx_word' id='word_1_482' title='bbox 2458 1826 2513 1876; x_wconf 90' lang='lat' dir='ltr'>et</span> <span class='ocrx_word' id='word_1_483' title='bbox 2538 1821 2770 1875; x_wconf 90' lang='lat' dir='ltr'>nutibus</span> <span class='ocrx_word' id='word_1_484' title='bbox 2803 1821 3119 1886; x_wconf 90' lang='lat' dir='ltr'>oculorum,</span> <span class='ocrx_word' id='word_1_485' title='bbox 3152 1821 3384 1874; x_wconf 86' lang='lat' dir='ltr'>trahens</span> <span class='ocrx_word' id='word_1_486' title='bbox 3413 1826 3641 1886; x_wconf 89' lang='lat' dir='ltr'>vestem,</span> <span class='ocrx_word' id='word_1_487' title='bbox 3661 1819 3841 1874; x_wconf 82' lang='lat' dir='ltr'>habens</span> 
     </span>
    </p>
   </div>
   <div class='ocr_carea' id='block_1_62' title="bbox 2266 1913 3839 1985">
    <p class='ocr_par' dir='ltr' id='par_1_62' title="bbox 2266 1913 3839 1985">
     <span class='ocr_line' id='line_1_62' title="bbox 2266 1913 3839 1985; baseline -0.001 -17"><span class='ocrx_word' id='word_1_488' title='bbox 2266 1915 2512 1984; x_wconf 90' lang='lat' dir='ltr'>inaures,</span> <span class='ocrx_word' id='word_1_489' title='bbox 2565 1918 2623 1968; x_wconf 89' lang='lat' dir='ltr'>et</span> <span class='ocrx_word' id='word_1_490' title='bbox 2668 1914 2961 1981; x_wconf 87' lang='lat' dir='ltr'>dextralia,</span> <span class='ocrx_word' id='word_1_491' title='bbox 3007 1920 3062 1967; x_wconf 89' lang='lat' dir='ltr'>et</span> <span class='ocrx_word' id='word_1_492' title='bbox 3105 1915 3363 1983; x_wconf 89' lang='lat' dir='ltr'>annulos,</span> <span class='ocrx_word' id='word_1_493' title='bbox 3404 1917 3460 1968; x_wconf 91' lang='lat' dir='ltr'>et</span> <span class='ocrx_word' id='word_1_494' title='bbox 3501 1913 3708 1985; x_wconf 89' lang='lat' dir='ltr'>reliqua</span> <span class='ocrx_word' id='word_1_495' title='bbox 3741 1930 3839 1984; x_wconf 74' lang='lat' dir='ltr'>qua:</span> 
     </span>
    </p>
   </div>
   <div class='ocr_carea' id='block_1_63' title="bbox 2267 2008 3841 2078">
    <p class='ocr_par' dir='ltr' id='par_1_63' title="bbox 2267 2008 3841 2078">
     <span class='ocr_line' id='line_1_63' title="bbox 2267 2008 3841 2078; baseline -0.001 -16"><span class='ocrx_word' id='word_1_496' title='bbox 2267 2008 2437 2063; x_wconf 73' lang='lat' dir='ltr'>Isaias</span> <span class='ocrx_word' id='word_1_497' title='bbox 2463 2008 2598 2062; x_wconf 91' lang='lat' dir='ltr'>dicit</span> <span class='ocrx_word' id='word_1_498' title='bbox 2623 2009 2770 2076; x_wconf 82' lang='lat' dir='ltr'>(Isa.,</span> <span class='ocrx_word' id='word_1_499' title='bbox 2804 2025 2880 2076; x_wconf 85' lang='grc' dir='ltr'><strong>ιιι,</strong></span> <span class='ocrx_word' id='word_1_500' title='bbox 2908 2009 3126 2078; x_wconf 69' lang='grc' dir='ltr'>16-24)ἳ</span> <span class='ocrx_word' id='word_1_501' title='bbox 3151 2008 3296 2072; x_wconf 88' lang='lat' dir='ltr'>Quid</span> <span class='ocrx_word' id='word_1_502' title='bbox 3320 2008 3364 2062; x_wconf 92' lang='lat' dir='ltr'>si</span> <span class='ocrx_word' id='word_1_503' title='bbox 3395 2009 3454 2062; x_wconf 90' lang='lat' dir='ltr'>in</span> <span class='ocrx_word' id='word_1_504' title='bbox 3481 2011 3534 2063; x_wconf 92' lang='lat' dir='ltr'>te</span> <span class='ocrx_word' id='word_1_505' title='bbox 3560 2023 3841 2062; x_wconf 88' lang='lat' dir='ltr'>sermonem</span> 
     </span>
    </p>
   </div>
   <div class='ocr_carea' id='block_1_64' title="bbox 2266 2101 3840 2172">
    <p class='ocr_par' dir='ltr' id='par_1_64' title="bbox 2266 2101 3840 2172">
     <span class='ocr_line' id='line_1_64' title="bbox 2266 2101 3840 2172; baseline -0.001 -17"><span class='ocrx_word' id='word_1_506' title='bbox 2266 2119 2429 2156; x_wconf 86' lang='lat' dir='ltr'>suum</span> <span class='ocrx_word' id='word_1_507' title='bbox 2459 2107 2654 2170; x_wconf 86' lang='lat' dir='ltr'>vertat,</span> <span class='ocrx_word' id='word_1_508' title='bbox 2679 2118 2978 2172; x_wconf 90' lang='lat' dir='ltr'>reposcens</span> <span class='ocrx_word' id='word_1_509' title='bbox 3006 2107 3228 2156; x_wconf 73' lang='lat' dir='ltr'>naturas</span> <span class='ocrx_word' id='word_1_510' title='bbox 3256 2102 3537 2168; x_wconf 91' lang='lat' dir='ltr'>debitum,</span> <span class='ocrx_word' id='word_1_511' title='bbox 3565 2101 3840 2155; x_wconf 88' lang='lat' dir='ltr'>nutrimen-</span> 
     </span>
    </p>
   </div>
   <div class='ocr_carea' id='block_1_65' title="bbox 2265 2195 3845 2266">
    <p class='ocr_par' dir='ltr' id='par_1_65' title="bbox 2265 2195 3845 2266">
     <span class='ocr_line' id='line_1_65' title="bbox 2265 2195 3845 2266; baseline -0.004 -16"><span class='ocrx_word' id='word_1_512' title='bbox 2265 2201 2452 2250; x_wconf 89' lang='lat' dir='ltr'>torum</span> <span class='ocrx_word' id='word_1_513' title='bbox 2489 2196 2760 2266; x_wconf 89' lang='lat' dir='ltr'>pretium,</span> <span class='ocrx_word' id='word_1_514' title='bbox 2790 2212 2995 2249; x_wconf 91' lang='lat' dir='ltr'>manus</span> <span class='ocrx_word' id='word_1_515' title='bbox 3036 2201 3146 2250; x_wconf 86' lang='lat' dir='ltr'>tuae</span> <span class='ocrx_word' id='word_1_516' title='bbox 3185 2196 3338 2266; x_wconf 90' lang='lat' dir='ltr'>quod</span> <span class='ocrx_word' id='word_1_517' title='bbox 3371 2195 3624 2266; x_wconf 88' lang='lat' dir='ltr'>genitrici</span> <span class='ocrx_word' id='word_1_518' title='bbox 3651 2195 3845 2250; x_wconf 85' lang='lat' dir='ltr'>debetur</span> 
     </span>
    </p>
   </div>
   <div class='ocr_carea' id='block_1_66' title="bbox 2267 2289 3159 2360">
    <p class='ocr_par' dir='ltr' id='par_1_66' title="bbox 2267 2289 3159 2360">
     <span class='ocr_line' id='line_1_66' title="bbox 2267 2289 3159 2360; baseline -0.002 -16"><span class='ocrx_word' id='word_1_519' title='bbox 2267 2290 2554 2344; x_wconf 85' lang='lat' dir='ltr'>ofﬁcium?</span> <span class='ocrx_word' id='word_1_520' title='bbox 2581 2290 2722 2356; x_wconf 86' lang='lat' dir='ltr'>Quid</span> <span class='ocrx_word' id='word_1_521' title='bbox 2748 2289 3159 2360; x_wconf 87' lang='lat' dir='ltr'>respondebis?</span> 
     </span>
    </p>
   </div>
   <div class='ocr_carea' id='block_1_67' title="bbox 2335 2380 3846 2453">
    <p class='ocr_par' dir='ltr' id='par_1_67' title="bbox 2335 2380 3846 2453">
     <span class='ocr_line' id='line_1_67' title="bbox 2335 2380 3846 2453; baseline -0.003 -15"><span class='ocrx_word' id='word_1_522' title='bbox 2335 2389 2421 2438; x_wconf 89' lang='lat'>77.</span> <span class='ocrx_word' id='word_1_523' title='bbox 2470 2383 2714 2438; x_wconf 89' lang='lat' dir='ltr'>Dabisne</span> <span class='ocrx_word' id='word_1_524' title='bbox 2753 2383 2915 2437; x_wconf 86' lang='lat' dir='ltr'>aliis?</span> <span class='ocrx_word' id='word_1_525' title='bbox 2942 2383 3084 2447; x_wconf 87' lang='lat' dir='ltr'>Quid</span> <span class='ocrx_word' id='word_1_526' title='bbox 3123 2383 3170 2437; x_wconf 87' lang='lat' dir='ltr'>si</span> <span class='ocrx_word' id='word_1_527' title='bbox 3210 2383 3315 2437; x_wconf 87' lang='lat' dir='ltr'>tibi</span> <span class='ocrx_word' id='word_1_528' title='bbox 3360 2383 3668 2453; x_wconf 85' lang='lat' dir='ltr'>objiciant:</span> <span class='ocrx_word' id='word_1_529' title='bbox 3702 2380 3846 2444; x_wconf 84' lang='lat' dir='ltr'>Vade,</span> 
     </span>
    </p>
   </div>
   <div class='ocr_carea' id='block_1_68' title="bbox 2265 2477 3850 2550">
    <p class='ocr_par' dir='ltr' id='par_1_68' title="bbox 2265 2477 3850 2550">
     <span class='ocr_line' id='line_1_68' title="bbox 2265 2477 3850 2550; baseline -0.003 -18"><span class='ocrx_word' id='word_1_530' title='bbox 2265 2479 2422 2550; x_wconf 87' lang='lat' dir='ltr'>prius</span> <span class='ocrx_word' id='word_1_531' title='bbox 2485 2481 2727 2532; x_wconf 88' lang='lat' dir='ltr'>matrem</span> <span class='ocrx_word' id='word_1_532' title='bbox 2782 2482 2938 2531; x_wconf 90' lang='lat' dir='ltr'>tuam</span> <span class='ocrx_word' id='word_1_533' title='bbox 2989 2493 3171 2548; x_wconf 88' lang='lat' dir='ltr'>pasce.</span> <span class='ocrx_word' id='word_1_534' title='bbox 3224 2480 3392 2544; x_wconf 90' lang='lat' dir='ltr'>Nam,</span> <span class='ocrx_word' id='word_1_535' title='bbox 3445 2477 3549 2531; x_wconf 88' lang='lat' dir='ltr'>etsi</span> <span class='ocrx_word' id='word_1_536' title='bbox 3609 2489 3850 2546; x_wconf 83' lang='lat' dir='ltr'>pauperes</span> 
     </span>
    </p>
   </div>
   <div class='ocr_carea' id='block_1_69' title="bbox 2266 2570 3850 2644">
    <p class='ocr_par' dir='ltr' id='par_1_69' title="bbox 2266 2570 3850 2644">
     <span class='ocr_line' id='line_1_69' title="bbox 2266 2570 3850 2644; baseline -0.004 -18"><span class='ocrx_word' id='word_1_537' title='bbox 2266 2579 2432 2640; x_wconf 88' lang='lat' dir='ltr'>sunt,</span> <span class='ocrx_word' id='word_1_538' title='bbox 2479 2573 2712 2644; x_wconf 90' lang='lat' dir='ltr'>impiam</span> <span class='ocrx_word' id='word_1_539' title='bbox 2766 2578 2961 2626; x_wconf 90' lang='lat' dir='ltr'>tamen</span> <span class='ocrx_word' id='word_1_540' title='bbox 3015 2588 3133 2626; x_wconf 90' lang='lat' dir='ltr'>non</span> <span class='ocrx_word' id='word_1_541' title='bbox 3183 2576 3453 2643; x_wconf 58' lang='lat' dir='ltr'>quarunt</span> <span class='ocrx_word' id='word_1_542' title='bbox 3507 2570 3850 2625; x_wconf 84' lang='lat' dir='ltr'>collationem.</span> 
     </span>
    </p>
   </div>
   <div class='ocr_carea' id='block_1_70' title="bbox 2268 2662 3854 2738">
    <p class='ocr_par' dir='ltr' id='par_1_70' title="bbox 2268 2662 3854 2738">
     <span class='ocr_line' id='line_1_70' title="bbox 2268 2662 3854 2738; baseline -0.006 -15"><span class='ocrx_word' id='word_1_543' title='bbox 2268 2665 2512 2738; x_wconf 76' lang='grc'>1491</span> <span class='ocrx_word' id='word_1_544' title='bbox 2574 2666 2772 2719; x_wconf 85' lang='lat' dir='ltr'>Nonne</span> <span class='ocrx_word' id='word_1_545' title='bbox 2823 2665 3031 2719; x_wconf 87' lang='lat' dir='ltr'>audisti</span> <span class='ocrx_word' id='word_1_546' title='bbox 3081 2682 3256 2737; x_wconf 88' lang='lat' dir='ltr'>supra</span> <span class='ocrx_word' id='word_1_547' title='bbox 3317 2667 3452 2736; x_wconf 87' lang='lat' dir='ltr'>quia</span> <span class='ocrx_word' id='word_1_548' title='bbox 3501 2664 3648 2718; x_wconf 87' lang='lat' dir='ltr'>dives</span> <span class='ocrx_word' id='word_1_549' title='bbox 3691 2663 3770 2716; x_wconf 89' lang='lat' dir='ltr'>ille</span> <span class='ocrx_word' id='word_1_550' title='bbox 3808 2662 3854 2714; x_wconf 90' lang='lat' dir='ltr'>in</span> 
     </span>
    </p>
   </div>
   <div class='ocr_carea' id='block_1_71' title="bbox 2265 2757 3856 2831">
    <p class='ocr_par' dir='ltr' id='par_1_71' title="bbox 2265 2757 3856 2831">
     <span class='ocr_line' id='line_1_71' title="bbox 2265 2757 3856 2831; baseline -0.003 -17"><span class='ocrx_word' id='word_1_551' title='bbox 2265 2761 2430 2831; x_wconf 83' lang='lat' dir='ltr'>bysso</span> <span class='ocrx_word' id='word_1_552' title='bbox 2460 2765 2516 2814; x_wconf 89' lang='lat' dir='ltr'>et</span> <span class='ocrx_word' id='word_1_553' title='bbox 2555 2772 2807 2830; x_wconf 88' lang='lat' dir='ltr'>purpura</span> <span class='ocrx_word' id='word_1_554' title='bbox 2847 2759 3145 2826; x_wconf 90' lang='lat' dir='ltr'>recubans,</span> <span class='ocrx_word' id='word_1_555' title='bbox 3175 2760 3338 2831; x_wconf 88' lang='lat' dir='ltr'>cujus</span> <span class='ocrx_word' id='word_1_556' title='bbox 3379 2760 3450 2814; x_wconf 89' lang='lat' dir='ltr'>de</span> <span class='ocrx_word' id='word_1_557' title='bbox 3491 2773 3684 2813; x_wconf 88' lang='lat' dir='ltr'>mensa</span> <span class='ocrx_word' id='word_1_558' title='bbox 3716 2757 3856 2810; x_wconf 80' lang='lat' dir='ltr'>micas</span> 
     </span>
    </p>
   </div>
   <div class='ocr_carea' id='block_1_72' title="bbox 2266 2847 3857 2924">
    <p class='ocr_par' dir='ltr' id='par_1_72' title="bbox 2266 2847 3857 2924">
     <span class='ocr_line' id='line_1_72' title="bbox 2266 2847 3857 2924; baseline -0.005 -16"><span class='ocrx_word' id='word_1_559' title='bbox 2266 2856 2504 2908; x_wconf 88' lang='lat' dir='ltr'>Lazarus</span> <span class='ocrx_word' id='word_1_560' title='bbox 2562 2853 2891 2924; x_wconf 86' lang='lat' dir='ltr'>colligebat,</span> <span class='ocrx_word' id='word_1_561' title='bbox 2946 2854 3128 2924; x_wconf 88' lang='lat' dir='ltr'>poenis</span> <span class='ocrx_word' id='word_1_562' title='bbox 3180 2853 3473 2908; x_wconf 89' lang='lat' dir='ltr'>cruciatur</span> <span class='ocrx_word' id='word_1_563' title='bbox 3523 2851 3738 2906; x_wconf 66' lang='lat' dir='ltr'>aeternis</span> <span class='ocrx_word' id='word_1_564' title='bbox 3781 2847 3857 2918; x_wconf 86' lang='lat' dir='ltr'>qui</span> 
     </span>
    </p>
   </div>
   <div class='ocr_carea' id='block_1_73' title="bbox 2265 2942 3859 3020">
    <p class='ocr_par' dir='ltr' id='par_1_73' title="bbox 2265 2942 3859 3020">
     <span class='ocr_line' id='line_1_73' title="bbox 2265 2942 3859 3020; baseline -0.005 -18"><span class='ocrx_word' id='word_1_565' title='bbox 2265 2947 2505 3019; x_wconf 85' lang='lat' dir='ltr'>pauperi</span> <span class='ocrx_word' id='word_1_566' title='bbox 2531 2963 2643 3001; x_wconf 91' lang='lat' dir='ltr'>non</span> <span class='ocrx_word' id='word_1_567' title='bbox 2673 2946 2987 3017; x_wconf 86' lang='lat' dir='ltr'>impartivit</span> <span class='ocrx_word' id='word_1_568' title='bbox 3009 2947 3286 3002; x_wconf 91' lang='lat' dir='ltr'>alimenta</span> <span class='ocrx_word' id='word_1_569' title='bbox 3314 2948 3492 3020; x_wconf 86' lang='lat' dir='ltr'>(Luc.,</span> <span class='ocrx_word' id='word_1_570' title='bbox 3526 2963 3627 3014; x_wconf 68' lang='lat' dir='ltr'>xvx,</span> <span class='ocrx_word' id='word_1_571' title='bbox 3662 2942 3859 3012; x_wconf 77' lang='lat' dir='ltr'>l9-3l)?</span> 
     </span>
    </p>
   </div>
   <div class='ocr_carea' id='block_1_74' title="bbox 2265 3034 3859 3112">
    <p class='ocr_par' dir='ltr' id='par_1_74' title="bbox 2265 3034 3859 3112">
     <span class='ocr_line' id='line_1_74' title="bbox 2265 3034 3859 3112; baseline -0.004 -16"><span class='ocrx_word' id='word_1_572' title='bbox 2265 3041 2317 3096; x_wconf 91' lang='lat' dir='ltr'>Si</span> <span class='ocrx_word' id='word_1_573' title='bbox 2351 3058 2464 3095; x_wconf 91' lang='lat' dir='ltr'>non</span> <span class='ocrx_word' id='word_1_574' title='bbox 2497 3040 2713 3095; x_wconf 90' lang='lat' dir='ltr'>donare</span> <span class='ocrx_word' id='word_1_575' title='bbox 2754 3041 3036 3095; x_wconf 89' lang='lat' dir='ltr'>extraneis</span> <span class='ocrx_word' id='word_1_576' title='bbox 3073 3057 3243 3111; x_wconf 83' lang='lat' dir='ltr'>grave</span> <span class='ocrx_word' id='word_1_577' title='bbox 3274 3045 3378 3107; x_wconf 86' lang='lat' dir='ltr'>est,</span> <span class='ocrx_word' id='word_1_578' title='bbox 3415 3042 3627 3112; x_wconf 88' lang='lat' dir='ltr'>quanto</span> <span class='ocrx_word' id='word_1_579' title='bbox 3667 3034 3859 3109; x_wconf 83' lang='lat' dir='ltr'>gravius</span> 
     </span>
    </p>
   </div>
   <div class='ocr_carea' id='block_1_75' title="bbox 2267 3134 3862 3206">
    <p class='ocr_par' dir='ltr' id='par_1_75' title="bbox 2267 3134 3862 3206">
     <span class='ocr_line' id='line_1_75' title="bbox 2267 3134 3862 3206; baseline -0.004 -17"><span class='ocrx_word' id='word_1_580' title='bbox 2267 3135 2564 3190; x_wconf 88' lang='lat' dir='ltr'>excludere</span> <span class='ocrx_word' id='word_1_581' title='bbox 2591 3135 2891 3205; x_wconf 79' lang='lat' dir='ltr'>parentes?</span> <span class='ocrx_word' id='word_1_582' title='bbox 2922 3134 3033 3189; x_wconf 90' lang='lat' dir='ltr'>Sed</span> <span class='ocrx_word' id='word_1_583' title='bbox 3072 3134 3209 3189; x_wconf 90' lang='lat' dir='ltr'>dicis</span> <span class='ocrx_word' id='word_1_584' title='bbox 3251 3140 3308 3189; x_wconf 90' lang='lat' dir='ltr'>te</span> <span class='ocrx_word' id='word_1_585' title='bbox 3344 3134 3503 3206; x_wconf 89' lang='lat' dir='ltr'>quod</span> <span class='ocrx_word' id='word_1_586' title='bbox 3533 3149 3653 3188; x_wconf 89' lang='lat' dir='ltr'>eras</span> <span class='ocrx_word' id='word_1_587' title='bbox 3692 3145 3862 3203; x_wconf 86' lang='lat' dir='ltr'>paren-</span> 
     </span>
    </p>
   </div>
   <div class='ocr_carea' id='block_1_76' title="bbox 2267 3227 3858 3295">
    <p class='ocr_par' dir='ltr' id='par_1_76' title="bbox 2267 3227 3858 3295">
     <span class='ocr_line' id='line_1_76' title="bbox 2267 3227 3858 3295; baseline -0.005 -12"><span class='ocrx_word' id='word_1_588' title='bbox 2267 3230 2416 3284; x_wconf 86' lang='lat' dir='ltr'>tibus</span> <span class='ocrx_word' id='word_1_589' title='bbox 2445 3228 2766 3295; x_wconf 89' lang='lat' dir='ltr'>collaturus,</span> <span class='ocrx_word' id='word_1_590' title='bbox 2799 3227 3058 3283; x_wconf 81' lang='lat' dir='ltr'>Ecclesiae</span> <span class='ocrx_word' id='word_1_591' title='bbox 3084 3229 3254 3282; x_wconf 89' lang='lat' dir='ltr'>malle</span> <span class='ocrx_word' id='word_1_592' title='bbox 3284 3229 3569 3283; x_wconf 86' lang='lat' dir='ltr'>conferre.</span> <span class='ocrx_word' id='word_1_593' title='bbox 3595 3227 3711 3280; x_wconf 84' lang='lat' dir='ltr'>Non</span> <span class='ocrx_word' id='word_1_594' title='bbox 3736 3239 3858 3294; x_wconf 71' lang='lat' dir='ltr'>quaa-</span> 
     </span>
    </p>
   </div>
   <div class='ocr_carea' id='block_1_77' title="bbox 2268 3320 3866 3393">
    <p class='ocr_par' dir='ltr' id='par_1_77' title="bbox 2268 3320 3866 3393">
     <span class='ocr_line' id='line_1_77' title="bbox 2268 3320 3866 3393; baseline -0.006 -15"><span class='ocrx_word' id='word_1_595' title='bbox 2268 3324 2340 3378; x_wconf 91' lang='lat' dir='ltr'>rit</span> <span class='ocrx_word' id='word_1_596' title='bbox 2388 3322 2606 3377; x_wconf 90' lang='lat' dir='ltr'>donum</span> <span class='ocrx_word' id='word_1_597' title='bbox 2651 3323 2797 3377; x_wconf 90' lang='lat' dir='ltr'>Deus</span> <span class='ocrx_word' id='word_1_598' title='bbox 2839 3323 2907 3376; x_wconf 92' lang='lat' dir='ltr'>de</span> <span class='ocrx_word' id='word_1_599' title='bbox 2948 3323 3098 3376; x_wconf 90' lang='lat' dir='ltr'>fame</span> <span class='ocrx_word' id='word_1_600' title='bbox 3139 3328 3470 3393; x_wconf 88' lang='lat' dir='ltr'>parentum.</span> <span class='ocrx_word' id='word_1_601' title='bbox 3508 3320 3667 3376; x_wconf 89' lang='lat' dir='ltr'>Unde</span> <span class='ocrx_word' id='word_1_602' title='bbox 3708 3332 3866 3388; x_wconf 81' lang='lat' dir='ltr'>repre-</span> 
     </span>
    </p>
   </div>
   <div class='ocr_carea' id='block_1_78' title="bbox 2268 3414 3863 3488">
    <p class='ocr_par' dir='ltr' id='par_1_78' title="bbox 2268 3414 3863 3488">
     <span class='ocr_line' id='line_1_78' title="bbox 2268 3414 3863 3488; baseline -0.006 -18"><span class='ocrx_word' id='word_1_603' title='bbox 2268 3416 2647 3471; x_wconf 91' lang='lat' dir='ltr'>hendentibus</span> <span class='ocrx_word' id='word_1_604' title='bbox 2687 3415 2899 3471; x_wconf 76' lang='lat' dir='ltr'>Judaeis</span> <span class='ocrx_word' id='word_1_605' title='bbox 2941 3416 3074 3487; x_wconf 90' lang='lat' dir='ltr'>quia</span> <span class='ocrx_word' id='word_1_606' title='bbox 3121 3415 3387 3488; x_wconf 90' lang='lat' dir='ltr'>discipuli</span> <span class='ocrx_word' id='word_1_607' title='bbox 3438 3414 3659 3470; x_wconf 89' lang='lat' dir='ltr'>Domini</span> <span class='ocrx_word' id='word_1_608' title='bbox 3697 3425 3863 3466; x_wconf 80' lang='lat' dir='ltr'>manus</span> 
     </span>
    </p>
   </div>
   <div class='ocr_carea' id='block_1_79' title="bbox 2267 3505 3866 3581">
    <p class='ocr_par' dir='ltr' id='par_1_79' title="bbox 2267 3505 3866 3581">
     <span class='ocr_line' id='line_1_79' title="bbox 2267 3505 3866 3581; baseline -0.005 -17"><span class='ocrx_word' id='word_1_609' title='bbox 2267 3528 2385 3565; x_wconf 91' lang='lat' dir='ltr'>non</span> <span class='ocrx_word' id='word_1_610' title='bbox 2427 3512 2698 3577; x_wconf 88' lang='lat' dir='ltr'>lavarent,</span> <span class='ocrx_word' id='word_1_611' title='bbox 2729 3510 3017 3581; x_wconf 89' lang='lat' dir='ltr'>respondit</span> <span class='ocrx_word' id='word_1_612' title='bbox 3057 3511 3216 3564; x_wconf 81' lang='lat' dir='ltr'>lesus</span> <span class='ocrx_word' id='word_1_613' title='bbox 3258 3527 3271 3564; x_wconf 87' lang='lat'>:</span> <span class='ocrx_word' id='word_1_614' title='bbox 3317 3532 3344 3558; x_wconf 90' lang='grc'><em>‹‹</em></span> <span class='ocrx_word' id='word_1_615' title='bbox 3379 3510 3710 3580; x_wconf 89' lang='lat' dir='ltr'>Quicunque</span> <span class='ocrx_word' id='word_1_616' title='bbox 3750 3505 3866 3560; x_wconf 79' lang='lat' dir='ltr'>dixe-</span> 
     </span>
    </p>
   </div>
   <div class='ocr_carea' id='block_1_80' title="bbox 2268 3599 3864 3675">
    <p class='ocr_par' dir='ltr' id='par_1_80' title="bbox 2268 3599 3864 3675">
     <span class='ocr_line' id='line_1_80' title="bbox 2268 3599 3864 3675; baseline -0.006 -17"><span class='ocrx_word' id='word_1_617' title='bbox 2268 3604 2384 3658; x_wconf 89' lang='lat' dir='ltr'>rit:</span> <span class='ocrx_word' id='word_1_618' title='bbox 2428 3605 2628 3658; x_wconf 86' lang='lat' dir='ltr'>Munus</span> <span class='ocrx_word' id='word_1_619' title='bbox 2673 3604 3054 3675; x_wconf 89' lang='lat' dir='ltr'>quodcunque</span> <span class='ocrx_word' id='word_1_620' title='bbox 3096 3610 3182 3659; x_wconf 89' lang='lat' dir='ltr'>est</span> <span class='ocrx_word' id='word_1_621' title='bbox 3222 3620 3295 3658; x_wconf 90' lang='lat' dir='ltr'>ex</span> <span class='ocrx_word' id='word_1_622' title='bbox 3335 3621 3452 3672; x_wconf 90' lang='lat' dir='ltr'>me,</span> <span class='ocrx_word' id='word_1_623' title='bbox 3487 3603 3590 3658; x_wconf 87' lang='lat' dir='ltr'>tibi</span> <span class='ocrx_word' id='word_1_624' title='bbox 3628 3599 3864 3672; x_wconf 87' lang='lat' dir='ltr'>proderit,</span> 
     </span>
    </p>
   </div>
   <div class='ocr_carea' id='block_1_81' title="bbox 2269 3696 3867 3768">
    <p class='ocr_par' dir='ltr' id='par_1_81' title="bbox 2269 3696 3867 3768">
     <span class='ocr_line' id='line_1_81' title="bbox 2269 3696 3867 3768; baseline -0.004 -16"><span class='ocrx_word' id='word_1_625' title='bbox 2269 3715 2386 3752; x_wconf 91' lang='lat' dir='ltr'>non</span> <span class='ocrx_word' id='word_1_626' title='bbox 2417 3697 2821 3753; x_wconf 86' lang='lat' dir='ltr'>honoriﬁcabit</span> <span class='ocrx_word' id='word_1_627' title='bbox 2857 3701 3078 3768; x_wconf 88' lang='lat' dir='ltr'>patrem</span> <span class='ocrx_word' id='word_1_628' title='bbox 3121 3702 3218 3751; x_wconf 89' lang='lat' dir='ltr'>aut</span> <span class='ocrx_word' id='word_1_629' title='bbox 3257 3704 3508 3752; x_wconf 83' lang='lat' dir='ltr'>matrem</span> <span class='ocrx_word' id='word_1_630' title='bbox 3542 3696 3768 3765; x_wconf 57' lang='lat' dir='ltr'>(Matth,</span> <span class='ocrx_word' id='word_1_631' title='bbox 3799 3707 3867 3756; x_wconf 69' lang='lat' dir='ltr'>xv.</span> 
     </span>
    </p>
   </div>
   <div class='ocr_carea' id='block_1_82' title="bbox 2270 3794 2481 3863">
    <p class='ocr_par' dir='ltr' id='par_1_82' title="bbox 2270 3794 2481 3863">
     <span class='ocr_line' id='line_1_82' title="bbox 2270 3794 2481 3863; baseline -0.024 -17"><span class='ocrx_word' id='word_1_632' title='bbox 2270 3797 2321 3862; x_wconf 80' lang='lat'>5,</span> <span class='ocrx_word' id='word_1_633' title='bbox 2351 3794 2423 3863; x_wconf 92' lang='lat'>6).</span> <span class='ocrx_word' id='word_1_634' title='bbox 2453 3814 2481 3841; x_wconf 72' lang='grc' dir='ltr'><strong>ι»</strong></span> 
     </span>
    </p>
   </div>
   <div class='ocr_carea' id='block_1_83' title="bbox 2341 3883 3870 3956">
    <p class='ocr_par' dir='ltr' id='par_1_83' title="bbox 2341 3883 3870 3956">
     <span class='ocr_line' id='line_1_83' title="bbox 2341 3883 3870 3956; baseline -0.005 -18"><span class='ocrx_word' id='word_1_635' title='bbox 2341 3888 2428 3940; x_wconf 92' lang='grc'>78.</span> <span class='ocrx_word' id='word_1_636' title='bbox 2456 3887 2814 3956; x_wconf 88' lang='lat' dir='ltr'>Quapropter</span> <span class='ocrx_word' id='word_1_637' title='bbox 2844 3884 3247 3940; x_wconf 90' lang='lat' dir='ltr'>obscuritatem</span> <span class='ocrx_word' id='word_1_638' title='bbox 3288 3901 3490 3940; x_wconf 90' lang='lat' dir='ltr'>sensus</span> <span class='ocrx_word' id='word_1_639' title='bbox 3534 3901 3648 3938; x_wconf 90' lang='lat' dir='ltr'>non</span> <span class='ocrx_word' id='word_1_640' title='bbox 3685 3883 3870 3951; x_wconf 90' lang='lat' dir='ltr'>impru-</span> 
     </span>
    </p>
   </div>
   <div class='ocr_carea' id='block_1_84' title="bbox 2270 3977 3872 4033">
    <p class='ocr_par' dir='ltr' id='par_1_84' title="bbox 2270 3977 3872 4033">
     <span class='ocr_line' id='line_1_84' title="bbox 2270 3977 3872 4033; baseline -0.006 0"><span class='ocrx_word' id='word_1_641' title='bbox 2270 3979 2470 4033; x_wconf 86' lang='lat' dir='ltr'>denter</span> <span class='ocrx_word' id='word_1_642' title='bbox 2495 3979 2851 4032; x_wconf 88' lang='lat' dir='ltr'>deﬁeximus.</span> <span class='ocrx_word' id='word_1_643' title='bbox 2892 3979 3031 4032; x_wconf 79' lang='lat' dir='ltr'>Nam</span> <span class='ocrx_word' id='word_1_644' title='bbox 3073 3978 3255 4033; x_wconf 72' lang='lat' dir='ltr'>Judaei</span> <span class='ocrx_word' id='word_1_645' title='bbox 3287 3995 3424 4033; x_wconf 92' lang='lat' dir='ltr'>cum</span> <span class='ocrx_word' id='word_1_646' title='bbox 3456 3977 3747 4032; x_wconf 88' lang='lat' dir='ltr'>hominum</span> <span class='ocrx_word' id='word_1_647' title='bbox 3784 3980 3872 4025; x_wconf 89' lang='lat' dir='ltr'>tra-</span> 
     </span>
    </p>
   </div>
   <div class='ocr_carea' id='block_1_85' title="bbox 2270 4064 3872 4144">
    <p class='ocr_par' dir='ltr' id='par_1_85' title="bbox 2270 4064 3872 4144">
     <span class='ocr_line' id='line_1_85' title="bbox 2270 4064 3872 4144; baseline -0.007 -17"><span class='ocrx_word' id='word_1_648' title='bbox 2270 4073 2546 4128; x_wconf 89' lang='lat' dir='ltr'>ditionem</span> <span class='ocrx_word' id='word_1_649' title='bbox 2607 4075 2953 4144; x_wconf 89' lang='lat' dir='ltr'>sequuntur,</span> <span class='ocrx_word' id='word_1_650' title='bbox 3021 4072 3116 4126; x_wconf 85' lang='lat' dir='ltr'>Dei</span> <span class='ocrx_word' id='word_1_651' title='bbox 3185 4073 3499 4143; x_wconf 84' lang='lat' dir='ltr'>negligunt</span> <span class='ocrx_word' id='word_1_652' title='bbox 3571 4088 3582 4125; x_wconf 89' lang='lat'><strong>:</strong></span> <span class='ocrx_word' id='word_1_653' title='bbox 3649 4064 3872 4137; x_wconf 85' lang='lat' dir='ltr'>discipuli</span> 
     </span>
    </p>
   </div>
   <div class='ocr_carea' id='block_1_86' title="bbox 2271 4159 3874 4235">
    <p class='ocr_par' dir='ltr' id='par_1_86' title="bbox 2271 4159 3874 4235">
     <span class='ocr_line' id='line_1_86' title="bbox 2271 4159 3874 4235; baseline -0.006 -15"><span class='ocrx_word' id='word_1_654' title='bbox 2271 4166 2633 4221; x_wconf 90' lang='lat' dir='ltr'>traditionem</span> <span class='ocrx_word' id='word_1_655' title='bbox 2693 4166 2790 4219; x_wconf 91' lang='lat' dir='ltr'>Dei</span> <span class='ocrx_word' id='word_1_656' title='bbox 2842 4167 3234 4235; x_wconf 63' lang='lat' dir='ltr'>praeferentes,</span> <span class='ocrx_word' id='word_1_657' title='bbox 3291 4166 3597 4220; x_wconf 90' lang='lat' dir='ltr'>hominum</span> <span class='ocrx_word' id='word_1_658' title='bbox 3649 4159 3874 4232; x_wconf 84' lang='lat' dir='ltr'>neglige-</span> 
     </span>
    </p>
   </div>
   <div class='ocr_carea' id='block_1_87' title="bbox 2270 4250 3877 4330">
    <p class='ocr_par' dir='ltr' id='par_1_87' title="bbox 2270 4250 3877 4330">
     <span class='ocr_line' id='line_1_87' title="bbox 2270 4250 3877 4330; baseline -0.006 -17"><span class='ocrx_word' id='word_1_659' title='bbox 2270 4261 2427 4325; x_wconf 89' lang='lat' dir='ltr'>bant,</span> <span class='ocrx_word' id='word_1_660' title='bbox 2459 4265 2522 4313; x_wconf 92' lang='lat' dir='ltr'>ut</span> <span class='ocrx_word' id='word_1_661' title='bbox 2551 4276 2750 4313; x_wconf 86' lang='lat' dir='ltr'>manus</span> <span class='ocrx_word' id='word_1_662' title='bbox 2780 4276 2897 4313; x_wconf 90' lang='lat' dir='ltr'>non</span> <span class='ocrx_word' id='word_1_663' title='bbox 2924 4261 3203 4326; x_wconf 89' lang='lat' dir='ltr'>lavarent,</span> <span class='ocrx_word' id='word_1_664' title='bbox 3233 4275 3370 4314; x_wconf 89' lang='lat' dir='ltr'>cum</span> <span class='ocrx_word' id='word_1_665' title='bbox 3415 4275 3627 4330; x_wconf 89' lang='lat' dir='ltr'>panem</span> <span class='ocrx_word' id='word_1_666' title='bbox 3670 4250 3877 4310; x_wconf 90' lang='lat' dir='ltr'>mandu-</span> 
     </span>
    </p>
   </div>
   <div class='ocr_carea' id='block_1_88' title="bbox 2271 4346 3877 4423">
    <p class='ocr_par' dir='ltr' id='par_1_88' title="bbox 2271 4346 3877 4423">
     <span class='ocr_line' id='line_1_88' title="bbox 2271 4346 3877 4423; baseline -0.007 -16"><span class='ocrx_word' id='word_1_667' title='bbox 2271 4356 2499 4407; x_wconf 90' lang='lat' dir='ltr'>carent:</span> <span class='ocrx_word' id='word_1_668' title='bbox 2535 4353 2827 4423; x_wconf 88' lang='lat' dir='ltr'>quoniam,</span> <span class='ocrx_word' id='word_1_669' title='bbox 2861 4371 2889 4403; x_wconf 89' lang='lat'>«</span> <span class='ocrx_word' id='word_1_670' title='bbox 2920 4353 3024 4417; x_wconf 89' lang='lat' dir='ltr'>Qui</span> <span class='ocrx_word' id='word_1_671' title='bbox 3064 4353 3210 4407; x_wconf 89' lang='lat' dir='ltr'>lotus</span> <span class='ocrx_word' id='word_1_672' title='bbox 3251 4360 3336 4408; x_wconf 90' lang='lat' dir='ltr'>est</span> <span class='ocrx_word' id='word_1_673' title='bbox 3375 4357 3549 4418; x_wconf 90' lang='lat' dir='ltr'>totus,</span> <span class='ocrx_word' id='word_1_674' title='bbox 3589 4367 3697 4406; x_wconf 92' lang='lat' dir='ltr'>non</span> <span class='ocrx_word' id='word_1_675' title='bbox 3733 4346 3877 4402; x_wconf 86' lang='lat' dir='ltr'>habet</span> 
     </span>
    </p>
   </div>
   <div class='ocr_carea' id='block_1_89' title="bbox 2274 4443 3879 4516">
    <p class='ocr_par' dir='ltr' id='par_1_89' title="bbox 2274 4443 3879 4516">
     <span class='ocr_line' id='line_1_89' title="bbox 2274 4443 3879 4516; baseline -0.004 -16"><span class='ocrx_word' id='word_1_676' title='bbox 2274 4463 2499 4502; x_wconf 90' lang='lat' dir='ltr'>necesse</span> <span class='ocrx_word' id='word_1_677' title='bbox 2542 4452 2600 4500; x_wconf 91' lang='lat' dir='ltr'>ut</span> <span class='ocrx_word' id='word_1_678' title='bbox 2639 4463 2841 4500; x_wconf 91' lang='lat' dir='ltr'>manus</span> <span class='ocrx_word' id='word_1_679' title='bbox 2878 4448 3025 4500; x_wconf 89' lang='lat' dir='ltr'>lavet</span> <span class='ocrx_word' id='word_1_680' title='bbox 3059 4447 3260 4516; x_wconf 47' lang='lat' dir='ltr'>(Jounu</span> <span class='ocrx_word' id='word_1_681' title='bbox 3299 4464 3422 4514; x_wconf 84' lang='lat' dir='ltr'>xm,</span> <span class='ocrx_word' id='word_1_682' title='bbox 3464 4449 3566 4514; x_wconf 83' lang='lat' dir='ltr'>l0).</span> <span class='ocrx_word' id='word_1_683' title='bbox 3604 4468 3629 4492; x_wconf 77' lang='grc' dir='ltr'><strong>ι»</strong></span> <span class='ocrx_word' id='word_1_684' title='bbox 3676 4443 3879 4498; x_wconf 79' lang='lat' dir='ltr'>Laverat</span> 
     </span>
    </p>
   </div>
   <div class='ocr_carea' id='block_1_90' title="bbox 538 4535 3878 4612">
    <p class='ocr_par' dir='ltr' id='par_1_90' title="bbox 538 4535 3878 4612">
     <span class='ocr_line' id='line_1_90' title="bbox 538 4535 3878 4612; baseline -0 -21"><span class='ocrx_word' id='word_1_685' title='bbox 538 4554 708 4609; x_wconf 90' lang='lat' dir='ltr'>quem</span> <span class='ocrx_word' id='word_1_686' title='bbox 762 4537 944 4594; x_wconf 91' lang='lat' dir='ltr'>noluit</span> <span class='ocrx_word' id='word_1_687' title='bbox 999 4537 1187 4591; x_wconf 89' lang='lat' dir='ltr'>cibum</span> <span class='ocrx_word' id='word_1_688' title='bbox 1237 4538 1512 4610; x_wconf 89' lang='lat' dir='ltr'>sumpsit,</span> <span class='ocrx_word' id='word_1_689' title='bbox 1567 4538 1666 4592; x_wconf 90' lang='lat' dir='ltr'>tibi</span> <span class='ocrx_word' id='word_1_690' title='bbox 1718 4539 2007 4610; x_wconf 90' lang='lat' dir='ltr'>vigilavit,</span> <span class='ocrx_word' id='word_1_691' title='bbox 2067 4535 2366 4608; x_wconf 88' lang='lat' dir='ltr'>tibiDeos</span> <span class='ocrx_word' id='word_1_692' title='bbox 2409 4543 2594 4608; x_wconf 80' lang='lat' dir='ltr'>Jesus,</span> <span class='ocrx_word' id='word_1_693' title='bbox 2656 4541 2939 4594; x_wconf 89' lang='lat' dir='ltr'>lavacrum</span> <span class='ocrx_word' id='word_1_694' title='bbox 2992 4540 3140 4595; x_wconf 87' lang='lat' dir='ltr'>aliud</span> <span class='ocrx_word' id='word_1_695' title='bbox 3195 4557 3311 4594; x_wconf 90' lang='lat' dir='ltr'>non</span> <span class='ocrx_word' id='word_1_696' title='bbox 3373 4540 3733 4612; x_wconf 66' lang='lat' dir='ltr'>quaerebant;</span> <span class='ocrx_word' id='word_1_697' title='bbox 3786 4546 3878 4585; x_wconf 84' lang='lat' dir='ltr'>uno</span> 
     </span>
    </p>
   </div>
   <div class='ocr_carea' id='block_1_91' title="bbox 540 4629 2167 4705">
    <p class='ocr_par' dir='ltr' id='par_1_91' title="bbox 540 4629 2167 4705">
     <span class='ocr_line' id='line_1_91' title="bbox 540 4629 2167 4705; baseline 0.002 -20"><span class='ocrx_word' id='word_1_698' title='bbox 540 4629 693 4685; x_wconf 85' lang='lat' dir='ltr'>ﬂevit</span> <span class='ocrx_word' id='word_1_699' title='bbox 728 4647 739 4684; x_wconf 88' lang='lat'>:</span> <span class='ocrx_word' id='word_1_700' title='bbox 774 4634 832 4684; x_wconf 90' lang='lat' dir='ltr'>et</span> <span class='ocrx_word' id='word_1_701' title='bbox 865 4635 925 4684; x_wconf 91' lang='lat' dir='ltr'>tu</span> <span class='ocrx_word' id='word_1_702' title='bbox 965 4631 1117 4685; x_wconf 88' lang='lat' dir='ltr'>illam</span> <span class='ocrx_word' id='word_1_703' title='bbox 1150 4647 1318 4702; x_wconf 89' lang='lat' dir='ltr'>egere</span> <span class='ocrx_word' id='word_1_704' title='bbox 1356 4633 1570 4703; x_wconf 88' lang='lat' dir='ltr'>pateris</span> <span class='ocrx_word' id='word_1_705' title='bbox 1609 4633 1761 4703; x_wconf 83' lang='lat'>(89)?</span> <span class='ocrx_word' id='word_1_706' title='bbox 1786 4634 1826 4687; x_wconf 91' lang='grc' dir='ltr'>Ο</span> <span class='ocrx_word' id='word_1_707' title='bbox 1855 4633 1953 4702; x_wconf 89' lang='lat' dir='ltr'>ﬁli,</span> <span class='ocrx_word' id='word_1_708' title='bbox 1987 4650 2167 4705; x_wconf 85' lang='lat' dir='ltr'>quan-</span> 
     </span>
    </p>
   </div>
   <div class='ocr_carea' id='block_1_92' title="bbox 539 4722 2167 4797">
    <p class='ocr_par' dir='ltr' id='par_1_92' title="bbox 539 4722 2167 4797">
     <span class='ocr_line' id='line_1_92' title="bbox 539 4722 2167 4797; baseline 0.002 -19"><span class='ocrx_word' id='word_1_709' title='bbox 539 4731 660 4779; x_wconf 90' lang='lat' dir='ltr'>tum</span> <span class='ocrx_word' id='word_1_710' title='bbox 700 4722 802 4778; x_wconf 91' lang='lat' dir='ltr'>tibi</span> <span class='ocrx_word' id='word_1_711' title='bbox 835 4724 1009 4778; x_wconf 89' lang='lat' dir='ltr'>sumis</span> <span class='ocrx_word' id='word_1_712' title='bbox 1041 4724 1346 4794; x_wconf 89' lang='lat' dir='ltr'>judicium,</span> <span class='ocrx_word' id='word_1_713' title='bbox 1380 4726 1424 4779; x_wconf 92' lang='lat' dir='ltr'>si</span> <span class='ocrx_word' id='word_1_714' title='bbox 1456 4743 1570 4780; x_wconf 92' lang='lat' dir='ltr'>non</span> <span class='ocrx_word' id='word_1_715' title='bbox 1613 4744 1809 4796; x_wconf 90' lang='lat' dir='ltr'>pascas</span> <span class='ocrx_word' id='word_1_716' title='bbox 1835 4729 2167 4797; x_wconf 88' lang='lat' dir='ltr'>parentem!</span> 
     </span>
    </p>
   </div>
   <div class='ocr_carea' id='block_1_93' title="bbox 536 4816 2169 4891">
    <p class='ocr_par' dir='ltr' id='par_1_93' title="bbox 536 4816 2169 4891">
     <span class='ocr_line' id='line_1_93' title="bbox 536 4816 2169 4891; baseline 0.004 -21"><span class='ocrx_word' id='word_1_717' title='bbox 536 4818 620 4872; x_wconf 92' lang='lat' dir='ltr'>llli</span> <span class='ocrx_word' id='word_1_718' title='bbox 644 4816 816 4872; x_wconf 89' lang='lat' dir='ltr'>debes</span> <span class='ocrx_word' id='word_1_719' title='bbox 847 4817 996 4888; x_wconf 90' lang='lat' dir='ltr'>quod</span> <span class='ocrx_word' id='word_1_720' title='bbox 1024 4817 1219 4884; x_wconf 88' lang='lat' dir='ltr'>habes,</span> <span class='ocrx_word' id='word_1_721' title='bbox 1249 4818 1339 4872; x_wconf 89' lang='lat' dir='ltr'>cui</span> <span class='ocrx_word' id='word_1_722' title='bbox 1372 4819 1545 4873; x_wconf 88' lang='lat' dir='ltr'>debes</span> <span class='ocrx_word' id='word_1_723' title='bbox 1573 4821 1725 4891; x_wconf 88' lang='lat' dir='ltr'>quod</span> <span class='ocrx_word' id='word_1_724' title='bbox 1760 4837 1838 4874; x_wconf 89' lang='lat' dir='ltr'>es.</span> <span class='ocrx_word' id='word_1_725' title='bbox 1882 4821 2169 4885; x_wconf 89' lang='lat' dir='ltr'>Quantum</span> 
     </span>
    </p>
   </div>
   <div class='ocr_carea' id='block_1_94' title="bbox 531 4911 2168 4985">
    <p class='ocr_par' dir='ltr' id='par_1_94' title="bbox 531 4911 2168 4985">
     <span class='ocr_line' id='line_1_94' title="bbox 531 4911 2168 4985; baseline 0.001 -18"><span class='ocrx_word' id='word_1_726' title='bbox 531 4911 832 4982; x_wconf 80' lang='lat' dir='ltr'>judicium,</span> <span class='ocrx_word' id='word_1_727' title='bbox 863 4911 907 4964; x_wconf 93' lang='lat' dir='ltr'>si</span> <span class='ocrx_word' id='word_1_728' title='bbox 946 4916 1141 4981; x_wconf 90' lang='lat' dir='ltr'>pascat</span> <span class='ocrx_word' id='word_1_729' title='bbox 1176 4912 1424 4966; x_wconf 90' lang='lat' dir='ltr'>Ecclesia</span> <span class='ocrx_word' id='word_1_730' title='bbox 1450 4929 1592 4983; x_wconf 88' lang='lat' dir='ltr'>quos</span> <span class='ocrx_word' id='word_1_731' title='bbox 1632 4917 1694 4968; x_wconf 91' lang='lat' dir='ltr'>tu</span> <span class='ocrx_word' id='word_1_732' title='bbox 1731 4915 1872 4968; x_wconf 92' lang='lat' dir='ltr'>nolis</span> <span class='ocrx_word' id='word_1_733' title='bbox 1910 4916 2168 4985; x_wconf 85' lang='lat' dir='ltr'>pascere!</span> 
     </span>
    </p>
   </div>
   <div class='ocr_carea' id='block_1_95' title="bbox 541 5003 2173 5078">
    <p class='ocr_par' dir='ltr' id='par_1_95' title="bbox 541 5003 2173 5078">
     <span class='ocr_line' id='line_1_95' title="bbox 541 5003 2173 5078; baseline 0.006 -22"><span class='ocrx_word' id='word_1_734' title='bbox 541 5028 562 5056; x_wconf 76' lang='grc' dir='ltr'><strong>(ι</strong></span> <span class='ocrx_word' id='word_1_735' title='bbox 606 5005 660 5062; x_wconf 91' lang='lat' dir='ltr'>Si</span> <span class='ocrx_word' id='word_1_736' title='bbox 710 5004 836 5077; x_wconf 91' lang='lat' dir='ltr'>quis</span> <span class='ocrx_word' id='word_1_737' title='bbox 883 5003 1080 5072; x_wconf 89' lang='lat' dir='ltr'>ﬁdelis,</span> <span class='ocrx_word' id='word_1_738' title='bbox 1125 5005 1328 5078; x_wconf 89' lang='lat' dir='ltr'>inquit,</span> <span class='ocrx_word' id='word_1_739' title='bbox 1375 5010 1474 5060; x_wconf 89' lang='lat' dir='ltr'>aut</span> <span class='ocrx_word' id='word_1_740' title='bbox 1511 5006 1557 5060; x_wconf 92' lang='lat' dir='ltr'>si</span> <span class='ocrx_word' id='word_1_741' title='bbox 1603 5024 1714 5078; x_wconf 91' lang='lat' dir='ltr'>qua</span> <span class='ocrx_word' id='word_1_742' title='bbox 1764 5008 1944 5064; x_wconf 91' lang='lat' dir='ltr'>ﬁdelis</span> <span class='ocrx_word' id='word_1_743' title='bbox 2003 5009 2173 5065; x_wconf 89' lang='lat' dir='ltr'>habet</span> 
     </span>
    </p>
   </div>
   <div class='ocr_carea' id='block_1_96' title="bbox 597 5139 2169 5205">
    <p class='ocr_par' dir='ltr' id='par_1_96' title="bbox 597 5139 2169 5205">
     <span class='ocr_line' id='line_1_96' title="bbox 597 5139 2169 5205; baseline 0.002 -15"><span class='ocrx_word' id='word_1_744' title='bbox 597 5141 694 5203; x_wconf 89' lang='lat'><strong>(8&#39;7)</strong></span> <span class='ocrx_word' id='word_1_745' title='bbox 732 5140 861 5190; x_wconf 88' lang='lat' dir='ltr'>Mss.</span> <span class='ocrx_word' id='word_1_746' title='bbox 901 5139 1134 5203; x_wconf 86' lang='lat' dir='ltr'>aliquot,</span> <span class='ocrx_word' id='word_1_747' title='bbox 1186 5144 1260 5189; x_wconf 82' lang='lat' dir='ltr'>tot</span> <span class='ocrx_word' id='word_1_748' title='bbox 1292 5142 1451 5190; x_wconf 79' lang='lat' dir='ltr'>annis</span> <span class='ocrx_word' id='word_1_749' title='bbox 1490 5142 1685 5190; x_wconf 82' lang='lat' dir='ltr'>enim...</span> <span class='ocrx_word' id='word_1_750' title='bbox 1737 5147 1939 5205; x_wconf 82' lang='lat' dir='ltr'>quanta</span> <span class='ocrx_word' id='word_1_751' title='bbox 1983 5148 2169 5205; x_wconf 81' lang='lat' dir='ltr'>tempo—</span> 
     </span>
    </p>
   </div>
   <div class='ocr_carea' id='block_1_97' title="bbox 541 5212 2171 5275">
    <p class='ocr_par' dir='ltr' id='par_1_97' title="bbox 541 5212 2171 5275">
     <span class='ocr_line' id='line_1_97' title="bbox 541 5212 2171 5275; baseline 0.005 -18"><span class='ocrx_word' id='word_1_752' title='bbox 541 5226 677 5271; x_wconf 82' lang='lat' dir='ltr'>rum,</span> <span class='ocrx_word' id='word_1_753' title='bbox 706 5215 810 5263; x_wconf 90' lang='lat' dir='ltr'>etc.</span> <span class='ocrx_word' id='word_1_754' title='bbox 840 5212 947 5263; x_wconf 90' lang='lat' dir='ltr'>Hic</span> <span class='ocrx_word' id='word_1_755' title='bbox 991 5224 1151 5275; x_wconf 86' lang='lat' dir='ltr'>porro</span> <span class='ocrx_word' id='word_1_756' title='bbox 1185 5215 1342 5262; x_wconf 89' lang='lat' dir='ltr'>vetus</span> <span class='ocrx_word' id='word_1_757' title='bbox 1381 5213 1818 5264; x_wconf 88' lang='lat' dir='ltr'>consecrationis</span> <span class='ocrx_word' id='word_1_758' title='bbox 1861 5216 2171 5266; x_wconf 90' lang='lat' dir='ltr'>antistitum</span> 
     </span>
    </p>
   </div>
   <div class='ocr_carea' id='block_1_98' title="bbox 539 5281 2170 5344">
    <p class='ocr_par' dir='ltr' id='par_1_98' title="bbox 539 5281 2170 5344">
     <span class='ocr_line' id='line_1_98' title="bbox 539 5281 2170 5344; baseline 0.004 -14"><span class='ocrx_word' id='word_1_759' title='bbox 539 5285 840 5344; x_wconf 76' lang='lat' dir='ltr'>quotannis</span> <span class='ocrx_word' id='word_1_760' title='bbox 869 5281 1218 5333; x_wconf 64' lang='lat' dir='ltr'>celebrandae</span> <span class='ocrx_word' id='word_1_761' title='bbox 1249 5283 1595 5334; x_wconf 86' lang='lat' dir='ltr'>consuetudo</span> <span class='ocrx_word' id='word_1_762' title='bbox 1619 5284 1914 5344; x_wconf 89' lang='lat' dir='ltr'>indicatur,</span> <span class='ocrx_word' id='word_1_763' title='bbox 1944 5287 2170 5337; x_wconf 89' lang='lat' dir='ltr'>minime</span> 
     </span>
    </p>
   </div>
   <div class='ocr_carea' id='block_1_99' title="bbox 539 5352 2168 5419">
    <p class='ocr_par' dir='ltr' id='par_1_99' title="bbox 539 5352 2168 5419">
     <span class='ocr_line' id='line_1_99' title="bbox 539 5352 2168 5419; baseline 0.005 -19"><span class='ocrx_word' id='word_1_764' title='bbox 539 5352 764 5417; x_wconf 88' lang='lat' dir='ltr'>indigna</span> <span class='ocrx_word' id='word_1_765' title='bbox 795 5368 962 5417; x_wconf 90' lang='lat' dir='ltr'>quam</span> <span class='ocrx_word' id='word_1_766' title='bbox 990 5354 1371 5404; x_wconf 88' lang='lat' dir='ltr'>observemus.</span> <span class='ocrx_word' id='word_1_767' title='bbox 1404 5357 1484 5405; x_wconf 92' lang='lat' dir='ltr'>De</span> <span class='ocrx_word' id='word_1_768' title='bbox 1519 5369 1626 5419; x_wconf 88' lang='lat' dir='ltr'>qua</span> <span class='ocrx_word' id='word_1_769' title='bbox 1659 5355 1863 5407; x_wconf 85' lang='lat' dir='ltr'>videsis</span> <span class='ocrx_word' id='word_1_770' title='bbox 1889 5359 2083 5408; x_wconf 89' lang='lat' dir='ltr'>Baron.</span> <span class='ocrx_word' id='word_1_771' title='bbox 2115 5361 2168 5408; x_wconf 91' lang='lat' dir='ltr'>in</span> 
     </span>
    </p>
   </div>
   <div class='ocr_carea' id='block_1_100' title="bbox 535 5425 1768 5486">
    <p class='ocr_par' dir='ltr' id='par_1_100' title="bbox 535 5425 1768 5486">
     <span class='ocr_line' id='line_1_100' title="bbox 535 5425 1768 5486; baseline 0.002 -15"><span class='ocrx_word' id='word_1_772' title='bbox 535 5425 763 5486; x_wconf 78' lang='lat' dir='ltr'>Martyr.</span> <span class='ocrx_word' id='word_1_773' title='bbox 794 5426 934 5474; x_wconf 86' lang='lat' dir='ltr'>Rom.</span> <span class='ocrx_word' id='word_1_774' title='bbox 966 5425 1034 5474; x_wconf 89' lang='lat' dir='ltr'>ad</span> <span class='ocrx_word' id='word_1_775' title='bbox 1064 5439 1146 5476; x_wconf 84' lang='lat' dir='ltr'>xv</span> <span class='ocrx_word' id='word_1_776' title='bbox 1176 5426 1295 5475; x_wconf 89' lang='lat' dir='ltr'>Kal.</span> <span class='ocrx_word' id='word_1_777' title='bbox 1335 5426 1493 5475; x_wconf 90' lang='lat' dir='ltr'>Febr.</span> <span class='ocrx_word' id='word_1_778' title='bbox 1527 5431 1580 5476; x_wconf 89' lang='lat' dir='ltr'>et</span> <span class='ocrx_word' id='word_1_779' title='bbox 1615 5426 1768 5476; x_wconf 90' lang='lat' dir='ltr'>alios.</span> 
     </span>
    </p>
   </div>
   <div class='ocr_carea' id='block_1_101' title="bbox 601 5493 2169 5560">
    <p class='ocr_par' dir='ltr' id='par_1_101' title="bbox 601 5493 2169 5560">
     <span class='ocr_line' id='line_1_101' title="bbox 601 5493 2169 5560; baseline 0.004 -18"><span class='ocrx_word' id='word_1_780' title='bbox 601 5493 696 5555; x_wconf 90' lang='lat'>(88)</span> <span class='ocrx_word' id='word_1_781' title='bbox 737 5495 954 5544; x_wconf 88' lang='lat' dir='ltr'>Dicitur</span> <span class='ocrx_word' id='word_1_782' title='bbox 994 5495 1102 5546; x_wconf 87' lang='lat' dir='ltr'>hoc</span> <span class='ocrx_word' id='word_1_783' title='bbox 1144 5497 1268 5546; x_wconf 91' lang='lat' dir='ltr'>loco</span> <span class='ocrx_word' id='word_1_784' title='bbox 1317 5497 1557 5560; x_wconf 85' lang='lat' dir='ltr'>populus</span> <span class='ocrx_word' id='word_1_785' title='bbox 1595 5497 1970 5547; x_wconf 87' lang='lat' dir='ltr'>sacerdotium</span> <span class='ocrx_word' id='word_1_786' title='bbox 2010 5499 2169 5548; x_wconf 90' lang='lat' dir='ltr'>detu-</span> 
     </span>
    </p>
   </div>
   <div class='ocr_carea' id='block_1_102' title="bbox 538 5564 2171 5628">
    <p class='ocr_par' dir='ltr' id='par_1_102' title="bbox 538 5564 2171 5628">
     <span class='ocr_line' id='line_1_102' title="bbox 538 5564 2171 5628; baseline 0.005 -18"><span class='ocrx_word' id='word_1_787' title='bbox 538 5564 689 5624; x_wconf 85' lang='lat' dir='ltr'>lisse,</span> <span class='ocrx_word' id='word_1_788' title='bbox 716 5566 864 5628; x_wconf 90' lang='lat' dir='ltr'>quod</span> <span class='ocrx_word' id='word_1_789' title='bbox 903 5567 1169 5616; x_wconf 87' lang='lat' dir='ltr'>nimirum</span> <span class='ocrx_word' id='word_1_790' title='bbox 1199 5567 1560 5618; x_wconf 85' lang='lat' dir='ltr'>Ambrosium</span> <span class='ocrx_word' id='word_1_791' title='bbox 1590 5566 1857 5626; x_wconf 81' lang='lat' dir='ltr'>ordinari,</span> <span class='ocrx_word' id='word_1_792' title='bbox 1896 5575 1956 5618; x_wconf 88' lang='lat' dir='ltr'>ut</span> <span class='ocrx_word' id='word_1_793' title='bbox 1988 5569 2171 5618; x_wconf 86' lang='lat' dir='ltr'>Pauli-</span> 
     </span>
    </p>
   </div>
   <div class='ocr_carea' id='block_1_103' title="bbox 536 5637 2170 5708">
    <p class='ocr_par' dir='ltr' id='par_1_103' title="bbox 536 5637 2170 5708">
     <span class='ocr_line' id='line_1_103' title="bbox 536 5637 2170 5708; baseline 0.007 -32"><span class='ocrx_word' id='word_1_794' title='bbox 536 5643 643 5708; x_wconf 80' lang='lat' dir='ltr'>nus</span> <span class='ocrx_word' id='word_1_795' title='bbox 672 5637 917 5708; x_wconf 77' lang='lat' dir='ltr'>testatur,</span> <span class='ocrx_word' id='word_1_796' title='bbox 944 5637 1188 5708; x_wconf 72' lang='lat' dir='ltr'>mirabili</span> <span class='ocrx_word' id='word_1_797' title='bbox 1224 5644 1269 5688; x_wconf 77' lang='lat' dir='ltr'>et</span> <span class='ocrx_word' id='word_1_798' title='bbox 1303 5638 1602 5688; x_wconf 79' lang='lat' dir='ltr'>incredibili</span> <span class='ocrx_word' id='word_1_799' title='bbox 1634 5640 1918 5689; x_wconf 74' lang='lat' dir='ltr'>concordia.</span> <span class='ocrx_word' id='word_1_800' title='bbox 1955 5653 2170 5690; x_wconf 79' lang='lat' dir='ltr'>consen-</span> 
     </span>
    </p>
   </div>
   <div class='ocr_carea' id='block_1_104' title="bbox 536 5703 2170 5772">
    <p class='ocr_par' dir='ltr' id='par_1_104' title="bbox 536 5703 2170 5772">
     <span class='ocr_line' id='line_1_104' title="bbox 536 5703 2170 5772; baseline 0.002 -16"><span class='ocrx_word' id='word_1_801' title='bbox 536 5703 703 5772; x_wconf 64' lang='grc' dir='ltr'>δξεεθιι</span> <span class='ocrx_word' id='word_1_802' title='bbox 731 5715 842 5772; x_wconf 74' lang='lat' dir='ltr'>non</span> <span class='ocrx_word' id='word_1_803' title='bbox 868 5705 1017 5765; x_wconf 90' lang='lat' dir='ltr'>quod</span> <span class='ocrx_word' id='word_1_804' title='bbox 1047 5707 1097 5754; x_wconf 86' lang='lat' dir='ltr'>ei</span> <span class='ocrx_word' id='word_1_805' title='bbox 1125 5710 1450 5758; x_wconf 88' lang='lat' dir='ltr'>contulisset</span> <span class='ocrx_word' id='word_1_806' title='bbox 1489 5709 1740 5759; x_wconf 78' lang='lat' dir='ltr'>ordinem</span> <span class='ocrx_word' id='word_1_807' title='bbox 1781 5714 1877 5758; x_wconf 86' lang='lat' dir='ltr'>aut</span> <span class='ocrx_word' id='word_1_808' title='bbox 1909 5709 2170 5772; x_wconf 81' lang='lat' dir='ltr'>jurisdic-</span> 
     </span>
    </p>
   </div>
   <div class='ocr_carea' id='block_1_105' title="bbox 539 5767 2170 5842">
    <p class='ocr_par' dir='ltr' id='par_1_105' title="bbox 539 5767 2170 5842">
     <span class='ocr_line' id='line_1_105' title="bbox 539 5767 2170 5842; baseline 0.012 -30"><span class='ocrx_word' id='word_1_809' title='bbox 539 5767 766 5842; x_wconf 85' lang='lat' dir='ltr'>tionem.</span> <span class='ocrx_word' id='word_1_810' title='bbox 798 5770 910 5842; x_wconf 71' lang='lat' dir='ltr'>Illa</span> <span class='ocrx_word' id='word_1_811' title='bbox 925 5775 1131 5836; x_wconf 86' lang='lat' dir='ltr'>quippe</span> <span class='ocrx_word' id='word_1_812' title='bbox 1153 5791 1508 5842; x_wconf 87' lang='lat' dir='ltr'>nequaquam</span> <span class='ocrx_word' id='word_1_813' title='bbox 1534 5782 1677 5830; x_wconf 90' lang='lat' dir='ltr'>inter</span> <span class='ocrx_word' id='word_1_814' title='bbox 1695 5794 1754 5830; x_wconf 90' lang='lat' dir='ltr'>se</span> <span class='ocrx_word' id='word_1_815' title='bbox 1775 5767 2170 5832; x_wconf 79' lang='lat' dir='ltr'>confundenda</span> 
     </span>
    </p>
   </div>
   <div class='ocr_carea' id='block_1_106' title="bbox 540 5838 2166 5917">
    <p class='ocr_par' dir='ltr' id='par_1_106' title="bbox 540 5838 2166 5917">
     <span class='ocr_line' id='line_1_106' title="bbox 540 5838 2166 5917; baseline 0.013 -35"><span class='ocrx_word' id='word_1_816' title='bbox 540 5839 688 5894; x_wconf 85' lang='lat' dir='ltr'>sunt,</span> <span class='ocrx_word' id='word_1_817' title='bbox 721 5838 868 5897; x_wconf 86' lang='lat' dir='ltr'>quod</span> <span class='ocrx_word' id='word_1_818' title='bbox 898 5838 1145 5892; x_wconf 81' lang='lat' dir='ltr'>haeretici</span> <span class='ocrx_word' id='word_1_819' title='bbox 1175 5838 1403 5909; x_wconf 66' lang='lat' dir='ltr'>faciunt,</span> <span class='ocrx_word' id='word_1_820' title='bbox 1430 5855 1490 5900; x_wconf 84' lang='lat' dir='ltr'>ut</span> <span class='ocrx_word' id='word_1_821' title='bbox 1525 5852 1808 5902; x_wconf 88' lang='lat' dir='ltr'>missionis</span> <span class='ocrx_word' id='word_1_822' title='bbox 1837 5866 1901 5903; x_wconf 89' lang='lat' dir='ltr'>ac</span> <span class='ocrx_word' id='word_1_823' title='bbox 1932 5857 2166 5917; x_wconf 86' lang='lat' dir='ltr'>potesta-</span> 
     </span>
    </p>
   </div>
   <div class='ocr_carea' id='block_1_107' title="bbox 2273 4631 3879 4704">
    <p class='ocr_par' dir='ltr' id='par_1_107' title="bbox 2273 4631 3879 4704">
     <span class='ocr_line' id='line_1_107' title="bbox 2273 4631 3879 4704; baseline -0.004 -16"><span class='ocrx_word' id='word_1_824' title='bbox 2273 4634 2429 4688; x_wconf 90' lang='lat' dir='ltr'>enim</span> <span class='ocrx_word' id='word_1_825' title='bbox 2453 4633 2708 4689; x_wconf 87' lang='lat' dir='ltr'>Christus</span> <span class='ocrx_word' id='word_1_826' title='bbox 2744 4632 3080 4704; x_wconf 88' lang='lat' dir='ltr'>baptismate</span> <span class='ocrx_word' id='word_1_827' title='bbox 3111 4635 3304 4688; x_wconf 88' lang='lat' dir='ltr'>omnia</span> <span class='ocrx_word' id='word_1_828' title='bbox 3347 4634 3513 4689; x_wconf 91' lang='lat' dir='ltr'>solvit</span> <span class='ocrx_word' id='word_1_829' title='bbox 3546 4631 3879 4704; x_wconf 72' lang='lat' dir='ltr'>baptismate.</span> 
     </span>
    </p>
   </div>
   <div class='ocr_carea' id='block_1_108' title="bbox 2271 4727 3879 4799">
    <p class='ocr_par' dir='ltr' id='par_1_108' title="bbox 2271 4727 3879 4799">
     <span class='ocr_line' id='line_1_108' title="bbox 2271 4727 3879 4799; baseline -0.008 -18"><span class='ocrx_word' id='word_1_830' title='bbox 2271 4730 2467 4798; x_wconf 85' lang='lat' dir='ltr'>Itaque</span> <span class='ocrx_word' id='word_1_831' title='bbox 2523 4745 2692 4799; x_wconf 90' lang='lat' dir='ltr'>quem</span> <span class='ocrx_word' id='word_1_832' title='bbox 2740 4728 2935 4782; x_wconf 90' lang='lat' dir='ltr'>laverit</span> <span class='ocrx_word' id='word_1_833' title='bbox 2983 4727 3244 4796; x_wconf 87' lang='lat' dir='ltr'>Ecclesia,</span> <span class='ocrx_word' id='word_1_834' title='bbox 3295 4745 3417 4782; x_wconf 90' lang='lat' dir='ltr'>non</span> <span class='ocrx_word' id='word_1_835' title='bbox 3462 4727 3638 4782; x_wconf 89' lang='lat' dir='ltr'>habet</span> <span class='ocrx_word' id='word_1_836' title='bbox 3680 4733 3879 4777; x_wconf 85' lang='lat' dir='ltr'>necesse</span> 
     </span>
    </p>
   </div>
   <div class='ocr_carea' id='block_1_109' title="bbox 2273 4810 3882 4892">
    <p class='ocr_par' dir='ltr' id='par_1_109' title="bbox 2273 4810 3882 4892">
     <span class='ocr_line' id='line_1_109' title="bbox 2273 4810 3882 4892; baseline -0.001 -17"><span class='ocrx_word' id='word_1_837' title='bbox 2273 4822 2481 4875; x_wconf 89' lang='lat' dir='ltr'>iterum</span> <span class='ocrx_word' id='word_1_838' title='bbox 2511 4821 2705 4876; x_wconf 90' lang='lat' dir='ltr'>lavari.</span> <span class='ocrx_word' id='word_1_839' title='bbox 2741 4822 2890 4892; x_wconf 85' lang='lat' dir='ltr'>Ergo</span> <span class='ocrx_word' id='word_1_840' title='bbox 2917 4821 3194 4891; x_wconf 79' lang='lat' dir='ltr'>mysterio</span> <span class='ocrx_word' id='word_1_841' title='bbox 3221 4820 3609 4876; x_wconf 88' lang='lat' dir='ltr'>intendebant</span> <span class='ocrx_word' id='word_1_842' title='bbox 3634 4810 3882 4885; x_wconf 60' lang='lat' dir='ltr'>discipuli,</span> 
     </span>
    </p>
   </div>
   <div class='ocr_carea' id='block_1_110' title="bbox 2274 4908 3880 4984">
    <p class='ocr_par' dir='ltr' id='par_1_110' title="bbox 2274 4908 3880 4984">
     <span class='ocr_line' id='line_1_110' title="bbox 2274 4908 3880 4984; baseline -0.006 -16"><span class='ocrx_word' id='word_1_843' title='bbox 2274 4931 2388 4969; x_wconf 88' lang='lat' dir='ltr'>non</span> <span class='ocrx_word' id='word_1_844' title='bbox 2418 4915 2504 4969; x_wconf 92' lang='lat' dir='ltr'>sui</span> <span class='ocrx_word' id='word_1_845' title='bbox 2535 4914 2876 4968; x_wconf 91' lang='lat' dir='ltr'>munditiam</span> <span class='ocrx_word' id='word_1_846' title='bbox 2906 4914 3180 4984; x_wconf 86' lang='lat' dir='ltr'>corporis,</span> <span class='ocrx_word' id='word_1_847' title='bbox 3215 4913 3313 4968; x_wconf 89' lang='lat' dir='ltr'>sed</span> <span class='ocrx_word' id='word_1_848' title='bbox 3357 4915 3578 4968; x_wconf 66' lang='lat' dir='ltr'>animas</span> <span class='ocrx_word' id='word_1_849' title='bbox 3611 4908 3880 4981; x_wconf 87' lang='lat' dir='ltr'>requiren-</span> 
     </span>
    </p>
   </div>
   <div class='ocr_carea' id='block_1_111' title="bbox 2274 5001 3882 5080">
    <p class='ocr_par' dir='ltr' id='par_1_111' title="bbox 2274 5001 3882 5080">
     <span class='ocr_line' id='line_1_111' title="bbox 2274 5001 3882 5080; baseline -0.007 -16"><span class='ocrx_word' id='word_1_850' title='bbox 2274 5016 2355 5064; x_wconf 89' lang='lat' dir='ltr'>tes</span> <span class='ocrx_word' id='word_1_851' title='bbox 2407 5009 2539 5080; x_wconf 85' lang='lat' dir='ltr'>(9l).</span> <span class='ocrx_word' id='word_1_852' title='bbox 2593 5009 2707 5062; x_wconf 92' lang='lat' dir='ltr'>Hoc</span> <span class='ocrx_word' id='word_1_853' title='bbox 2754 5007 3258 5079; x_wconf 89' lang='lat' dir='ltr'>reprehendebant</span> <span class='ocrx_word' id='word_1_854' title='bbox 3296 5006 3523 5075; x_wconf 58' lang='lat' dir='ltr'>Judaei;</span> <span class='ocrx_word' id='word_1_855' title='bbox 3575 5005 3668 5060; x_wconf 90' lang='lat' dir='ltr'>sed</span> <span class='ocrx_word' id='word_1_856' title='bbox 3710 5001 3882 5070; x_wconf 85' lang='lat' dir='ltr'>argute</span> 
     </span>
    </p>
   </div>
   <div class='ocr_carea' id='block_1_112' title="bbox 2273 5125 3882 5203">
    <p class='ocr_par' dir='ltr' id='par_1_112' title="bbox 2273 5125 3882 5203">
     <span class='ocr_line' id='line_1_112' title="bbox 2273 5125 3882 5203; baseline -0.004 -15"><span class='ocrx_word' id='word_1_857' title='bbox 2273 5139 2341 5188; x_wconf 88' lang='lat' dir='ltr'>tis</span> <span class='ocrx_word' id='word_1_858' title='bbox 2397 5140 2772 5189; x_wconf 85' lang='lat' dir='ltr'>ministrorum</span> <span class='ocrx_word' id='word_1_859' title='bbox 2828 5152 3054 5188; x_wconf 91' lang='lat' dir='ltr'>suorum</span> <span class='ocrx_word' id='word_1_860' title='bbox 3113 5137 3402 5189; x_wconf 88' lang='lat' dir='ltr'>defectum</span> <span class='ocrx_word' id='word_1_861' title='bbox 3457 5148 3685 5203; x_wconf 90' lang='lat' dir='ltr'>quoquo</span> <span class='ocrx_word' id='word_1_862' title='bbox 3744 5125 3882 5181; x_wconf 83' lang='lat' dir='ltr'>modo</span> 
     </span>
    </p>
   </div>
   <div class='ocr_carea' id='block_1_113' title="bbox 2271 5208 3882 5275">
    <p class='ocr_par' dir='ltr' id='par_1_113' title="bbox 2271 5208 3882 5275">
     <span class='ocr_line' id='line_1_113' title="bbox 2271 5208 3882 5275; baseline -0.002 -17"><span class='ocrx_word' id='word_1_863' title='bbox 2271 5210 2562 5261; x_wconf 87' lang='lat' dir='ltr'>videantur</span> <span class='ocrx_word' id='word_1_864' title='bbox 2617 5209 2933 5260; x_wconf 83' lang='lat' dir='ltr'>defendere.</span> <span class='ocrx_word' id='word_1_865' title='bbox 2991 5208 3100 5260; x_wconf 89' lang='lat' dir='ltr'>Sed</span> <span class='ocrx_word' id='word_1_866' title='bbox 3147 5209 3564 5259; x_wconf 84' lang='lat' dir='ltr'>ordinationem</span> <span class='ocrx_word' id='word_1_867' title='bbox 3607 5220 3702 5270; x_wconf 87' lang='lat' dir='ltr'>per</span> <span class='ocrx_word' id='word_1_868' title='bbox 3740 5211 3882 5275; x_wconf 61' lang='lat' dir='ltr'>quati!1</span> 
     </span>
    </p>
   </div>
   <div class='ocr_carea' id='block_1_114' title="bbox 2272 5274 3881 5345">
    <p class='ocr_par' dir='ltr' id='par_1_114' title="bbox 2272 5274 3881 5345">
     <span class='ocr_line' id='line_1_114' title="bbox 2272 5274 3881 5345; baseline -0.005 -13"><span class='ocrx_word' id='word_1_869' title='bbox 2272 5282 2550 5332; x_wconf 88' lang='lat' dir='ltr'>confertur</span> <span class='ocrx_word' id='word_1_870' title='bbox 2571 5281 2905 5345; x_wconf 88' lang='lat' dir='ltr'>jurisdictio,</span> <span class='ocrx_word' id='word_1_871' title='bbox 2938 5293 3226 5343; x_wconf 87' lang='lat' dir='ltr'>nunquam</span> <span class='ocrx_word' id='word_1_872' title='bbox 3263 5281 3374 5330; x_wconf 86' lang='lat' dir='ltr'>nisi</span> <span class='ocrx_word' id='word_1_873' title='bbox 3427 5280 3499 5330; x_wconf 88' lang='lat' dir='ltr'>ab</span> <span class='ocrx_word' id='word_1_874' title='bbox 3540 5274 3800 5342; x_wconf 75' lang='lat' dir='ltr'>episcopis</span> <span class='ocrx_word' id='word_1_875' title='bbox 3839 5274 3881 5345; x_wconf 53' lang='lat' dir='ltr'>in</span> 
     </span>
    </p>
   </div>
   <div class='ocr_carea' id='block_1_115' title="bbox 2271 5342 3876 5416">
    <p class='ocr_par' dir='ltr' id='par_1_115' title="bbox 2271 5342 3876 5416">
     <span class='ocr_line' id='line_1_115' title="bbox 2271 5342 3876 5416; baseline -0.008 -13"><span class='ocrx_word' id='word_1_876' title='bbox 2271 5353 2519 5404; x_wconf 87' lang='lat' dir='ltr'>Ecclesia</span> <span class='ocrx_word' id='word_1_877' title='bbox 2547 5342 2822 5403; x_wconf 79' lang='lat' dir='ltr'>catholica</span> <span class='ocrx_word' id='word_1_878' title='bbox 2850 5342 3130 5416; x_wconf 82' lang='lat' dir='ltr'>peractam</span> <span class='ocrx_word' id='word_1_879' title='bbox 3171 5364 3289 5400; x_wconf 89' lang='lat' dir='ltr'>esse</span> <span class='ocrx_word' id='word_1_880' title='bbox 3325 5356 3488 5401; x_wconf 86' lang='lat' dir='ltr'>extra</span> <span class='ocrx_word' id='word_1_881' title='bbox 3529 5348 3756 5399; x_wconf 88' lang='lat' dir='ltr'>dubium</span> <span class='ocrx_word' id='word_1_882' title='bbox 3792 5342 3876 5390; x_wconf 79' lang='lat' dir='ltr'>est.</span> 
     </span>
    </p>
   </div>
   <div class='ocr_carea' id='block_1_116' title="bbox 2333 5419 3882 5486">
    <p class='ocr_par' dir='ltr' id='par_1_116' title="bbox 2333 5419 3882 5486">
     <span class='ocr_line' id='line_1_116' title="bbox 2333 5419 3882 5486; baseline -0.001 -13"><span class='ocrx_word' id='word_1_883' title='bbox 2333 5425 2431 5486; x_wconf 78' lang='lat'><strong>(89)</strong></span> <span class='ocrx_word' id='word_1_884' title='bbox 2485 5423 2618 5472; x_wconf 88' lang='lat' dir='ltr'>Tres</span> <span class='ocrx_word' id='word_1_885' title='bbox 2661 5437 2813 5483; x_wconf 90' lang='lat' dir='ltr'>mss.,</span> <span class='ocrx_word' id='word_1_886' title='bbox 2859 5422 3027 5482; x_wconf 80' lang='lat' dir='ltr'>illam,</span> <span class='ocrx_word' id='word_1_887' title='bbox 3073 5435 3229 5486; x_wconf 81' lang='lat' dir='ltr'>quem</span> <span class='ocrx_word' id='word_1_888' title='bbox 3263 5422 3436 5471; x_wconf 78' lang='lat' dir='ltr'>volui!</span> <span class='ocrx_word' id='word_1_889' title='bbox 3485 5419 3598 5470; x_wconf 84' lang='lat' dir='ltr'>cibo</span> <span class='ocrx_word' id='word_1_890' title='bbox 3638 5426 3775 5479; x_wconf 72' lang='lat' dir='ltr'>egere</span> <span class='ocrx_word' id='word_1_891' title='bbox 3804 5421 3882 5472; x_wconf 72' lang='grc'>1³0³</span> 
     </span>
    </p>
   </div>
   <div class='ocr_carea' id='block_1_117' title="bbox 2271 5496 2415 5544">
    <p class='ocr_par' dir='ltr' id='par_1_117' title="bbox 2271 5496 2415 5544">
     <span class='ocr_line' id='line_1_117' title="bbox 2271 5496 2415 5544; baseline -0.014 0"><span class='ocrx_word' id='word_1_892' title='bbox 2271 5496 2415 5544; x_wconf 82' lang='lat' dir='ltr'>teris.</span> 
     </span>
    </p>
   </div>
   <div class='ocr_carea' id='block_1_118' title="bbox 2337 5549 3882 5630">
    <p class='ocr_par' dir='ltr' id='par_1_118' title="bbox 2337 5549 3882 5630">
     <span class='ocr_line' id='line_1_118' title="bbox 2337 5549 3882 5630; baseline -0.012 -12"><span class='ocrx_word' id='word_1_893' title='bbox 2337 5567 2428 5630; x_wconf 86' lang='lat'>(90)</span> <span class='ocrx_word' id='word_1_894' title='bbox 2461 5567 2607 5617; x_wconf 87' lang='lat' dir='ltr'>Hinc</span> <span class='ocrx_word' id='word_1_895' title='bbox 2631 5565 2907 5629; x_wconf 90' lang='lat' dir='ltr'>intelligas</span> <span class='ocrx_word' id='word_1_896' title='bbox 2937 5565 3212 5628; x_wconf 72' lang='lat' dir='ltr'>epiSCOpis</span> <span class='ocrx_word' id='word_1_897' title='bbox 3249 5564 3385 5614; x_wconf 89' lang='lat' dir='ltr'>olim</span> <span class='ocrx_word' id='word_1_898' title='bbox 3427 5577 3540 5613; x_wconf 91' lang='lat' dir='ltr'>non</span> <span class='ocrx_word' id='word_1_899' title='bbox 3582 5558 3755 5609; x_wconf 88' lang='lat' dir='ltr'>solum</span> <span class='ocrx_word' id='word_1_900' title='bbox 3795 5549 3882 5600; x_wconf 87' lang='lat' dir='ltr'>ad—</span> 
     </span>
    </p>
   </div>
   <div class='ocr_carea' id='block_1_119' title="bbox 2271 5630 3882 5700">
    <p class='ocr_par' dir='ltr' id='par_1_119' title="bbox 2271 5630 3882 5700">
     <span class='ocr_line' id='line_1_119' title="bbox 2271 5630 3882 5700; baseline -0.01 -12"><span class='ocrx_word' id='word_1_901' title='bbox 2271 5639 2551 5700; x_wconf 90' lang='lat' dir='ltr'>monendi,</span> <span class='ocrx_word' id='word_1_902' title='bbox 2596 5651 2786 5688; x_wconf 85' lang='lat' dir='ltr'>verum</span> <span class='ocrx_word' id='word_1_903' title='bbox 2823 5638 2988 5687; x_wconf 90' lang='lat' dir='ltr'>etiam</span> <span class='ocrx_word' id='word_1_904' title='bbox 3025 5635 3318 5688; x_wconf 89' lang='lat' dir='ltr'>coercendi</span> <span class='ocrx_word' id='word_1_905' title='bbox 3355 5639 3450 5699; x_wconf 89' lang='lat' dir='ltr'>jus</span> <span class='ocrx_word' id='word_1_906' title='bbox 3489 5630 3882 5683; x_wconf 82' lang='lat' dir='ltr'>auctoritatem-</span> 
     </span>
    </p>
   </div>
   <div class='ocr_carea' id='block_1_120' title="bbox 2272 5712 2593 5774">
    <p class='ocr_par' dir='ltr' id='par_1_120' title="bbox 2272 5712 2593 5774">
     <span class='ocr_line' id='line_1_120' title="bbox 2272 5712 2593 5774; baseline -0.003 -16"><span class='ocrx_word' id='word_1_907' title='bbox 2272 5725 2379 5774; x_wconf 86' lang='lat' dir='ltr'>que</span> <span class='ocrx_word' id='word_1_908' title='bbox 2407 5712 2593 5760; x_wconf 86' lang='lat' dir='ltr'>fuisse.</span> 
     </span>
    </p>
   </div>
   <div class='ocr_carea' id='block_1_121' title="bbox 2333 5778 3880 5843">
    <p class='ocr_par' dir='ltr' id='par_1_121' title="bbox 2333 5778 3880 5843">
     <span class='ocr_line' id='line_1_121' title="bbox 2333 5778 3880 5843; baseline -0.007 -11"><span class='ocrx_word' id='word_1_909' title='bbox 2333 5785 2427 5842; x_wconf 79' lang='grc'>(91)</span> <span class='ocrx_word' id='word_1_910' title='bbox 2489 5781 2614 5830; x_wconf 86' lang='lat' dir='ltr'>Mss.</span> <span class='ocrx_word' id='word_1_911' title='bbox 2670 5794 2780 5831; x_wconf 89' lang='lat' dir='ltr'>non</span> <span class='ocrx_word' id='word_1_912' title='bbox 2830 5781 3022 5843; x_wconf 81' lang='lat' dir='ltr'>pauci,</span> <span class='ocrx_word' id='word_1_913' title='bbox 3080 5793 3183 5831; x_wconf 90' lang='lat' dir='ltr'>nec</span> <span class='ocrx_word' id='word_1_914' title='bbox 3253 5779 3534 5828; x_wconf 80' lang='lat' dir='ltr'>inferioris</span> <span class='ocrx_word' id='word_1_915' title='bbox 3583 5778 3742 5831; x_wconf 58' lang='lat' dir='ltr'>notae,</span> <span class='ocrx_word' id='word_1_916' title='bbox 3795 5778 3880 5814; x_wconf 80' lang='grc' dir='ltr'>ηοη</span> 
     </span>
    </p>
   </div>
   <div class='ocr_carea' id='block_1_122' title="bbox 2269 5844 3875 5912">
    <p class='ocr_par' dir='ltr' id='par_1_122' title="bbox 2269 5844 3875 5912">
     <span class='ocr_line' id='line_1_122' title="bbox 2269 5844 3875 5912; baseline -0.008 -10"><span class='ocrx_word' id='word_1_917' title='bbox 2269 5868 2374 5903; x_wconf 78' lang='lat' dir='ltr'>suae</span> <span class='ocrx_word' id='word_1_918' title='bbox 2435 5852 2747 5902; x_wconf 82' lang='lat' dir='ltr'>munditiam</span> <span class='ocrx_word' id='word_1_919' title='bbox 2817 5852 3036 5912; x_wconf 60' lang='lat' dir='ltr'>«mimae,</span> <span class='ocrx_word' id='word_1_920' title='bbox 3090 5864 3196 5900; x_wconf 82' lang='lat' dir='ltr'>non</span> <span class='ocrx_word' id='word_1_921' title='bbox 3255 5849 3502 5912; x_wconf 74' lang='lat' dir='ltr'>corporis</span> <span class='ocrx_word' id='word_1_922' title='bbox 3562 5844 3875 5908; x_wconf 72' lang='lat' dir='ltr'>requirentu-</span> 
     </span>
    </p>
   </div>
  </div>
