  <div class='ocr_page' id='page_1' title='image "/cluster/home/n/w/nwhite01/storage/ocr_20150623/15/hvd.32044048207278/322.png"; bbox 0 0 4022 6176; ppageno 0'>
   <div class='ocr_carea' id='block_1_1' title="bbox 261 297 382 349">
    <p class='ocr_par' dir='ltr' id='par_1_1' title="bbox 261 297 382 349">
     <span class='ocr_line' id='line_1_1' title="bbox 261 297 382 349; baseline 0.008 -2"><span class='ocrx_word' id='word_1_1' title='bbox 261 297 382 349; x_wconf 77' lang='grc'>1881</span> 
     </span>
    </p>
   </div>
   <div class='ocr_carea' id='block_1_2' title="bbox 1351 297 2552 356">
    <p class='ocr_par' dir='ltr' id='par_1_2' title="bbox 1351 297 2552 356">
     <span class='ocr_line' id='line_1_2' title="bbox 1351 297 2552 356; baseline -0.001 -2"><span class='ocrx_word' id='word_1_2' title='bbox 1351 300 1824 356; x_wconf 81' lang='lat' dir='ltr'>EXPOSITIONIS</span> <span class='ocrx_word' id='word_1_3' title='bbox 1863 297 1930 352; x_wconf 88' lang='lat' dir='ltr'>IN</span> <span class='ocrx_word' id='word_1_4' title='bbox 1974 299 2197 354; x_wconf 83' lang='lat' dir='ltr'><strong>LUCAM</strong></span> <span class='ocrx_word' id='word_1_5' title='bbox 2242 302 2368 355; x_wconf 85' lang='lat' dir='ltr'>LIB.</span> <span class='ocrx_word' id='word_1_6' title='bbox 2418 301 2552 356; x_wconf 90' lang='lat' dir='ltr'>Vlll.</span> 
     </span>
    </p>
   </div>
   <div class='ocr_carea' id='block_1_3' title="bbox 3484 283 3646 356">
    <p class='ocr_par' dir='ltr' id='par_1_3' title="bbox 3484 283 3646 356">
     <span class='ocr_line' id='line_1_3' title="bbox 3484 283 3646 356; baseline 0 -2"><span class='ocrx_word' id='word_1_7' title='bbox 3484 283 3646 356; x_wconf 70' lang='grc'>1882</span> 
     </span>
    </p>
   </div>
   <div class='ocr_carea' id='block_1_4' title="bbox 253 421 3615 506">
    <p class='ocr_par' dir='ltr' id='par_1_4' title="bbox 253 421 3615 506">
     <span class='ocr_line' id='line_1_4' title="bbox 253 421 3615 506; baseline 0.001 -32"><span class='ocrx_word' id='word_1_8' title='bbox 253 421 682 492; x_wconf 89' lang='lat' dir='ltr'>redarguuntur</span> <span class='ocrx_word' id='word_1_9' title='bbox 727 439 758 475; x_wconf 91' lang='lat' dir='ltr'>a</span> <span class='ocrx_word' id='word_1_10' title='bbox 807 424 1072 491; x_wconf 85' lang='lat' dir='ltr'>Domino,</span> <span class='ocrx_word' id='word_1_11' title='bbox 1120 426 1269 495; x_wconf 91' lang='lat' dir='ltr'>quod</span> <span class='ocrx_word' id='word_1_12' title='bbox 1319 425 1510 480; x_wconf 90' lang='lat' dir='ltr'>inania</span> <span class='ocrx_word' id='word_1_13' title='bbox 1556 426 1878 490; x_wconf 83' lang='lat' dir='ltr'>observent,</span> <span class='ocrx_word' id='word_1_14' title='bbox 1906 430 2261 506; x_wconf 77' lang='lat' dir='ltr'>Atanquam</span> <span class='ocrx_word' id='word_1_15' title='bbox 2324 427 2524 478; x_wconf 69' lang='lat' dir='ltr'>formae</span> <span class='ocrx_word' id='word_1_16' title='bbox 2593 426 2833 496; x_wconf 76' lang='lat' dir='ltr'>gratiam</span> <span class='ocrx_word' id='word_1_17' title='bbox 2900 425 3171 479; x_wconf 82' lang='lat' dir='ltr'>naturalis</span> <span class='ocrx_word' id='word_1_18' title='bbox 3239 424 3496 480; x_wconf 79' lang='lat' dir='ltr'>ascendit</span> <span class='ocrx_word' id='word_1_19' title='bbox 3559 425 3615 478; x_wconf 91' lang='lat' dir='ltr'>in</span> 
     </span>
    </p>
   </div>
   <div class='ocr_carea' id='block_1_5' title="bbox 247 516 1879 590">
    <p class='ocr_par' dir='ltr' id='par_1_5' title="bbox 247 516 1879 590">
     <span class='ocr_line' id='line_1_5' title="bbox 247 516 1879 590; baseline 0.001 -21"><span class='ocrx_word' id='word_1_20' title='bbox 247 516 550 584; x_wconf 87' lang='lat' dir='ltr'>profutura</span> <span class='ocrx_word' id='word_1_21' title='bbox 578 516 917 588; x_wconf 80' lang='lat' dir='ltr'>despiciant.</span> <span class='ocrx_word' id='word_1_22' title='bbox 959 521 1025 574; x_wconf 85' lang='lat' dir='ltr'>Et</span> <span class='ocrx_word' id='word_1_23' title='bbox 1053 519 1178 574; x_wconf 90' lang='lat' dir='ltr'>ideo</span> <span class='ocrx_word' id='word_1_24' title='bbox 1217 519 1326 573; x_wconf 80' lang='lat' dir='ltr'>illis</span> <span class='ocrx_word' id='word_1_25' title='bbox 1352 520 1490 574; x_wconf 84' lang='lat' dir='ltr'>dicit</span> <span class='ocrx_word' id='word_1_26' title='bbox 1521 539 1530 573; x_wconf 93' lang='lat'>:</span> <span class='ocrx_word' id='word_1_27' title='bbox 1570 521 1674 574; x_wconf 88' lang='lat' dir='ltr'>Vos</span> <span class='ocrx_word' id='word_1_28' title='bbox 1703 537 1879 590; x_wconf 72' lang='lat' dir='ltr'>quare</span> 
     </span>
    </p>
   </div>
   <div class='ocr_carea' id='block_1_6' title="bbox 247 608 1880 684">
    <p class='ocr_par' dir='ltr' id='par_1_6' title="bbox 247 608 1880 684">
     <span class='ocr_line' id='line_1_6' title="bbox 247 608 1880 684; baseline 0.002 -22"><span class='ocrx_word' id='word_1_29' title='bbox 247 608 434 663; x_wconf 76' lang='lat' dir='ltr'>dicitis</span> <span class='ocrx_word' id='word_1_30' title='bbox 483 612 627 679; x_wconf 89' lang='lat' dir='ltr'>patri</span> <span class='ocrx_word' id='word_1_31' title='bbox 674 615 773 664; x_wconf 90' lang='lat' dir='ltr'>aut</span> <span class='ocrx_word' id='word_1_32' title='bbox 821 612 1007 678; x_wconf 81' lang='lat' dir='ltr'>matri,</span> <span class='ocrx_word' id='word_1_33' title='bbox 1061 629 1204 683; x_wconf 88' lang='lat' dir='ltr'>quos</span> <span class='ocrx_word' id='word_1_34' title='bbox 1250 613 1338 668; x_wconf 86' lang='lat' dir='ltr'>lex</span> <span class='ocrx_word' id='word_1_35' title='bbox 1394 613 1651 684; x_wconf 64' lang='lat' dir='ltr'>praecipit</span> <span class='ocrx_word' id='word_1_36' title='bbox 1701 614 1880 668; x_wconf 85' lang='lat' dir='ltr'>hono-</span> 
     </span>
    </p>
   </div>
   <div class='ocr_carea' id='block_1_7' title="bbox 248 703 1880 780">
    <p class='ocr_par' dir='ltr' id='par_1_7' title="bbox 248 703 1880 780">
     <span class='ocr_line' id='line_1_7' title="bbox 248 703 1880 780; baseline 0.005 -24"><span class='ocrx_word' id='word_1_37' title='bbox 248 703 360 756; x_wconf 89' lang='lat' dir='ltr'>rari</span> <span class='ocrx_word' id='word_1_38' title='bbox 405 705 625 772; x_wconf 68' lang='grc' dir='ltr'>(Εωοάυ</span> <span class='ocrx_word' id='word_1_39' title='bbox 665 721 754 773; x_wconf 87' lang='lat' dir='ltr'>xx,</span> <span class='ocrx_word' id='word_1_40' title='bbox 790 707 870 774; x_wconf 85' lang='lat' dir='ltr'>l2)</span> <span class='ocrx_word' id='word_1_41' title='bbox 905 725 919 760; x_wconf 90' lang='lat'><strong>:</strong></span> <span class='ocrx_word' id='word_1_42' title='bbox 953 726 978 757; x_wconf 78' lang='grc' dir='ltr'>α</span> <span class='ocrx_word' id='word_1_43' title='bbox 1011 708 1210 761; x_wconf 80' lang='lat' dir='ltr'>Munus</span> <span class='ocrx_word' id='word_1_44' title='bbox 1256 709 1639 780; x_wconf 86' lang='lat' dir='ltr'>quodcunque</span> <span class='ocrx_word' id='word_1_45' title='bbox 1683 715 1767 764; x_wconf 87' lang='lat' dir='ltr'>est</span> <span class='ocrx_word' id='word_1_46' title='bbox 1812 725 1880 764; x_wconf 87' lang='lat' dir='ltr'>ex</span> 
     </span>
    </p>
   </div>
   <div class='ocr_carea' id='block_1_8' title="bbox 247 797 1882 874">
    <p class='ocr_par' dir='ltr' id='par_1_8' title="bbox 247 797 1882 874">
     <span class='ocr_line' id='line_1_8' title="bbox 247 797 1882 874; baseline 0.006 -25"><span class='ocrx_word' id='word_1_47' title='bbox 247 812 360 862; x_wconf 92' lang='lat' dir='ltr'>me,</span> <span class='ocrx_word' id='word_1_48' title='bbox 389 797 490 851; x_wconf 87' lang='lat' dir='ltr'>tibi</span> <span class='ocrx_word' id='word_1_49' title='bbox 518 799 772 868; x_wconf 88' lang='lat' dir='ltr'>proderit</span> <span class='ocrx_word' id='word_1_50' title='bbox 801 801 1044 869; x_wconf 86' lang='lat' dir='ltr'>(Matth.,</span> <span class='ocrx_word' id='word_1_51' title='bbox 1073 817 1162 868; x_wconf 89' lang='lat' dir='ltr'>xv,</span> <span class='ocrx_word' id='word_1_52' title='bbox 1190 806 1265 869; x_wconf 81' lang='lat'>5),</span> <span class='ocrx_word' id='word_1_53' title='bbox 1297 823 1324 851; x_wconf 82' lang='lat'><strong>»</strong></span> <span class='ocrx_word' id='word_1_54' title='bbox 1355 802 1412 856; x_wconf 89' lang='lat' dir='ltr'>id</span> <span class='ocrx_word' id='word_1_55' title='bbox 1440 807 1543 870; x_wconf 90' lang='lat' dir='ltr'>est,</span> <span class='ocrx_word' id='word_1_56' title='bbox 1575 819 1707 857; x_wconf 91' lang='lat' dir='ltr'>cum</span> <span class='ocrx_word' id='word_1_57' title='bbox 1735 804 1882 874; x_wconf 80' lang='lat' dir='ltr'>petit</span> 
     </span>
    </p>
   </div>
   <div class='ocr_carea' id='block_1_9' title="bbox 246 889 1880 966">
    <p class='ocr_par' dir='ltr' id='par_1_9' title="bbox 246 889 1880 966">
     <span class='ocr_line' id='line_1_9' title="bbox 246 889 1880 966; baseline 0.006 -23"><span class='ocrx_word' id='word_1_58' title='bbox 246 889 461 960; x_wconf 86' lang='lat' dir='ltr'>aliquid</span> <span class='ocrx_word' id='word_1_59' title='bbox 515 891 587 944; x_wconf 86' lang='lat' dir='ltr'>ad</span> <span class='ocrx_word' id='word_1_60' title='bbox 642 899 935 963; x_wconf 92' lang='lat' dir='ltr'>sumptum</span> <span class='ocrx_word' id='word_1_61' title='bbox 992 911 1169 965; x_wconf 91' lang='lat' dir='ltr'>egens</span> <span class='ocrx_word' id='word_1_62' title='bbox 1232 901 1396 966; x_wconf 90' lang='lat' dir='ltr'>pater</span> <span class='ocrx_word' id='word_1_63' title='bbox 1457 901 1557 950; x_wconf 91' lang='lat' dir='ltr'>aut</span> <span class='ocrx_word' id='word_1_64' title='bbox 1615 903 1796 953; x_wconf 85' lang='lat' dir='ltr'>mater</span> <span class='ocrx_word' id='word_1_65' title='bbox 1848 915 1880 952; x_wconf 90' lang='lat' dir='ltr'>a</span> 
     </span>
    </p>
   </div>
   <div class='ocr_carea' id='block_1_10' title="bbox 245 983 1877 1057">
    <p class='ocr_par' dir='ltr' id='par_1_10' title="bbox 245 983 1877 1057">
     <span class='ocr_line' id='line_1_10' title="bbox 245 983 1877 1057; baseline 0.006 -20"><span class='ocrx_word' id='word_1_66' title='bbox 245 983 384 1050; x_wconf 82' lang='lat' dir='ltr'>filio,</span> <span class='ocrx_word' id='word_1_67' title='bbox 415 984 550 1056; x_wconf 83' lang='lat' dir='ltr'>quia</span> <span class='ocrx_word' id='word_1_68' title='bbox 579 988 680 1056; x_wconf 89' lang='lat'>(92)</span> <span class='ocrx_word' id='word_1_69' title='bbox 714 986 900 1057; x_wconf 82' lang='lat' dir='ltr'>legem</span> <span class='ocrx_word' id='word_1_70' title='bbox 945 988 1148 1042; x_wconf 88' lang='lat' dir='ltr'>timens</span> <span class='ocrx_word' id='word_1_71' title='bbox 1183 989 1414 1044; x_wconf 76' lang='lat' dir='ltr'>Judaeus</span> <span class='ocrx_word' id='word_1_72' title='bbox 1450 992 1877 1046; x_wconf 85' lang='lat' dir='ltr'>excusationem</span> 
     </span>
    </p>
   </div>
   <div class='ocr_carea' id='block_1_11' title="bbox 247 1077 1881 1156">
    <p class='ocr_par' dir='ltr' id='par_1_11' title="bbox 247 1077 1881 1156">
     <span class='ocr_line' id='line_1_11' title="bbox 247 1077 1881 1156; baseline 0.007 -25"><span class='ocrx_word' id='word_1_73' title='bbox 247 1093 366 1132; x_wconf 91' lang='lat' dir='ltr'>non</span> <span class='ocrx_word' id='word_1_74' title='bbox 392 1077 563 1133; x_wconf 90' lang='lat' dir='ltr'>dandi</span> <span class='ocrx_word' id='word_1_75' title='bbox 611 1081 868 1150; x_wconf 87' lang='lat' dir='ltr'>requirit,</span> <span class='ocrx_word' id='word_1_76' title='bbox 913 1080 1095 1136; x_wconf 89' lang='lat' dir='ltr'>dicere</span> <span class='ocrx_word' id='word_1_77' title='bbox 1140 1085 1326 1138; x_wconf 91' lang='lat' dir='ltr'>solet:</span> <span class='ocrx_word' id='word_1_78' title='bbox 1376 1088 1575 1140; x_wconf 88' lang='lat' dir='ltr'>Munus</span> <span class='ocrx_word' id='word_1_79' title='bbox 1611 1087 1761 1156; x_wconf 87' lang='lat' dir='ltr'>quod</span> <span class='ocrx_word' id='word_1_80' title='bbox 1805 1093 1881 1142; x_wconf 87' lang='lat' dir='ltr'>est</span> 
     </span>
    </p>
   </div>
   <div class='ocr_carea' id='block_1_12' title="bbox 247 1174 1880 1251">
    <p class='ocr_par' dir='ltr' id='par_1_12' title="bbox 247 1174 1880 1251">
     <span class='ocr_line' id='line_1_12' title="bbox 247 1174 1880 1251; baseline 0.006 -26"><span class='ocrx_word' id='word_1_81' title='bbox 247 1187 314 1225; x_wconf 79' lang='lat' dir='ltr'>ea:</span> <span class='ocrx_word' id='word_1_82' title='bbox 343 1187 446 1233; x_wconf 87' lang='lat' dir='ltr'>me,</span> <span class='ocrx_word' id='word_1_83' title='bbox 489 1174 592 1226; x_wconf 91' lang='lat' dir='ltr'>tibi</span> <span class='ocrx_word' id='word_1_84' title='bbox 620 1175 895 1243; x_wconf 84' lang='lat' dir='ltr'>proderit;</span> <span class='ocrx_word' id='word_1_85' title='bbox 938 1181 999 1229; x_wconf 90' lang='lat' dir='ltr'>ut</span> <span class='ocrx_word' id='word_1_86' title='bbox 1038 1176 1282 1231; x_wconf 86' lang='lat' dir='ltr'>dicatam</span> <span class='ocrx_word' id='word_1_87' title='bbox 1321 1195 1352 1230; x_wconf 92' lang='lat' dir='ltr'>a</span> <span class='ocrx_word' id='word_1_88' title='bbox 1397 1179 1526 1233; x_wconf 84' lang='lat' dir='ltr'>filiis</span> <span class='ocrx_word' id='word_1_89' title='bbox 1571 1181 1686 1234; x_wconf 94' lang='lat' dir='ltr'>Deo</span> <span class='ocrx_word' id='word_1_90' title='bbox 1713 1197 1880 1251; x_wconf 88' lang='lat' dir='ltr'>pecu-</span> 
     </span>
    </p>
   </div>
   <div class='ocr_carea' id='block_1_13' title="bbox 245 1266 1878 1340">
    <p class='ocr_par' dir='ltr' id='par_1_13' title="bbox 245 1266 1878 1340">
     <span class='ocr_line' id='line_1_13' title="bbox 245 1266 1878 1340; baseline 0.007 -22"><span class='ocrx_word' id='word_1_91' title='bbox 245 1266 407 1319; x_wconf 89' lang='lat' dir='ltr'>niam</span> <span class='ocrx_word' id='word_1_92' title='bbox 439 1271 601 1336; x_wconf 90' lang='lat' dir='ltr'>pater</span> <span class='ocrx_word' id='word_1_93' title='bbox 637 1267 929 1338; x_wconf 89' lang='lat' dir='ltr'>religiosus</span> <span class='ocrx_word' id='word_1_94' title='bbox 964 1270 1218 1340; x_wconf 91' lang='lat' dir='ltr'>accipere</span> <span class='ocrx_word' id='word_1_95' title='bbox 1248 1273 1596 1328; x_wconf 82' lang='lat' dir='ltr'>reformidet.</span> <span class='ocrx_word' id='word_1_96' title='bbox 1625 1275 1731 1329; x_wconf 90' lang='lat' dir='ltr'>Sed</span> <span class='ocrx_word' id='word_1_97' title='bbox 1759 1275 1878 1329; x_wconf 65' lang='lat' dir='ltr'>haec</span> 
     </span>
    </p>
   </div>
   <div class='ocr_carea' id='block_1_14' title="bbox 248 1359 1878 1423">
    <p class='ocr_par' dir='ltr' id='par_1_14' title="bbox 248 1359 1878 1423">
     <span class='ocr_line' id='line_1_14' title="bbox 248 1359 1878 1423; baseline 0.007 -12"><span class='ocrx_word' id='word_1_98' title='bbox 248 1359 482 1413; x_wconf 86' lang='lat' dir='ltr'>traditio</span> <span class='ocrx_word' id='word_1_99' title='bbox 545 1361 842 1415; x_wconf 88' lang='lat' dir='ltr'>hominum</span> <span class='ocrx_word' id='word_1_100' title='bbox 906 1367 991 1416; x_wconf 90' lang='lat' dir='ltr'>est</span> <span class='ocrx_word' id='word_1_101' title='bbox 1043 1366 1428 1420; x_wconf 85' lang='lat' dir='ltr'>excusationes</span> <span class='ocrx_word' id='word_1_102' title='bbox 1491 1367 1878 1423; x_wconf 85' lang='lat' dir='ltr'>obtexentium</span> 
     </span>
    </p>
   </div>
   <div class='ocr_carea' id='block_1_15' title="bbox 246 1452 1880 1532">
    <p class='ocr_par' dir='ltr' id='par_1_15' title="bbox 246 1452 1880 1532">
     <span class='ocr_line' id='line_1_15' title="bbox 246 1452 1880 1532; baseline 0.007 -27"><span class='ocrx_word' id='word_1_103' title='bbox 246 1452 498 1507; x_wconf 69' lang='lat' dir='ltr'>avaritia:</span> <span class='ocrx_word' id='word_1_104' title='bbox 549 1471 684 1508; x_wconf 73' lang='lat' dir='ltr'>suae.</span> <span class='ocrx_word' id='word_1_105' title='bbox 729 1456 1011 1510; x_wconf 73' lang='lat' dir='ltr'>Caeterum</span> <span class='ocrx_word' id='word_1_106' title='bbox 1061 1458 1156 1512; x_wconf 90' lang='lat' dir='ltr'>Dei</span> <span class='ocrx_word' id='word_1_107' title='bbox 1199 1460 1423 1514; x_wconf 89' lang='lat' dir='ltr'>traditio</span> <span class='ocrx_word' id='word_1_108' title='bbox 1464 1465 1566 1528; x_wconf 85' lang='lat' dir='ltr'>est,</span> <span class='ocrx_word' id='word_1_109' title='bbox 1616 1470 1676 1516; x_wconf 85' lang='lat' dir='ltr'>ut</span> <span class='ocrx_word' id='word_1_110' title='bbox 1726 1464 1880 1532; x_wconf 90' lang='lat' dir='ltr'>prius</span> 
     </span>
    </p>
   </div>
   <div class='ocr_carea' id='block_1_16' title="bbox 248 1550 1878 1624">
    <p class='ocr_par' dir='ltr' id='par_1_16' title="bbox 248 1550 1878 1624">
     <span class='ocr_line' id='line_1_16' title="bbox 248 1550 1878 1624; baseline 0.007 -25"><span class='ocrx_word' id='word_1_111' title='bbox 248 1563 446 1617; x_wconf 88' lang='lat' dir='ltr'>pascas</span> <span class='ocrx_word' id='word_1_112' title='bbox 485 1553 754 1618; x_wconf 91' lang='lat' dir='ltr'>parentes</span> <span class='ocrx_word' id='word_1_113' title='bbox 805 1550 956 1616; x_wconf 89' lang='lat' dir='ltr'>(dist.</span> <span class='ocrx_word' id='word_1_114' title='bbox 1000 1553 1088 1616; x_wconf 91' lang='lat'>86,</span> <span class='ocrx_word' id='word_1_115' title='bbox 1129 1569 1252 1622; x_wconf 91' lang='lat' dir='ltr'>cap.</span> <span class='ocrx_word' id='word_1_116' title='bbox 1297 1555 1600 1624; x_wconf 59' lang='lat' dir='ltr'>Ceterum).</span> <span class='ocrx_word' id='word_1_117' title='bbox 1647 1557 1784 1610; x_wconf 85' lang='lat' dir='ltr'>Nam</span> <span class='ocrx_word' id='word_1_118' title='bbox 1834 1558 1878 1610; x_wconf 91' lang='lat' dir='ltr'>si</span> 
     </span>
    </p>
   </div>
   <div class='ocr_carea' id='block_1_17' title="bbox 238 1639 1878 1718">
    <p class='ocr_par' dir='ltr' id='par_1_17' title="bbox 238 1639 1878 1718">
     <span class='ocr_line' id='line_1_17' title="bbox 238 1639 1878 1718; baseline 0.009 -27"><span class='ocrx_word' id='word_1_119' title='bbox 238 1639 400 1709; x_wconf 86' lang='lat' dir='ltr'>juxta</span> <span class='ocrx_word' id='word_1_120' title='bbox 434 1642 691 1696; x_wconf 90' lang='lat' dir='ltr'>divinum</span> <span class='ocrx_word' id='word_1_121' title='bbox 712 1643 1026 1711; x_wconf 88' lang='lat' dir='ltr'>oraculum,</span> <span class='ocrx_word' id='word_1_122' title='bbox 1051 1647 1391 1701; x_wconf 87' lang='lat' dir='ltr'>contumelia</span> <span class='ocrx_word' id='word_1_123' title='bbox 1422 1649 1665 1718; x_wconf 89' lang='lat' dir='ltr'>parentis</span> <span class='ocrx_word' id='word_1_124' title='bbox 1695 1656 1878 1705; x_wconf 90' lang='lat' dir='ltr'>morte</span> 
     </span>
    </p>
   </div>
   <div class='ocr_carea' id='block_1_18' title="bbox 244 1733 1876 1815">
    <p class='ocr_par' dir='ltr' id='par_1_18' title="bbox 244 1733 1876 1815">
     <span class='ocr_line' id='line_1_18' title="bbox 244 1733 1876 1815; baseline 0.007 -28"><span class='ocrx_word' id='word_1_125' title='bbox 244 1733 422 1788; x_wconf 89' lang='lat' dir='ltr'>luitur</span> <span class='ocrx_word' id='word_1_126' title='bbox 462 1736 680 1805; x_wconf 64' lang='grc' dir='ltr'>(Εωοάη</span> <span class='ocrx_word' id='word_1_127' title='bbox 725 1753 835 1804; x_wconf 79' lang='lat' dir='ltr'>xxi,</span> <span class='ocrx_word' id='word_1_128' title='bbox 885 1737 988 1803; x_wconf 81' lang='lat' dir='ltr'>l7),</span> <span class='ocrx_word' id='word_1_129' title='bbox 1039 1746 1247 1810; x_wconf 90' lang='lat' dir='ltr'>quanto</span> <span class='ocrx_word' id='word_1_130' title='bbox 1295 1741 1475 1812; x_wconf 90' lang='lat' dir='ltr'>magis</span> <span class='ocrx_word' id='word_1_131' title='bbox 1520 1743 1715 1811; x_wconf 87' lang='lat' dir='ltr'>fames,</span> <span class='ocrx_word' id='word_1_132' title='bbox 1749 1762 1876 1815; x_wconf 73' lang='lat' dir='ltr'>quae</span> 
     </span>
    </p>
   </div>
   <div class='ocr_carea' id='block_1_19' title="bbox 246 1829 821 1899">
    <p class='ocr_par' dir='ltr' id='par_1_19' title="bbox 246 1829 821 1899">
     <span class='ocr_line' id='line_1_19' title="bbox 246 1829 821 1899; baseline 0.007 -19"><span class='ocrx_word' id='word_1_133' title='bbox 246 1831 430 1881; x_wconf 90' lang='lat' dir='ltr'>morte</span> <span class='ocrx_word' id='word_1_134' title='bbox 461 1829 684 1899; x_wconf 84' lang='lat' dir='ltr'>gravior</span> <span class='ocrx_word' id='word_1_135' title='bbox 711 1835 793 1884; x_wconf 91' lang='lat' dir='ltr'>est</span> <span class='ocrx_word' id='word_1_136' title='bbox 811 1831 821 1883; x_wconf 89' lang='lat'>!</span> 
     </span>
    </p>
   </div>
   <div class='ocr_carea' id='block_1_20' title="bbox 316 1922 1872 2002">
    <p class='ocr_par' dir='ltr' id='par_1_20' title="bbox 316 1922 1872 2002">
     <span class='ocr_line' id='line_1_20' title="bbox 316 1922 1872 2002; baseline 0.008 -28"><span class='ocrx_word' id='word_1_137' title='bbox 316 1923 405 1975; x_wconf 88' lang='lat'>79.</span> <span class='ocrx_word' id='word_1_138' title='bbox 450 1922 572 1985; x_wconf 89' lang='lat' dir='ltr'>Quo</span> <span class='ocrx_word' id='word_1_139' title='bbox 616 1923 736 1978; x_wconf 91' lang='lat' dir='ltr'>loco</span> <span class='ocrx_word' id='word_1_140' title='bbox 779 1925 1119 1980; x_wconf 89' lang='lat' dir='ltr'>insolentem</span> <span class='ocrx_word' id='word_1_141' title='bbox 1162 1927 1434 1983; x_wconf 89' lang='lat' dir='ltr'>Dominus</span> <span class='ocrx_word' id='word_1_142' title='bbox 1474 1930 1720 1985; x_wconf 91' lang='lat' dir='ltr'>infrenat</span> <span class='ocrx_word' id='word_1_143' title='bbox 1756 1933 1872 2002; x_wconf 81' lang='lat' dir='ltr'>jac-</span> 
     </span>
    </p>
   </div>
   <div class='ocr_carea' id='block_1_21' title="bbox 243 2015 1874 2090">
    <p class='ocr_par' dir='ltr' id='par_1_21' title="bbox 243 2015 1874 2090">
     <span class='ocr_line' id='line_1_21' title="bbox 243 2015 1874 2090; baseline 0.006 -21"><span class='ocrx_word' id='word_1_144' title='bbox 243 2015 506 2070; x_wconf 87' lang='lat' dir='ltr'>tantiam.</span> <span class='ocrx_word' id='word_1_145' title='bbox 554 2016 706 2071; x_wconf 83' lang='lat' dir='ltr'>Multi</span> <span class='ocrx_word' id='word_1_146' title='bbox 751 2017 924 2085; x_wconf 90' lang='lat' dir='ltr'>enim,</span> <span class='ocrx_word' id='word_1_147' title='bbox 970 2026 1033 2074; x_wconf 89' lang='lat' dir='ltr'>ut</span> <span class='ocrx_word' id='word_1_148' title='bbox 1083 2021 1463 2090; x_wconf 68' lang='lat' dir='ltr'>praedicentur</span> <span class='ocrx_word' id='word_1_149' title='bbox 1506 2024 1576 2078; x_wconf 90' lang='lat' dir='ltr'>ab</span> <span class='ocrx_word' id='word_1_150' title='bbox 1624 2025 1874 2079; x_wconf 87' lang='lat' dir='ltr'>homini-</span> 
     </span>
    </p>
   </div>
   <div class='ocr_carea' id='block_1_22' title="bbox 243 2109 1877 2186">
    <p class='ocr_par' dir='ltr' id='par_1_22' title="bbox 243 2109 1877 2186">
     <span class='ocr_line' id='line_1_22' title="bbox 243 2109 1877 2186; baseline 0.008 -25"><span class='ocrx_word' id='word_1_151' title='bbox 243 2109 370 2176; x_wconf 90' lang='lat' dir='ltr'>bus,</span> <span class='ocrx_word' id='word_1_152' title='bbox 414 2109 677 2164; x_wconf 71' lang='lat' dir='ltr'>Ecclesia:</span> <span class='ocrx_word' id='word_1_153' title='bbox 722 2112 1038 2180; x_wconf 86' lang='lat' dir='ltr'>conferunt,</span> <span class='ocrx_word' id='word_1_154' title='bbox 1076 2131 1204 2185; x_wconf 72' lang='lat' dir='ltr'>qua:</span> <span class='ocrx_word' id='word_1_155' title='bbox 1245 2117 1360 2170; x_wconf 90' lang='lat' dir='ltr'>suis</span> <span class='ocrx_word' id='word_1_156' title='bbox 1406 2118 1707 2186; x_wconf 89' lang='lat' dir='ltr'>auferunt;</span> <span class='ocrx_word' id='word_1_157' title='bbox 1749 2136 1877 2174; x_wconf 92' lang='lat' dir='ltr'>cum</span> 
     </span>
    </p>
   </div>
   <div class='ocr_carea' id='block_1_23' title="bbox 246 2203 1878 2283">
    <p class='ocr_par' dir='ltr' id='par_1_23' title="bbox 246 2203 1878 2283">
     <span class='ocr_line' id='line_1_23' title="bbox 246 2203 1878 2283; baseline 0.007 -28"><span class='ocrx_word' id='word_1_158' title='bbox 246 2203 636 2258; x_wconf 87' lang='lat' dir='ltr'>misericordia</span> <span class='ocrx_word' id='word_1_159' title='bbox 675 2221 705 2258; x_wconf 91' lang='lat' dir='ltr'>a</span> <span class='ocrx_word' id='word_1_160' title='bbox 747 2206 1059 2262; x_wconf 89' lang='lat' dir='ltr'>domestico</span> <span class='ocrx_word' id='word_1_161' title='bbox 1098 2209 1366 2280; x_wconf 88' lang='lat' dir='ltr'>progredi</span> <span class='ocrx_word' id='word_1_162' title='bbox 1408 2210 1616 2265; x_wconf 90' lang='lat' dir='ltr'>debeat</span> <span class='ocrx_word' id='word_1_163' title='bbox 1653 2213 1878 2283; x_wconf 84' lang='lat' dir='ltr'>pietatis</span> 
     </span>
    </p>
   </div>
   <div class='ocr_carea' id='block_1_24' title="bbox 244 2296 1873 2377">
    <p class='ocr_par' dir='ltr' id='par_1_24' title="bbox 244 2296 1873 2377">
     <span class='ocr_line' id='line_1_24' title="bbox 244 2296 1873 2377; baseline 0.007 -28"><span class='ocrx_word' id='word_1_164' title='bbox 244 2296 452 2350; x_wconf 80' lang='lat' dir='ltr'>ofﬁcio.</span> <span class='ocrx_word' id='word_1_165' title='bbox 498 2298 575 2351; x_wconf 90' lang='lat' dir='ltr'>Da</span> <span class='ocrx_word' id='word_1_166' title='bbox 617 2315 754 2369; x_wconf 92' lang='lat' dir='ltr'>ergo</span> <span class='ocrx_word' id='word_1_167' title='bbox 801 2299 957 2369; x_wconf 91' lang='lat' dir='ltr'>prius</span> <span class='ocrx_word' id='word_1_168' title='bbox 997 2303 1238 2372; x_wconf 90' lang='lat' dir='ltr'>parenti,</span> <span class='ocrx_word' id='word_1_169' title='bbox 1283 2303 1354 2357; x_wconf 92' lang='lat' dir='ltr'>da</span> <span class='ocrx_word' id='word_1_170' title='bbox 1401 2305 1574 2359; x_wconf 90' lang='lat' dir='ltr'>etiam</span> <span class='ocrx_word' id='word_1_171' title='bbox 1621 2307 1873 2377; x_wconf 89' lang='lat' dir='ltr'>pauperi,</span> 
     </span>
    </p>
   </div>
   <div class='ocr_carea' id='block_1_25' title="bbox 243 2389 1874 2469">
    <p class='ocr_par' dir='ltr' id='par_1_25' title="bbox 243 2389 1874 2469">
     <span class='ocr_line' id='line_1_25' title="bbox 243 2389 1874 2469; baseline 0.008 -27"><span class='ocrx_word' id='word_1_172' title='bbox 243 2390 312 2442; x_wconf 89' lang='lat' dir='ltr'>da</span> <span class='ocrx_word' id='word_1_173' title='bbox 338 2389 423 2444; x_wconf 88' lang='lat' dir='ltr'>illi</span> <span class='ocrx_word' id='word_1_174' title='bbox 446 2391 776 2462; x_wconf 86' lang='lat' dir='ltr'>presbytero</span> <span class='ocrx_word' id='word_1_175' title='bbox 812 2395 962 2464; x_wconf 93' lang='lat' dir='ltr'>quod</span> <span class='ocrx_word' id='word_1_176' title='bbox 999 2394 1098 2449; x_wconf 91' lang='lat' dir='ltr'>tibi</span> <span class='ocrx_word' id='word_1_177' title='bbox 1136 2395 1388 2452; x_wconf 87' lang='lat' dir='ltr'>abundat</span> <span class='ocrx_word' id='word_1_178' title='bbox 1415 2403 1708 2454; x_wconf 90' lang='lat' dir='ltr'>terrenum</span> <span class='ocrx_word' id='word_1_179' title='bbox 1743 2401 1874 2469; x_wconf 83' lang='grc'>(93),</span> 
     </span>
    </p>
   </div>
   <div class='ocr_carea' id='block_1_26' title="bbox 244 2484 1871 2560">
    <p class='ocr_par' dir='ltr' id='par_1_26' title="bbox 244 2484 1871 2560">
     <span class='ocr_line' id='line_1_26' title="bbox 244 2484 1871 2560; baseline 0.008 -25"><span class='ocrx_word' id='word_1_180' title='bbox 244 2488 306 2536; x_wconf 88' lang='lat' dir='ltr'>ut</span> <span class='ocrx_word' id='word_1_181' title='bbox 351 2484 423 2536; x_wconf 89' lang='lat' dir='ltr'>ab</span> <span class='ocrx_word' id='word_1_182' title='bbox 466 2485 559 2538; x_wconf 92' lang='lat' dir='ltr'>illo</span> <span class='ocrx_word' id='word_1_183' title='bbox 591 2486 828 2556; x_wconf 88' lang='lat' dir='ltr'>accipias</span> <span class='ocrx_word' id='word_1_184' title='bbox 865 2487 1154 2557; x_wconf 90' lang='lat' dir='ltr'>spirituale</span> <span class='ocrx_word' id='word_1_185' title='bbox 1192 2491 1345 2560; x_wconf 90' lang='lat' dir='ltr'>quod</span> <span class='ocrx_word' id='word_1_186' title='bbox 1389 2491 1492 2545; x_wconf 88' lang='lat' dir='ltr'>tibi</span> <span class='ocrx_word' id='word_1_187' title='bbox 1535 2492 1718 2558; x_wconf 89' lang='lat' dir='ltr'>deest;</span> <span class='ocrx_word' id='word_1_188' title='bbox 1759 2498 1871 2548; x_wconf 85' lang='lat' dir='ltr'>ete-</span> 
     </span>
    </p>
   </div>
   <div class='ocr_carea' id='block_1_27' title="bbox 244 2577 1873 2657">
    <p class='ocr_par' dir='ltr' id='par_1_27' title="bbox 244 2577 1873 2657">
     <span class='ocr_line' id='line_1_27' title="bbox 244 2577 1873 2657; baseline 0.006 -27"><span class='ocrx_word' id='word_1_189' title='bbox 244 2577 364 2630; x_wconf 90' lang='lat' dir='ltr'>nim</span> <span class='ocrx_word' id='word_1_190' title='bbox 407 2577 508 2648; x_wconf 91' lang='lat' dir='ltr'>qui</span> <span class='ocrx_word' id='word_1_191' title='bbox 545 2579 808 2647; x_wconf 88' lang='lat' dir='ltr'>honorat,</span> <span class='ocrx_word' id='word_1_192' title='bbox 844 2581 1239 2636; x_wconf 89' lang='lat' dir='ltr'>honorabitur.</span> <span class='ocrx_word' id='word_1_193' title='bbox 1273 2583 1408 2638; x_wconf 91' lang='lat' dir='ltr'>Vide</span> <span class='ocrx_word' id='word_1_194' title='bbox 1440 2601 1579 2655; x_wconf 90' lang='lat' dir='ltr'>ergo</span> <span class='ocrx_word' id='word_1_195' title='bbox 1617 2587 1752 2657; x_wconf 87' lang='lat' dir='ltr'>quia</span> <span class='ocrx_word' id='word_1_196' title='bbox 1785 2587 1873 2640; x_wconf 92' lang='lat' dir='ltr'>ille</span> 
     </span>
    </p>
   </div>
   <div class='ocr_carea' id='block_1_28' title="bbox 242 2671 1874 2750">
    <p class='ocr_par' dir='ltr' id='par_1_28' title="bbox 242 2671 1874 2750">
     <span class='ocr_line' id='line_1_28' title="bbox 242 2671 1874 2750; baseline 0.007 -27"><span class='ocrx_word' id='word_1_197' title='bbox 242 2687 374 2724; x_wconf 90' lang='lat' dir='ltr'>cum</span> <span class='ocrx_word' id='word_1_198' title='bbox 405 2671 628 2742; x_wconf 89' lang='lat' dir='ltr'>accipit,</span> <span class='ocrx_word' id='word_1_199' title='bbox 659 2673 859 2740; x_wconf 90' lang='lat' dir='ltr'>tradit;</span> <span class='ocrx_word' id='word_1_200' title='bbox 895 2678 951 2728; x_wconf 89' lang='lat' dir='ltr'>et</span> <span class='ocrx_word' id='word_1_201' title='bbox 980 2675 1188 2747; x_wconf 89' lang='lat' dir='ltr'>accipit</span> <span class='ocrx_word' id='word_1_202' title='bbox 1227 2693 1340 2730; x_wconf 92' lang='lat' dir='ltr'>non</span> <span class='ocrx_word' id='word_1_203' title='bbox 1369 2679 1529 2749; x_wconf 88' lang='lat' dir='ltr'>quasi</span> <span class='ocrx_word' id='word_1_204' title='bbox 1562 2679 1742 2750; x_wconf 91' lang='lat' dir='ltr'>ineps,</span> <span class='ocrx_word' id='word_1_205' title='bbox 1776 2681 1874 2735; x_wconf 92' lang='lat' dir='ltr'>sed</span> 
     </span>
    </p>
   </div>
   <div class='ocr_carea' id='block_1_29' title="bbox 244 2765 1875 2845">
    <p class='ocr_par' dir='ltr' id='par_1_29' title="bbox 244 2765 1875 2845">
     <span class='ocr_line' id='line_1_29' title="bbox 244 2765 1875 2845; baseline 0.007 -28"><span class='ocrx_word' id='word_1_206' title='bbox 244 2765 405 2834; x_wconf 90' lang='lat' dir='ltr'>quasi</span> <span class='ocrx_word' id='word_1_207' title='bbox 446 2770 914 2821; x_wconf 88' lang='lat' dir='ltr'>remuneraturus</span> <span class='ocrx_word' id='word_1_208' title='bbox 953 2769 1166 2839; x_wconf 87' lang='lat' dir='ltr'>majore</span> <span class='ocrx_word' id='word_1_209' title='bbox 1201 2786 1482 2825; x_wconf 89' lang='lat' dir='ltr'>mensura.</span> <span class='ocrx_word' id='word_1_210' title='bbox 1518 2773 1594 2826; x_wconf 91' lang='lat' dir='ltr'>Da</span> <span class='ocrx_word' id='word_1_211' title='bbox 1632 2775 1875 2845; x_wconf 89' lang='lat' dir='ltr'>pauperi</span> 
     </span>
    </p>
   </div>
   <div class='ocr_carea' id='block_1_30' title="bbox 245 2856 1872 2938">
    <p class='ocr_par' dir='ltr' id='par_1_30' title="bbox 245 2856 1872 2938">
     <span class='ocr_line' id='line_1_30' title="bbox 245 2856 1872 2938; baseline 0.007 -28"><span class='ocrx_word' id='word_1_212' title='bbox 245 2856 298 2910; x_wconf 90' lang='lat' dir='ltr'>in</span> <span class='ocrx_word' id='word_1_213' title='bbox 327 2859 581 2928; x_wconf 87' lang='lat' dir='ltr'>requiem</span> <span class='ocrx_word' id='word_1_214' title='bbox 613 2860 754 2930; x_wconf 88' lang='lat' dir='ltr'>ejus,</span> <span class='ocrx_word' id='word_1_215' title='bbox 778 2865 842 2914; x_wconf 89' lang='lat' dir='ltr'>ut</span> <span class='ocrx_word' id='word_1_216' title='bbox 867 2867 922 2915; x_wconf 91' lang='lat' dir='ltr'>et</span> <span class='ocrx_word' id='word_1_217' title='bbox 943 2867 1001 2916; x_wconf 90' lang='lat' dir='ltr'>tu</span> <span class='ocrx_word' id='word_1_218' title='bbox 1024 2863 1448 2918; x_wconf 90' lang='lat' dir='ltr'>communicans</span> <span class='ocrx_word' id='word_1_219' title='bbox 1475 2865 1543 2919; x_wconf 91' lang='lat' dir='ltr'>de</span> <span class='ocrx_word' id='word_1_220' title='bbox 1572 2869 1667 2920; x_wconf 90' lang='lat' dir='ltr'>tuo</span> <span class='ocrx_word' id='word_1_221' title='bbox 1695 2867 1872 2938; x_wconf 91' lang='lat' dir='ltr'>inopi,</span> 
     </span>
    </p>
   </div>
   <div class='ocr_carea' id='block_1_31' title="bbox 244 2952 1874 3032">
    <p class='ocr_par' dir='ltr' id='par_1_31' title="bbox 244 2952 1874 3032">
     <span class='ocr_line' id='line_1_31' title="bbox 244 2952 1874 3032; baseline 0.007 -28"><span class='ocrx_word' id='word_1_222' title='bbox 244 2952 501 3022; x_wconf 89' lang='lat' dir='ltr'>requiem</span> <span class='ocrx_word' id='word_1_223' title='bbox 547 2955 932 3024; x_wconf 88' lang='lat' dir='ltr'>consequaris.</span> <span class='ocrx_word' id='word_1_224' title='bbox 977 2956 1090 3010; x_wconf 92' lang='lat' dir='ltr'>Sed</span> <span class='ocrx_word' id='word_1_225' title='bbox 1134 2963 1198 3011; x_wconf 90' lang='lat' dir='ltr'>ut</span> <span class='ocrx_word' id='word_1_226' title='bbox 1235 2959 1546 3028; x_wconf 90' lang='lat' dir='ltr'>pascendos</span> <span class='ocrx_word' id='word_1_227' title='bbox 1590 2960 1874 3032; x_wconf 86' lang='lat' dir='ltr'>Scriptura</span> 
     </span>
    </p>
   </div>
   <div class='ocr_carea' id='block_1_32' title="bbox 245 3044 1872 3124">
    <p class='ocr_par' dir='ltr' id='par_1_32' title="bbox 245 3044 1872 3124">
     <span class='ocr_line' id='line_1_32' title="bbox 245 3044 1872 3124; baseline 0.007 -27"><span class='ocrx_word' id='word_1_228' title='bbox 245 3044 378 3098; x_wconf 92' lang='lat' dir='ltr'>dicit</span> <span class='ocrx_word' id='word_1_229' title='bbox 419 3052 706 3116; x_wconf 89' lang='lat' dir='ltr'>parentes,</span> <span class='ocrx_word' id='word_1_230' title='bbox 738 3047 817 3102; x_wconf 89' lang='lat' dir='ltr'>ita</span> <span class='ocrx_word' id='word_1_231' title='bbox 847 3052 1082 3119; x_wconf 90' lang='lat' dir='ltr'>pr0pter</span> <span class='ocrx_word' id='word_1_232' title='bbox 1123 3050 1296 3105; x_wconf 91' lang='lat' dir='ltr'>Deum</span> <span class='ocrx_word' id='word_1_233' title='bbox 1332 3051 1740 3122; x_wconf 87' lang='lat' dir='ltr'>relinquendos</span> <span class='ocrx_word' id='word_1_234' title='bbox 1772 3071 1872 3124; x_wconf 89' lang='lat' dir='ltr'>pa—</span> 
     </span>
    </p>
   </div>
   <div class='ocr_carea' id='block_1_33' title="bbox 246 3141 1949 3246">
    <p class='ocr_par' dir='ltr' id='par_1_33' title="bbox 246 3141 1949 3246">
     <span class='ocr_line' id='line_1_33' title="bbox 246 3141 1949 3246; baseline 0.005 -55"><span class='ocrx_word' id='word_1_235' title='bbox 246 3145 435 3193; x_wconf 88' lang='lat' dir='ltr'>rentes</span> <span class='ocrx_word' id='word_1_236' title='bbox 465 3141 634 3209; x_wconf 90' lang='lat' dir='ltr'>(Luc.,</span> <span class='ocrx_word' id='word_1_237' title='bbox 673 3157 780 3209; x_wconf 69' lang='lat' dir='ltr'>xxv,</span> <span class='ocrx_word' id='word_1_238' title='bbox 818 3143 927 3210; x_wconf 91' lang='lat'>26),</span> <span class='ocrx_word' id='word_1_239' title='bbox 967 3142 1013 3196; x_wconf 91' lang='lat' dir='ltr'>si</span> <span class='ocrx_word' id='word_1_240' title='bbox 1051 3143 1370 3215; x_wconf 89' lang='lat' dir='ltr'>impediant</span> <span class='ocrx_word' id='word_1_241' title='bbox 1407 3145 1623 3200; x_wconf 74' lang='lat' dir='ltr'>devotas</span> <span class='ocrx_word' id='word_1_242' title='bbox 1669 3148 1949 3246; x_wconf 77' lang='lat' dir='ltr'>mentisC</span> 
     </span>
    </p>
   </div>
   <div class='ocr_carea' id='block_1_34' title="bbox 246 3233 502 3288">
    <p class='ocr_par' dir='ltr' id='par_1_34' title="bbox 246 3233 502 3288">
     <span class='ocr_line' id='line_1_34' title="bbox 246 3233 502 3288; baseline 0.02 -5"><span class='ocrx_word' id='word_1_243' title='bbox 246 3233 502 3288; x_wconf 76' lang='lat' dir='ltr'>aﬂ‘ectus.</span> 
     </span>
    </p>
   </div>
   <div class='ocr_carea' id='block_1_35' title="bbox 315 3329 1874 3404">
    <p class='ocr_par' dir='ltr' id='par_1_35' title="bbox 315 3329 1874 3404">
     <span class='ocr_line' id='line_1_35' title="bbox 315 3329 1874 3404; baseline 0.006 -24"><span class='ocrx_word' id='word_1_244' title='bbox 315 3329 492 3397; x_wconf 88' lang='lat' dir='ltr'>(Vers.</span> <span class='ocrx_word' id='word_1_245' title='bbox 526 3329 634 3396; x_wconf 85' lang='lat'>35.)</span> <span class='ocrx_word' id='word_1_246' title='bbox 663 3331 885 3383; x_wconf 86' lang='lat' dir='ltr'>Factum</span> <span class='ocrx_word' id='word_1_247' title='bbox 922 3338 996 3384; x_wconf 87' lang='lat' dir='ltr'>est</span> <span class='ocrx_word' id='word_1_248' title='bbox 1028 3337 1210 3386; x_wconf 87' lang='lat' dir='ltr'>autem</span> <span class='ocrx_word' id='word_1_249' title='bbox 1238 3348 1356 3386; x_wconf 87' lang='lat' dir='ltr'>cum</span> <span class='ocrx_word' id='word_1_250' title='bbox 1389 3337 1874 3404; x_wconf 70' lang='lat' dir='ltr'>appropinquasset</span> 
     </span>
    </p>
   </div>
   <div class='ocr_carea' id='block_1_36' title="bbox 246 3423 1523 3491">
    <p class='ocr_par' dir='ltr' id='par_1_36' title="bbox 246 3423 1523 3491">
     <span class='ocr_line' id='line_1_36' title="bbox 246 3423 1523 3491; baseline 0.005 -17"><span class='ocrx_word' id='word_1_251' title='bbox 246 3424 472 3483; x_wconf 81' lang='lat' dir='ltr'>Jericho,</span> <span class='ocrx_word' id='word_1_252' title='bbox 503 3423 729 3491; x_wconf 87' lang='lat' dir='ltr'>quidam</span> <span class='ocrx_word' id='word_1_253' title='bbox 754 3439 920 3478; x_wconf 58' lang='lat' dir='ltr'>cacus</span> <span class='ocrx_word' id='word_1_254' title='bbox 946 3425 1161 3480; x_wconf 80' lang='lat' dir='ltr'>sedebat</span> <span class='ocrx_word' id='word_1_255' title='bbox 1187 3441 1332 3480; x_wconf 88' lang='lat' dir='ltr'>secus</span> <span class='ocrx_word' id='word_1_256' title='bbox 1356 3428 1523 3483; x_wconf 84' lang='lat' dir='ltr'>viam.</span> 
     </span>
    </p>
   </div>
   <div class='ocr_carea' id='block_1_37' title="bbox 313 3515 1876 3577">
    <p class='ocr_par' dir='ltr' id='par_1_37' title="bbox 313 3515 1876 3577">
     <span class='ocr_line' id='line_1_37' title="bbox 313 3515 1876 3577; baseline 0.006 -10"><span class='ocrx_word' id='word_1_257' title='bbox 313 3517 400 3570; x_wconf 85' lang='lat'>80.</span> <span class='ocrx_word' id='word_1_258' title='bbox 428 3517 488 3570; x_wconf 82' lang='lat' dir='ltr'>In</span> <span class='ocrx_word' id='word_1_259' title='bbox 516 3515 660 3570; x_wconf 91' lang='lat' dir='ltr'>libro</span> <span class='ocrx_word' id='word_1_260' title='bbox 691 3517 1004 3571; x_wconf 89' lang='lat' dir='ltr'>secundum</span> <span class='ocrx_word' id='word_1_261' title='bbox 1034 3519 1358 3572; x_wconf 76' lang='lat' dir='ltr'>Matthseum</span> <span class='ocrx_word' id='word_1_262' title='bbox 1391 3520 1501 3574; x_wconf 94' lang='lat' dir='ltr'>duo</span> <span class='ocrx_word' id='word_1_263' title='bbox 1529 3520 1876 3577; x_wconf 89' lang='lat' dir='ltr'>inducuntur</span> 
     </span>
    </p>
   </div>
   <div class='ocr_carea' id='block_1_38' title="bbox 253 3609 1874 3686">
    <p class='ocr_par' dir='ltr' id='par_1_38' title="bbox 253 3609 1874 3686">
     <span class='ocr_line' id='line_1_38' title="bbox 253 3609 1874 3686; baseline 0.004 -21"><span class='ocrx_word' id='word_1_264' title='bbox 253 3610 488 3672; x_wconf 63' lang='lat' dir='ltr'>Matth,</span> <span class='ocrx_word' id='word_1_265' title='bbox 521 3627 608 3677; x_wconf 90' lang='lat' dir='ltr'>xx,</span> <span class='ocrx_word' id='word_1_266' title='bbox 642 3613 750 3680; x_wconf 92' lang='lat'>30),</span> <span class='ocrx_word' id='word_1_267' title='bbox 787 3609 1045 3684; x_wconf 78' lang='grc'>1492</span> <span class='ocrx_word' id='word_1_268' title='bbox 1081 3611 1173 3666; x_wconf 91' lang='lat' dir='ltr'>hic</span> <span class='ocrx_word' id='word_1_269' title='bbox 1217 3629 1390 3680; x_wconf 92' lang='lat' dir='ltr'>unus;</span> <span class='ocrx_word' id='word_1_270' title='bbox 1432 3613 1509 3667; x_wconf 90' lang='lat' dir='ltr'>ibi</span> <span class='ocrx_word' id='word_1_271' title='bbox 1545 3615 1874 3686; x_wconf 89' lang='lat' dir='ltr'>egrediente</span> 
     </span>
    </p>
   </div>
   <div class='ocr_carea' id='block_1_39' title="bbox 247 3704 1870 3778">
    <p class='ocr_par' dir='ltr' id='par_1_39' title="bbox 247 3704 1870 3778">
     <span class='ocr_line' id='line_1_39' title="bbox 247 3704 1870 3778; baseline 0.004 -22"><span class='ocrx_word' id='word_1_272' title='bbox 247 3705 485 3770; x_wconf 83' lang='lat' dir='ltr'>Jericho,</span> <span class='ocrx_word' id='word_1_273' title='bbox 529 3704 618 3758; x_wconf 91' lang='lat' dir='ltr'>hic</span> <span class='ocrx_word' id='word_1_274' title='bbox 660 3704 1176 3776; x_wconf 89' lang='lat' dir='ltr'>appropinquante.</span> <span class='ocrx_word' id='word_1_275' title='bbox 1223 3706 1336 3760; x_wconf 92' lang='lat' dir='ltr'>Sed</span> <span class='ocrx_word' id='word_1_276' title='bbox 1378 3709 1532 3761; x_wconf 88' lang='lat' dir='ltr'>nulla</span> <span class='ocrx_word' id='word_1_277' title='bbox 1577 3709 1870 3778; x_wconf 85' lang='lat' dir='ltr'>distantia;</span> 
     </span>
    </p>
   </div>
   <div class='ocr_carea' id='block_1_40' title="bbox 251 3797 1873 3874">
    <p class='ocr_par' dir='ltr' id='par_1_40' title="bbox 251 3797 1873 3874">
     <span class='ocr_line' id='line_1_40' title="bbox 251 3797 1873 3874; baseline 0.004 -25"><span class='ocrx_word' id='word_1_278' title='bbox 251 3814 375 3852; x_wconf 88' lang='lat' dir='ltr'>nam</span> <span class='ocrx_word' id='word_1_279' title='bbox 418 3814 549 3851; x_wconf 89' lang='lat' dir='ltr'>cum</span> <span class='ocrx_word' id='word_1_280' title='bbox 591 3797 648 3851; x_wconf 91' lang='lat' dir='ltr'>in</span> <span class='ocrx_word' id='word_1_281' title='bbox 679 3799 788 3852; x_wconf 92' lang='lat' dir='ltr'>hoc</span> <span class='ocrx_word' id='word_1_282' title='bbox 827 3815 942 3852; x_wconf 91' lang='lat' dir='ltr'>uno</span> <span class='ocrx_word' id='word_1_283' title='bbox 973 3804 1142 3869; x_wconf 85' lang='lat' dir='ltr'>typus</span> <span class='ocrx_word' id='word_1_284' title='bbox 1172 3800 1369 3871; x_wconf 92' lang='lat' dir='ltr'>populi</span> <span class='ocrx_word' id='word_1_285' title='bbox 1409 3801 1636 3870; x_wconf 81' lang='lat' dir='ltr'>gentilis</span> <span class='ocrx_word' id='word_1_286' title='bbox 1676 3803 1749 3855; x_wconf 87' lang='lat' dir='ltr'>sit</span> <span class='ocrx_word' id='word_1_287' title='bbox 1776 3803 1873 3874; x_wconf 91' lang='lat' dir='ltr'>qui</span> 
     </span>
    </p>
   </div>
   <div class='ocr_carea' id='block_1_41' title="bbox 250 3891 1871 3963">
    <p class='ocr_par' dir='ltr' id='par_1_41' title="bbox 250 3891 1871 3963">
     <span class='ocr_line' id='line_1_41' title="bbox 250 3891 1871 3963; baseline 0.004 -18"><span class='ocrx_word' id='word_1_288' title='bbox 250 3895 594 3946; x_wconf 78' lang='lat' dir='ltr'>sacramento</span> <span class='ocrx_word' id='word_1_289' title='bbox 625 3891 917 3946; x_wconf 91' lang='lat' dir='ltr'>Dominico</span> <span class='ocrx_word' id='word_1_290' title='bbox 945 3891 1141 3963; x_wconf 88' lang='lat' dir='ltr'>recipit</span> <span class='ocrx_word' id='word_1_291' title='bbox 1166 3893 1357 3948; x_wconf 91' lang='lat' dir='ltr'>amissi</span> <span class='ocrx_word' id='word_1_292' title='bbox 1389 3894 1622 3948; x_wconf 91' lang='lat' dir='ltr'>luminis</span> <span class='ocrx_word' id='word_1_293' title='bbox 1648 3895 1871 3950; x_wconf 87' lang='lat' dir='ltr'>clarita-</span> 
     </span>
    </p>
   </div>
   <div class='ocr_carea' id='block_1_42' title="bbox 250 3985 1872 4056">
    <p class='ocr_par' dir='ltr' id='par_1_42' title="bbox 250 3985 1872 4056">
     <span class='ocr_line' id='line_1_42' title="bbox 250 3985 1872 4056; baseline 0.005 -20"><span class='ocrx_word' id='word_1_294' title='bbox 250 3989 375 4053; x_wconf 87' lang='lat' dir='ltr'>tem,</span> <span class='ocrx_word' id='word_1_295' title='bbox 404 3985 550 4039; x_wconf 90' lang='lat' dir='ltr'>nihil</span> <span class='ocrx_word' id='word_1_296' title='bbox 582 3985 821 4040; x_wconf 87' lang='lat' dir='ltr'>interest</span> <span class='ocrx_word' id='word_1_297' title='bbox 848 3992 1037 4040; x_wconf 91' lang='lat' dir='ltr'>utrum</span> <span class='ocrx_word' id='word_1_298' title='bbox 1078 3986 1137 4039; x_wconf 91' lang='lat' dir='ltr'>in</span> <span class='ocrx_word' id='word_1_299' title='bbox 1170 4003 1282 4040; x_wconf 92' lang='lat' dir='ltr'>uno</span> <span class='ocrx_word' id='word_1_300' title='bbox 1323 3987 1682 4056; x_wconf 90' lang='lat' dir='ltr'>medicinam,</span> <span class='ocrx_word' id='word_1_301' title='bbox 1715 4007 1786 4043; x_wconf 90' lang='lat' dir='ltr'>an</span> <span class='ocrx_word' id='word_1_302' title='bbox 1817 3991 1872 4044; x_wconf 93' lang='lat' dir='ltr'>in</span> 
     </span>
    </p>
   </div>
   <div class='ocr_carea' id='block_1_43' title="bbox 249 4078 1870 4153">
    <p class='ocr_par' dir='ltr' id='par_1_43' title="bbox 249 4078 1870 4153">
     <span class='ocr_line' id='line_1_43' title="bbox 249 4078 1870 4153; baseline 0.004 -22"><span class='ocrx_word' id='word_1_303' title='bbox 249 4079 457 4134; x_wconf 85' lang='lat' dir='ltr'>duobus</span> <span class='ocrx_word' id='word_1_304' title='bbox 499 4078 768 4149; x_wconf 88' lang='lat' dir='ltr'>accipiat;</span> <span class='ocrx_word' id='word_1_305' title='bbox 798 4079 1069 4150; x_wconf 91' lang='lat' dir='ltr'>quoniam</span> <span class='ocrx_word' id='word_1_306' title='bbox 1112 4097 1180 4134; x_wconf 88' lang='lat' dir='ltr'>ex</span> <span class='ocrx_word' id='word_1_307' title='bbox 1221 4081 1402 4136; x_wconf 90' lang='lat' dir='ltr'>Cham</span> <span class='ocrx_word' id='word_1_308' title='bbox 1443 4088 1499 4135; x_wconf 89' lang='lat' dir='ltr'>et</span> <span class='ocrx_word' id='word_1_309' title='bbox 1529 4083 1730 4153; x_wconf 84' lang='lat' dir='ltr'>Japhet</span> <span class='ocrx_word' id='word_1_310' title='bbox 1761 4084 1870 4138; x_wconf 85' lang='lat' dir='ltr'>Noe</span> 
     </span>
    </p>
   </div>
   <div class='ocr_carea' id='block_1_44' title="bbox 250 4171 1872 4246">
    <p class='ocr_par' dir='ltr' id='par_1_44' title="bbox 250 4171 1872 4246">
     <span class='ocr_line' id='line_1_44' title="bbox 250 4171 1872 4246; baseline 0.003 -21"><span class='ocrx_word' id='word_1_311' title='bbox 250 4171 370 4226; x_wconf 81' lang='lat' dir='ltr'>ﬁliis</span> <span class='ocrx_word' id='word_1_312' title='bbox 397 4173 680 4241; x_wconf 88' lang='lat' dir='ltr'>originem</span> <span class='ocrx_word' id='word_1_313' title='bbox 709 4173 941 4238; x_wconf 92' lang='lat' dir='ltr'>ducunt,</span> <span class='ocrx_word' id='word_1_314' title='bbox 968 4173 1025 4226; x_wconf 91' lang='lat' dir='ltr'>in</span> <span class='ocrx_word' id='word_1_315' title='bbox 1055 4173 1274 4228; x_wconf 91' lang='lat' dir='ltr'>duobus</span> <span class='ocrx_word' id='word_1_316' title='bbox 1300 4174 1460 4228; x_wconf 66' lang='lat' dir='ltr'>cmcis</span> <span class='ocrx_word' id='word_1_317' title='bbox 1483 4174 1623 4229; x_wconf 92' lang='lat' dir='ltr'>duos</span> <span class='ocrx_word' id='word_1_318' title='bbox 1651 4178 1872 4246; x_wconf 88' lang='lat' dir='ltr'>generis</span> 
     </span>
    </p>
   </div>
   <div class='ocr_carea' id='block_1_45' title="bbox 251 4264 1104 4336">
    <p class='ocr_par' dir='ltr' id='par_1_45' title="bbox 251 4264 1104 4336">
     <span class='ocr_line' id='line_1_45' title="bbox 251 4264 1104 4336; baseline 0.006 -21"><span class='ocrx_word' id='word_1_319' title='bbox 251 4265 327 4318; x_wconf 77' lang='lat' dir='ltr'>sui</span> <span class='ocrx_word' id='word_1_320' title='bbox 351 4264 790 4336; x_wconf 56' lang='lat' dir='ltr'>pratendebant</span> <span class='ocrx_word' id='word_1_321' title='bbox 823 4271 1104 4320; x_wconf 88' lang='lat' dir='ltr'>auctores.</span> 
     </span>
    </p>
   </div>
   <div class='ocr_carea' id='block_1_46' title="bbox 313 4359 1872 4428">
    <p class='ocr_par' dir='ltr' id='par_1_46' title="bbox 313 4359 1872 4428">
     <span class='ocr_line' id='line_1_46' title="bbox 313 4359 1872 4428; baseline 0.003 -16"><span class='ocrx_word' id='word_1_322' title='bbox 313 4361 401 4414; x_wconf 88' lang='lat' dir='ltr'>8t.</span> <span class='ocrx_word' id='word_1_323' title='bbox 427 4359 585 4422; x_wconf 88' lang='lat' dir='ltr'>Quod</span> <span class='ocrx_word' id='word_1_324' title='bbox 612 4359 830 4414; x_wconf 90' lang='lat' dir='ltr'>videtur</span> <span class='ocrx_word' id='word_1_325' title='bbox 857 4360 1027 4414; x_wconf 87' lang='lat' dir='ltr'>etiam</span> <span class='ocrx_word' id='word_1_326' title='bbox 1062 4361 1235 4414; x_wconf 89' lang='lat' dir='ltr'>Lucas</span> <span class='ocrx_word' id='word_1_327' title='bbox 1272 4378 1388 4416; x_wconf 90' lang='lat' dir='ltr'>non</span> <span class='ocrx_word' id='word_1_328' title='bbox 1429 4362 1708 4428; x_wconf 90' lang='lat' dir='ltr'>omisisse,</span> <span class='ocrx_word' id='word_1_329' title='bbox 1741 4379 1872 4417; x_wconf 89' lang='lat' dir='ltr'>cum</span> 
     </span>
    </p>
   </div>
   <div class='ocr_carea' id='block_1_47' title="bbox 251 4452 1871 4525">
    <p class='ocr_par' dir='ltr' id='par_1_47' title="bbox 251 4452 1871 4525">
     <span class='ocr_line' id='line_1_47' title="bbox 251 4452 1871 4525; baseline 0.002 -19"><span class='ocrx_word' id='word_1_330' title='bbox 251 4453 543 4507; x_wconf 70' lang='lat' dir='ltr'>Zachasum</span> <span class='ocrx_word' id='word_1_331' title='bbox 599 4452 843 4523; x_wconf 86' lang='lat' dir='ltr'>subjicit,</span> <span class='ocrx_word' id='word_1_332' title='bbox 891 4455 988 4524; x_wconf 92' lang='lat' dir='ltr'>qui</span> <span class='ocrx_word' id='word_1_333' title='bbox 1039 4459 1253 4508; x_wconf 87' lang='lat' dir='ltr'>statura</span> <span class='ocrx_word' id='word_1_334' title='bbox 1305 4455 1560 4525; x_wconf 90' lang='lat' dir='ltr'>pusillus,</span> <span class='ocrx_word' id='word_1_335' title='bbox 1612 4456 1716 4510; x_wconf 93' lang='lat' dir='ltr'>hoc</span> <span class='ocrx_word' id='word_1_336' title='bbox 1769 4461 1871 4522; x_wconf 90' lang='lat' dir='ltr'>est,</span> 
     </span>
    </p>
   </div>
   <div class='ocr_carea' id='block_1_48' title="bbox 1898 1805 1952 1876">
    <p class='ocr_par' dir='ltr' id='par_1_48' title="bbox 1898 1805 1952 1876">
     <span class='ocr_line' id='line_1_48' title="bbox 1898 1805 1952 1876; baseline 0 0"><span class='ocrx_word' id='word_1_337' title='bbox 1898 1805 1952 1876; x_wconf 95' lang='lat' dir='ltr'><strong>B</strong></span> 
     </span>
    </p>
   </div>
   <div class='ocr_carea' id='block_1_49' title="bbox 1982 517 3612 589">
    <p class='ocr_par' dir='ltr' id='par_1_49' title="bbox 1982 517 3612 589">
     <span class='ocr_line' id='line_1_49' title="bbox 1982 517 3612 589; baseline 0 -17"><span class='ocrx_word' id='word_1_338' title='bbox 1982 533 2362 588; x_wconf 76' lang='lat' dir='ltr'>sycomorum,</span> <span class='ocrx_word' id='word_1_339' title='bbox 2403 519 2713 573; x_wconf 87' lang='lat' dir='ltr'>vanitatem</span> <span class='ocrx_word' id='word_1_340' title='bbox 2758 519 2972 574; x_wconf 86' lang='lat' dir='ltr'>scilicet</span> <span class='ocrx_word' id='word_1_341' title='bbox 3008 517 3328 572; x_wconf 77' lang='lat' dir='ltr'>Judasorum</span> <span class='ocrx_word' id='word_1_342' title='bbox 3371 519 3612 589; x_wconf 89' lang='lat' dir='ltr'>vestigio</span> 
     </span>
    </p>
   </div>
   <div class='ocr_carea' id='block_1_50' title="bbox 1981 611 3615 684">
    <p class='ocr_par' dir='ltr' id='par_1_50' title="bbox 1981 611 3615 684">
     <span class='ocr_line' id='line_1_50' title="bbox 1981 611 3615 684; baseline -0.001 -19"><span class='ocrx_word' id='word_1_343' title='bbox 1981 629 2082 666; x_wconf 92' lang='lat' dir='ltr'>suo</span> <span class='ocrx_word' id='word_1_344' title='bbox 2127 616 2436 683; x_wconf 89' lang='lat' dir='ltr'>proterens,</span> <span class='ocrx_word' id='word_1_345' title='bbox 2473 617 2663 666; x_wconf 89' lang='lat' dir='ltr'>errata</span> <span class='ocrx_word' id='word_1_346' title='bbox 2705 629 2928 684; x_wconf 91' lang='lat' dir='ltr'>quoque</span> <span class='ocrx_word' id='word_1_347' title='bbox 2973 611 3263 682; x_wconf 91' lang='lat' dir='ltr'>corrigens</span> <span class='ocrx_word' id='word_1_348' title='bbox 3311 611 3615 682; x_wconf 86' lang='lat' dir='ltr'>superioris</span> 
     </span>
    </p>
   </div>
   <div class='ocr_carea' id='block_1_51' title="bbox 1982 704 3613 775">
    <p class='ocr_par' dir='ltr' id='par_1_51' title="bbox 1982 704 3613 775">
     <span class='ocr_line' id='line_1_51' title="bbox 1982 704 3613 775; baseline -0.001 -15"><span class='ocrx_word' id='word_1_349' title='bbox 1982 707 2194 774; x_wconf 58' lang='lat' dir='ltr'>astatis;</span> <span class='ocrx_word' id='word_1_350' title='bbox 2249 714 2303 761; x_wconf 90' lang='lat' dir='ltr'>et</span> <span class='ocrx_word' id='word_1_351' title='bbox 2359 706 2490 762; x_wconf 90' lang='lat' dir='ltr'>ideo</span> <span class='ocrx_word' id='word_1_352' title='bbox 2547 709 2740 761; x_wconf 83' lang='lat' dir='ltr'>.lesum</span> <span class='ocrx_word' id='word_1_353' title='bbox 2802 705 3090 761; x_wconf 89' lang='lat' dir='ltr'>interioris</span> <span class='ocrx_word' id='word_1_354' title='bbox 3143 705 3348 759; x_wconf 90' lang='lat' dir='ltr'>domus</span> <span class='ocrx_word' id='word_1_355' title='bbox 3400 704 3613 775; x_wconf 87' lang='lat' dir='ltr'>recepit</span> 
     </span>
    </p>
   </div>
   <div class='ocr_carea' id='block_1_52' title="bbox 1980 799 3614 871">
    <p class='ocr_par' dir='ltr' id='par_1_52' title="bbox 1980 799 3614 871">
     <span class='ocr_line' id='line_1_52' title="bbox 1980 799 3614 871; baseline -0.001 -17"><span class='ocrx_word' id='word_1_356' title='bbox 1980 800 2242 871; x_wconf 86' lang='lat' dir='ltr'>hospitio.</span> <span class='ocrx_word' id='word_1_357' title='bbox 2294 801 2356 854; x_wconf 83' lang='lat' dir='ltr'>Et</span> <span class='ocrx_word' id='word_1_358' title='bbox 2402 801 2545 856; x_wconf 89' lang='lat' dir='ltr'>bene</span> <span class='ocrx_word' id='word_1_359' title='bbox 2592 800 2849 855; x_wconf 90' lang='lat' dir='ltr'>ascendit</span> <span class='ocrx_word' id='word_1_360' title='bbox 2889 801 2949 855; x_wconf 91' lang='lat' dir='ltr'>in</span> <span class='ocrx_word' id='word_1_361' title='bbox 2999 799 3284 864; x_wconf 88' lang='lat' dir='ltr'>arborem,</span> <span class='ocrx_word' id='word_1_362' title='bbox 3334 803 3393 852; x_wconf 90' lang='lat' dir='ltr'>ut</span> <span class='ocrx_word' id='word_1_363' title='bbox 3441 799 3614 852; x_wconf 90' lang='lat' dir='ltr'>arbor</span> 
     </span>
    </p>
   </div>
   <div class='ocr_carea' id='block_1_53' title="bbox 1979 893 3613 962">
    <p class='ocr_par' dir='ltr' id='par_1_53' title="bbox 1979 893 3613 962">
     <span class='ocr_line' id='line_1_53' title="bbox 1979 893 3613 962; baseline -0.003 -12"><span class='ocrx_word' id='word_1_364' title='bbox 1979 895 2125 950; x_wconf 88' lang='lat' dir='ltr'>bona</span> <span class='ocrx_word' id='word_1_365' title='bbox 2176 895 2352 950; x_wconf 82' lang='lat' dir='ltr'>bonos</span> <span class='ocrx_word' id='word_1_366' title='bbox 2413 896 2628 949; x_wconf 88' lang='lat' dir='ltr'>fructus</span> <span class='ocrx_word' id='word_1_367' title='bbox 2683 895 2913 962; x_wconf 86' lang='lat' dir='ltr'>faceret,</span> <span class='ocrx_word' id='word_1_368' title='bbox 2967 911 3029 949; x_wconf 90' lang='lat' dir='ltr'>ac</span> <span class='ocrx_word' id='word_1_369' title='bbox 3086 893 3330 948; x_wconf 90' lang='lat' dir='ltr'>naturali</span> <span class='ocrx_word' id='word_1_370' title='bbox 3393 893 3613 946; x_wconf 88' lang='lat' dir='ltr'>excisus</span> 
     </span>
    </p>
   </div>
   <div class='ocr_carea' id='block_1_54' title="bbox 1981 985 3608 1055">
    <p class='ocr_par' dir='ltr' id='par_1_54' title="bbox 1981 985 3608 1055">
     <span class='ocr_line' id='line_1_54' title="bbox 1981 985 3608 1055; baseline -0.003 -12"><span class='ocrx_word' id='word_1_371' title='bbox 1981 989 2247 1055; x_wconf 86' lang='lat' dir='ltr'>oleastro,</span> <span class='ocrx_word' id='word_1_372' title='bbox 2274 992 2330 1041; x_wconf 81' lang='lat' dir='ltr'>et</span> <span class='ocrx_word' id='word_1_373' title='bbox 2357 995 2552 1043; x_wconf 87' lang='lat' dir='ltr'>contra</span> <span class='ocrx_word' id='word_1_374' title='bbox 2595 991 2854 1044; x_wconf 90' lang='lat' dir='ltr'>naturam</span> <span class='ocrx_word' id='word_1_375' title='bbox 2891 988 3132 1043; x_wconf 89' lang='lat' dir='ltr'>insertus</span> <span class='ocrx_word' id='word_1_376' title='bbox 3167 986 3226 1040; x_wconf 92' lang='lat' dir='ltr'>in</span> <span class='ocrx_word' id='word_1_377' title='bbox 3257 986 3472 1040; x_wconf 86' lang='lat' dir='ltr'>bonam</span> <span class='ocrx_word' id='word_1_378' title='bbox 3509 985 3608 1039; x_wconf 92' lang='lat' dir='ltr'>oli-</span> 
     </span>
    </p>
   </div>
   <div class='ocr_carea' id='block_1_55' title="bbox 1981 1079 3608 1156">
    <p class='ocr_par' dir='ltr' id='par_1_55' title="bbox 1981 1079 3608 1156">
     <span class='ocr_line' id='line_1_55' title="bbox 1981 1079 3608 1156; baseline -0.002 -21"><span class='ocrx_word' id='word_1_379' title='bbox 1981 1099 2141 1150; x_wconf 89' lang='lat' dir='ltr'>vam,</span> <span class='ocrx_word' id='word_1_380' title='bbox 2202 1084 2447 1137; x_wconf 88' lang='lat' dir='ltr'>fructum</span> <span class='ocrx_word' id='word_1_381' title='bbox 2502 1087 2688 1153; x_wconf 90' lang='lat' dir='ltr'>posset</span> <span class='ocrx_word' id='word_1_382' title='bbox 2747 1082 2887 1153; x_wconf 84' lang='lat' dir='ltr'>legis</span> <span class='ocrx_word' id='word_1_383' title='bbox 2943 1080 3178 1148; x_wconf 79' lang='lat' dir='ltr'>afferre;</span> <span class='ocrx_word' id='word_1_384' title='bbox 3232 1079 3391 1156; x_wconf 82' lang='lat' dir='ltr'>radix</span> <span class='ocrx_word' id='word_1_385' title='bbox 3455 1079 3608 1133; x_wconf 89' lang='lat' dir='ltr'>enim</span> 
     </span>
    </p>
   </div>
   <div class='ocr_carea' id='block_1_56' title="bbox 1981 1173 3610 1247">
    <p class='ocr_par' dir='ltr' id='par_1_56' title="bbox 1981 1173 3610 1247">
     <span class='ocr_line' id='line_1_56' title="bbox 1981 1173 3610 1247; baseline -0.003 -16"><span class='ocrx_word' id='word_1_386' title='bbox 1981 1181 2194 1242; x_wconf 90' lang='lat' dir='ltr'>sancta,</span> <span class='ocrx_word' id='word_1_387' title='bbox 2236 1181 2293 1230; x_wconf 91' lang='lat' dir='ltr'>et</span> <span class='ocrx_word' id='word_1_388' title='bbox 2339 1177 2383 1230; x_wconf 92' lang='lat' dir='ltr'>si</span> <span class='ocrx_word' id='word_1_389' title='bbox 2427 1178 2570 1231; x_wconf 90' lang='lat' dir='ltr'>rami</span> <span class='ocrx_word' id='word_1_390' title='bbox 2616 1176 2865 1242; x_wconf 89' lang='lat' dir='ltr'>inutiles,</span> <span class='ocrx_word' id='word_1_391' title='bbox 2911 1191 3157 1247; x_wconf 90' lang='lat' dir='ltr'>quorum</span> <span class='ocrx_word' id='word_1_392' title='bbox 3201 1173 3610 1228; x_wconf 88' lang='lat' dir='ltr'>infructuosam</span> 
     </span>
    </p>
   </div>
   <div class='ocr_carea' id='block_1_57' title="bbox 1983 1266 3611 1342">
    <p class='ocr_par' dir='ltr' id='par_1_57' title="bbox 1983 1266 3611 1342">
     <span class='ocr_line' id='line_1_57' title="bbox 1983 1266 3611 1342; baseline -0.004 -17"><span class='ocrx_word' id='word_1_393' title='bbox 1983 1271 2222 1342; x_wconf 88' lang='lat' dir='ltr'>gloriam</span> <span class='ocrx_word' id='word_1_394' title='bbox 2276 1271 2431 1342; x_wconf 90' lang='lat' dir='ltr'>plebs</span> <span class='ocrx_word' id='word_1_395' title='bbox 2487 1271 2747 1342; x_wconf 89' lang='lat' dir='ltr'>gentium</span> <span class='ocrx_word' id='word_1_396' title='bbox 2799 1270 2908 1323; x_wconf 89' lang='lat' dir='ltr'>lide</span> <span class='ocrx_word' id='word_1_397' title='bbox 2965 1267 3393 1323; x_wconf 88' lang='lat' dir='ltr'>resurrectionis</span> <span class='ocrx_word' id='word_1_398' title='bbox 3446 1266 3611 1337; x_wconf 86' lang='lat' dir='ltr'>quasi</span> 
     </span>
    </p>
   </div>
   <div class='ocr_carea' id='block_1_58' title="bbox 1981 1361 3248 1436">
    <p class='ocr_par' dir='ltr' id='par_1_58' title="bbox 1981 1361 3248 1436">
     <span class='ocr_line' id='line_1_58' title="bbox 1981 1361 3248 1436; baseline -0.004 -17"><span class='ocrx_word' id='word_1_399' title='bbox 1981 1364 2230 1435; x_wconf 91' lang='lat' dir='ltr'>quadam</span> <span class='ocrx_word' id='word_1_400' title='bbox 2259 1365 2511 1436; x_wconf 93' lang='lat' dir='ltr'>corporis</span> <span class='ocrx_word' id='word_1_401' title='bbox 2537 1364 2851 1420; x_wconf 74' lang='lat' dir='ltr'>elevations</span> <span class='ocrx_word' id='word_1_402' title='bbox 2878 1361 3248 1418; x_wconf 89' lang='lat' dir='ltr'>transcendit.</span> 
     </span>
    </p>
   </div>
   <div class='ocr_carea' id='block_1_59' title="bbox 2050 1457 3604 1529">
    <p class='ocr_par' dir='ltr' id='par_1_59' title="bbox 2050 1457 3604 1529">
     <span class='ocr_line' id='line_1_59' title="bbox 2050 1457 3604 1529; baseline -0.005 -14"><span class='ocrx_word' id='word_1_403' title='bbox 2050 1459 2206 1529; x_wconf 91' lang='lat' dir='ltr'>(Cap.</span> <span class='ocrx_word' id='word_1_404' title='bbox 2233 1460 2360 1514; x_wconf 88' lang='lat' dir='ltr'>XIX.</span> <span class='ocrx_word' id='word_1_405' title='bbox 2386 1490 2449 1500; x_wconf 93' lang='lat'><strong>—</strong></span> <span class='ocrx_word' id='word_1_406' title='bbox 2477 1460 2630 1513; x_wconf 91' lang='lat' dir='ltr'>Vers.</span> <span class='ocrx_word' id='word_1_407' title='bbox 2652 1458 2732 1528; x_wconf 88' lang='lat'>2.)</span> <span class='ocrx_word' id='word_1_408' title='bbox 2759 1461 2826 1514; x_wconf 89' lang='lat' dir='ltr'>Et</span> <span class='ocrx_word' id='word_1_409' title='bbox 2851 1473 2959 1512; x_wconf 86' lang='lat' dir='ltr'>ecce</span> <span class='ocrx_word' id='word_1_410' title='bbox 2983 1459 3071 1510; x_wconf 77' lang='lat' dir='ltr'>vir</span> <span class='ocrx_word' id='word_1_411' title='bbox 3097 1458 3310 1510; x_wconf 84' lang='lat' dir='ltr'>nomine</span> <span class='ocrx_word' id='word_1_412' title='bbox 3336 1457 3604 1510; x_wconf 61' lang='lat' dir='ltr'>Zachwus.</span> 
     </span>
    </p>
   </div>
   <div class='ocr_carea' id='block_1_60' title="bbox 2051 1549 3611 1623">
    <p class='ocr_par' dir='ltr' id='par_1_60' title="bbox 2051 1549 3611 1623">
     <span class='ocr_line' id='line_1_60' title="bbox 2051 1549 3611 1623; baseline -0.003 -15"><span class='ocrx_word' id='word_1_413' title='bbox 2051 1556 2137 1608; x_wconf 89' lang='grc'>82.</span> <span class='ocrx_word' id='word_1_414' title='bbox 2169 1554 2434 1608; x_wconf 73' lang='lat' dir='ltr'>Zachanis</span> <span class='ocrx_word' id='word_1_415' title='bbox 2465 1553 2520 1607; x_wconf 91' lang='lat' dir='ltr'>in</span> <span class='ocrx_word' id='word_1_416' title='bbox 2553 1568 2872 1623; x_wconf 86' lang='lat' dir='ltr'>sycomoro,</span> <span class='ocrx_word' id='word_1_417' title='bbox 2901 1567 3082 1605; x_wconf 63' lang='lat' dir='ltr'>caicus</span> <span class='ocrx_word' id='word_1_418' title='bbox 3118 1551 3176 1604; x_wconf 90' lang='lat' dir='ltr'>in</span> <span class='ocrx_word' id='word_1_419' title='bbox 3211 1549 3320 1604; x_wconf 90' lang='lat' dir='ltr'>via.</span> <span class='ocrx_word' id='word_1_420' title='bbox 3353 1549 3611 1612; x_wconf 87' lang='lat' dir='ltr'>Quorum</span> 
     </span>
    </p>
   </div>
   <div class='ocr_carea' id='block_1_61' title="bbox 1982 1643 3609 1714">
    <p class='ocr_par' dir='ltr' id='par_1_61' title="bbox 1982 1643 3609 1714">
     <span class='ocr_line' id='line_1_61' title="bbox 1982 1643 3609 1714; baseline -0.004 -12"><span class='ocrx_word' id='word_1_421' title='bbox 1982 1649 2219 1709; x_wconf 82' lang='lat' dir='ltr'>alterum</span> <span class='ocrx_word' id='word_1_422' title='bbox 2267 1647 2539 1701; x_wconf 90' lang='lat' dir='ltr'>Dominus</span> <span class='ocrx_word' id='word_1_423' title='bbox 2591 1646 2960 1700; x_wconf 90' lang='lat' dir='ltr'>miseraturus</span> <span class='ocrx_word' id='word_1_424' title='bbox 3011 1647 3314 1714; x_wconf 87' lang='lat' dir='ltr'>exspectat,</span> <span class='ocrx_word' id='word_1_425' title='bbox 3359 1643 3609 1696; x_wconf 87' lang='lat' dir='ltr'>alterum</span> 
     </span>
    </p>
   </div>
   <div class='ocr_carea' id='block_1_62' title="bbox 1980 1738 3605 1796">
    <p class='ocr_par' dir='ltr' id='par_1_62' title="bbox 1980 1738 3605 1796">
     <span class='ocr_line' id='line_1_62' title="bbox 1980 1738 3605 1796; baseline -0.004 -1"><span class='ocrx_word' id='word_1_426' title='bbox 1980 1741 2295 1796; x_wconf 90' lang='lat' dir='ltr'>mansionis</span> <span class='ocrx_word' id='word_1_427' title='bbox 2323 1757 2440 1795; x_wconf 64' lang='lat' dir='ltr'>suae</span> <span class='ocrx_word' id='word_1_428' title='bbox 2469 1741 2724 1795; x_wconf 90' lang='lat' dir='ltr'>claritate</span> <span class='ocrx_word' id='word_1_429' title='bbox 2762 1739 3019 1793; x_wconf 88' lang='lat' dir='ltr'>nobilitat</span> <span class='ocrx_word' id='word_1_430' title='bbox 3052 1754 3065 1790; x_wconf 88' lang='lat'>:</span> <span class='ocrx_word' id='word_1_431' title='bbox 3095 1738 3337 1791; x_wconf 90' lang='lat' dir='ltr'>alterum</span> <span class='ocrx_word' id='word_1_432' title='bbox 3379 1738 3605 1790; x_wconf 87' lang='lat' dir='ltr'>sanatu-</span> 
     </span>
    </p>
   </div>
   <div class='ocr_carea' id='block_1_63' title="bbox 1981 1831 3607 1906">
    <p class='ocr_par' dir='ltr' id='par_1_63' title="bbox 1981 1831 3607 1906">
     <span class='ocr_line' id='line_1_63' title="bbox 1981 1831 3607 1906; baseline -0.004 -18"><span class='ocrx_word' id='word_1_433' title='bbox 1981 1853 2073 1889; x_wconf 90' lang='lat' dir='ltr'>rus</span> <span class='ocrx_word' id='word_1_434' title='bbox 2113 1836 2444 1906; x_wconf 86' lang='lat' dir='ltr'>interrogat,</span> <span class='ocrx_word' id='word_1_435' title='bbox 2488 1834 2641 1905; x_wconf 91' lang='lat' dir='ltr'>apud</span> <span class='ocrx_word' id='word_1_436' title='bbox 2686 1833 2932 1887; x_wconf 90' lang='lat' dir='ltr'>alterum</span> <span class='ocrx_word' id='word_1_437' title='bbox 2973 1848 3032 1886; x_wconf 90' lang='lat' dir='ltr'>se</span> <span class='ocrx_word' id='word_1_438' title='bbox 3079 1847 3191 1885; x_wconf 92' lang='lat' dir='ltr'>non</span> <span class='ocrx_word' id='word_1_439' title='bbox 3231 1831 3607 1884; x_wconf 87' lang='lat' dir='ltr'>invitaturum</span> 
     </span>
    </p>
   </div>
   <div class='ocr_carea' id='block_1_64' title="bbox 1982 1921 3609 1998">
    <p class='ocr_par' dir='ltr' id='par_1_64' title="bbox 1982 1921 3609 1998">
     <span class='ocr_line' id='line_1_64' title="bbox 1982 1921 3609 1998; baseline -0.005 -15"><span class='ocrx_word' id='word_1_440' title='bbox 1982 1931 2087 1998; x_wconf 83' lang='lat'>(96)</span> <span class='ocrx_word' id='word_1_441' title='bbox 2118 1929 2345 1992; x_wconf 89' lang='lat' dir='ltr'>invitat;</span> <span class='ocrx_word' id='word_1_442' title='bbox 2376 1928 2584 1982; x_wconf 87' lang='lat' dir='ltr'>sciebat</span> <span class='ocrx_word' id='word_1_443' title='bbox 2622 1927 2776 1982; x_wconf 90' lang='lat' dir='ltr'>enim</span> <span class='ocrx_word' id='word_1_444' title='bbox 2814 1927 3050 1980; x_wconf 90' lang='lat' dir='ltr'>uberem</span> <span class='ocrx_word' id='word_1_445' title='bbox 3091 1923 3327 1995; x_wconf 91' lang='lat' dir='ltr'>hospitis</span> <span class='ocrx_word' id='word_1_446' title='bbox 3368 1921 3452 1976; x_wconf 91' lang='lat' dir='ltr'>sui</span> <span class='ocrx_word' id='word_1_447' title='bbox 3487 1938 3609 1976; x_wconf 88' lang='lat' dir='ltr'>esse</span> 
     </span>
    </p>
   </div>
   <div class='ocr_carea' id='block_1_65' title="bbox 1979 2016 3604 2088">
    <p class='ocr_par' dir='ltr' id='par_1_65' title="bbox 1979 2016 3604 2088">
     <span class='ocr_line' id='line_1_65' title="bbox 1979 2016 3604 2088; baseline -0.006 -11"><span class='ocrx_word' id='word_1_448' title='bbox 1979 2022 2323 2088; x_wconf 86' lang='lat' dir='ltr'>mercedem,</span> <span class='ocrx_word' id='word_1_449' title='bbox 2371 2023 2466 2076; x_wconf 91' lang='lat' dir='ltr'>sed</span> <span class='ocrx_word' id='word_1_450' title='bbox 2514 2025 2707 2076; x_wconf 89' lang='lat' dir='ltr'>tamen</span> <span class='ocrx_word' id='word_1_451' title='bbox 2752 2021 2856 2074; x_wconf 88' lang='lat' dir='ltr'>etsi</span> <span class='ocrx_word' id='word_1_452' title='bbox 2909 2019 3166 2073; x_wconf 91' lang='lat' dir='ltr'>nondum</span> <span class='ocrx_word' id='word_1_453' title='bbox 3215 2032 3408 2072; x_wconf 88' lang='lat' dir='ltr'>vocem</span> <span class='ocrx_word' id='word_1_454' title='bbox 3460 2016 3604 2070; x_wconf 88' lang='lat' dir='ltr'>invi-</span> 
     </span>
    </p>
   </div>
   <div class='ocr_carea' id='block_1_66' title="bbox 1981 2113 3062 2183">
    <p class='ocr_par' dir='ltr' id='par_1_66' title="bbox 1981 2113 3062 2183">
     <span class='ocr_line' id='line_1_66' title="bbox 1981 2113 3062 2183; baseline -0.004 -13"><span class='ocrx_word' id='word_1_455' title='bbox 1981 2117 2147 2170; x_wconf 90' lang='lat' dir='ltr'>tantis</span> <span class='ocrx_word' id='word_1_456' title='bbox 2171 2115 2446 2183; x_wconf 86' lang='lat' dir='ltr'>audierat,</span> <span class='ocrx_word' id='word_1_457' title='bbox 2479 2115 2741 2169; x_wconf 87' lang='lat' dir='ltr'>audierat</span> <span class='ocrx_word' id='word_1_458' title='bbox 2770 2113 3062 2167; x_wconf 82' lang='lat' dir='ltr'>affectum.</span> 
     </span>
    </p>
   </div>
   <div class='ocr_carea' id='block_1_67' title="bbox 2051 2202 3611 2277">
    <p class='ocr_par' dir='ltr' id='par_1_67' title="bbox 2051 2202 3611 2277">
     <span class='ocr_line' id='line_1_67' title="bbox 2051 2202 3611 2277; baseline -0.005 -13"><span class='ocrx_word' id='word_1_459' title='bbox 2051 2213 2138 2264; x_wconf 89' lang='lat'>83.</span> <span class='ocrx_word' id='word_1_460' title='bbox 2183 2211 2387 2264; x_wconf 89' lang='lat' dir='ltr'>Verum</span> <span class='ocrx_word' id='word_1_461' title='bbox 2430 2225 2500 2263; x_wconf 90' lang='lat' dir='ltr'>ne</span> <span class='ocrx_word' id='word_1_462' title='bbox 2545 2224 2758 2263; x_wconf 82' lang='lat' dir='ltr'>caecum</span> <span class='ocrx_word' id='word_1_463' title='bbox 2798 2209 2969 2261; x_wconf 88' lang='lat' dir='ltr'>istum</span> <span class='ocrx_word' id='word_1_464' title='bbox 3017 2209 3286 2277; x_wconf 89' lang='lat' dir='ltr'>tanquam</span> <span class='ocrx_word' id='word_1_465' title='bbox 3332 2202 3611 2260; x_wconf 89' lang='lat' dir='ltr'>fastidiosi</span> 
     </span>
    </p>
   </div>
   <div class='ocr_carea' id='block_1_68' title="bbox 1980 2297 3608 2374">
    <p class='ocr_par' dir='ltr' id='par_1_68' title="bbox 1980 2297 3608 2374">
     <span class='ocr_line' id='line_1_68' title="bbox 1980 2297 3608 2374; baseline -0.004 -17"><span class='ocrx_word' id='word_1_466' title='bbox 1980 2319 2296 2374; x_wconf 86' lang='lat' dir='ltr'>pauperum</span> <span class='ocrx_word' id='word_1_467' title='bbox 2335 2303 2444 2356; x_wconf 90' lang='lat' dir='ltr'>cito</span> <span class='ocrx_word' id='word_1_468' title='bbox 2480 2301 2776 2372; x_wconf 84' lang='lat' dir='ltr'>reliquisse</span> <span class='ocrx_word' id='word_1_469' title='bbox 2809 2301 3121 2366; x_wconf 90' lang='lat' dir='ltr'>videamur,</span> <span class='ocrx_word' id='word_1_470' title='bbox 3152 2302 3210 2353; x_wconf 92' lang='lat' dir='ltr'>et</span> <span class='ocrx_word' id='word_1_471' title='bbox 3244 2298 3509 2353; x_wconf 88' lang='lat' dir='ltr'>transisse</span> <span class='ocrx_word' id='word_1_472' title='bbox 3538 2297 3608 2351; x_wconf 89' lang='lat' dir='ltr'>ad</span> 
     </span>
    </p>
   </div>
   <div class='ocr_carea' id='block_1_69' title="bbox 1979 2391 3605 2466">
    <p class='ocr_par' dir='ltr' id='par_1_69' title="bbox 1979 2391 3605 2466">
     <span class='ocr_line' id='line_1_69' title="bbox 1979 2391 3605 2466; baseline -0.004 -15"><span class='ocrx_word' id='word_1_473' title='bbox 1979 2397 2234 2463; x_wconf 83' lang='lat' dir='ltr'>divitem,</span> <span class='ocrx_word' id='word_1_474' title='bbox 2265 2403 2653 2466; x_wconf 83' lang='lat' dir='ltr'>exspectemus</span> <span class='ocrx_word' id='word_1_475' title='bbox 2684 2410 2842 2462; x_wconf 91' lang='lat' dir='ltr'>eum,</span> <span class='ocrx_word' id='word_1_476' title='bbox 2872 2394 3003 2465; x_wconf 90' lang='lat' dir='ltr'>quia</span> <span class='ocrx_word' id='word_1_477' title='bbox 3041 2391 3383 2463; x_wconf 88' lang='lat' dir='ltr'>exspectavit</span> <span class='ocrx_word' id='word_1_478' title='bbox 3414 2394 3471 2445; x_wconf 89' lang='lat' dir='ltr'>et</span> <span class='ocrx_word' id='word_1_479' title='bbox 3501 2392 3605 2444; x_wconf 88' lang='lat' dir='ltr'>Do-</span> 
     </span>
    </p>
   </div>
   <div class='ocr_carea' id='block_1_70' title="bbox 1978 2485 3605 2560">
    <p class='ocr_par' dir='ltr' id='par_1_70' title="bbox 1978 2485 3605 2560">
     <span class='ocr_line' id='line_1_70' title="bbox 1978 2485 3605 2560; baseline -0.005 -15"><span class='ocrx_word' id='word_1_480' title='bbox 1978 2491 2195 2558; x_wconf 83' lang='lat' dir='ltr'>minus;</span> <span class='ocrx_word' id='word_1_481' title='bbox 2257 2489 2675 2560; x_wconf 90' lang='lat' dir='ltr'>interrogemus</span> <span class='ocrx_word' id='word_1_482' title='bbox 2725 2503 2888 2554; x_wconf 91' lang='lat' dir='ltr'>eum,</span> <span class='ocrx_word' id='word_1_483' title='bbox 2944 2487 3078 2557; x_wconf 90' lang='lat' dir='ltr'>quia</span> <span class='ocrx_word' id='word_1_484' title='bbox 3129 2485 3498 2555; x_wconf 84' lang='lat' dir='ltr'>interrogavit</span> <span class='ocrx_word' id='word_1_485' title='bbox 3549 2489 3605 2537; x_wconf 91' lang='lat' dir='ltr'>et</span> 
     </span>
    </p>
   </div>
   <div class='ocr_carea' id='block_1_71' title="bbox 1978 2575 3605 2652">
    <p class='ocr_par' dir='ltr' id='par_1_71' title="bbox 1978 2575 3605 2652">
     <span class='ocr_line' id='line_1_71' title="bbox 1978 2575 3605 2652; baseline -0.006 -13"><span class='ocrx_word' id='word_1_486' title='bbox 1978 2584 2250 2640; x_wconf 76' lang='lat' dir='ltr'>Christus.</span> <span class='ocrx_word' id='word_1_487' title='bbox 2301 2583 2408 2636; x_wconf 83' lang='lat' dir='ltr'>Nos</span> <span class='ocrx_word' id='word_1_488' title='bbox 2453 2583 2891 2652; x_wconf 91' lang='lat' dir='ltr'>interrogemus,</span> <span class='ocrx_word' id='word_1_489' title='bbox 2941 2579 3075 2650; x_wconf 90' lang='lat' dir='ltr'>quia</span> <span class='ocrx_word' id='word_1_490' title='bbox 3129 2578 3440 2642; x_wconf 86' lang='lat' dir='ltr'>nescimus;</span> <span class='ocrx_word' id='word_1_491' title='bbox 3489 2575 3605 2642; x_wconf 88' lang='lat' dir='ltr'>ille,</span> 
     </span>
    </p>
   </div>
   <div class='ocr_carea' id='block_1_72' title="bbox 1979 2669 3608 2749">
    <p class='ocr_par' dir='ltr' id='par_1_72' title="bbox 1979 2669 3608 2749">
     <span class='ocr_line' id='line_1_72' title="bbox 1979 2669 3608 2749; baseline -0.004 -19"><span class='ocrx_word' id='word_1_492' title='bbox 1979 2678 2114 2749; x_wconf 91' lang='lat' dir='ltr'>quia</span> <span class='ocrx_word' id='word_1_493' title='bbox 2155 2679 2392 2731; x_wconf 88' lang='lat' dir='ltr'>noverat</span> <span class='ocrx_word' id='word_1_494' title='bbox 2427 2693 2440 2730; x_wconf 87' lang='lat'><strong>:</strong></span> <span class='ocrx_word' id='word_1_495' title='bbox 2485 2691 2585 2729; x_wconf 87' lang='lat' dir='ltr'>nos</span> <span class='ocrx_word' id='word_1_496' title='bbox 2626 2676 3066 2744; x_wconf 89' lang='lat' dir='ltr'>interrogemus,</span> <span class='ocrx_word' id='word_1_497' title='bbox 3097 2677 3159 2727; x_wconf 90' lang='lat' dir='ltr'>ut</span> <span class='ocrx_word' id='word_1_498' title='bbox 3187 2671 3426 2726; x_wconf 87' lang='lat' dir='ltr'>sciamus</span> <span class='ocrx_word' id='word_1_499' title='bbox 3458 2669 3608 2725; x_wconf 89' lang='lat' dir='ltr'>unde</span> 
     </span>
    </p>
   </div>
   <div class='ocr_carea' id='block_1_73' title="bbox 1977 2765 3606 2837">
    <p class='ocr_par' dir='ltr' id='par_1_73' title="bbox 1977 2765 3606 2837">
     <span class='ocr_line' id='line_1_73' title="bbox 1977 2765 3606 2837; baseline -0.005 -12"><span class='ocrx_word' id='word_1_500' title='bbox 1977 2772 2081 2826; x_wconf 90' lang='lat' dir='ltr'>iste</span> <span class='ocrx_word' id='word_1_501' title='bbox 2120 2773 2347 2825; x_wconf 87' lang='lat' dir='ltr'>curatus</span> <span class='ocrx_word' id='word_1_502' title='bbox 2376 2769 2476 2837; x_wconf 89' lang='lat' dir='ltr'>sit;</span> <span class='ocrx_word' id='word_1_503' title='bbox 2508 2769 2602 2823; x_wconf 92' lang='lat' dir='ltr'>ille</span> <span class='ocrx_word' id='word_1_504' title='bbox 2633 2767 3022 2836; x_wconf 89' lang='lat' dir='ltr'>interrogavit,</span> <span class='ocrx_word' id='word_1_505' title='bbox 3061 2770 3124 2820; x_wconf 91' lang='lat' dir='ltr'>ut</span> <span class='ocrx_word' id='word_1_506' title='bbox 3161 2766 3218 2819; x_wconf 92' lang='lat' dir='ltr'>in</span> <span class='ocrx_word' id='word_1_507' title='bbox 3257 2780 3372 2818; x_wconf 90' lang='lat' dir='ltr'>uno</span> <span class='ocrx_word' id='word_1_508' title='bbox 3414 2765 3606 2835; x_wconf 84' lang='lat' dir='ltr'>plures</span> 
     </span>
    </p>
   </div>
   <div class='ocr_carea' id='block_1_74' title="bbox 1977 2857 3600 2927">
    <p class='ocr_par' dir='ltr' id='par_1_74' title="bbox 1977 2857 3600 2927">
     <span class='ocr_line' id='line_1_74' title="bbox 1977 2857 3600 2927; baseline -0.006 -8"><span class='ocrx_word' id='word_1_509' title='bbox 1977 2865 2322 2920; x_wconf 91' lang='lat' dir='ltr'>disceremus</span> <span class='ocrx_word' id='word_1_510' title='bbox 2357 2863 2511 2918; x_wconf 90' lang='lat' dir='ltr'>unde</span> <span class='ocrx_word' id='word_1_511' title='bbox 2549 2861 2851 2917; x_wconf 89' lang='lat' dir='ltr'>Dominum</span> <span class='ocrx_word' id='word_1_512' title='bbox 2882 2860 3070 2915; x_wconf 89' lang='lat' dir='ltr'>videre</span> <span class='ocrx_word' id='word_1_513' title='bbox 3100 2874 3486 2927; x_wconf 90' lang='lat' dir='ltr'>mereremur;</span> <span class='ocrx_word' id='word_1_514' title='bbox 3515 2857 3600 2911; x_wconf 91' lang='lat' dir='ltr'>in-</span> 
     </span>
    </p>
   </div>
   <div class='ocr_carea' id='block_1_75' title="bbox 1979 2952 3604 3029">
    <p class='ocr_par' dir='ltr' id='par_1_75' title="bbox 1979 2952 3604 3029">
     <span class='ocr_line' id='line_1_75' title="bbox 1979 2952 3604 3029; baseline -0.006 -17"><span class='ocrx_word' id='word_1_515' title='bbox 1979 2957 2289 3029; x_wconf 90' lang='lat' dir='ltr'>terrogavit</span> <span class='ocrx_word' id='word_1_516' title='bbox 2337 2958 2512 3022; x_wconf 91' lang='lat' dir='ltr'>enim,</span> <span class='ocrx_word' id='word_1_517' title='bbox 2563 2962 2623 3011; x_wconf 91' lang='lat' dir='ltr'>ut</span> <span class='ocrx_word' id='word_1_518' title='bbox 2667 2955 3034 3010; x_wconf 88' lang='lat' dir='ltr'>crederemus</span> <span class='ocrx_word' id='word_1_519' title='bbox 3082 2953 3188 3007; x_wconf 88' lang='lat' dir='ltr'>nisi</span> <span class='ocrx_word' id='word_1_520' title='bbox 3239 2952 3604 3006; x_wconf 84' lang='lat' dir='ltr'>conﬁtentem</span> 
     </span>
    </p>
   </div>
   <div class='ocr_carea' id='block_1_76' title="bbox 1977 3051 2531 3122">
    <p class='ocr_par' dir='ltr' id='par_1_76' title="bbox 1977 3051 2531 3122">
     <span class='ocr_line' id='line_1_76' title="bbox 1977 3051 2531 3122; baseline -0.005 -15"><span class='ocrx_word' id='word_1_521' title='bbox 1977 3069 2092 3107; x_wconf 88' lang='lat' dir='ltr'>non</span> <span class='ocrx_word' id='word_1_522' title='bbox 2127 3067 2286 3122; x_wconf 89' lang='lat' dir='ltr'>posse</span> <span class='ocrx_word' id='word_1_523' title='bbox 2319 3051 2531 3106; x_wconf 90' lang='lat' dir='ltr'>sanari.</span> 
     </span>
    </p>
   </div>
   <div class='ocr_carea' id='block_1_77' title="bbox 2048 3141 3606 3212">
    <p class='ocr_par' dir='ltr' id='par_1_77' title="bbox 2048 3141 3606 3212">
     <span class='ocr_line' id='line_1_77' title="bbox 2048 3141 3606 3212; baseline -0.006 -11"><span class='ocrx_word' id='word_1_524' title='bbox 2048 3149 2115 3201; x_wconf 87' lang='lat' dir='ltr'>Et</span> <span class='ocrx_word' id='word_1_525' title='bbox 2142 3146 2424 3212; x_wconf 71' lang='lat' dir='ltr'>confestim</span> <span class='ocrx_word' id='word_1_526' title='bbox 2457 3146 2594 3199; x_wconf 80' lang='lat' dir='ltr'>vidit</span> <span class='ocrx_word' id='word_1_527' title='bbox 2631 3149 2679 3198; x_wconf 86' lang='lat' dir='ltr'>et</span> <span class='ocrx_word' id='word_1_528' title='bbox 2716 3144 3038 3212; x_wconf 85' lang='lat' dir='ltr'>sequebatur</span> <span class='ocrx_word' id='word_1_529' title='bbox 3067 3142 3223 3195; x_wconf 86' lang='lat' dir='ltr'>illum</span> <span class='ocrx_word' id='word_1_530' title='bbox 3253 3141 3606 3209; x_wconf 76' lang='lat' dir='ltr'>magniﬁcans</span> 
     </span>
    </p>
   </div>
   <div class='ocr_carea' id='block_1_78' title="bbox 1978 3232 3602 3308">
    <p class='ocr_par' dir='ltr' id='par_1_78' title="bbox 1978 3232 3602 3308">
     <span class='ocr_line' id='line_1_78' title="bbox 1978 3232 3602 3308; baseline -0.006 -14"><span class='ocrx_word' id='word_1_531' title='bbox 1978 3243 2323 3295; x_wconf 88' lang='lat' dir='ltr'>Dominum...</span> <span class='ocrx_word' id='word_1_532' title='bbox 2365 3240 2433 3292; x_wconf 89' lang='lat' dir='ltr'>Et</span> <span class='ocrx_word' id='word_1_533' title='bbox 2467 3237 2887 3308; x_wconf 78' lang='lat' dir='ltr'>perambulabat</span> <span class='ocrx_word' id='word_1_534' title='bbox 2917 3238 2974 3290; x_wconf 87' lang='lat' dir='ltr'>in</span> <span class='ocrx_word' id='word_1_535' title='bbox 3010 3236 3218 3290; x_wconf 76' lang='lat' dir='ltr'>Iericho</span> <span class='ocrx_word' id='word_1_536' title='bbox 3256 3237 3400 3302; x_wconf 89' lang='lat' dir='ltr'>(cap.</span> <span class='ocrx_word' id='word_1_537' title='bbox 3429 3232 3602 3297; x_wconf 81' lang='lat' dir='ltr'>XVIII,</span> 
     </span>
    </p>
   </div>
   <div class='ocr_carea' id='block_1_79' title="bbox 1977 3336 2223 3402">
    <p class='ocr_par' dir='ltr' id='par_1_79' title="bbox 1977 3336 2223 3402">
     <span class='ocr_line' id='line_1_79' title="bbox 1977 3336 2223 3402; baseline 0 -16"><span class='ocrx_word' id='word_1_538' title='bbox 1977 3351 2118 3388; x_wconf 93' lang='lat' dir='ltr'>vers.</span> <span class='ocrx_word' id='word_1_539' title='bbox 2157 3336 2223 3402; x_wconf 87' lang='lat' dir='ltr'>l).</span> 
     </span>
    </p>
   </div>
   <div class='ocr_carea' id='block_1_80' title="bbox 2047 3422 3605 3491">
    <p class='ocr_par' dir='ltr' id='par_1_80' title="bbox 2047 3422 3605 3491">
     <span class='ocr_line' id='line_1_80' title="bbox 2047 3422 3605 3491; baseline -0.006 -10"><span class='ocrx_word' id='word_1_540' title='bbox 2047 3429 2134 3481; x_wconf 71' lang='grc'>84.</span> <span class='ocrx_word' id='word_1_541' title='bbox 2193 3428 2369 3480; x_wconf 89' lang='lat' dir='ltr'>Aliter</span> <span class='ocrx_word' id='word_1_542' title='bbox 2422 3427 2575 3481; x_wconf 90' lang='lat' dir='ltr'>enim</span> <span class='ocrx_word' id='word_1_543' title='bbox 2631 3441 2742 3479; x_wconf 90' lang='lat' dir='ltr'>non</span> <span class='ocrx_word' id='word_1_544' title='bbox 2797 3424 3049 3488; x_wconf 90' lang='lat' dir='ltr'>videret,</span> <span class='ocrx_word' id='word_1_545' title='bbox 3111 3422 3218 3476; x_wconf 88' lang='lat' dir='ltr'>nisi</span> <span class='ocrx_word' id='word_1_546' title='bbox 3270 3423 3605 3491; x_wconf 87' lang='lat' dir='ltr'>sequeretur</span> 
     </span>
    </p>
   </div>
   <div class='ocr_carea' id='block_1_81' title="bbox 1976 3513 3606 3586">
    <p class='ocr_par' dir='ltr' id='par_1_81' title="bbox 1976 3513 3606 3586">
     <span class='ocr_line' id='line_1_81' title="bbox 1976 3513 3606 3586; baseline -0.006 -12"><span class='ocrx_word' id='word_1_547' title='bbox 1976 3521 2282 3586; x_wconf 83' lang='lat' dir='ltr'>Christum,</span> <span class='ocrx_word' id='word_1_548' title='bbox 2319 3519 2424 3573; x_wconf 89' lang='lat' dir='ltr'>nisi</span> <span class='ocrx_word' id='word_1_549' title='bbox 2462 3519 2765 3573; x_wconf 90' lang='lat' dir='ltr'>Dominum</span> <span class='ocrx_word' id='word_1_550' title='bbox 2807 3516 3164 3586; x_wconf 73' lang='lat' dir='ltr'>praedicaret,</span> <span class='ocrx_word' id='word_1_551' title='bbox 3195 3514 3302 3568; x_wconf 92' lang='lat' dir='ltr'>nisi</span> <span class='ocrx_word' id='word_1_552' title='bbox 3336 3513 3606 3567; x_wconf 62' lang='lat' dir='ltr'>saeculum</span> 
     </span>
    </p>
   </div>
   <div class='ocr_carea' id='block_1_82' title="bbox 1977 3607 3606 3685">
    <p class='ocr_par' dir='ltr' id='par_1_82' title="bbox 1977 3607 3606 3685">
     <span class='ocr_line' id='line_1_82' title="bbox 1977 3607 3606 3685; baseline -0.005 -17"><span class='ocrx_word' id='word_1_553' title='bbox 1977 3613 2316 3685; x_wconf 61' lang='lat' dir='ltr'>praeteriret.</span> <span class='ocrx_word' id='word_1_554' title='bbox 2343 3615 2483 3668; x_wconf 90' lang='lat' dir='ltr'>Cum</span> <span class='ocrx_word' id='word_1_555' title='bbox 2511 3611 2779 3665; x_wconf 89' lang='lat' dir='ltr'>divitibus</span> <span class='ocrx_word' id='word_1_556' title='bbox 2807 3625 3035 3680; x_wconf 90' lang='lat' dir='ltr'>quoque</span> <span class='ocrx_word' id='word_1_557' title='bbox 3062 3608 3122 3661; x_wconf 91' lang='lat' dir='ltr'>in</span> <span class='ocrx_word' id='word_1_558' title='bbox 3151 3607 3398 3677; x_wconf 89' lang='lat' dir='ltr'>gratiam</span> <span class='ocrx_word' id='word_1_559' title='bbox 3426 3621 3606 3661; x_wconf 88' lang='lat' dir='ltr'>rever-</span> 
     </span>
    </p>
   </div>
   <div class='ocr_carea' id='block_1_83' title="bbox 1977 3699 3601 3775">
    <p class='ocr_par' dir='ltr' id='par_1_83' title="bbox 1977 3699 3601 3775">
     <span class='ocr_line' id='line_1_83' title="bbox 1977 3699 3601 3775; baseline -0.006 -14"><span class='ocrx_word' id='word_1_560' title='bbox 1977 3711 2193 3775; x_wconf 89' lang='lat' dir='ltr'>tamur;</span> <span class='ocrx_word' id='word_1_561' title='bbox 2229 3706 2492 3760; x_wconf 88' lang='lat' dir='ltr'>nolumus</span> <span class='ocrx_word' id='word_1_562' title='bbox 2523 3705 2679 3758; x_wconf 91' lang='lat' dir='ltr'>enim</span> <span class='ocrx_word' id='word_1_563' title='bbox 2713 3703 2998 3758; x_wconf 78' lang='lat' dir='ltr'>offendere</span> <span class='ocrx_word' id='word_1_564' title='bbox 3026 3700 3248 3768; x_wconf 90' lang='lat' dir='ltr'>divites,</span> <span class='ocrx_word' id='word_1_565' title='bbox 3277 3699 3415 3771; x_wconf 88' lang='lat' dir='ltr'>quia</span> <span class='ocrx_word' id='word_1_566' title='bbox 3447 3699 3601 3754; x_wconf 91' lang='lat' dir='ltr'>volu-</span> 
     </span>
    </p>
   </div>
   <div class='ocr_carea' id='block_1_84' title="bbox 1977 3791 3604 3870">
    <p class='ocr_par' dir='ltr' id='par_1_84' title="bbox 1977 3791 3604 3870">
     <span class='ocr_line' id='line_1_84' title="bbox 1977 3791 3604 3870; baseline -0.006 -15"><span class='ocrx_word' id='word_1_567' title='bbox 1977 3817 2121 3869; x_wconf 90' lang='lat' dir='ltr'>mus,</span> <span class='ocrx_word' id='word_1_568' title='bbox 2147 3801 2195 3854; x_wconf 90' lang='lat' dir='ltr'>si</span> <span class='ocrx_word' id='word_1_569' title='bbox 2215 3800 2337 3854; x_wconf 83' lang='lat' dir='ltr'>ﬁeri</span> <span class='ocrx_word' id='word_1_570' title='bbox 2360 3802 2566 3870; x_wconf 90' lang='lat' dir='ltr'>potest,</span> <span class='ocrx_word' id='word_1_571' title='bbox 2589 3813 2788 3852; x_wconf 91' lang='lat' dir='ltr'>sanare</span> <span class='ocrx_word' id='word_1_572' title='bbox 2809 3811 3036 3863; x_wconf 90' lang='lat' dir='ltr'>omnes;</span> <span class='ocrx_word' id='word_1_573' title='bbox 3063 3810 3135 3848; x_wconf 92' lang='lat' dir='ltr'>ne</span> <span class='ocrx_word' id='word_1_574' title='bbox 3158 3793 3216 3847; x_wconf 90' lang='lat' dir='ltr'>in</span> <span class='ocrx_word' id='word_1_575' title='bbox 3236 3791 3436 3847; x_wconf 88' lang='lat' dir='ltr'>cameli</span> <span class='ocrx_word' id='word_1_576' title='bbox 3458 3807 3604 3846; x_wconf 92' lang='lat' dir='ltr'>com-</span> 
     </span>
    </p>
   </div>
   <div class='ocr_carea' id='block_1_85' title="bbox 1976 3886 3605 3966">
    <p class='ocr_par' dir='ltr' id='par_1_85' title="bbox 1976 3886 3605 3966">
     <span class='ocr_line' id='line_1_85' title="bbox 1976 3886 3605 3966; baseline -0.008 -17"><span class='ocrx_word' id='word_1_577' title='bbox 1976 3894 2266 3966; x_wconf 89' lang='lat' dir='ltr'>paratione</span> <span class='ocrx_word' id='word_1_578' title='bbox 2295 3891 2610 3964; x_wconf 68' lang='lat' dir='ltr'>praastricti,</span> <span class='ocrx_word' id='word_1_579' title='bbox 2633 3895 2687 3946; x_wconf 92' lang='lat' dir='ltr'>et</span> <span class='ocrx_word' id='word_1_580' title='bbox 2708 3891 2766 3944; x_wconf 92' lang='lat' dir='ltr'>in</span> <span class='ocrx_word' id='word_1_581' title='bbox 2793 3889 3028 3944; x_wconf 71' lang='lat' dir='ltr'>Zachzeo</span> <span class='ocrx_word' id='word_1_582' title='bbox 3056 3886 3222 3941; x_wconf 89' lang='lat' dir='ltr'>citius</span> <span class='ocrx_word' id='word_1_583' title='bbox 3250 3901 3419 3956; x_wconf 90' lang='lat' dir='ltr'>quam</span> <span class='ocrx_word' id='word_1_584' title='bbox 3446 3900 3605 3954; x_wconf 90' lang='lat' dir='ltr'>opor-</span> 
     </span>
    </p>
   </div>
   <div class='ocr_carea' id='block_1_86' title="bbox 1975 3977 3604 4056">
    <p class='ocr_par' dir='ltr' id='par_1_86' title="bbox 1975 3977 3604 4056">
     <span class='ocr_line' id='line_1_86' title="bbox 1975 3977 3604 4056; baseline -0.007 -14"><span class='ocrx_word' id='word_1_585' title='bbox 1975 3989 2106 4053; x_wconf 88' lang='lat' dir='ltr'>tuit,</span> <span class='ocrx_word' id='word_1_586' title='bbox 2130 3987 2403 4053; x_wconf 89' lang='lat' dir='ltr'>derelicti,</span> <span class='ocrx_word' id='word_1_587' title='bbox 2421 3987 2588 4056; x_wconf 62' lang='lat' dir='ltr'>justas</span> <span class='ocrx_word' id='word_1_588' title='bbox 2611 3984 2858 4039; x_wconf 89' lang='lat' dir='ltr'>habeant</span> <span class='ocrx_word' id='word_1_589' title='bbox 2877 3980 3277 4037; x_wconf 88' lang='lat' dir='ltr'>commotionis</span> <span class='ocrx_word' id='word_1_590' title='bbox 3299 3977 3604 4033; x_wconf 67' lang='lat' dir='ltr'>offensam.</span> 
     </span>
    </p>
   </div>
   <div class='ocr_carea' id='block_1_87' title="bbox 2047 4072 3602 4136">
    <p class='ocr_par' dir='ltr' id='par_1_87' title="bbox 2047 4072 3602 4136">
     <span class='ocr_line' id='line_1_87' title="bbox 2047 4072 3602 4136; baseline -0.008 0"><span class='ocrx_word' id='word_1_591' title='bbox 2047 4085 2133 4136; x_wconf 75' lang='lat'>85.</span> <span class='ocrx_word' id='word_1_592' title='bbox 2175 4080 2399 4136; x_wconf 89' lang='lat' dir='ltr'>Discant</span> <span class='ocrx_word' id='word_1_593' title='bbox 2438 4095 2550 4133; x_wconf 90' lang='lat' dir='ltr'>non</span> <span class='ocrx_word' id='word_1_594' title='bbox 2595 4078 2652 4132; x_wconf 92' lang='lat' dir='ltr'>in</span> <span class='ocrx_word' id='word_1_595' title='bbox 2694 4075 3052 4132; x_wconf 87' lang='lat' dir='ltr'>facultatibus</span> <span class='ocrx_word' id='word_1_596' title='bbox 3096 4074 3314 4129; x_wconf 89' lang='lat' dir='ltr'>crimen</span> <span class='ocrx_word' id='word_1_597' title='bbox 3361 4072 3602 4134; x_wconf 61' lang='lat' dir='ltr'>haerere,</span> 
     </span>
    </p>
   </div>
   <div class='ocr_carea' id='block_1_88' title="bbox 1978 4166 3604 4247">
    <p class='ocr_par' dir='ltr' id='par_1_88' title="bbox 1978 4166 3604 4247">
     <span class='ocr_line' id='line_1_88' title="bbox 1978 4166 3604 4247; baseline -0.01 -13"><span class='ocrx_word' id='word_1_598' title='bbox 1978 4174 2026 4247; x_wconf 81' lang='grc'><strong>1</strong></span> <span class='ocrx_word' id='word_1_599' title='bbox 2044 4173 2236 4247; x_wconf 79' lang='grc'>493</span> <span class='ocrx_word' id='word_1_600' title='bbox 2259 4173 2353 4229; x_wconf 90' lang='lat' dir='ltr'>sed</span> <span class='ocrx_word' id='word_1_601' title='bbox 2381 4174 2438 4227; x_wconf 90' lang='lat' dir='ltr'>in</span> <span class='ocrx_word' id='word_1_602' title='bbox 2463 4173 2530 4227; x_wconf 92' lang='lat' dir='ltr'>iis</span> <span class='ocrx_word' id='word_1_603' title='bbox 2557 4173 2653 4244; x_wconf 86' lang='lat' dir='ltr'>qui</span> <span class='ocrx_word' id='word_1_604' title='bbox 2681 4171 2763 4226; x_wconf 91' lang='lat' dir='ltr'>uti</span> <span class='ocrx_word' id='word_1_605' title='bbox 2787 4169 3039 4224; x_wconf 90' lang='lat' dir='ltr'>nesciant</span> <span class='ocrx_word' id='word_1_606' title='bbox 3065 4166 3449 4234; x_wconf 86' lang='lat' dir='ltr'>facultatibus;</span> <span class='ocrx_word' id='word_1_607' title='bbox 3473 4181 3604 4219; x_wconf 89' lang='lat' dir='ltr'>nam</span> 
     </span>
    </p>
   </div>
   <div class='ocr_carea' id='block_1_89' title="bbox 1975 4257 3606 4338">
    <p class='ocr_par' dir='ltr' id='par_1_89' title="bbox 1975 4257 3606 4338">
     <span class='ocr_line' id='line_1_89' title="bbox 1975 4257 3606 4338; baseline -0.007 -15"><span class='ocrx_word' id='word_1_608' title='bbox 1975 4269 2182 4323; x_wconf 67' lang='lat' dir='ltr'>divitia:</span> <span class='ocrx_word' id='word_1_609' title='bbox 2229 4271 2290 4321; x_wconf 93' lang='lat' dir='ltr'>ut</span> <span class='ocrx_word' id='word_1_610' title='bbox 2333 4266 2745 4338; x_wconf 90' lang='lat' dir='ltr'>impedimenta</span> <span class='ocrx_word' id='word_1_611' title='bbox 2784 4263 2842 4318; x_wconf 91' lang='lat' dir='ltr'>in</span> <span class='ocrx_word' id='word_1_612' title='bbox 2886 4261 3184 4335; x_wconf 91' lang='lat' dir='ltr'>improbis,</span> <span class='ocrx_word' id='word_1_613' title='bbox 3217 4260 3298 4315; x_wconf 88' lang='lat' dir='ltr'>ita</span> <span class='ocrx_word' id='word_1_614' title='bbox 3339 4260 3398 4313; x_wconf 90' lang='lat' dir='ltr'>in</span> <span class='ocrx_word' id='word_1_615' title='bbox 3440 4257 3606 4313; x_wconf 90' lang='lat' dir='ltr'>bonis</span> 
     </span>
    </p>
   </div>
   <div class='ocr_carea' id='block_1_90' title="bbox 1977 4353 3603 4432">
    <p class='ocr_par' dir='ltr' id='par_1_90' title="bbox 1977 4353 3603 4432">
     <span class='ocr_line' id='line_1_90' title="bbox 1977 4353 3603 4432; baseline -0.007 -16"><span class='ocrx_word' id='word_1_616' title='bbox 1977 4365 2106 4416; x_wconf 88' lang='lat' dir='ltr'>sunt</span> <span class='ocrx_word' id='word_1_617' title='bbox 2131 4361 2458 4432; x_wconf 87' lang='lat' dir='ltr'>adjumenta</span> <span class='ocrx_word' id='word_1_618' title='bbox 2498 4359 2738 4414; x_wconf 88' lang='lat' dir='ltr'>virtutis.</span> <span class='ocrx_word' id='word_1_619' title='bbox 2778 4358 2935 4411; x_wconf 87' lang='lat' dir='ltr'>Dives</span> <span class='ocrx_word' id='word_1_620' title='bbox 2971 4359 3120 4410; x_wconf 91' lang='lat' dir='ltr'>certe</span> <span class='ocrx_word' id='word_1_621' title='bbox 3151 4354 3419 4408; x_wconf 76' lang='lat' dir='ltr'>Zachzeus</span> <span class='ocrx_word' id='word_1_622' title='bbox 3457 4353 3603 4405; x_wconf 89' lang='lat' dir='ltr'>elec-</span> 
     </span>
    </p>
   </div>
   <div class='ocr_carea' id='block_1_91' title="bbox 1974 4449 3603 4521">
    <p class='ocr_par' dir='ltr' id='par_1_91' title="bbox 1974 4449 3603 4521">
     <span class='ocr_line' id='line_1_91' title="bbox 1974 4449 3603 4521; baseline -0.009 -11"><span class='ocrx_word' id='word_1_623' title='bbox 1974 4463 2065 4510; x_wconf 89' lang='lat' dir='ltr'>tus</span> <span class='ocrx_word' id='word_1_624' title='bbox 2089 4473 2121 4510; x_wconf 91' lang='lat' dir='ltr'>a</span> <span class='ocrx_word' id='word_1_625' title='bbox 2145 4456 2399 4521; x_wconf 83' lang='lat' dir='ltr'>Christo;</span> <span class='ocrx_word' id='word_1_626' title='bbox 2433 4453 2530 4508; x_wconf 92' lang='lat' dir='ltr'>sed</span> <span class='ocrx_word' id='word_1_627' title='bbox 2564 4451 2865 4507; x_wconf 90' lang='lat' dir='ltr'>dimidium</span> <span class='ocrx_word' id='word_1_628' title='bbox 2893 4449 3172 4503; x_wconf 90' lang='lat' dir='ltr'>bonorum</span> <span class='ocrx_word' id='word_1_629' title='bbox 3200 4460 3431 4499; x_wconf 91' lang='lat' dir='ltr'>suorum</span> <span class='ocrx_word' id='word_1_630' title='bbox 3462 4460 3603 4514; x_wconf 87' lang='lat' dir='ltr'>pau-</span> 
     </span>
    </p>
   </div>
   <div class='ocr_carea' id='block_1_92' title="bbox 253 4535 3605 4621">
    <p class='ocr_par' dir='ltr' id='par_1_92' title="bbox 253 4535 3605 4621">
     <span class='ocr_line' id='line_1_92' title="bbox 253 4535 3605 4621; baseline -0.003 -22"><span class='ocrx_word' id='word_1_631' title='bbox 253 4547 400 4600; x_wconf 89' lang='lat' dir='ltr'>uulla</span> <span class='ocrx_word' id='word_1_632' title='bbox 447 4546 756 4600; x_wconf 89' lang='lat' dir='ltr'>nobilitatis</span> <span class='ocrx_word' id='word_1_633' title='bbox 801 4547 1070 4618; x_wconf 82' lang='lat' dir='ltr'>ingenitae</span> <span class='ocrx_word' id='word_1_634' title='bbox 1114 4549 1390 4619; x_wconf 89' lang='lat' dir='ltr'>dignitate</span> <span class='ocrx_word' id='word_1_635' title='bbox 1435 4549 1692 4603; x_wconf 90' lang='lat' dir='ltr'>sublimis</span> <span class='ocrx_word' id='word_1_636' title='bbox 1743 4550 1872 4618; x_wconf 81' lang='grc'>(94),</span> <span class='ocrx_word' id='word_1_637' title='bbox 1896 4539 1954 4610; x_wconf 88' lang='grc' dir='ltr'>Ι)</span> <span class='ocrx_word' id='word_1_638' title='bbox 1977 4549 2210 4621; x_wconf 91' lang='lat' dir='ltr'>peribus</span> <span class='ocrx_word' id='word_1_639' title='bbox 2240 4546 2562 4619; x_wconf 88' lang='lat' dir='ltr'>largiendo,</span> <span class='ocrx_word' id='word_1_640' title='bbox 2592 4542 2887 4599; x_wconf 90' lang='lat' dir='ltr'>reddendo</span> <span class='ocrx_word' id='word_1_641' title='bbox 2921 4542 3093 4596; x_wconf 90' lang='lat' dir='ltr'>etiam</span> <span class='ocrx_word' id='word_1_642' title='bbox 3125 4541 3182 4593; x_wconf 92' lang='lat' dir='ltr'>in</span> <span class='ocrx_word' id='word_1_643' title='bbox 3221 4535 3605 4609; x_wconf 90' lang='lat' dir='ltr'>quadruplum</span> 
     </span>
    </p>
   </div>
   <div class='ocr_carea' id='block_1_93' title="bbox 252 4639 1874 4713">
    <p class='ocr_par' dir='ltr' id='par_1_93' title="bbox 252 4639 1874 4713">
     <span class='ocr_line' id='line_1_93' title="bbox 252 4639 1874 4713; baseline 0.003 -21"><span class='ocrx_word' id='word_1_644' title='bbox 252 4639 482 4711; x_wconf 88' lang='lat' dir='ltr'>exiguus</span> <span class='ocrx_word' id='word_1_645' title='bbox 537 4640 770 4709; x_wconf 89' lang='lat' dir='ltr'>meritis,</span> <span class='ocrx_word' id='word_1_646' title='bbox 821 4641 964 4695; x_wconf 91' lang='lat' dir='ltr'>sicut</span> <span class='ocrx_word' id='word_1_647' title='bbox 1011 4643 1255 4713; x_wconf 88' lang='lat' dir='ltr'>populus</span> <span class='ocrx_word' id='word_1_648' title='bbox 1309 4642 1623 4710; x_wconf 91' lang='lat' dir='ltr'>nationum,</span> <span class='ocrx_word' id='word_1_649' title='bbox 1679 4643 1874 4697; x_wconf 91' lang='lat' dir='ltr'>audito</span> 
     </span>
    </p>
   </div>
   <div class='ocr_carea' id='block_1_94' title="bbox 250 4733 1872 4808">
    <p class='ocr_par' dir='ltr' id='par_1_94' title="bbox 250 4733 1872 4808">
     <span class='ocr_line' id='line_1_94' title="bbox 250 4733 1872 4808; baseline 0.002 -21"><span class='ocrx_word' id='word_1_650' title='bbox 250 4733 474 4788; x_wconf 90' lang='lat' dir='ltr'>Domini</span> <span class='ocrx_word' id='word_1_651' title='bbox 515 4733 787 4788; x_wconf 89' lang='lat' dir='ltr'>Salutaris</span> <span class='ocrx_word' id='word_1_652' title='bbox 825 4735 1092 4802; x_wconf 89' lang='lat' dir='ltr'>adventu,</span> <span class='ocrx_word' id='word_1_653' title='bbox 1133 4752 1305 4806; x_wconf 90' lang='lat' dir='ltr'>quem</span> <span class='ocrx_word' id='word_1_654' title='bbox 1357 4735 1440 4789; x_wconf 91' lang='lat' dir='ltr'>sui</span> <span class='ocrx_word' id='word_1_655' title='bbox 1487 4753 1595 4790; x_wconf 91' lang='lat' dir='ltr'>non</span> <span class='ocrx_word' id='word_1_656' title='bbox 1643 4753 1872 4808; x_wconf 91' lang='lat' dir='ltr'>recepe-</span> 
     </span>
    </p>
   </div>
   <div class='ocr_carea' id='block_1_95' title="bbox 249 4828 1872 4898">
    <p class='ocr_par' dir='ltr' id='par_1_95' title="bbox 249 4828 1872 4898">
     <span class='ocr_line' id='line_1_95' title="bbox 249 4828 1872 4898; baseline 0.002 -18"><span class='ocrx_word' id='word_1_657' title='bbox 249 4833 390 4894; x_wconf 89' lang='lat' dir='ltr'>rant,</span> <span class='ocrx_word' id='word_1_658' title='bbox 430 4828 619 4882; x_wconf 84' lang='lat' dir='ltr'>videre</span> <span class='ocrx_word' id='word_1_659' title='bbox 663 4828 951 4898; x_wconf 89' lang='lat' dir='ltr'>cupiebat;</span> <span class='ocrx_word' id='word_1_660' title='bbox 992 4828 1090 4882; x_wconf 91' lang='lat' dir='ltr'>sed</span> <span class='ocrx_word' id='word_1_661' title='bbox 1134 4845 1305 4883; x_wconf 90' lang='lat' dir='ltr'>nemo</span> <span class='ocrx_word' id='word_1_662' title='bbox 1350 4829 1512 4883; x_wconf 89' lang='lat' dir='ltr'>facile</span> <span class='ocrx_word' id='word_1_663' title='bbox 1557 4831 1747 4883; x_wconf 89' lang='lat' dir='ltr'>.lesum</span> <span class='ocrx_word' id='word_1_664' title='bbox 1795 4831 1872 4884; x_wconf 76' lang='lat' dir='ltr'>vi~</span> 
     </span>
    </p>
   </div>
   <div class='ocr_carea' id='block_1_96' title="bbox 249 4919 1869 4992">
    <p class='ocr_par' dir='ltr' id='par_1_96' title="bbox 249 4919 1869 4992">
     <span class='ocr_line' id='line_1_96' title="bbox 249 4919 1869 4992; baseline 0.002 -18"><span class='ocrx_word' id='word_1_665' title='bbox 249 4919 360 4989; x_wconf 91' lang='lat' dir='ltr'>det,</span> <span class='ocrx_word' id='word_1_666' title='bbox 394 4937 567 4975; x_wconf 90' lang='lat' dir='ltr'>nemo</span> <span class='ocrx_word' id='word_1_667' title='bbox 595 4924 778 4992; x_wconf 85' lang='lat' dir='ltr'>potest</span> <span class='ocrx_word' id='word_1_668' title='bbox 809 4923 998 4976; x_wconf 75' lang='lat' dir='ltr'>Iesum</span> <span class='ocrx_word' id='word_1_669' title='bbox 1031 4921 1216 4976; x_wconf 86' lang='lat' dir='ltr'>videre</span> <span class='ocrx_word' id='word_1_670' title='bbox 1245 4921 1582 4976; x_wconf 87' lang='lat' dir='ltr'>constitutus</span> <span class='ocrx_word' id='word_1_671' title='bbox 1609 4924 1668 4977; x_wconf 91' lang='lat' dir='ltr'>in</span> <span class='ocrx_word' id='word_1_672' title='bbox 1701 4928 1869 4978; x_wconf 90' lang='lat' dir='ltr'>terra.</span> 
     </span>
    </p>
   </div>
   <div class='ocr_carea' id='block_1_97' title="bbox 251 5014 1873 5086">
    <p class='ocr_par' dir='ltr' id='par_1_97' title="bbox 251 5014 1873 5086">
     <span class='ocr_line' id='line_1_97' title="bbox 251 5014 1873 5086; baseline 0.002 -19"><span class='ocrx_word' id='word_1_673' title='bbox 251 5014 310 5067; x_wconf 83' lang='lat' dir='ltr'>Et</span> <span class='ocrx_word' id='word_1_674' title='bbox 346 5015 484 5086; x_wconf 86' lang='lat' dir='ltr'>quia</span> <span class='ocrx_word' id='word_1_675' title='bbox 523 5031 636 5068; x_wconf 92' lang='lat' dir='ltr'>non</span> <span class='ocrx_word' id='word_1_676' title='bbox 679 5015 1007 5086; x_wconf 89' lang='lat' dir='ltr'>prophetas,</span> <span class='ocrx_word' id='word_1_677' title='bbox 1041 5032 1153 5069; x_wconf 89' lang='lat' dir='ltr'>non</span> <span class='ocrx_word' id='word_1_678' title='bbox 1195 5032 1436 5085; x_wconf 91' lang='lat' dir='ltr'>regnum</span> <span class='ocrx_word' id='word_1_679' title='bbox 1467 5015 1712 5070; x_wconf 88' lang='lat' dir='ltr'>habebat</span> <span class='ocrx_word' id='word_1_680' title='bbox 1740 5016 1873 5086; x_wconf 78' lang='lat'>(95),</span> 
     </span>
    </p>
   </div>
   <div class='ocr_carea' id='block_1_98' title="bbox 247 5153 1876 5219">
    <p class='ocr_par' dir='ltr' id='par_1_98' title="bbox 247 5153 1876 5219">
     <span class='ocr_line' id='line_1_98' title="bbox 247 5153 1876 5219; baseline 0.001 -14"><span class='ocrx_word' id='word_1_681' title='bbox 247 5158 427 5219; x_wconf 83' lang='lat' dir='ltr'>Atque</span> <span class='ocrx_word' id='word_1_682' title='bbox 457 5153 610 5205; x_wconf 89' lang='lat' dir='ltr'>haud</span> <span class='ocrx_word' id='word_1_683' title='bbox 637 5157 847 5205; x_wconf 87' lang='lat' dir='ltr'>scimus</span> <span class='ocrx_word' id='word_1_684' title='bbox 877 5170 947 5205; x_wconf 91' lang='lat' dir='ltr'>an</span> <span class='ocrx_word' id='word_1_685' title='bbox 981 5169 1092 5206; x_wconf 92' lang='lat' dir='ltr'>non</span> <span class='ocrx_word' id='word_1_686' title='bbox 1132 5155 1224 5205; x_wconf 87' lang='lat' dir='ltr'>illa</span> <span class='ocrx_word' id='word_1_687' title='bbox 1257 5168 1385 5204; x_wconf 87' lang='lat' dir='ltr'>vera</span> <span class='ocrx_word' id='word_1_688' title='bbox 1425 5156 1497 5204; x_wconf 88' lang='lat' dir='ltr'>sit</span> <span class='ocrx_word' id='word_1_689' title='bbox 1535 5156 1719 5206; x_wconf 90' lang='lat' dir='ltr'>lectio.</span> <span class='ocrx_word' id='word_1_690' title='bbox 1758 5156 1876 5206; x_wconf 89' lang='lat' dir='ltr'>Non</span> 
     </span>
    </p>
   </div>
   <div class='ocr_carea' id='block_1_99' title="bbox 246 5225 1593 5287">
    <p class='ocr_par' dir='ltr' id='par_1_99' title="bbox 246 5225 1593 5287">
     <span class='ocr_line' id='line_1_99' title="bbox 246 5225 1593 5287; baseline 0.001 -13"><span class='ocrx_word' id='word_1_691' title='bbox 246 5226 385 5274; x_wconf 88' lang='lat' dir='ltr'>male</span> <span class='ocrx_word' id='word_1_692' title='bbox 412 5229 597 5274; x_wconf 88' lang='lat' dir='ltr'>tamen</span> <span class='ocrx_word' id='word_1_693' title='bbox 629 5225 721 5275; x_wconf 88' lang='lat' dir='ltr'>alii</span> <span class='ocrx_word' id='word_1_694' title='bbox 752 5231 806 5278; x_wconf 91' lang='lat' dir='ltr'>et</span> <span class='ocrx_word' id='word_1_695' title='bbox 836 5227 966 5277; x_wconf 91' lang='lat' dir='ltr'>edit.</span> <span class='ocrx_word' id='word_1_696' title='bbox 1000 5240 1212 5287; x_wconf 89' lang='lat' dir='ltr'>omnes,</span> <span class='ocrx_word' id='word_1_697' title='bbox 1240 5231 1299 5276; x_wconf 87' lang='lat' dir='ltr'>ut</span> <span class='ocrx_word' id='word_1_698' title='bbox 1331 5227 1386 5275; x_wconf 90' lang='lat' dir='ltr'>in</span> <span class='ocrx_word' id='word_1_699' title='bbox 1419 5231 1593 5277; x_wconf 86' lang='lat' dir='ltr'>textu.</span> 
     </span>
    </p>
   </div>
   <div class='ocr_carea' id='block_1_100' title="bbox 309 5296 1878 5361">
    <p class='ocr_par' dir='ltr' id='par_1_100' title="bbox 309 5296 1878 5361">
     <span class='ocr_line' id='line_1_100' title="bbox 309 5296 1878 5361; baseline 0.002 -16"><span class='ocrx_word' id='word_1_700' title='bbox 309 5296 405 5357; x_wconf 71' lang='lat'>(92)</span> <span class='ocrx_word' id='word_1_701' title='bbox 434 5296 512 5345; x_wconf 87' lang='lat' dir='ltr'>Ita</span> <span class='ocrx_word' id='word_1_702' title='bbox 555 5310 685 5345; x_wconf 89' lang='lat' dir='ltr'>mss.</span> <span class='ocrx_word' id='word_1_703' title='bbox 731 5298 916 5360; x_wconf 90' lang='lat' dir='ltr'>plures</span> <span class='ocrx_word' id='word_1_704' title='bbox 962 5299 1330 5361; x_wconf 87' lang='lat' dir='ltr'>potioresque.</span> <span class='ocrx_word' id='word_1_705' title='bbox 1365 5297 1474 5348; x_wconf 83' lang='lat' dir='ltr'>Alii</span> <span class='ocrx_word' id='word_1_706' title='bbox 1517 5303 1568 5348; x_wconf 91' lang='lat' dir='ltr'>et</span> <span class='ocrx_word' id='word_1_707' title='bbox 1615 5298 1744 5348; x_wconf 91' lang='lat' dir='ltr'>edit.</span> <span class='ocrx_word' id='word_1_708' title='bbox 1786 5313 1878 5348; x_wconf 88' lang='lat' dir='ltr'>vo-</span> 
     </span>
    </p>
   </div>
   <div class='ocr_carea' id='block_1_101' title="bbox 247 5367 1876 5432">
    <p class='ocr_par' dir='ltr' id='par_1_101' title="bbox 247 5367 1876 5432">
     <span class='ocr_line' id='line_1_101' title="bbox 247 5367 1876 5432; baseline 0.002 -17"><span class='ocrx_word' id='word_1_709' title='bbox 247 5380 360 5416; x_wconf 88' lang='lat' dir='ltr'>cem</span> <span class='ocrx_word' id='word_1_710' title='bbox 391 5367 609 5416; x_wconf 80' lang='lat' dir='ltr'>Judams</span> <span class='ocrx_word' id='word_1_711' title='bbox 641 5381 751 5417; x_wconf 89' lang='lat' dir='ltr'>non</span> <span class='ocrx_word' id='word_1_712' title='bbox 782 5374 1107 5432; x_wconf 88' lang='lat' dir='ltr'>agnoscunt,</span> <span class='ocrx_word' id='word_1_713' title='bbox 1135 5372 1297 5432; x_wconf 88' lang='lat' dir='ltr'>cujus</span> <span class='ocrx_word' id='word_1_714' title='bbox 1325 5368 1448 5420; x_wconf 88' lang='lat' dir='ltr'>loco</span> <span class='ocrx_word' id='word_1_715' title='bbox 1480 5370 1532 5417; x_wconf 92' lang='lat' dir='ltr'>in</span> <span class='ocrx_word' id='word_1_716' title='bbox 1565 5369 1721 5419; x_wconf 87' lang='lat' dir='ltr'>Rom.</span> <span class='ocrx_word' id='word_1_717' title='bbox 1749 5370 1876 5419; x_wconf 88' lang='lat' dir='ltr'>sub-</span> 
     </span>
    </p>
   </div>
   <div class='ocr_carea' id='block_1_102' title="bbox 246 5438 1392 5504">
    <p class='ocr_par' dir='ltr' id='par_1_102' title="bbox 246 5438 1392 5504">
     <span class='ocr_line' id='line_1_102' title="bbox 246 5438 1392 5504; baseline 0.002 -19"><span class='ocrx_word' id='word_1_718' title='bbox 246 5439 489 5488; x_wconf 90' lang='lat' dir='ltr'>stituitur</span> <span class='ocrx_word' id='word_1_719' title='bbox 510 5438 676 5502; x_wconf 80' lang='lat' dir='ltr'>ﬁlius,</span> <span class='ocrx_word' id='word_1_720' title='bbox 701 5445 828 5490; x_wconf 89' lang='lat' dir='ltr'>ante</span> <span class='ocrx_word' id='word_1_721' title='bbox 860 5453 1022 5490; x_wconf 89' lang='lat' dir='ltr'>voces</span> <span class='ocrx_word' id='word_1_722' title='bbox 1053 5441 1182 5504; x_wconf 85' lang='lat' dir='ltr'>quia</span> <span class='ocrx_word' id='word_1_723' title='bbox 1217 5441 1392 5502; x_wconf 84' lang='lat' dir='ltr'>legem.</span> 
     </span>
    </p>
   </div>
   <div class='ocr_carea' id='block_1_103' title="bbox 310 5509 1877 5575">
    <p class='ocr_par' dir='ltr' id='par_1_103' title="bbox 310 5509 1877 5575">
     <span class='ocr_line' id='line_1_103' title="bbox 310 5509 1877 5575; baseline 0.001 -16"><span class='ocrx_word' id='word_1_724' title='bbox 310 5509 404 5570; x_wconf 75' lang='lat'>(93)</span> <span class='ocrx_word' id='word_1_725' title='bbox 461 5510 707 5560; x_wconf 82' lang='lat' dir='ltr'>Advorte</span> <span class='ocrx_word' id='word_1_726' title='bbox 758 5523 1111 5575; x_wconf 88' lang='lat' dir='ltr'>nequaquam</span> <span class='ocrx_word' id='word_1_727' title='bbox 1166 5524 1288 5561; x_wconf 91' lang='lat' dir='ltr'>esse</span> <span class='ocrx_word' id='word_1_728' title='bbox 1343 5511 1773 5574; x_wconf 88' lang='lat' dir='ltr'>vituperandum</span> <span class='ocrx_word' id='word_1_729' title='bbox 1832 5513 1877 5561; x_wconf 91' lang='lat' dir='ltr'>si</span> 
     </span>
    </p>
   </div>
   <div class='ocr_carea' id='block_1_104' title="bbox 250 5579 1880 5644">
    <p class='ocr_par' dir='ltr' id='par_1_104' title="bbox 250 5579 1880 5644">
     <span class='ocr_line' id='line_1_104' title="bbox 250 5579 1880 5644; baseline 0.004 -17"><span class='ocrx_word' id='word_1_730' title='bbox 250 5579 549 5643; x_wconf 78' lang='lat' dir='ltr'>presbyteri</span> <span class='ocrx_word' id='word_1_731' title='bbox 595 5593 722 5644; x_wconf 70' lang='lat' dir='ltr'>quas</span> <span class='ocrx_word' id='word_1_732' title='bbox 765 5581 1071 5644; x_wconf 84' lang='lat' dir='ltr'>spiritualia</span> <span class='ocrx_word' id='word_1_733' title='bbox 1119 5585 1174 5631; x_wconf 89' lang='lat' dir='ltr'>et</span> <span class='ocrx_word' id='word_1_734' title='bbox 1217 5581 1305 5630; x_wconf 88' lang='lat' dir='ltr'>sui</span> <span class='ocrx_word' id='word_1_735' title='bbox 1343 5581 1511 5632; x_wconf 82' lang='lat' dir='ltr'>ofﬁcii</span> <span class='ocrx_word' id='word_1_736' title='bbox 1554 5587 1685 5632; x_wconf 88' lang='lat' dir='ltr'>sunt</span> <span class='ocrx_word' id='word_1_737' title='bbox 1724 5583 1880 5634; x_wconf 85' lang='lat' dir='ltr'>laicis</span> 
     </span>
    </p>
   </div>
   <div class='ocr_carea' id='block_1_105' title="bbox 252 5649 1878 5717">
    <p class='ocr_par' dir='ltr' id='par_1_105' title="bbox 252 5649 1878 5717">
     <span class='ocr_line' id='line_1_105' title="bbox 252 5649 1878 5717; baseline 0.005 -21"><span class='ocrx_word' id='word_1_738' title='bbox 252 5649 646 5713; x_wconf 86' lang='lat' dir='ltr'>impendentes,</span> <span class='ocrx_word' id='word_1_739' title='bbox 675 5651 746 5700; x_wconf 90' lang='lat' dir='ltr'>ab</span> <span class='ocrx_word' id='word_1_740' title='bbox 783 5653 993 5702; x_wconf 90' lang='lat' dir='ltr'>eisdem</span> <span class='ocrx_word' id='word_1_741' title='bbox 1025 5653 1271 5703; x_wconf 87' lang='lat' dir='ltr'>vicissim</span> <span class='ocrx_word' id='word_1_742' title='bbox 1310 5653 1722 5717; x_wconf 83' lang='lat' dir='ltr'>eleemosynam</span> <span class='ocrx_word' id='word_1_743' title='bbox 1763 5658 1878 5704; x_wconf 89' lang='lat' dir='ltr'>ter-</span> 
     </span>
    </p>
   </div>
   <div class='ocr_carea' id='block_1_106' title="bbox 255 5722 1878 5786">
    <p class='ocr_par' dir='ltr' id='par_1_106' title="bbox 255 5722 1878 5786">
     <span class='ocr_line' id='line_1_106' title="bbox 255 5722 1878 5786; baseline 0.004 -18"><span class='ocrx_word' id='word_1_744' title='bbox 255 5734 432 5771; x_wconf 87' lang='lat' dir='ltr'>renam</span> <span class='ocrx_word' id='word_1_745' title='bbox 464 5723 774 5785; x_wconf 87' lang='lat' dir='ltr'>accipiant;</span> <span class='ocrx_word' id='word_1_746' title='bbox 807 5723 1110 5774; x_wconf 89' lang='lat' dir='ltr'>dummodo</span> <span class='ocrx_word' id='word_1_747' title='bbox 1138 5725 1271 5774; x_wconf 90' lang='lat' dir='ltr'>hinc</span> <span class='ocrx_word' id='word_1_748' title='bbox 1301 5724 1446 5773; x_wconf 89' lang='lat' dir='ltr'>absit</span> <span class='ocrx_word' id='word_1_749' title='bbox 1484 5722 1741 5786; x_wconf 87' lang='lat' dir='ltr'>pudenda</span> <span class='ocrx_word' id='word_1_750' title='bbox 1779 5738 1878 5774; x_wconf 90' lang='lat' dir='ltr'>cu-</span> 
     </span>
    </p>
   </div>
   <div class='ocr_carea' id='block_1_107' title="bbox 257 5791 1672 5856">
    <p class='ocr_par' dir='ltr' id='par_1_107' title="bbox 257 5791 1672 5856">
     <span class='ocr_line' id='line_1_107' title="bbox 257 5791 1672 5856; baseline 0.002 -18"><span class='ocrx_word' id='word_1_751' title='bbox 257 5791 463 5850; x_wconf 85' lang='lat' dir='ltr'>piditas,</span> <span class='ocrx_word' id='word_1_752' title='bbox 495 5807 562 5842; x_wconf 90' lang='lat' dir='ltr'>ac</span> <span class='ocrx_word' id='word_1_753' title='bbox 597 5793 770 5856; x_wconf 86' lang='lat' dir='ltr'>turpis</span> <span class='ocrx_word' id='word_1_754' title='bbox 799 5807 982 5844; x_wconf 87' lang='lat' dir='ltr'>rerum</span> <span class='ocrx_word' id='word_1_755' title='bbox 1014 5807 1296 5845; x_wconf 87' lang='lat' dir='ltr'>sacrarum</span> <span class='ocrx_word' id='word_1_756' title='bbox 1324 5793 1672 5844; x_wconf 89' lang='lat' dir='ltr'>nundinatio.</span> 
     </span>
    </p>
   </div>
   <div class='ocr_carea' id='block_1_108' title="bbox 313 5862 1878 5928">
    <p class='ocr_par' dir='ltr' id='par_1_108' title="bbox 313 5862 1878 5928">
     <span class='ocr_line' id='line_1_108' title="bbox 313 5862 1878 5928; baseline 0.001 -17"><span class='ocrx_word' id='word_1_757' title='bbox 313 5864 401 5922; x_wconf 75' lang='grc'>(94)</span> <span class='ocrx_word' id='word_1_758' title='bbox 429 5863 670 5925; x_wconf 87' lang='lat' dir='ltr'>Quidam</span> <span class='ocrx_word' id='word_1_759' title='bbox 703 5878 854 5927; x_wconf 88' lang='lat' dir='ltr'>mss.,</span> <span class='ocrx_word' id='word_1_760' title='bbox 885 5864 1177 5915; x_wconf 73' lang='lat' dir='ltr'>nobilitatis</span> <span class='ocrx_word' id='word_1_761' title='bbox 1203 5866 1405 5928; x_wconf 85' lang='lat' dir='ltr'>vigente</span> <span class='ocrx_word' id='word_1_762' title='bbox 1426 5865 1687 5927; x_wconf 80' lang='lat' dir='ltr'>dignitate</span> <span class='ocrx_word' id='word_1_763' title='bbox 1716 5862 1878 5914; x_wconf 84' lang='lat' dir='ltr'>subli-</span> 
     </span>
    </p>
   </div>
   <div class='ocr_carea' id='block_1_109' title="bbox 1976 4633 3603 4714">
    <p class='ocr_par' dir='ltr' id='par_1_109' title="bbox 1976 4633 3603 4714">
     <span class='ocr_line' id='line_1_109' title="bbox 1976 4633 3603 4714; baseline -0.009 -17"><span class='ocrx_word' id='word_1_764' title='bbox 1976 4659 2104 4714; x_wconf 70' lang='lat' dir='ltr'>quaa</span> <span class='ocrx_word' id='word_1_765' title='bbox 2139 4641 2340 4696; x_wconf 89' lang='lat' dir='ltr'>fraude</span> <span class='ocrx_word' id='word_1_766' title='bbox 2378 4638 2680 4694; x_wconf 88' lang='lat' dir='ltr'>sustulerat</span> <span class='ocrx_word' id='word_1_767' title='bbox 2715 4635 2980 4705; x_wconf 83' lang='lat' dir='ltr'>(alterum</span> <span class='ocrx_word' id='word_1_768' title='bbox 3021 4633 3175 4688; x_wconf 90' lang='lat' dir='ltr'>enim</span> <span class='ocrx_word' id='word_1_769' title='bbox 3214 4647 3331 4686; x_wconf 91' lang='lat' dir='ltr'>non</span> <span class='ocrx_word' id='word_1_770' title='bbox 3374 4637 3460 4685; x_wconf 89' lang='lat' dir='ltr'>sat</span> <span class='ocrx_word' id='word_1_771' title='bbox 3492 4635 3603 4693; x_wconf 89' lang='lat' dir='ltr'>est;</span> 
     </span>
    </p>
   </div>
   <div class='ocr_carea' id='block_1_110' title="bbox 1977 4727 3601 4804">
    <p class='ocr_par' dir='ltr' id='par_1_110' title="bbox 1977 4727 3601 4804">
     <span class='ocr_line' id='line_1_110' title="bbox 1977 4727 3601 4804; baseline -0.009 -14"><span class='ocrx_word' id='word_1_772' title='bbox 1977 4753 2080 4790; x_wconf 90' lang='lat' dir='ltr'>nec</span> <span class='ocrx_word' id='word_1_773' title='bbox 2107 4735 2270 4788; x_wconf 87' lang='lat' dir='ltr'>habet</span> <span class='ocrx_word' id='word_1_774' title='bbox 2306 4733 2548 4804; x_wconf 89' lang='lat' dir='ltr'>gratiam</span> <span class='ocrx_word' id='word_1_775' title='bbox 2579 4729 2912 4794; x_wconf 90' lang='lat' dir='ltr'>liberalitas,</span> <span class='ocrx_word' id='word_1_776' title='bbox 2943 4728 2986 4782; x_wconf 91' lang='lat' dir='ltr'>si</span> <span class='ocrx_word' id='word_1_777' title='bbox 3020 4727 3228 4798; x_wconf 86' lang='lat' dir='ltr'>injuria</span> <span class='ocrx_word' id='word_1_778' title='bbox 3254 4728 3601 4796; x_wconf 87' lang='lat' dir='ltr'>perseverat;</span> 
     </span>
    </p>
   </div>
   <div class='ocr_carea' id='block_1_111' title="bbox 1979 4817 3602 4901">
    <p class='ocr_par' dir='ltr' id='par_1_111' title="bbox 1979 4817 3602 4901">
     <span class='ocr_line' id='line_1_111' title="bbox 1979 4817 3602 4901; baseline -0.009 -18"><span class='ocrx_word' id='word_1_779' title='bbox 1979 4830 2113 4901; x_wconf 90' lang='lat' dir='ltr'>quia</span> <span class='ocrx_word' id='word_1_780' title='bbox 2143 4845 2256 4882; x_wconf 91' lang='lat' dir='ltr'>non</span> <span class='ocrx_word' id='word_1_781' title='bbox 2301 4826 2500 4898; x_wconf 89' lang='lat' dir='ltr'>spolia,</span> <span class='ocrx_word' id='word_1_782' title='bbox 2533 4825 2630 4879; x_wconf 90' lang='lat' dir='ltr'>sed</span> <span class='ocrx_word' id='word_1_783' title='bbox 2677 4825 2822 4879; x_wconf 87' lang='lat' dir='ltr'>dona</span> <span class='ocrx_word' id='word_1_784' title='bbox 2867 4825 3243 4894; x_wconf 65' lang='lat' dir='ltr'>quaeruntur),</span> <span class='ocrx_word' id='word_1_785' title='bbox 3274 4817 3602 4872; x_wconf 89' lang='lat' dir='ltr'>uberiorem</span> 
     </span>
    </p>
   </div>
   <div class='ocr_carea' id='block_1_112' title="bbox 1979 4914 3178 4991">
    <p class='ocr_par' dir='ltr' id='par_1_112' title="bbox 1979 4914 3178 4991">
     <span class='ocr_line' id='line_1_112' title="bbox 1979 4914 3178 4991; baseline -0.008 -14"><span class='ocrx_word' id='word_1_786' title='bbox 1979 4921 2324 4986; x_wconf 89' lang='lat' dir='ltr'>mercedem,</span> <span class='ocrx_word' id='word_1_787' title='bbox 2355 4936 2532 4991; x_wconf 91' lang='lat' dir='ltr'>quam</span> <span class='ocrx_word' id='word_1_788' title='bbox 2558 4917 2906 4982; x_wconf 89' lang='lat' dir='ltr'>conferebat,</span> <span class='ocrx_word' id='word_1_789' title='bbox 2940 4914 3178 4987; x_wconf 88' lang='lat' dir='ltr'>accepit.</span> 
     </span>
    </p>
   </div>
   <div class='ocr_carea' id='block_1_113' title="bbox 2046 5002 3604 5084">
    <p class='ocr_par' dir='ltr' id='par_1_113' title="bbox 2046 5002 3604 5084">
     <span class='ocr_line' id='line_1_113' title="bbox 2046 5002 3604 5084; baseline -0.01 -15"><span class='ocrx_word' id='word_1_790' title='bbox 2046 5018 2132 5070; x_wconf 88' lang='lat'>86.</span> <span class='ocrx_word' id='word_1_791' title='bbox 2168 5015 2345 5084; x_wconf 90' lang='lat' dir='ltr'>(Vers.</span> <span class='ocrx_word' id='word_1_792' title='bbox 2384 5014 2466 5082; x_wconf 78' lang='lat'>&#39;2.)</span> <span class='ocrx_word' id='word_1_793' title='bbox 2498 5015 2562 5068; x_wconf 88' lang='lat' dir='ltr'>Et</span> <span class='ocrx_word' id='word_1_794' title='bbox 2601 5013 2746 5066; x_wconf 90' lang='lat' dir='ltr'>bene</span> <span class='ocrx_word' id='word_1_795' title='bbox 2790 5011 3054 5081; x_wconf 89' lang='lat' dir='ltr'>princeps</span> <span class='ocrx_word' id='word_1_796' title='bbox 3094 5006 3381 5061; x_wconf 88' lang='lat' dir='ltr'>inducitur</span> <span class='ocrx_word' id='word_1_797' title='bbox 3418 5002 3604 5072; x_wconf 86' lang='lat' dir='ltr'>publi—</span> 
     </span>
    </p>
   </div>
   <div class='ocr_carea' id='block_1_114' title="bbox 1978 5143 3495 5216">
    <p class='ocr_par' dir='ltr' id='par_1_114' title="bbox 1978 5143 3495 5216">
     <span class='ocr_line' id='line_1_114' title="bbox 1978 5143 3495 5216; baseline -0.009 -12"><span class='ocrx_word' id='word_1_798' title='bbox 1978 5156 2111 5216; x_wconf 87' lang='lat' dir='ltr'>mis;</span> <span class='ocrx_word' id='word_1_799' title='bbox 2140 5155 2232 5204; x_wconf 91' lang='lat' dir='ltr'>alii</span> <span class='ocrx_word' id='word_1_800' title='bbox 2263 5152 2540 5212; x_wconf 90' lang='lat' dir='ltr'>nonnulli,</span> <span class='ocrx_word' id='word_1_801' title='bbox 2572 5150 2866 5202; x_wconf 80' lang='lat' dir='ltr'>nobilitatis</span> <span class='ocrx_word' id='word_1_802' title='bbox 2891 5147 3218 5211; x_wconf 81' lang='lat' dir='ltr'>ingenuitate</span> <span class='ocrx_word' id='word_1_803' title='bbox 3239 5143 3495 5216; x_wconf 76' lang='lat' dir='ltr'>sublimis.</span> 
     </span>
    </p>
   </div>
   <div class='ocr_carea' id='block_1_115' title="bbox 2043 5214 3606 5285">
    <p class='ocr_par' dir='ltr' id='par_1_115' title="bbox 2043 5214 3606 5285">
     <span class='ocr_line' id='line_1_115' title="bbox 2043 5214 3606 5285; baseline -0.01 -9"><span class='ocrx_word' id='word_1_804' title='bbox 2043 5214 2138 5285; x_wconf 78' lang='grc'>(95)</span> <span class='ocrx_word' id='word_1_805' title='bbox 2165 5226 2286 5274; x_wconf 88' lang='lat' dir='ltr'>Vet.</span> <span class='ocrx_word' id='word_1_806' title='bbox 2317 5224 2468 5283; x_wconf 87' lang='lat' dir='ltr'>edit.,</span> <span class='ocrx_word' id='word_1_807' title='bbox 2497 5237 2598 5271; x_wconf 87' lang='lat' dir='ltr'>non</span> <span class='ocrx_word' id='word_1_808' title='bbox 2625 5221 2757 5272; x_wconf 85' lang='lat' dir='ltr'>alibi</span> <span class='ocrx_word' id='word_1_809' title='bbox 2778 5233 2998 5284; x_wconf 85' lang='lat' dir='ltr'>regnum</span> <span class='ocrx_word' id='word_1_810' title='bbox 3023 5217 3258 5266; x_wconf 84' lang='lat' dir='ltr'>habebat.</span> <span class='ocrx_word' id='word_1_811' title='bbox 3283 5214 3401 5264; x_wconf 87' lang='lat' dir='ltr'>Vox</span> <span class='ocrx_word' id='word_1_812' title='bbox 3422 5216 3606 5264; x_wconf 87' lang='lat' dir='ltr'>autem</span> 
     </span>
    </p>
   </div>
   <div class='ocr_carea' id='block_1_116' title="bbox 1979 5285 3610 5345">
    <p class='ocr_par' dir='ltr' id='par_1_116' title="bbox 1979 5285 3610 5345">
     <span class='ocr_line' id='line_1_116' title="bbox 1979 5285 3610 5345; baseline -0.008 0"><span class='ocrx_word' id='word_1_813' title='bbox 1979 5296 2114 5345; x_wconf 82' lang='lat' dir='ltr'>alibi</span> <span class='ocrx_word' id='word_1_814' title='bbox 2138 5297 2410 5345; x_wconf 90' lang='lat' dir='ltr'>omittitur</span> <span class='ocrx_word' id='word_1_815' title='bbox 2436 5295 2492 5342; x_wconf 91' lang='lat' dir='ltr'>in</span> <span class='ocrx_word' id='word_1_816' title='bbox 2521 5307 2652 5342; x_wconf 91' lang='lat' dir='ltr'>mss.</span> <span class='ocrx_word' id='word_1_817' title='bbox 2687 5295 2756 5341; x_wconf 80' lang='lat' dir='ltr'>At</span> <span class='ocrx_word' id='word_1_818' title='bbox 2793 5291 2950 5341; x_wconf 85' lang='lat' dir='ltr'>Rom.</span> <span class='ocrx_word' id='word_1_819' title='bbox 2983 5289 3113 5337; x_wconf 91' lang='lat' dir='ltr'>edit.</span> <span class='ocrx_word' id='word_1_820' title='bbox 3145 5285 3478 5343; x_wconf 89' lang='lat' dir='ltr'>emendavit,</span> <span class='ocrx_word' id='word_1_821' title='bbox 3503 5296 3610 5333; x_wconf 83' lang='lat' dir='ltr'>non</span> 
     </span>
    </p>
   </div>
   <div class='ocr_carea' id='block_1_117' title="bbox 1983 5363 3515 5435">
    <p class='ocr_par' dir='ltr' id='par_1_117' title="bbox 1983 5363 3515 5435">
     <span class='ocr_line' id='line_1_117' title="bbox 1983 5363 3515 5435; baseline -0.001 -20"><span class='ocrx_word' id='word_1_822' title='bbox 1983 5367 2139 5431; x_wconf 84' lang='lat' dir='ltr'>legem</span> <span class='ocrx_word' id='word_1_823' title='bbox 2165 5365 2404 5415; x_wconf 87' lang='lat' dir='ltr'>habebat.</span> <span class='ocrx_word' id='word_1_824' title='bbox 2433 5364 2597 5414; x_wconf 86' lang='lat' dir='ltr'>Haud</span> <span class='ocrx_word' id='word_1_825' title='bbox 2625 5363 2832 5413; x_wconf 84' lang='lat' dir='ltr'>infelici</span> <span class='ocrx_word' id='word_1_826' title='bbox 2857 5363 3076 5411; x_wconf 88' lang='lat' dir='ltr'>conatu.</span> <span class='ocrx_word' id='word_1_827' title='bbox 3113 5431 3122 5435; x_wconf 24' lang='grc' dir='ltr'><strong>Α</strong></span> <span class='ocrx_word' id='word_1_828' title='bbox 3415 5427 3423 5435; x_wconf 36' lang='lat'><em>.</em></span> <span class='ocrx_word' id='word_1_829' title='bbox 3509 5428 3515 5434; x_wconf 88' lang='lat'>_</span> 
     </span>
    </p>
   </div>
   <div class='ocr_carea' id='block_1_118' title="bbox 2047 5430 3606 5506">
    <p class='ocr_par' dir='ltr' id='par_1_118' title="bbox 2047 5430 3606 5506">
     <span class='ocr_line' id='line_1_118' title="bbox 2047 5430 3606 5506; baseline -0.01 -17"><span class='ocrx_word' id='word_1_830' title='bbox 2047 5440 2141 5502; x_wconf 82' lang='lat'>(96)</span> <span class='ocrx_word' id='word_1_831' title='bbox 2171 5438 2377 5489; x_wconf 91' lang='lat' dir='ltr'>Omnes</span> <span class='ocrx_word' id='word_1_832' title='bbox 2407 5437 2538 5486; x_wconf 86' lang='lat' dir='ltr'>edit.</span> <span class='ocrx_word' id='word_1_833' title='bbox 2569 5448 2633 5484; x_wconf 88' lang='lat' dir='ltr'>ac</span> <span class='ocrx_word' id='word_1_834' title='bbox 2660 5447 2772 5482; x_wconf 89' lang='lat' dir='ltr'>mss</span> <span class='ocrx_word' id='word_1_835' title='bbox 2821 5445 2934 5481; x_wconf 90' lang='lat' dir='ltr'>non</span> <span class='ocrx_word' id='word_1_836' title='bbox 2962 5431 3146 5493; x_wconf 87' lang='lat' dir='ltr'>pauci,</span> <span class='ocrx_word' id='word_1_837' title='bbox 3175 5441 3229 5479; x_wconf 78' lang='lat' dir='ltr'>se</span> <span class='ocrx_word' id='word_1_838' title='bbox 3251 5439 3374 5506; x_wconf 68' lang='lat' dir='ltr'>non</span> <span class='ocrx_word' id='word_1_839' title='bbox 3407 5430 3606 5506; x_wconf 72' lang='lat' dir='ltr'>invita—</span> 
     </span>
    </p>
   </div>
   <div class='ocr_carea' id='block_1_119' title="bbox 1981 5500 3604 5576">
    <p class='ocr_par' dir='ltr' id='par_1_119' title="bbox 1981 5500 3604 5576">
     <span class='ocr_line' id='line_1_119' title="bbox 1981 5500 3604 5576; baseline -0.01 -17"><span class='ocrx_word' id='word_1_840' title='bbox 1981 5500 2094 5570; x_wconf 84' lang='lat' dir='ltr'>tus;</span> <span class='ocrx_word' id='word_1_841' title='bbox 2129 5500 2250 5568; x_wconf 85' lang='lat' dir='ltr'>alii,</span> <span class='ocrx_word' id='word_1_842' title='bbox 2294 5508 2391 5573; x_wconf 87' lang='lat' dir='ltr'>qui</span> <span class='ocrx_word' id='word_1_843' title='bbox 2431 5511 2486 5555; x_wconf 89' lang='lat' dir='ltr'>et</span> <span class='ocrx_word' id='word_1_844' title='bbox 2525 5505 2771 5555; x_wconf 91' lang='lat' dir='ltr'>melioris</span> <span class='ocrx_word' id='word_1_845' title='bbox 2799 5505 2966 5576; x_wconf 57' lang='lat' dir='ltr'>notas,</span> <span class='ocrx_word' id='word_1_846' title='bbox 3003 5513 3198 5576; x_wconf 74' lang='lat' dir='ltr'>senon</span> <span class='ocrx_word' id='word_1_847' title='bbox 3241 5500 3604 5576; x_wconf 55' lang='lat' dir='ltr'>incitaturum:</span> 
     </span>
    </p>
   </div>
   <div class='ocr_carea' id='block_1_120' title="bbox 1980 5566 3608 5636">
    <p class='ocr_par' dir='ltr' id='par_1_120' title="bbox 1980 5566 3608 5636">
     <span class='ocr_line' id='line_1_120' title="bbox 1980 5566 3608 5636; baseline -0.01 -5"><span class='ocrx_word' id='word_1_848' title='bbox 1980 5566 2192 5632; x_wconf 82' lang='lat' dir='ltr'>Rursus</span> <span class='ocrx_word' id='word_1_849' title='bbox 2217 5566 2428 5630; x_wconf 69' lang='lat' dir='ltr'>eaedem</span> <span class='ocrx_word' id='word_1_850' title='bbox 2460 5578 2588 5627; x_wconf 89' lang='lat' dir='ltr'>edit.</span> <span class='ocrx_word' id='word_1_851' title='bbox 2622 5580 2677 5625; x_wconf 88' lang='lat' dir='ltr'>et</span> <span class='ocrx_word' id='word_1_852' title='bbox 2707 5587 2836 5623; x_wconf 88' lang='lat' dir='ltr'>mss.</span> <span class='ocrx_word' id='word_1_853' title='bbox 2865 5572 3098 5636; x_wconf 89' lang='lat' dir='ltr'>aliquot,</span> <span class='ocrx_word' id='word_1_854' title='bbox 3136 5569 3348 5631; x_wconf 85' lang='lat' dir='ltr'>hospitii</span> <span class='ocrx_word' id='word_1_855' title='bbox 3371 5567 3489 5627; x_wconf 84' lang='lat' dir='ltr'>sui;</span> <span class='ocrx_word' id='word_1_856' title='bbox 3517 5566 3608 5615; x_wconf 87' lang='lat' dir='ltr'>alii</span> 
     </span>
    </p>
   </div>
   <div class='ocr_carea' id='block_1_121' title="bbox 1981 5637 3605 5715">
    <p class='ocr_par' dir='ltr' id='par_1_121' title="bbox 1981 5637 3605 5715">
     <span class='ocr_line' id='line_1_121' title="bbox 1981 5637 3605 5715; baseline -0.008 -14"><span class='ocrx_word' id='word_1_857' title='bbox 1981 5653 2186 5715; x_wconf 88' lang='lat' dir='ltr'>plures,</span> <span class='ocrx_word' id='word_1_858' title='bbox 2227 5649 2452 5712; x_wconf 83' lang='lat' dir='ltr'>hospitis</span> <span class='ocrx_word' id='word_1_859' title='bbox 2501 5649 2602 5697; x_wconf 87' lang='lat' dir='ltr'>sui.</span> <span class='ocrx_word' id='word_1_860' title='bbox 2651 5646 2906 5708; x_wconf 88' lang='lat' dir='ltr'>Denique</span> <span class='ocrx_word' id='word_1_861' title='bbox 2950 5643 3046 5715; x_wconf 80' lang='lat' dir='ltr'>ubi</span> <span class='ocrx_word' id='word_1_862' title='bbox 3088 5643 3407 5715; x_wconf 65' lang='lat' dir='ltr'>memoratae</span> <span class='ocrx_word' id='word_1_863' title='bbox 3454 5637 3605 5688; x_wconf 86' lang='lat' dir='ltr'>edit..</span> 
     </span>
    </p>
   </div>
   <div class='ocr_carea' id='block_1_122' title="bbox 1970 5711 3608 5786">
    <p class='ocr_par' dir='ltr' id='par_1_122' title="bbox 1970 5711 3608 5786">
     <span class='ocr_line' id='line_1_122' title="bbox 1970 5711 3608 5786; baseline -0.01 -14"><span class='ocrx_word' id='word_1_864' title='bbox 1970 5711 2092 5786; x_wconf 62' lang='lat' dir='ltr'>jam</span> <span class='ocrx_word' id='word_1_865' title='bbox 2116 5711 2608 5782; x_wconf 64' lang='lat' dir='ltr'>viduata/fectum,</span> <span class='ocrx_word' id='word_1_866' title='bbox 2638 5729 2767 5766; x_wconf 88' lang='lat' dir='ltr'>mss.</span> <span class='ocrx_word' id='word_1_867' title='bbox 2797 5719 2990 5766; x_wconf 88' lang='lat' dir='ltr'>contra</span> <span class='ocrx_word' id='word_1_868' title='bbox 3019 5714 3132 5763; x_wconf 88' lang='lat' dir='ltr'>fere</span> <span class='ocrx_word' id='word_1_869' title='bbox 3161 5711 3230 5761; x_wconf 87' lang='lat' dir='ltr'>ad</span> <span class='ocrx_word' id='word_1_870' title='bbox 3260 5723 3434 5760; x_wconf 88' lang='lat' dir='ltr'>unum</span> <span class='ocrx_word' id='word_1_871' title='bbox 3468 5721 3608 5772; x_wconf 76' lang='lat' dir='ltr'>pras—</span> 
     </span>
    </p>
   </div>
   <div class='ocr_carea' id='block_1_123' title="bbox 1981 5787 2788 5852">
    <p class='ocr_par' dir='ltr' id='par_1_123' title="bbox 1981 5787 2788 5852">
     <span class='ocr_line' id='line_1_123' title="bbox 1981 5787 2788 5852; baseline -0.011 -9"><span class='ocrx_word' id='word_1_872' title='bbox 1981 5795 2184 5852; x_wconf 86' lang='lat' dir='ltr'>t‘erunt,</span> <span class='ocrx_word' id='word_1_873' title='bbox 2213 5791 2499 5842; x_wconf 84' lang='lat' dir='ltr'>audierant</span> <span class='ocrx_word' id='word_1_874' title='bbox 2530 5787 2788 5850; x_wconf 75' lang='lat' dir='ltr'>a/feclum.</span> 
     </span>
    </p>
   </div>
  </div>
