3936 6158
483 272 618 326 1883

1928 271 1982 324 S.
2027 271 2337 328 AMBROSII

3658 281 3756 336 l88i

480 407 772 447 canorum.
806 392 942 456 Quis
966 393 1119 448 enim
1149 393 1219 449 de
1251 409 1312 448 se
1346 394 1628 465 desperet,
1662 393 1891 466 quando
1922 399 1978 448 et
2002 394 2105 448 iste
2130 408 2186 479 Α
2281 397 2367 449 91.
2400 395 2586 450 Bonus
2627 395 2784 462 ordo,
2824 401 2890 450 ut
2925 399 3226 449 vocaturus
3267 397 3482 465 gentes,
3510 400 3560 450 et
3589 397 3763 457 ludaos

478 485 736 557 pervenit
766 486 877 557 (97)
909 485 999 540 cui
1031 502 1230 542 census
1264 503 1332 543 ex
1372 487 1610 542 fraude?
1637 489 1704 542 Et
1733 491 1864 556 ipse,
1897 487 2104 558 inquit,

480 579 646 635 dives.
676 580 748 634 Ut
773 579 917 635 scias
943 597 1058 636 non
1084 597 1288 636 omnes
1321 581 1523 636 divites
1548 598 1763 636 avaros.

552 675 641 729 87.
679 673 852 743 (Vers.
881 674 956 744 3.)
987 673 1134 739 Quid
1171 674 1279 729 sibi
1307 675 1425 729 vult
1453 675 1602 746 quod
1637 674 1848 729 nullius
1875 675 2109 728 alterius

481 769 757 822 staturam
797 767 1087 838 Scriptura
1121 768 1232 823 nisi
1273 769 1442 840 hujus
1484 768 1772 839 expressit,
1815 770 1954 836 Quia
1992 774 2105 822 sta-

480 867 610 918 tura
642 863 878 932 pusillus
913 865 1071 916 erat?
1113 862 1247 917 Vide
1291 878 1362 918 ne
1404 862 1551 917 forte
1592 861 1809 917 malitia
1850 861 2105 933 pusillus,

481 961 580 1011 aut
621 954 808 1010 adhuc
850 956 1086 1026 pusillus
1129 955 1267 1024 ﬁde;
1317 955 1574 1011 nondum
1623 956 1776 1010 enim
1824 956 2104 1028 promise-

481 1053 573 1104 rat
615 1048 744 1120 (98),
787 1066 917 1104 cum
963 1049 1314 1116 ascenderet,
1359 1050 1620 1104 nondum
1672 1049 1888 1105 viderat
1928 1049 2110 1106 Chris-

480 1148 639 1209 tum,
703 1143 905 1198 merito
971 1143 1158 1198 adhuc
1225 1143 1480 1215 pusillus.
1549 1142 1807 1215 Denique
1869 1145 2111 1199 Joannes

483 1235 749 1308 magnus,
783 1237 917 1308 quia
954 1240 1010 1291 et
1038 1237 1324 1293 Christum
1361 1236 1520 1301 vidit,
1559 1242 1614 1291 et
1654 1237 1932 1308 Spiritum
1969 1237 2112 1292 sicut

484 1331 807 1386 columbam
849 1347 1020 1401 super
1064 1330 1348 1385 Christum
1402 1335 1756 1400 manentem,
1803 1331 1945 1386 sicut
1991 1331 2110 1402 ipse

486 1425 566 1479 ait
609 1441 621 1478 :
667 1445 695 1474 ‹‹
733 1425 852 1478 Vidi
897 1423 1168 1495 Spiritum
1214 1424 1656 1480 descendentem
1702 1425 1848 1479 sicut
1892 1424 2108 1480 colum-

485 1519 639 1585 bam,
669 1523 726 1573 et
750 1525 1074 1573 manentem
1109 1535 1278 1590 super
1303 1535 1434 1574 eum
1465 1522 1659 1586 (Joan.,
1689 1535 1725 1588 ι,
1756 1518 1868 1590 32).
1902 1540 1931 1569 »

553 1613 640 1667 88.
689 1613 824 1676 Quae
874 1616 1069 1667 autem
1125 1613 1310 1679 turba,
1357 1613 1465 1667 nisi
1511 1612 1812 1683 imperitiae
1859 1613 2111 1668 confusio

485 1705 886 1773 multitudinis,
927 1721 1057 1777 quae
1102 1707 1369 1761 verticem
1407 1707 1606 1777 nequit
1647 1706 1838 1761 videre
1883 1707 2110 1778 sapien-

2202 489 2464 557 jussurus
2508 487 2766 556 interfici,
2801 489 2897 559 qui
2941 489 3248 542 noluerunt
3290 502 3517 558 regnare
3559 506 3698 562 supra
3724 512 3764 547 se

2209 581 2526 649 Christum,
2583 583 2726 637 hanc
2777 582 3153 654 praemitteret
3200 582 3680 652 comparationem,
3718 605 3770 642 ne

2209 675 2495 732 diceretur
2525 693 2538 731 :
2570 677 2716 732 Nihil
2757 677 2990 732 dederat
3027 677 3240 747 populo
3281 675 3621 731 ludaorum:
3655 681 3770 736 unde

2209 770 2391 841 potuit
2427 771 2627 826 melior
2662 770 2817 836 ﬁeri;
2848 774 2947 825 aut
2985 770 3119 841 quid
3153 769 3223 824 ab
3257 785 3324 823 eo
3365 769 3458 840 qui
3495 770 3619 825 nihil
3651 788 3774 829 rece-

2211 864 2312 934 pit,
2347 865 2635 936 exigitur?
2676 867 2795 919 Non
2844 863 3150 919 mediocris
3192 863 3295 917 ista
3345 865 3429 916 est
3469 879 3603 931 mna,
3639 881 3777 936 quam

2211 974 2375 1028 supra
2424 959 2631 1013 mulier
2668 957 3008 1029 evangelica,
3047 957 3180 1028 quia
3222 972 3338 1011 non
3381 956 3599 1025 invenit,
3635 959 3780 1014 lucer~

2211 1068 2346 1106 nam
2390 1051 2668 1118 accendit,
2713 1051 2928 1106 lumine
2975 1050 3177 1122 quaerit
3219 1049 3471 1114 admoto,
3513 1052 3784 1120 gratulatur

2213 1145 2504 1202 inventam
2535 1149 2704 1216 (Luc.,
2736 1162 2826 1211 xv,
2856 1149 2908 1212 8,
2943 1146 3018 1215 9).

2283 1241 2370 1294 9'2.
2403 1241 2574 1308 (Vers.
2609 1239 2718 1310 18.)
2746 1239 2999 1310 Denique
3029 1255 3098 1294 ex
3137 1255 3250 1293 una
3279 1239 3474 1293 decem
3505 1255 3649 1293 mnas
3673 1239 3790 1294 alius

2211 1334 2364 1402 facit,
2409 1333 2552 1388 alius
2583 1335 2853 1406 quinque.
2898 1334 3154 1386 Fortasse
3186 1333 3307 1386 istae
3337 1332 3574 1387 moralia
3601 1332 3792 1398 habent,

2212 1429 2347 1500 quia
2399 1427 2650 1499 quinque
2700 1430 2830 1481 sunt
2878 1427 3128 1497 corporis
3178 1442 3405 1494 sensus;
3460 1426 3567 1479 illa;
3613 1426 3795 1489 decem,

2213 1522 2458 1592 duplicia
2490 1522 2588 1589 (4),
2623 1520 2676 1576 id
2708 1524 2809 1588 est,
2843 1520 3080 1592 mystica
3106 1519 3252 1590 legis
3285 1525 3341 1573 et
3370 1519 3605 1574 moralia
3634 1519 3796 1589 probi-

2214 1616 2362 1670 tatis.
2410 1613 2570 1670 Unde
2620 1618 2675 1669 et
2723 1615 3016 1668 Mattheeus
3065 1613 3315 1684 quinque
3364 1613 3572 1666 talenta
3618 1617 3669 1665 et
3707 1613 3798 1666 duo

2213 1710 2423 1764 talenta
2452 1708 2640 1779 posuit
2668 1709 2910 1778 (Matth.,
2941 1724 3062 1774 xxv,
3103 1707 3183 1772 15)
3211 1726 3222 1759 :
3251 1707 3308 1760 in
3336 1706 3586 1778 quinque
3615 1705 3802 1760 talentis

484 1799 594 1853 tis?
621 1801 766 1870 Ergo
790 1775 1076 1866 Zachaaus,
1110 1800 1361 1870 quandiu
1399 1800 1455 1853 in
1490 1775 1655 1855 turba
1684 1804 1789 1866 est,
1817 1775 2191 1855 non—videtB
2218 1807 2278 1856 ut
2325 1775 2740 1870 sint-moralia,
2791 1801 2847 1855 in
2896 1800 3118 1855 duobus
3170 1775 3515 1870 utrumque,
3542 1798 3804 1870 mysticum

482 1893 768 1947 Christum
817 1909 830 1946 :
879 1909 1050 1963 supra
1099 1893 1326 1947 turbam
1374 1893 1652 1961 ascendit,
1697 1900 1754 1947 et
1799 1893 1963 1959 vidit;
2011 1894 2114 1948 hoc

487 1991 590 2054 est,
646 1985 929 2056 plebeiam
985 1989 1373 2058 transgressus
1434 1985 1816 2051 inscientiam,
1869 1987 2111 2055 meruit,

485 2095 658 2150 quem
707 2079 816 2148 (99)
871 2079 1255 2144 desiderabat,
1307 2079 1574 2150 aspicere.
1626 2080 1863 2135 Pulchre
1921 2085 2111 2136 autem

488 2171 710 2227 addidit
739 2189 752 2226 :

556 2267 731 2334 (Vers.
772 2267 850 2332 4.)
889 2267 1028 2334 Quia
1065 2268 1167 2321 illa
1199 2275 1358 2337 parte
1393 2276 1510 2323 erat
1557 2270 1890 2322 transiturus
1935 2271 2109 2323 Domi-

489 2375 608 2416 nus.

556 2457 642 2509 89.
676 2454 770 2509 Vel
807 2455 902 2509 ubi
931 2471 1262 2526 sycomorus
1292 2457 1387 2524 (l),
1424 2456 1510 2510 vel
1539 2456 1636 2510 ubi
1665 2457 2016 2526 crediturus;
2053 2463 2115 2512 ut

485 2552 543 2602 et
579 2547 916 2619 mysterium
960 2555 1230 2617 servaret,
1270 2553 1328 2603 et
1373 2549 1613 2620 gratiam
1655 2550 1993 2620 seminaret;
2034 2552 2112 2606 sic

485 2641 636 2696 enim
683 2646 934 2708 venerat,
964 2647 1026 2696 ut
1073 2657 1173 2713 per
1208 2643 1233 2696 ,Ι
1253 2641 1447 2696 udasos
1475 2643 1741 2698 transiret
1780 2645 1849 2698 ad
1892 2650 2108 2715 gentes.

555 2737 643 2790 90.
694 2734 846 2790 Vidit
891 2735 1084 2807 itaque
1133 2736 1430 2790 Zachasum
1481 2752 1736 2804 sursum;
1781 2738 1902 2806 jam
1959 2739 2111 2793 enim

485 2828 827 2885 sublimitate
884 2829 1017 2884 fidei
1070 2829 1220 2884 inter
1281 2830 1499 2884 fructus
1555 2847 1826 2885 novorum
1879 2849 2113 2903 operum

483 2924 638 2978 velut
664 2923 910 2978 fecunda
935 2923 1234 2978 altitudine
1268 2924 1482 2978 arboris
1517 2925 1829 2979 eminebat.
1860 2927 1926 2979 Et
1967 2943 2110 2997 quo-

487 3017 644 3072 niam
699 3016 769 3071 de
821 3022 954 3088 typo
1013 3017 1080 3071 ad
1133 3017 1369 3071 moralia
1421 3017 1778 3083 detleximus,
1829 3019 1975 3073 inter
2031 3027 2113 3075 tot

2214 1900 2381 1968 atque
2423 1895 2655 1950 morale.
2689 1897 2772 1949 lta
2813 1894 2965 1966 quod
3008 1909 3250 1948 numero
3297 1893 3558 1957 inferius,
3599 1907 3656 1946 re
3693 1892 3802 1946 ube-

2217 1990 2346 2044 rius.
2394 1991 2459 2044 Et
2498 1989 2588 2044 hic
2628 2004 2923 2059 possumus
2961 1987 3157 2042 decem
3201 2003 3390 2052 muas,
3435 1986 3634 2040 decem
3669 1984 3809 2038 verba

2216 2083 2555 2154 intelligere,
2588 2083 2641 2136 id
2679 2086 2783 2150 est,
2817 2081 2957 2154 legis
2987 2081 3331 2146 doctrinam;
3366 2079 3620 2150 quinque
3657 2095 3808 2145 muas,

2216 2176 2544 2248 magisteria
2571 2175 2902 2247 disciplinae.
2931 2174 3042 2230 Sed
3070 2173 3474 2246 legisperitum
3501 2173 3561 2226 in
3585 2171 3813 2226 omnibus

2214 2271 2340 2325 volo
2373 2285 2494 2325 esse
2522 2269 2872 2341 perfectum;
2901 2285 3016 2323 non
3045 2268 3201 2324 enim
3238 2267 3295 2322 in
3337 2282 3629 2333 sermone,
3657 2265 3743 2319 sed
3769 2265 3812 2316 in

2217 2365 2421 2420 virtute
2449 2367 2534 2419 est
2564 2379 2810 2435 regnum
2840 2363 2960 2418 Dei.

2287 2461 2374 2512 93.
2422 2459 2567 2512 Bene
2611 2464 2802 2511 autem
2850 2456 2984 2528 quia
3027 2456 3097 2510 de
3139 2455 3350 2510 Judaeis
3395 2455 3554 2520 dicit,
3596 2453 3702 2508 duo
3740 2453 3818 2506 soli

2217 2551 2647 2623 multiplicatam
2676 2551 2974 2622 pecuniam
3002 2549 3299 2617 deferunt;
3325 2565 3447 2604 non
3479 2547 3671 2619 utique
3696 2547 3822 2606 aeris,

2216 2647 2312 2700 sed
2355 2644 2752 2716 disputationis
2794 2643 2975 2699 usuris
3010 2644 3104 2713 (5).
3137 2642 3259 2697 Alia
3299 2649 3391 2697 est
3429 2642 3583 2696 enim
3616 2639 3822 2711 pecunia

2214 2739 2446 2804 fenoris,
2476 2738 2585 2792 alia
2614 2738 2886 2793 doctrinas
2915 2736 3152 2791 caelestis
3186 2752 3384 2790 usura.

2287 2835 2373 2888 94.
2429 2834 2607 2903 (Vers.
2658 2833 2770 2901 '23.)
2822 2831 3076 2902 Denique
3141 2830 3415 2884 Dominus
3473 2845 3604 2884 cum
3658 2827 3822 2882 dicit:

2215 2930 2390 2995 Quare
2457 2942 2563 2981 non
2627 2926 2825 2980 dedisti
2880 2926 3171 2994 pecuniam
3231 2939 3411 2978 meam
3477 2923 3556 2977 ad
3620 2936 3830 2975 mensam

2215 3020 2456 3089 (Matth.,
2499 3035 2626 3087 xxv,
2667 3018 2797 3084 27)?
2844 3033 2957 3071 non
3007 3022 3231 3084 nostras,
3276 3017 3378 3072 sed
3431 3032 3551 3070 suae
3599 3013 3826 3085 pecuniae

491 3110 844 3165 credentium
899 3109 1220 3164 voluntates
1262 3110 1333 3179 (2)
1381 3110 1668 3164 Dominica
1717 3112 1809 3165 die
1862 3113 2189 3217 relaxat-ec
2216 3114 2424 3186 quaerit
2453 3129 2704 3168 usuram.

486 3204 764 3271 animum,
803 3201 1168 3257 festivitatem
1207 3202 1522 3258 admiscere
1557 3204 1820 3259 delectat.
1853 3207 2115 3261 Zachasus

487 3297 546 3350 in
595 3311 916 3367 sycomoro,
965 3312 1173 3350 novum
1219 3295 1477 3351 videlicet
1524 3299 1653 3352 novi
1704 3300 1974 3369 temporis
2020 3317 2114 3370 po-

485 3405 667 3458 mum,
697 3395 760 3443 ut
784 3389 840 3442 in
870 3389 975 3443 hoc
1003 3405 1229 3460 quoque
1256 3391 1644 3461 compleretur
1668 3392 1806 3446 illud
1837 3409 1848 3446 :
1883 3414 1908 3441 ‹‹
1937 3393 2116 3448 Arbor

485 3482 574 3537 ﬁci
617 3482 880 3554 producit
923 3499 1147 3554 grossos
1189 3501 1320 3538 suos
1349 3484 1556 3552 (Cant.,
1597 3502 1652 3552 ιι,
1693 3487 1806 3555 13);
1839 3509 1866 3534 ››
1893 3487 1962 3540 ad
2003 3486 2112 3541 hoc

483 3576 639 3631 enim
673 3575 925 3632 Christus
954 3577 1205 3644 advenit,
1233 3582 1295 3631 ut
1332 3594 1399 3632 ex
1434 3578 1602 3649 lignis
1637 3595 1754 3634 non
1788 3596 1980 3650 poma,
2011 3581 2112 3635 sed

482 3670 742 3726 homines
776 3675 1165 3725 nascerentur.
1199 3671 1468 3742 Legimus
1507 3672 1640 3726 alibi
1676 3689 1689 3726 :
1725 3694 1753 3721 «
1777 3674 1918 3728 Cum
1961 3691 2113 3729 esses

480 3764 584 3819 sub
624 3764 824 3820 arbore
867 3763 977 3830 ﬁci,
1018 3764 1130 3820 vidi
1172 3769 1226 3818 te
1261 3765 1464 3835 (Joan.,
1499 3782 1536 3833 ι,
1569 3768 1682 3834 48).
1729 3787 1755 3816 ι)
1802 3769 1946 3837 Ergo
1994 3784 2110 3822 non

480 3858 784 3914 Nathanael
822 3858 897 3928 (3)
932 3857 1034 3913 sub
1077 3859 1302 3925 arbore,
1346 3859 1450 3914 hoc
1488 3864 1592 3926 est,
1625 3876 1796 3930 supra
1836 3861 2109 3928 radicem,

479 3953 611 4023 quia
632 3953 846 4023 justus;
889 3952 1049 4007 radix
1087 3953 1238 4007 enim
1276 3957 1490 4021 sancta,
1524 3953 1628 4008 sub
1667 3953 1872 4008 arbore
1913 3959 2108 4010 tamen

481 4046 814 4114 Nathanael,
839 4045 971 4116 quia
999 4047 1100 4100 sub
1134 4047 1263 4117 lege
1295 4064 1307 4100 :
1336 4048 1603 4102 Zachasus
1628 4064 1800 4118 supra
1823 4048 2108 4116 arborem,

479 4139 615 4210 quia
653 4155 824 4208 supra
863 4139 1081 4210 legem;
1125 4139 1219 4194 ille
1271 4141 1492 4195 Domini
1533 4141 1784 4195 occultus
1825 4143 2107 4207 defensor,

481 4232 572 4286 hic
618 4231 874 4302 publicus
919 4232 1286 4303 praedicator;
1333 4234 1429 4288 ille
1479 4234 1666 4288 adhuc
1709 4235 1996 4290 Christum
2045 4253 2108 4290 ex

480 4327 608 4396 lege
639 4326 948 4397 querebat,
986 4326 1088 4381 iste
1124 4327 1246 4397 jam
1288 4343 1460 4397 supra
1499 4327 1708 4398 legem,
1751 4329 2110 4399 relinquebat

479 4434 602 4487 sua,
630 4423 689 4474 et
716 4420 1020 4476 Dominum
1051 4421 1416 4492 sequebatur.

2284 3212 2372 3263 95.
2410 3209 2564 3262 Unus
2603 3207 2754 3261 intra
2785 3213 2995 3261 terram
3029 3205 3392 3260 abscondisse
3426 3222 3489 3258 se
3527 3204 3678 3270 dicit,
3703 3200 3832 3272 quod

2216 3302 2498 3356 rationem
2543 3317 2669 3372 quas
2715 3300 2785 3354 ad
2827 3299 3140 3370 imaginem
3180 3305 3236 3353 et
3279 3297 3720 3354 similitudinem
3757 3295 3834 3349 Dei

2215 3396 2344 3450 data
2373 3399 2458 3448 est
2485 3395 2667 3460 nobis,
2695 3394 2878 3448 studio
2904 3392 3206 3464 voluptatis
3241 3392 3462 3458 obruit,
3494 3398 3552 3446 et
3591 3395 3830 3460 tanquam

2216 3490 2270 3542 in
2320 3490 2543 3543 foveam
2597 3487 2782 3542 carnis
2832 3486 3146 3541 abscondit.
3193 3487 3272 3541 De
3319 3486 3452 3540 aliis
3504 3486 3722 3550 siletur,
3759 3479 3834 3552 qui

2213 3582 2373 3653 quasi
2412 3581 2640 3653 prodigi
2679 3581 2985 3648 debitores,
3018 3596 3144 3652 quas
3184 3584 3559 3650 acceperant,
3599 3573 3833 3648 perdide-

2214 3681 2364 3729 runt.
2402 3676 2460 3728 ln
2490 3674 2710 3729 duobus
2739 3674 2848 3727 illis
2873 3674 3038 3744 pauci
3067 3676 3217 3739 sunt,
3249 3672 3349 3744 qui
3387 3689 3499 3744 per
3538 3671 3681 3725 duas
3715 3668 3837 3722 vices

2213 3769 2390 3823 vinea:
2433 3767 2505 3822 ad
2549 3768 2795 3822 cultores
2837 3767 3105 3822 destinati
3140 3770 3273 3821 sunt
3304 3768 3488 3835 (Luc.,
3530 3783 3620 3829 xx,
3663 3763 3767 3832 10);
3793 3761 3837 3812 iu

2214 3862 2441 3932 reliquis
2473 3877 2672 3916 omnes
2699 3861 2876 3914 Judaei
2906 3862 3144 3929 (Mutth.,
3175 3876 3265 3925 xx,
3294 3863 3468 3926 1-16).
3502 3859 3689 3923 Quam
3716 3869 3840 3909 com-

2215 3954 2568 4026 parationem
2623 3953 2918 4008 Mattheus
2959 3953 3133 4007 etiam
3182 3952 3347 4006 nobis
3398 3953 3590 4006 voluit
3643 3953 3838 4021 aptare.

2211 4048 2362 4120 quod
2407 4046 2671 4102 similiter
2716 4051 2778 4100 ut
2819 4047 2974 4102 dives
3023 4047 3122 4118 qui
3168 4047 3487 4115 pecuniam
3540 4060 3699 4100 suam
3747 4056 3841 4095 non

2211 4142 2468 4212 impartit
2507 4141 2876 4212 pauperibus,
2920 4141 2998 4194 ita
3043 4140 3219 4193 etiam
3263 4140 3366 4211 qui
3422 4139 3704 4194 doctrinae.
3747 4151 3842 4188 sua!

2212 4236 2456 4306 gratiam
2499 4251 2613 4288 non
2655 4234 2851 4288 dividit
2887 4233 3188 4304 imperitis,
3228 4234 3446 4288 docere
3487 4249 3624 4287 cum
3669 4229 3842 4302 possit,

2213 4330 2360 4384 haud
2418 4328 2718 4383 mediocris
2768 4344 2899 4382 reus
2953 4331 3038 4382 est
3085 4327 3264 4398 culpae
3317 4327 3450 4396 (lib.
3509 4343 3543 4379 v
3603 4330 3674 4382 De
3724 4323 3842 4393 ﬁde.

2211 4441 2333 4495 cap.
2379 4425 2450 4492 1).
2484 4422 2558 4475 De
2598 4437 2735 4492 quo,
2771 4421 3040 4492 quoniam
3069 4421 3129 4475 in
3169 4419 3327 4474 libris
3375 4423 3458 4476 De
3494 4420 3608 4474 ﬁde
3646 4415 3845 4487 scriptis

552 4512 808 4586 1494
859 4516 1032 4583 (Vers.
1088 4513 1198 4585 16.)
1245 4517 1374 4570 Ecce
1419 4531 1548 4570 mna
1593 4521 1690 4570 tua
1737 4516 1912 4570 decem
1957 4510 2479 4583 mnustiximus,
2515 4523 2900 4571 transcurrere
2928 4515 3128 4569 melius
3158 4513 3359 4568 fuerit.

481 4609 785 4676 acquisivit.

540 4767 638 4827 (97)
667 4765 814 4816 Edit.
849 4765 1025 4828 Rom.,
1051 4767 1144 4817 iste
1167 4769 1253 4817 cui
1275 4781 1456 4820 sensus
1482 4783 1546 4819 ea:
1572 4769 1764 4832 fraude
1783 4770 1856 4819 ad
1878 4769 2105 4820 salutem

475 4839 731 4898 pervenit.

537 4909 633 4971 (98)
667 4909 826 4959 Rom.
854 4908 981 4959 edit.
1012 4910 1213 4960 iterum
1235 4911 1373 4970 sola,
1401 4911 1618 4961 reddere
1642 4912 1974 4976 promiserat.

542 4981 636 5043 (99)
677 4979 910 5032 Cunctas
948 4979 1080 5031 edit.
1117 4985 1171 5031 et
1209 4983 1522 5046 complures
1560 4996 1716 5045 mss.,
1754 4983 1951 5047 plebem
1983 4984 2105 5046 jam

477 5055 859 5115 transgressus,
889 5051 945 5099 in
981 5050 1256 5100 scientiam
1290 5052 1482 5102 meruit
1521 5065 1705 5116 quam,
1739 5060 1842 5105 etc.
1880 5056 2100 5106 Inscite.

478 5119 647 5170 Nobis
671 5133 801 5170 vero
826 5121 1012 5171 locum
1040 5122 1327 5171 restituere
1361 5135 1492 5173 mss.
1526 5123 1714 5183 Corb.,
1740 5125 1896 5176 Colb.
1939 5139 2103 5186 unus,

478 5189 620 5240 Vict.
653 5194 706 5240 et
733 5189 826 5240 alii
857 5191 1133 5240 nonnulli.
1152 5193 1240 5252 At,
1263 5197 1385 5256 post
1407 5192 1640 5244 verbum
1666 5195 1922 5257 aspicere,
1945 5196 2102 5247 Rom.

478 5260 629 5322 edit,
659 5262 880 5312 insertis
906 5261 1034 5322 illis,
1061 5262 1118 5310 in
1147 5275 1252 5326 quo
1276 5267 1323 5312 et
1346 5266 1656 5325 mysterium
1679 5265 1793 5314 licet
1812 5266 2104 5328 advertere,

476 5333 845 5394 prosequitur,
874 5345 982 5381 non
1005 5337 1216 5382 statura
1245 5333 1492 5396 pusillus.
1523 5339 1652 5394 etc.,
1680 5340 1740 5385 ut
1770 5350 1924 5386 num.
1960 5339 2040 5387 87.

539 5403 602 5464 (1)
653 5402 810 5452 Rom.
856 5403 986 5454 edit.
1033 5403 1171 5463 sola,
1221 5403 1330 5455 hoc
1379 5405 1502 5456 loco
1549 5407 1747 5469 partim
1795 5405 2101 5469 decurtato,

474 5475 673 5532 partim
707 5474 948 5535 inverso,
989 5477 1061 5525 ita
1096 5481 1416 5540 reposuerat
1447 5491 1458 5524 :
1486 5477 1579 5526 Hic
1615 5479 1754 5527 enim
1790 5485 2007 5528 venerat
2049 5485 2105 5528 ut

471 5554 567 5601 per
589 5543 800 5594 Judaeos
823 5547 1080 5596 transiret
1109 5547 1180 5596 ad
1204 5552 1410 5609 gentes;
1441 5553 1495 5596 ut
1519 5554 1564 5596 et
1593 5547 1901 5610 mysterium
1927 5563 2103 5598 serva-

475 5616 573 5666 ret,
600 5618 647 5659 et
674 5615 910 5673 gratiam
933 5617 1234 5667 seminaret.

541 5679 604 5740 (2)
638 5679 719 5754 Ita
747 5688 978 5754 ‘mssnet
1015 5685 1142 5735 edit.
1187 5701 1400 5749 omnes,
1437 5695 1668 5754 excepta
1710 5691 1867 5743 Rom.
1907 5696 1962 5742 et
1999 5706 2099 5743 ms.

480 5748 639 5827 Reg,
667 5748 762 5827 ubi
800 5752 1120 5827 credentium
1158 5748 1463 5821 voluptates.
1491 5748 1603 5812 Sed
1646 5764 1701 5813 in
1747 5777 1877 5814 mss.
1917 5765 2105 5827 saepis-

476 5818 619 5867 sime
648 5815 894 5866 voluntas
924 5823 976 5868 et
1004 5821 1246 5884 voluptas
1271 5815 1710 5882 confunduntur.

2278 4614 2364 4665 96.
2421 4609 2683 4666 Civitates
2739 4613 2930 4663 autem
2978 4607 3174 4662 decem
3230 4607 3303 4677 (6)
3366 4611 3546 4677 (vers.
3611 4610 3692 4672 17)
3742 4619 3842 4659 esse

2274 4770 2343 4832 (3)
2370 4769 2526 4818 Rom.
2571 4767 2700 4817 edit.
2737 4771 2792 4816 et
2836 4780 2938 4816 ms.
2977 4765 3133 4828 Reg.,
3173 4767 3318 4828 Ergo
3372 4765 3704 4816 Nathanaet.
3751 4761 3840 4813 Sed

2210 4841 2560 4903 negationem
2587 4838 2710 4888 alim
2750 4837 2880 4888 edit.
2911 4851 2975 4888 ac
3003 4851 3135 4886 mss.
3183 4838 3382 4887 caeteri
3413 4852 3536 4902 prae
3569 4852 3631 4888 se
3662 4837 3841 4888 ierunt.

2271 4913 2333 4969 (4)
2381 4910 2526 4960 Edit.
2577 4913 2710 4970 ant.,
2757 4909 3001 4960 Fortasse
3043 4909 3139 4958 iste
3176 4908 3426 4958 moralia
3470 4909 3729 4959 habet.....
3773 4905 3845 4952 ille

2207 4983 2378 5032 decem
2403 4981 2658 5045 duplicia.
2683 4980 2841 5032 Rom.
2872 4980 2942 5030 ab
2972 4980 3060 5030 his
3087 4983 3307 5030 tantum
3336 4993 3409 5031 eo
3450 4980 3682 5040 recedit,
3712 4976 3843 5043 quod

2210 5053 2479 5104 resecavit
2505 5051 2694 5101 decem.
2726 5051 2934 5100 Verum
2961 5050 3269 5100 diversitati
3311 5052 3517 5103 locum
3560 5066 3674 5101 non
3710 5047 3843 5099 aliud

2207 5123 2376 5181 dedit,
2406 5123 2514 5172 nisi
2553 5121 2702 5186 quod
2739 5122 2794 5171 in
2833 5135 2963 5172 mss.
3007 5120 3350 5186 quibusdam
3399 5137 3428 5172 θ
3475 5124 3715 5186 simplex
3759 5131 3841 5182 pro

2207 5195 2552 5260 diphthongo
2579 5194 2849 5257 scriptum
2878 5194 3111 5257 legatur.

2269 5269 2335 5328 (5)
2368 5266 2523 5316 Rom.
2553 5265 2683 5316 edit.
2721 5265 2854 5325 sola,
2897 5265 3313 5327 dispensationis
3363 5267 3571 5317 usuris.
3611 5266 3718 5317 Sed
3750 5276 3840 5311 vox

2205 5338 2490 5401 disputatio
2517 5338 2834 5401 frequenter
2864 5337 3010 5400 apud
3043 5337 3404 5388 Ambrosium
3448 5339 3601 5389 idem
3640 5334 3837 5401 signiﬁ—

2207 5416 2295 5460 cat
2335 5408 2486 5474 quod
2524 5409 2796 5470 tractatio,
2823 5421 2925 5458 seu
2966 5408 3288 5470 praedicatio
3325 5409 3679 5473 evangelica.
3719 5407 3840 5458 Rur-

2207 5495 2330 5530 sum
2375 5479 2568 5531 eadem
2613 5479 2744 5529 edit.
2791 5479 2946 5529 Rom.
2987 5492 3116 5528 cum
3157 5479 3280 5528 Era.
3333 5484 3393 5529 et
3435 5481 3592 5540 Gill.,
3633 5478 3746 5528 Atia
3777 5482 3838 5523 est

2207 5553 2344 5600 enim
2383 5550 2612 5614 pecuniae
2651 5548 2914 5611 faenebris.
2945 5548 3167 5598 Amerb.
3204 5561 3340 5598 vero
3384 5555 3442 5600 et
3490 5563 3621 5601 mss.
3666 5547 3836 5598 nobis-

2206 5636 2335 5672 cum
2366 5623 2593 5679 faciunt,
2619 5621 2725 5670 nisi
2753 5619 2904 5683 quod
2929 5619 3132 5683 legitur
3163 5620 3216 5668 in
3252 5617 3574 5680 duobus...,
3601 5618 3839 5683 pecunia,

2206 5693 2286 5742 vel
2312 5692 2550 5754 faenoris.

2269 5763 2332 5825 (6)
2371 5761 2465 5813 Sic
2495 5775 2689 5813 omnes
2718 5775 2848 5812 mss.
2882 5766 2937 5812 et
2971 5761 3100 5813 edit.
3131 5765 3331 5825 praeter
3372 5763 3558 5825 Rom.,
3587 5773 3712 5827 qua
3749 5771 3833 5823 pro

2205 5834 2377 5884 decem
2403 5834 2649 5898 reposuit
2670 5835 2928 5898 quinque.
