4022 6176
244 235 370 289 1885

1361 235 1821 292 EXPOSlTlONlS
1858 236 1926 291 IN
1965 235 2189 292 LUCAM
2230 236 2354 292 LIB.
2397 235 2485 290 IX.

3461 233 3592 288 l886

242 373 362 430 qua
388 364 643 429 possunt,
671 359 780 414 nisi
807 360 955 415 forte
990 358 1198 414 anima:
1232 359 1438 430 quibus
1469 359 1598 429 jure
1637 376 1859 430 praepo-
1886 361 2107 446 Asicut
2148 359 2345 414 civitas
2390 359 2550 424 (Psal.
2599 373 2743 421 cxxi,
2783 355 2858 430 3),
2903 357 2982 412 ita
3023 359 3158 412 sunt
3195 357 3402 414 animas
3446 358 3590 428 paci-

241 453 390 506 nitur
426 453 525 524 qui
568 453 872 524 pecuniam
923 452 1164 518 Domini,
1208 458 1262 508 et
1308 453 1399 507 illa
1446 453 1667 523 eloquia
1712 457 1862 506 casta

240 545 470 617 probata
508 545 653 600 sicut
687 550 1016 618 argentum,
1050 546 1338 602 mentibus
1379 545 1671 601 hominum
1713 545 1864 600 fene-

239 639 481 694 raverit?
527 640 664 694 Nam
730 639 875 695 sicut
933 640 1240 696 Jerusalem
1307 639 1518 696 dicitur
1581 638 1861 694 mdiﬁcata

243 793 564 802 ...η-..-

565 794 720 802 -ρ-ρ

761 795 956 803 ουκ-αδορ-

959 795 1836 804 *Ἥκω-...νορη-

1837 794 2006 803 w

1964 454 2106 508 ﬂcaa.
2146 455 2210 508 Et
2245 453 2392 507 sicut
2429 451 2619 524 angeli
2663 456 2937 522 praesunt,
2969 451 3047 504 ita
3088 455 3145 504 et
3185 450 3245 504 hi
3282 451 3377 523 qui
3419 451 3587 505 vitam

1963 546 2277 602 meruerint
2302 545 2657 616 angelorum.

2933 791 3563 801 —_-_——————--.-————

2136 794 2300 801 ..__———.-_

1500 929 1837 1022 LIBER
1901 927 2302 1021 NONUS.

303 1197 560 1272 1495
600 1200 774 1269 (Vers.
813 1203 904 1270 29,
946 1205 1059 1269 30.)
1102 1204 1174 1258 Et
1213 1205 1422 1271 factum
1464 1210 1563 1266 est,
1607 1219 1726 1259 cum
1767 1219 1862 1275 ap-

223 1294 651 1363 propinquasset
684 1294 760 1348 ad
803 1295 1112 1365 Bethphagc
1155 1302 1206 1350 et
1233 1297 1572 1360 Bethaniam,
1608 1297 1683 1352 ad
1707 1312 1857 1352 mon-

228 1390 335 1441 tem
380 1387 480 1456 qui
515 1393 741 1442 vocatur
779 1387 992 1452 Oliveti,
1034 1392 1183 1445 misit
1227 1391 1362 1446 duos
1401 1391 1722 1461 discipulos,
1770 1390 1856 1444 di-

227 1495 349 1534 cens
390 1498 407 1532 :
449 1482 526 1535 Ite
580 1482 640 1534 in
692 1483 970 1537 castellum
1028 1483 1174 1553 quod
1222 1489 1409 1539 contra
1461 1489 1556 1547 est,
1609 1486 1669 1538 in
1717 1484 1864 1554 quod

226 1575 558 1628 introeuntes
584 1576 871 1630 invenietis
889 1577 1106 1646 pullum
1134 1579 1303 1632 asinae
1332 1579 1645 1646 alligatum,
1676 1580 1735 1632 in
1759 1593 1860 1648 quo

227 1682 383 1721 nemo
410 1667 569 1722 sedit.

1960 1201 2105 1257 ravit
2132 1202 2340 1257 erroris
2367 1217 2380 1255 :
2415 1201 2506 1257 hic
2530 1205 2724 1256 autem
2751 1199 2812 1254 in
2838 1199 2993 1270 pullo
3023 1197 3458 1270 generalitatem
3486 1214 3582 1270 po-

1962 1295 2078 1366 puli
2100 1295 2326 1367 gentilis
2342 1291 2645 1366 expressit;
2668 1299 2723 1347 et
2739 1292 2872 1348 ideo
2890 1292 2948 1347 in
2965 1292 3118 1364 pullo
3135 1290 3373 1348 sedetur
3388 1291 3581 1347 asinae.

2030 1393 2082 1445 5.
2122 1390 2189 1444 Et
2224 1389 2416 1445 bene:
2445 1391 2508 1444 In
2542 1403 2646 1458 quo
2675 1402 2827 1442 nemo
2870 1386 3037 1452 sedit;
3080 1385 3218 1457 quia
3255 1385 3445 1440 nullus
3485 1400 3586 1441 an-

1959 1489 2191 1554 tequam
2249 1482 2510 1539 Christus
2568 1481 2870 1536 nationum
2935 1479 3180 1550 populos
3240 1478 3453 1533 vocavit
3516 1478 3587 1533 ad

1961 1577 2287 1632 Ecclesiam.
2330 1575 2584 1647 Denique
2619 1573 2935 1630 secundum
2971 1574 3220 1628 Marcum
3258 1571 3337 1626 sic
3367 1571 3540 1625 habes
3569 1589 3582 1624 :

1963 1691 1991 1719 ιι
2030 1672 2209 1734 Quem
2257 1686 2429 1725 nemo
2469 1669 2658 1724 adhuc
2703 1668 2848 1723 sedit
2893 1665 3189 1722 hominum
3248 1667 3461 1733 (Marc.,
3508 1680 3585 1733 x1,

295 1763 352 1814 2.
399 1759 637 1815 Pulchre
682 1761 888 1817 relictis
923 1763 1159 1831 Judteis,
1202 1764 1557 1819 habitaturus
1594 1765 1652 1820 in
1689 1765 1854 1820 atl'ec-
1879 1752 1934 1823 Β
1956 1763 2032 1836 2).
2069 1786 2095 1813 ››
2133 1763 2408 1834 Alligatus
2444 1767 2638 1818 autem
2681 1761 2930 1834 perﬁdiae
2975 1759 3210 1814 vinculis
3255 1758 3584 1823 tenebatur,

227 1853 380 1908 tibus
427 1854 712 1925 gentium,
762 1857 1043 1928 templum
1089 1857 1365 1912 Dominus
1419 1857 1702 1927 ascendit;
1756 1859 1861 1913 hoc

226 1947 382 2002 enim
429 1950 703 2020 templum
745 1953 829 2004 est
868 1967 1096 2018 verum,
1140 1951 1200 2005 in
1241 1967 1354 2022 quo
1391 1967 1508 2006 non
1548 1951 1608 2006 in
1651 1951 1857 2020 littera,

226 2041 326 2096 sed
358 2040 420 2096 in
449 2042 649 2112 spiritu
681 2043 954 2098 Dominus
981 2045 1288 2111 adoretur;
1319 2045 1428 2100 hoc
1459 2045 1557 2101 Dei
1584 2047 1860 2116 templum

226 2141 332 2203 est,
365 2135 516 2208 quod
551 2136 684 2191 ﬁdei
723 2137 918 2204 series,
958 2155 1070 2193 non
1107 2138 1366 2210 lapidum
1410 2143 1694 2194 structura
1728 2140 1856 2194 fun-

224 2229 400 2283 davit.
445 2229 791 2284 Deseruntur
827 2247 962 2302 ergo
995 2231 1091 2302 qui
1133 2231 1396 2299 oderant,
1439 2232 1728 2304 eliguntur
1763 2234 1859 2304 qui

223 2323 475 2376 amaturi
504 2327 685 2377 erant.

287 2419 350 2470 2.
385 2417 454 2470 Et
490 2417 618 2472 ideo
657 2417 730 2472 ad
768 2421 1025 2473 montem
1072 2419 1222 2477 venit
1251 2420 1476 2490 Oliveti,
1516 2425 1577 2474 ut
1613 2421 1860 2476 novellas

222 2511 382 2564 oleas
419 2510 479 2564 in
518 2510 749 2566 sublimi
790 2511 995 2568 virtute
1039 2513 1353 2584 plantaret,
1395 2530 1638 2586 quorum
1681 2520 1861 2569 mater

224 2607 304 2657 est
340 2603 440 2657 illa
475 2620 603 2674 quae
641 2621 866 2659 sursum
911 2610 995 2660 est
1030 2607 1367 2661 Jerusalem.
1411 2608 1473 2661 ln
1515 2607 1623 2661 hoc
1666 2611 1861 2662 monte

221 2700 299 2751 est
340 2697 434 2752 ille
461 2697 700 2752 caelestis
725 2697 999 2769 agricola,
1021 2703 1085 2753 ut
1111 2700 1351 2770 plantati
1376 2717 1576 2754 omnes
1601 2701 1661 2754 in
1690 2700 1860 2755 domo

222 2790 351 2858 Dei,
383 2791 600 2861 possint
635 2790 846 2845 viritim
877 2791 1068 2846 dicere
1095 2810 1106 2847 :
1135 2813 1160 2844 «
1184 2796 1302 2863 Ego
1329 2799 1522 2848 autem
1551 2793 1695 2848 sicut
1718 2793 1861 2848 oliva

221 2883 524 2938 fructifera
564 2883 621 2938 in
660 2884 830 2939 domo
867 2885 1098 2940 Domini
1135 2887 1302 2954 (Psal.
1331 2903 1401 2956 LI,
1433 2889 1538 2956 l0).
1574 2909 1602 2937 ››
1642 2888 1710 2941 Et
1745 2887 1856 2941 for-

220 2983 370 3032 tasse
407 2976 529 3048 ipse
571 2993 735 3032 mons
770 2978 1024 3034 Christus
1054 2983 1158 3034 est.
1190 2980 1325 3044 Quis
1357 2980 1510 3035 enim
1549 2979 1693 3034 alius
1721 2981 1861 3035 tales

223 3072 448 3126 fructus
487 3070 662 3126 ferret
702 3071 1008 3142 olivarum,
1051 3090 1167 3128 non
1198 3074 1651 3130 curvescentium
1690 3073 1855 3129 uber-

223 3170 332 3219 tate
385 3165 719 3233 baccarum,
766 3166 867 3220 sed
921 3166 1150 3238 spiritus
1199 3167 1552 3239 plenitudine
1595 3167 1855 3240 gentium

222 3257 642 3313 fecundarum?
670 3259 798 3330 lpse
833 3262 917 3314 est
950 3276 1054 3331 per
1083 3277 1258 3332 quem
1287 3260 1670 3329 ascendimus,
1699 3267 1758 3316 et
1785 3261 1857 3316 ad

219 3367 396 3422 quem
435 3351 811 3408 ascendimus.
851 3355 974 3424 Ipse
1016 3359 1102 3408 est
1131 3354 1329 3425 janua,
1360 3355 1478 3426 ipse
1505 3360 1589 3410 est
1621 3354 1730 3424 via,
1759 3355 1856 3428 qui

221 3445 502 3515 aperitur,
535 3449 592 3499 et
617 3445 712 3516 qui
738 3447 944 3517 aperit,
973 3447 1069 3518 qui
1098 3448 1356 3518 pulsatur
1380 3447 1450 3502 ab
1484 3447 1859 3519 ingredienti-

219 3539 340 3605 bus,
373 3541 438 3593 et
461 3538 530 3592 ab
561 3539 816 3594 emeritis
841 3540 1135 3595 aduratur.

287 3636 337 3686 3.
385 3632 540 3703 Ergo
582 3632 640 3686 in
685 3633 914 3688 castello
957 3638 1106 3702 erat,
1150 3640 1208 3689 et
1256 3635 1462 3707 ligatus
1509 3640 1632 3690 erat
1670 3637 1858 3706 pullus

219 3742 347 3780 cum
382 3725 549 3779 asina
582 3743 595 3779 :
628 3742 745 3780 non
785 3732 1010 3797 poterat
1043 3727 1205 3795 solvi,
1239 3729 1350 3783 nisi
1379 3729 1542 3799 jussu
1583 3729 1804 3784 Domini
1839 3746 1853 3783 :

220 3820 386 3874 solvit
419 3835 554 3873 eum
586 3835 787 3873 manus
812 3820 1116 3891 apostolica
1145 3839 1158 3875 :
1190 3822 1316 3876 talis
1345 3828 1522 3889 actus,
1556 3821 1680 3876 talis
1722 3821 1854 3889 vita,

220 3915 339 3967 talis
397 3913 604 3984 gratia.
657 3914 789 3967 Esto
849 3914 1004 3980 talis,
1063 3920 1126 3969 ut
1184 3919 1242 3968 et
1298 3921 1360 3970 tu
1415 3915 1594 3987 possis
1651 3916 1859 3986 ligatos

220 4007 465 4062 solvere.

284 4102 337 4156 4.
374 4101 540 4154 Nunc
567 4101 998 4155 consideremus
1030 4101 1127 4173 qui
1157 4101 1370 4156 fuerint
1401 4101 1480 4156 illi
1514 4103 1632 4174 qui,
1667 4119 1858 4158 errore

218 4195 469 4262 detecto,
522 4192 592 4246 de
634 4194 892 4264 paradiso
947 4194 1141 4265 ejecti,
1196 4194 1255 4249 in
1308 4195 1538 4250 castello
1597 4199 1731 4250 sunt
1780 4197 1856 4267 (‘7)

219 4286 472 4360 religati.
514 4287 582 4341 Et
618 4286 770 4341 vides
803 4287 1289 4358 quemadmodum
1323 4305 1467 4360 quos
1497 4305 1650 4344 mors
1675 4306 1856 4362 expu-

219 4382 386 4449 lerat,
420 4381 535 4434 vita
554 4381 922 4435 revocaverit.
948 4381 1015 4435 Et
1040 4381 1168 4436 ideo
1195 4383 1505 4437 secundum
1533 4383 1858 4438 Matthaium

1879 3119 1932 3192 C

1961 1857 2156 1929 iniquo
2185 1857 2442 1912 addictus
2478 1856 2734 1922 domino,
2767 1871 2960 1910 errore
2995 1853 3297 1909 famulatus
3335 1853 3438 1922 (8);
3487 1851 3587 1906 sed

1961 1951 2318 2006 dominatum
2346 1951 2451 2006 sibi
2480 1950 2767 2006 vindicare
2797 1966 2924 2004 non
2940 1949 3186 2020 poterat,
3216 1961 3389 2018 quem
3424 1961 3587 2000 reum

1957 2045 2177 2100 fecerat
2202 2061 2321 2100 non
2352 2048 2581 2112 natura,
2615 2044 2715 2099 sed
2741 2043 2922 2115 culpa.
2954 2044 3020 2098 Et
3055 2041 3185 2096 ideo
3227 2056 3358 2095 cum
3394 2039 3585 2094 Domi-

1964 2155 2069 2194 nus
2102 2138 2330 2205 dicitur,
2371 2155 2518 2193 unus
2554 2138 2914 2211 agnoscitur;
2946 2152 3079 2191 nam
3116 2139 3174 2189 et
3203 2133 3370 2188 multi
3405 2131 3504 2202 dii,
3533 2137 3591 2189 et

1960 2233 2127 2287 multi
2163 2232 2406 2300 domini,
2436 2232 2532 2288 sed
2569 2231 2914 2304 generaliter
2954 2247 2967 2284 :
3010 2229 3176 2285 nobis
3209 2233 3404 2284 tamen
3444 2243 3590 2282 unus

1963 2327 2106 2381 Deus
2129 2326 2230 2397 (9),
2273 2329 2331 2380 et
2361 2342 2504 2380 unus
2533 2324 2826 2380 Dominus.
2857 2325 3054 2394 Itaque
3097 2322 3204 2377 etsi
3239 2337 3352 2376 non
3396 2319 3586 2392 expri-

1960 2419 2163 2486 mitur,
2221 2417 2477 2492 1496
2532 2417 2801 2473 Dominus
2843 2415 3114 2472 definitur
3163 2431 3278 2469 non
3317 2415 3441 2485 jam
3490 2429 3591 2484 per

1960 2512 2389 2584 adjunctionem
2425 2528 2707 2584 personae,
2740 2511 2836 2565 sed
2875 2526 2977 2581 per
3015 2507 3442 2564 universitatem
3481 2522 3585 2561 na-

1958 2612 2103 2662 turas
2127 2607 2258 2677 (10).

2031 2704 2082 2755 6.
2130 2700 2342 2754 Marcus
2381 2703 2577 2755 autem
2628 2699 2849 2754 induxit
2892 2699 3131 2770 ligatum
3174 2703 3308 2751 ante
3344 2696 3589 2767 januam

1961 2795 2176 2865 (Mam,
2204 2810 2277 2860 x1,
2305 2794 2391 2864 4);
2424 2793 2556 2865 quia
2597 2796 2758 2848 extra
2797 2792 3085 2848 Christum
3125 2790 3452 2863 quicunque
3482 2792 3586 2855 est,

1960 2887 2094 2942 foris
2131 2890 2216 2943 est
2267 2887 2326 2942 in
2375 2887 2494 2952 via;
2534 2887 2631 2958 qui
2677 2890 2870 2941 autem
2919 2886 2976 2940 in
3021 2885 3244 2942 Christo
3287 2886 3404 2952 est,
3455 2881 3590 2937 foris

1961 2998 2077 3036 non
2108 2985 2212 3036 est.
2241 2983 2308 3036 In
2340 2983 2596 3045 transitu,
2631 2980 2870 3048 addidit,
2907 2979 3006 3034 ubi
3037 2978 3249 3034 nullius
3275 2979 3427 3032 certa
3456 2991 3586 3047 pos-

1959 3075 2156 3144 sessio,
2185 3092 2300 3130 non
2338 3091 2616 3147 praesepe,
2656 3090 2772 3129 non
2810 3074 3099 3140 alimenta,
3130 3088 3249 3127 non
3281 3069 3585 3125 stabulum.

1958 3169 2157 3225 Misera
2202 3169 2442 3224 servitus
2490 3169 2580 3224 cui
2633 3185 2844 3240 vagum
2889 3169 2986 3239 jus
3036 3171 3150 3232 est;
3202 3165 3390 3236 plures
3437 3161 3589 3218 enim

1960 3263 2226 3318 dominos
2265 3263 2455 3330 habet,
2483 3263 2583 3335 qui
2625 3277 2807 3316 unum
2854 3278 2969 3316 non
3007 3259 3198 3315 habet.
3241 3257 3424 3314 Alieni
3461 3255 3586 3310 alli-

1961 3357 2247 3428 gant(lt),
2277 3363 2338 3412 ut
2365 3355 2726 3428 possideant:
2753 3355 2856 3409 iste
2886 3354 3072 3420 solvit,
3099 3357 3159 3406 ut
3178 3354 3401 3418 teneat;
3425 3349 3592 3405 vehe-

1961 3449 2248 3504 mentiora
2278 3449 2432 3504 enim
2460 3450 2614 3504 dona
2646 3448 2801 3502 novit
2827 3464 2971 3516 esse,
3000 3462 3172 3518 quam
3201 3445 3442 3499 vincula.

2032 3547 2082 3596 7.
2120 3543 2230 3597 Nec
2259 3542 2400 3598 illud
2440 3542 2683 3597 otiosum
2719 3540 2872 3612 quod
2898 3539 3012 3594 duo
3041 3539 3303 3610 discipuli
3332 3537 3584 3608 dirigun-

1961 3643 2072 3703 tur,
2113 3637 2310 3690 Petrus
2343 3636 2414 3690 ad
2451 3633 2782 3691 Cornelium
2825 3633 2995 3701 (Act,
3027 3649 3081 3700 x,
3119 3631 3230 3702 23),
3272 3630 3479 3686 Paulus
3514 3629 3587 3684 ad

1959 3729 2205 3800 reliquos
2231 3729 2399 3799 (Act.,
2432 3745 2553 3795 xui,
2595 3728 2672 3800 3).
2704 3729 2770 3783 Et
2796 3727 2924 3782 ideo
2952 3742 3067 3781 non
3106 3740 3382 3796 personas
3408 3723 3589 3794 desig-

1958 3823 2145 3892 navit,
2186 3823 2282 3877 sed
2321 3838 2628 3878 numerum
2668 3820 2957 3888 deﬁnivit;
2998 3825 3191 3874 tamen
3242 3817 3288 3872 si
3324 3816 3452 3888 quis
3502 3823 3587 3870 est

1957 3917 2058 3988 qui
2098 3933 2368 3988 personas
2407 3917 2622 3988 exigat,
2669 3920 2854 3988 potest
2895 3913 3178 3969 aestimare
3222 3911 3292 3966 de
3329 3909 3587 3981 Philippo

1960 4027 2132 4082 quem
2155 4010 2399 4082 Spiritus
2419 4010 2575 4065 misit
2593 4011 2652 4064 in
2671 4009 2876 4065 Gazam
2899 4010 3065 4077 (Act.,
3091 4022 3200 4073 vm,
3221 4005 3333 4076 26),
3354 4003 3586 4076 quando

1957 4103 2230 4159 Candacis
2263 4105 2477 4175 regina:
2515 4103 2818 4175 baptizavit
2855 4101 3202 4167 eunuchum,
3229 4099 3381 4154 etab
3413 4100 3586 4152 Azoto

1957 4197 2017 4252 in
2061 4198 2380 4253 Caesaream
2425 4214 2528 4270 per
2570 4214 2771 4252 omnes
2808 4195 3055 4252 civitates
3092 4193 3330 4250 verbum
3363 4191 3587 4248 Domini

1961 4291 2274 4347 seminavit.
2308 4293 2419 4347 Nec
2457 4292 2597 4346 illud
2637 4290 3103 4362 praetereundum
3139 4287 3291 4359 quod
3329 4302 3460 4341 mox
3494 4301 3585 4339 re-

1960 4383 2265 4440 mittendos
2300 4385 2531 4453 asserit;
2565 4384 2702 4455 quia
2731 4382 3019 4454 dirigendi
3057 4384 3223 4436 erant
3260 4379 3358 4450 qui
3396 4376 3585 4433 Domi-

218 4481 272 4528 et
319 4475 549 4529 asinam
589 4480 645 4528 et
686 4474 905 4545 pullum
954 4474 1203 4546 legimus
1235 4476 1476 4544 (Matth,
1520 4492 1632 4544 xxI,
1671 4476 1757 4548 2);
1798 4482 1940 4559 ιλιι)
1962 4494 2100 4533 num
2123 4481 2312 4534 Jesum
2341 4479 2400 4534 in
2431 4478 2642 4533 ﬁnibus
2673 4476 2934 4548 gentium
2959 4474 3354 4545 praedicarent.

219 4569 359 4639 quia
388 4569 453 4621 in
480 4567 703 4622 duobus
731 4567 1061 4622 hominibus
1086 4571 1326 4640 uterque
1355 4569 1543 4624 fuerat
1570 4586 1738 4623 sexus
1769 4587 1864 4624 ex-

219 4662 443 4731 pulsus,
477 4661 536 4714 in
565 4661 785 4715 duobus
815 4660 1158 4715 animalibus
1202 4679 1372 4716 sexus
1408 4667 1650 4734 uterque
1689 4679 1855 4718 revo-

219 4758 405 4810 cetur.
439 4755 586 4825 Ergo
622 4755 736 4808 illic
779 4755 834 4808 in
876 4755 1037 4810 asina
1074 4761 1263 4811 matre
1305 4757 1468 4827 quasi
1508 4757 1681 4810 Evam
1720 4756 1863 4828 ﬁgu-

279 4879 347 4940 (7)
387 4876 536 4928 Edit.
569 4888 784 4936 omnes,
810 4879 870 4928 in
892 4875 1159 4927 castellum
1183 4877 1320 4940 sint;
1351 4876 1597 4939 Amerb.,
1624 4877 1860 4943 religati;

221 4948 347 4999 alim
380 4947 622 5011 relegati.
654 4947 784 4998 Mss.
814 4951 1000 4998 autem
1027 4947 1182 4997 nullo
1206 4961 1349 5012 pene
1373 4951 1627 5012 excepto,
1659 4953 1722 4998 ut
1758 4963 1862 5001 nos

218 5020 272 5068 in
303 5023 483 5070 textu.
513 5019 584 5070 Et
608 5030 743 5068 sane
783 5018 928 5069 hanc
957 5019 1253 5070 lectionem
1282 5019 1543 5082 allegoria
1581 5032 1694 5069 non
1731 5020 1860 5072 obs-

218 5104 354 5142 cure
384 5091 575 5154 exigit,
607 5090 812 5154 quippe
854 5104 966 5155 qua
995 5093 1318 5155 peccatores
1357 5090 1689 5141 delictorum
1730 5105 1859 5142 suo-

219 5175 345 5210 rum
378 5161 619 5211 vinculis
657 5160 865 5224 alligati
900 5174 1000 5224 per
1033 5161 1245 5210 asinam
1291 5164 1343 5210 et
1386 5161 1600 5225 pullum
1642 5163 1698 5211 in
1738 5175 1860 5213 cas-

218 5232 354 5282 tello
386 5231 646 5296 religatos
672 5231 1092 5282 adumbrentur.

278 5304 347 5364 (8)
379 5301 538 5353 Rom.
571 5303 702 5358 edit.
730 5307 786 5353 et
818 5304 982 5367 pauci
1017 5317 1169 5360 mss.,
1198 5304 1375 5352 errori
1408 5303 1720 5366 famulatus.
1753 5305 1862 5356 Me-

220 5373 348 5434 lius,
383 5387 449 5424 ac
472 5387 606 5422 mss.
637 5373 803 5436 longe
833 5374 1080 5437 plurimi,
1107 5385 1290 5423 errore
1313 5372 1647 5437 famulatus;
1677 5373 1732 5423 id
1756 5379 1858 5435 est,

219 5457 317 5505 per
359 5455 623 5504 errorem,
662 5443 759 5493 ubi
804 5441 1335 5506 subintelligendum
1377 5447 1462 5492 est
1501 5442 1742 5501 daemoni,
1791 5443 1859 5493 ad

221 5527 398 5576 quem
423 5514 590 5564 verba
613 5515 865 5578 proxime
890 5514 1183 5577 sequentia
1211 5514 1543 5564 referuntur.
1569 5514 1630 5563 In
1654 5514 1861 5578 quibus

224 5584 422 5634 verbis
448 5599 545 5648 pro
567 5598 707 5636 voce
730 5598 898 5644 reum,
928 5589 988 5635 ut
1015 5584 1145 5635 edit.
1167 5589 1224 5634 et
1253 5584 1441 5648 plures
1465 5597 1598 5634 mss.
1629 5584 1857 5647 habent,

224 5654 278 5701 in
327 5666 466 5702 mss.
501 5660 741 5720 quatuor
778 5656 980 5719 legitur
1016 5657 1202 5712 Deum,
1237 5655 1294 5705 in
1339 5655 1519 5706 tribus
1561 5655 1857 5715 Dominum,

224 5723 382 5784 quod
415 5726 664 5776 ultimum
693 5727 836 5777 forte
866 5740 935 5777 an
960 5741 1091 5778 vera
1117 5726 1286 5778 lectio
1311 5731 1412 5777 est.

288 5795 356 5850 (9)
387 5795 513 5846 Mss.
540 5812 650 5848 non
676 5799 856 5863 pauci,
884 5798 976 5848 sed
998 5798 1313 5862 generaliter
1341 5811 1482 5848 unus
1513 5799 1665 5847 Deus.

2035 4574 2088 4627 8.
2140 4573 2312 4641 (Vers.
2366 4572 2477 4639 34.)
2537 4571 2618 4626 llli
2675 4585 2813 4640 ergo
2862 4566 3064 4622 directi
3117 4583 3249 4621 cum
3304 4565 3591 4620 solverent

1963 4665 2206 4735 pullum,
2248 4664 2530 4736 numquid
2572 4663 2686 4718 suis
2719 4662 2909 4717 verbis
2951 4661 3038 4715 usi
3083 4659 3260 4714 sunt?
3297 4659 3524 4714 Minime
3572 4675 3584 4710 :

1963 4758 2059 4811 sed
2105 4758 2370 4812 dixerunt
2413 4757 2557 4811 sicut
2596 4757 2816 4810 dixerat
2851 4755 2965 4809 illis
2998 4756 3184 4824 Jesus;
3222 4757 3286 4808 ut
3321 4768 3590 4824 agnoscas

2027 4879 2127 4939 (10)
2158 4878 2370 4930 Eadem
2409 4878 2566 4929 Rom.
2605 4877 2734 4928 edit.
2775 4877 2910 4940 sola,
2944 4890 3040 4942 per
3078 4876 3328 4927 unitatem
3363 4879 3588 4924 natura.

1964 4948 2074 5002 Sed
2123 4951 2517 4999 universitatem
2560 4949 2887 5000 Ambrosius
2932 4952 3095 4999 vocat
3135 4945 3589 4998 communitatem

1961 5021 2115 5070 illam
2143 5034 2254 5084 qua
2278 5019 2455 5070 tribus
2495 5021 2744 5083 personis
2773 5020 3063 5084 aequaliter
3100 5017 3358 5069 convenit
3397 5018 3589 5065 natura

1962 5091 2170 5141 divina.
2219 5091 2367 5140 Infra
2417 5105 2563 5152 vero,
2602 5091 2698 5141 ubi
2743 5095 2854 5142 vet.
2899 5091 3027 5141 edit.
3069 5103 3199 5139 cum
3245 5092 3399 5152 parte
3437 5098 3588 5144 mss,

1961 5161 2094 5224 [oris
2120 5167 2194 5211 est
2221 5177 2256 5211 a
2278 5163 2390 5220 via,
2417 5167 2606 5213 nostra
2640 5177 2768 5214 cum
2807 5163 3058 5226 reliquis,
3098 5161 3232 5222 foris
3268 5164 3342 5209 est
3380 5160 3437 5206 in
3472 5158 3592 5216 via;

1962 5235 2208 5298 exceptis
2237 5246 2351 5284 uno
2375 5234 2463 5285 vel
2503 5235 2698 5296 altero,
2727 5237 2786 5284 in
2824 5234 3135 5298 quibus.....
3175 5235 3232 5280 in
3261 5231 3401 5291 vico;
3431 5229 3588 5280 Rom.

1962 5304 2090 5354 edit.
2123 5308 2340 5354 tantum
2363 5306 2592 5356 retinuit
2620 5305 2754 5367 foris
2783 5309 2873 5356 est.

2023 5377 2118 5438 (Η)
2143 5375 2288 5426 Edit.
2316 5377 2498 5437 Rom.,
2528 5375 2638 5426 Alii
2662 5375 2907 5439 alligant.
2942 5375 3081 5425 Αιιω
3113 5387 3177 5423 ac
3221 5385 3353 5422 mss.
3395 5383 3592 5422 omnes

1962 5447 2330 5507 commodius,
2380 5447 2557 5498 Alieni
2598 5447 2850 5509 alligant,
2895 5446 3002 5496 hoc
3045 5449 3146 5506 est,
3195 5457 3306 5493 non
3361 5443 3593 5506 legitimi

1962 5518 2187 5568 domini.
2235 5518 2450 5570 Rursus
2491 5518 2684 5569 eadem
2731 5519 2859 5568 edit.
2910 5531 3039 5568 cum
3081 5520 3190 5566 vet.
3242 5516 3298 5564 in
3342 5517 3495 5565 textu
3537 5519 3594 5565 et

1962 5603 2095 5639 mss.
2136 5589 2369 5654 aliquot,
2387 5592 2522 5654 jura
2545 5590 2693 5640 novit
2719 5602 2859 5650 esse;
2889 5589 3019 5640 Gill.
3059 5589 3115 5638 in
3157 5599 3329 5650 marg.
3364 5587 3421 5635 et
3457 5597 3588 5634 mss.

1961 5661 2149 5724 plures
2185 5660 2558 5724 potioresque,
2597 5659 2740 5708 dona
2778 5659 2922 5708 novit
2968 5671 3090 5708 esse.
3137 5657 3246 5708 Sed
3290 5660 3592 5718 utrumque

1960 5743 2124 5779 suum
2151 5742 2381 5780 sensum
2407 5729 2614 5780 habere
2643 5732 2839 5792 potest.
