3936 6158
477 255 613 310 ’1887

1958 254 2012 306 S.
2056 249 2370 308 AMBROSII

3641 263 3734 318 {B88

476 379 624 448 quod
667 395 781 433 non
823 393 926 434 suo
968 394 1255 445 sermone,
1297 377 1398 434 sed
1436 379 1534 434 Dei
1575 378 1779 446 verbo;
1827 394 1933 432 nec
1973 393 2101 448 pro-
2131 375 2565 459 Aindumentis
2617 391 2792 446 usque
2837 374 2909 429 ad
2952 373 3046 431 Dei
3091 375 3369 446 templum
3411 375 3496 447 qui
3531 382 3748 450 praeibam

475 471 621 542 prio,
669 472 764 526 sed
807 471 1013 527 Christi
1063 472 1296 526 nomine
1347 472 1519 527 fidem
1567 471 1790 542 populis
1844 469 2104 525 infudere

478 565 816 636 gentilibus,
863 571 1032 636 atque
1085 566 1420 621 adversariae
1469 569 1775 637 potestates
1824 581 1952 636 quae
2001 563 2105 617 sibi

474 658 775 714 nationum
819 658 1090 730 obsequia
1134 659 1532 724 vindicabant,
1577 658 1841 713 mandato
1882 673 2103 711 cessere

476 752 689 808 divino.

547 850 598 901 9.
637 848 812 916 (Vers.
853 849 962 919 35.)
1013 849 1166 902 Unde
1215 855 1268 903 et
1313 849 1555 918 apostoli
1604 849 1835 918 propria
1879 847 2102 901 Christo

476 941 814 996 vestimenta
867 942 1267 1009 substernunt,
1327 942 1441 998 sive
1498 957 1610 1012 quo
1667 941 1799 996 facti
1857 940 2102 1011 gloriam

478 1035 807 1106 evangelica
833 1036 1228 1106 praedicatione
1259 1037 1596 1106 praeferrent
1622 1034 1732 1104 (12)
1764 1051 1777 1088 :
1811 1034 1869 1088 in
1910 1033 2101 1105 Scrip-

480 1129 621 1183 turis
665 1130 819 1184 enim
863 1129 1068 1183 divinis
1112 1130 1445 1200 plerumque
1492 1128 1824 1183 vestimenta
1866 1127 2105 1182 virtutes

479 1227 631 1289 sunt,
658 1239 785 1294 quae
813 1224 1070 1293 gentium
1100 1222 1369 1276 duritiam
1401 1224 1455 1276 in
1487 1222 1842 1293 aliquantum
1869 1219 2104 1292 propria

480 1332 709 1386 quoque
760 1315 968 1370 virtute
1029 1316 1346 1384 mollirent;
1413 1320 1476 1370 ut
1526 1315 1808 1370 inoffensa
1860 1317 2104 1369 vectura:

479 1409 655 1463 felicis
696 1409 966 1480 obsequia
1007 1411 1116 1475 (13)
1161 1410 1371 1465 sedulis
1412 1409 1704 1463 affectibus
1746 1407 2100 1463 exhiberent.

478 1505 598 1558 Non
632 1503 781 1557 enim
827 1503 1024 1557 mundi
1065 1504 1372 1558 Dominum
1415 1505 1622 1557 forensi
1665 1503 1852 1574 specie
1897 1501 2102 1573 gestari

476 1595 641 1650 dorso
699 1595 870 1651 asinae
929 1596 1261 1665 delectavit;
1309 1597 1404 1651 sed
1466 1601 1524 1650 ut
1574 1598 1782 1651 latente
1832 1594 2104 1666 mysterio

476 1689 795 1759 penetralia
834 1697 1043 1744 nostrae
1071 1691 1279 1744 mentis
1307 1691 1673 1756 insterneret,
1705 1692 1761 1744 et
1784 1688 1846 1743 in
1874 1687 2105 1742 secretis

477 1783 803 1838 animorum
850 1783 1122 1838 interiore
1168 1800 1431 1838 consessu
1471 1784 1738 1855 mysticus
1781 1788 1970 1838 vector
2012 1755 2181 1834 in-B

477 1876 708 1942 sideret,
744 1877 902 1948 quasi
943 1877 1196 1948 quodam
1239 1894 1477 1948 corpore
1521 1877 1829 1931 divinitatis
1860 1876 2100 1930 infusus.

476 1986 680 2040 regens
725 1970 932 2024 mentis
961 1970 1224 2041 vestigia,
1265 1971 1516 2026 lascivias
1557 1971 1742 2025 carnis
1780 1969 2102 2036 infrenans;

475 2067 540 2117 ut
568 2064 740 2118 ductu
771 2063 993 2134 pietatis
1017 2068 1306 2118 assuetum
1337 2065 1528 2135 populi
1557 2063 1786 2135 gentilis
1811 2062 2107 2117 edomaret

477 2156 760 2212 allectum.
803 2158 1013 2212 Felices
1043 2158 1189 2227 illos,
1233 2158 1331 2229 qui
1373 2158 1544 2212 talem
1588 2157 1832 2212 internis
1877 2154 2107 2210 renibus

477 2266 744 2320 recepere
801 2251 1114 2306 vectorem!
1172 2251 1384 2306 Felices
1435 2252 1598 2322 plane
1654 2250 1800 2316 illos,
1855 2265 2104 2320 quorum

480 2361 580 2399 ora
641 2361 712 2398 ne
779 2345 1133 2416 multiloquio
1201 2344 1588 2407 solverentur,
1647 2343 1798 2397 verbi
1866 2342 2106 2397 ccelestis

477 2437 696 2492 habena
722 2439 1038 2492 restrinxit!

555 2535 634 2586 l0.
682 2531 821 2595 Quae
863 2537 946 2586 est
987 2532 1086 2586 ista
1134 2532 1373 2599 habena,
1417 2533 1654 2586 fratres?
1695 2531 1830 2595 Quis
1870 2547 1962 2584 me
2003 2530 2101 2585 do-

476 2629 600 2679 ceat
636 2625 1117 2696 quemadmodum
1160 2642 1260 2680 ora
1310 2625 1613 2680 hominum
1656 2631 1755 2679 aut
1800 2624 2108 2694 restringat

475 2723 573 2775 aut
597 2719 808 2773 solvat?
833 2719 1158 2774 Monstravit
1181 2719 1328 2772 mihi
1355 2719 1634 2774 habenam
1670 2717 1762 2770 ille
1797 2718 1889 2787 qui
1919 2717 2056 2770 dixit
2089 2733 2101 2768 :

478 2834 505 2860 ‹‹
553 2813 622 2867 Ut
667 2813 834 2867 detur
889 2811 1027 2866 mihi
1077 2828 1266 2866 sermo
1313 2812 1368 2866 in
1417 2812 1775 2882 aper-tionem
1829 2811 1942 2864 oris
1994 2810 2106 2863 mei

476 2907 716 2976 (Ephes.,
751 2923 823 2971 vr,
858 2909 966 2960 19).
996 2929 1020 2954 n
1059 2904 1312 2978 1497
1347 2905 1544 2960 Sermo
1577 2922 1716 2973 ergo
1751 2903 1971 2957 habena
1999 2908 2102 2967 est,

477 3016 662 3054 sermo
699 3000 960 3054 stimulus
1000 3003 1116 3068 est;
1162 3004 1219 3052 et
1250 2998 1376 3052 ideo
1408 2999 1612 3052 durum
1649 3004 1734 3051 est
1770 2997 1870 3049 tibi
1903 2997 2102 3050 adver-

477 3111 570 3147 sus
599 3093 892 3148 stimulum
930 3093 1222 3146 calcitrare
1259 3093 1426 3159 (Act,
1471 3108 1542 3158 1x,
1580 3095 1654 3160 5).

475 3188 568 3241 hic
609 3203 713 3240 nos
748 3185 969 3257 aperire
1007 3202 1103 3239 cor
1133 3187 1258 3254 (14),
1293 3185 1588 3238 stimulum
1632 3185 1866 3255 perpeti,
1899 3184 2106 3255 jugum

477 3281 696 3334 ducere.
759 3280 967 3334 Doceat
1022 3283 1078 3332 et
1126 3277 1267 3332 alius
1329 3278 1540 3347 linguae
1605 3278 1913 3332 retinacula
1969 3277 2104 3349 pati.

479 3372 680 3426 Rarior
729 3373 882 3427 enim
933 3372 1158 3426 tacendi
1212 3371 1386 3426 virtus
1431 3375 1534 3439 est,
1587 3388 1757 3442 quam
1808 3370 2102 3442 loquendi.

479 3469 682 3520 Doceat
708 3466 879 3536 plane
907 3465 1020 3529 ille,
1053 3465 1149 3536 qui
1189 3465 1342 3519 velut
1381 3471 1570 3520 mutus
1612 3465 1881 3519 adversus
1912 3464 2106 3518 dolum

478 3573 590 3611 non
627 3557 851 3627 aperuit
893 3573 952 3609 os
994 3571 1162 3610 suum
1205 3556 1369 3625 (Psul.
1402 3571 1599 3622 xxxvu,
1639 3556 1741 3624 14),
1784 3559 2007 3624 paratus
2048 3554 2104 3607 in

476 3646 722 3717 ﬂagella,
754 3651 808 3699 et
837 3645 1071 3698 verbera
1099 3659 1212 3697 non
1244 3661 1527 3708 recusans,
1553 3648 1614 3697 ut
1640 3648 1788 3698 esset
1813 3643 1908 3714 pia
1938 3642 2107 3697 sessio

475 3737 606 3790 Deo.

547 3827 602 3878 11
620 3866 632 3879 .
682 3825 861 3895 (Vers.
915 3827 1025 3890 36.)
1079 3824 1231 3878 Disce
1283 3839 1315 3876 a
1370 3823 1681 3876 domestico
1733 3821 1827 3876 Dei
1885 3826 2106 3890 gestare

477 3914 798 3980 Christum,
855 3912 1130 3984 quoniam
1180 3911 1336 3981 prius
1386 3915 1438 3965 te
1494 3911 1583 3964 ille
1636 3909 1922 3980 gestabat,
1976 3925 2106 3962 cum

480 4009 668 4074 pastor
721 4007 1008 4057 errantem
1077 4003 1372 4056 reduceret
1433 4017 1597 4055 ovem
1661 4002 1838 4062 (Lua,
1897 4016 1984 4065 xv,
2051 3999 2105 4067 6)

478 4092 630 4144 disce
680 4091 874 4145 sedula
911 4091 1121 4144 mentis
1171 4096 1281 4144 tuae
1333 4090 1499 4143 dorsa
1537 4089 1915 4155 substernere,
1954 4087 2105 4142 disce

478 4195 601 4232 esse
651 4179 753 4232 sub
803 4179 1046 4244 Christo,
1090 4185 1151 4232 ut
1191 4178 1364 4248 possis
1407 4195 1529 4232 esse
1578 4195 1750 4246 supra
1799 4177 2101 4231 mundum.

481 4270 601 4322 Non
643 4268 968 4340 quicunque
1007 4268 1166 4321 facile
1212 4268 1364 4322 vehit
1387 4267 1700 4334 Christum,
1737 4268 1833 4321 sed
1878 4267 1972 4321 ille
2006 4268 2102 4337 qui

477 4363 663 4431 potest
716 4358 904 4414 dicere
963 4375 975 4412 :
1029 4379 1055 4404 ‹‹
1114 4360 1439 4412 lncurvatus
1487 4363 1543 4411 et
1599 4357 1929 4412 humiliatus
1978 4372 2104 4410 sum

2205 470 2414 532 lesum,
2456 467 2712 522 semitam
2755 468 3095 524 munierant.
3134 469 3205 523 Ut
3243 475 3304 523 tu
3348 469 3460 523 sine
3497 471 3746 531 offensione

2207 561 2502 631 gradiaris,
2545 561 2802 632 discipuli
2843 561 3072 616 Domini
3108 561 3313 616 amictu
3355 577 3410 616 se
3438 567 3619 634 proprii
3652 585 3748 623 cor-

2204 655 2356 725 poris
2400 660 2690 721 exuentes,
2729 654 2879 709 inter
2915 654 3145 710 adversa
3189 655 3477 710 turbarum
3514 657 3636 713 viam
3673 663 3752 716 tibi

2207 765 2308 803 suo
2335 754 2578 803 stravere
2611 748 2902 820 martyrio.
2935 749 2989 803 Si
3028 748 3155 819 quis
3191 754 3380 802 tamen
3425 750 3494 803 ita
3521 752 3618 806 vult
3641 755 3754 809 acci-

2205 858 2369 913 pere,
2424 859 2537 896 non
2589 841 2909 908 renitimur,
2955 842 3105 912 quod
3151 842 3338 912 pullus
3385 843 3477 897 iste
3500 843 3604 913 jam
3629 863 3757 918 supra

2205 935 2527 990 Iudaeorum
2560 935 2898 989 vestimenta
2928 933 3286 1006 graderetur.

2280 1055 2361 1105 12.
2406 1051 2549 1115 Quid
2595 1056 2786 1107 autem
2834 1051 2937 1104 sibi
2986 1052 3158 1105 velint
3209 1068 3491 1106 ramorum
3530 1054 3765 1125 fragmina

2209 1145 2448 1210 (Matth,
2489 1161 2595 1212 xxi,
2638 1146 2723 1211 8),
2765 1161 2891 1216 quae
2934 1145 3132 1215 utique
3172 1145 3547 1201 incedentium
3587 1163 3767 1217 gressus

2205 1238 2494 1308 implicare
2525 1245 2904 1303 consuerunt;
2939 1238 3255 1293 dubitarem
3291 1238 3552 1309 profecto,
3579 1240 3768 1294 nisime

2206 1332 2263 1386 in
2300 1331 2680 1403 superioribus
2719 1331 2900 1385 bonus
2931 1331 3129 1386 mundi
3165 1331 3339 1386 totius
3381 1331 3635 1386 docuisset
3655 1333 3772 1404 agri-

2206 1425 2348 1488 cola,
2378 1425 2513 1495 quia
2548 1425 2670 1495 jam
2710 1425 2920 1479 securis
2961 1426 3032 1480 ad
3073 1425 3297 1480 radices
3342 1425 3591 1479 arborum
3629 1427 3774 1496 posita

2206 1523 2308 1585 est,
2344 1535 2469 1590 quae
2509 1519 2612 1573 sub
2651 1519 2924 1573 adventus
2962 1519 3182 1572 Domini
3220 1518 3486 1574 Salutaris
3521 1518 3777 1573 infecunda

2207 1612 2482 1681 succidat,
2525 1619 2582 1668 et
2623 1613 3102 1667 infructuosarum
3144 1612 3372 1667 inanem
3415 1611 3632 1682 gloriam
3671 1629 3778 1683 gen-

2207 1707 2350 1761 tium
2380 1707 2496 1760 solo
2539 1709 2770 1773 sternat,
2813 1706 3066 1760 fidelium
3105 1705 3341 1777 pedibus
3385 1705 3778 1776 protereudam:

2209 1803 2268 1853 ut
2295 1804 2579 1854 renovatae
2617 1800 2828 1853 mentis
2858 1799 3057 1869 spiritu
3091 1799 3370 1867 nationes,
3399 1798 3544 1852 velut
3579 1797 3782 1852 novella-

2209 1909 2334 1946 rum
2363 1894 2629 1947 arborum
2659 1893 2881 1963 stirpes,
2913 1892 2980 1946 de
3008 1892 3240 1946 vetustis
3261 1891 3477 1962 possint
3505 1891 3781 1961 germinare

2207 1986 2553 2040 caudicibus.

2283 2106 2365 2156 13.
2408 2105 2486 2156 Ne
2519 2119 2654 2175 ergo
2703 2102 2979 2172 despicias
3017 2103 3168 2156 hunc
3207 2102 3482 2166 asellum;
3522 2117 3649 2155 nam
3676 2101 3790 2154 sicut

2207 2199 2266 2251 in
2305 2197 2508 2250 vestitu
2546 2195 2738 2250 ovium
2767 2200 2898 2250 sunt
2922 2195 3038 2266 lupi
3070 2211 3328 2266 rapaces,
3359 2195 3437 2250 ita
3464 2201 3650 2249 contra
3678 2194 3791 2248 inest

2208 2291 2380 2344 homo
2417 2290 2601 2344 cordis
2638 2289 3000 2344 absconditus
3035 2289 3139 2343 sub
3179 2288 3371 2360 specie
3408 2287 3648 2352 bestiali;
3683 2286 3790 2358 quia

2209 2383 2311 2438 sub
2369 2383 2580 2438 exuviis
2626 2383 2913 2454 corporis,
2967 2381 3125 2455 quod
3183 2382 3350 2436 nobis
3401 2387 3486 2436 est
3534 2395 3791 2436 commune

2208 2494 2336 2530 cum
2376 2477 2598 2544 belluis,
2640 2493 2807 2530 mens
2846 2478 2956 2531 Deo
2993 2477 3167 2546 plena
3207 2480 3524 2546 vegetatur.
3568 2472 3712 2538 Quod
3741 2472 3792 2525 ad

2208 2570 2447 2640 figuram
2492 2570 2792 2624 hominum
2831 2571 3110 2640 pertinere
3162 2572 3395 2623 sanctus
3438 2570 3670 2623 Joannes
3709 2564 3794 2620 evi-

2207 2665 2430 2718 dentius
2479 2663 2778 2718 declaravit
2827 2665 3028 2731 (Joan.,
3085 2679 3180 2729 xu,
3235 2665 3348 2730 13),
3401 2660 3655 2716 addendo
3694 2657 3796 2729 quia

2207 2763 2547 2828 acceperunt
2596 2757 2703 2810 sibi
2758 2757 3032 2811 medullas
3082 2756 3417 2828 palmarum
3475 2756 3607 2824 (l6);
3651 2753 3802 2823 justus

2208 2852 2367 2905 enim
2405 2853 2466 2904 ut
2499 2852 2688 2922 palma
2720 2851 2904 2906 floret.
2943 2851 3007 2904 Et
3042 2849 3168 2904 ideo
3209 2850 3557 2904 adventante
3597 2844 3799 2903 Christo.

2207 2944 2572 3016 erigebantur
2605 2944 2727 3014 jam
2771 2960 2940 3014 supra
2982 2944 3256 2998 humeros
3298 2943 3602 2998 hominum
3636 2938 3803 3022 vexilla

2199 3037 2455 3107 justitiae,
2503 3040 2561 3091 et
2613 3037 2856 3107 insignia
2903 3036 3358 3106 triumphorum.
3406 3035 3551 3100 Quid
3601 3032 3804 3087 miratur

1698 3091 2108 3202 Doé‘lfitjgiwr
2127 3091 2369 3192 Cturba
2399 3091 2547 3202 quod
2584 3091 2852 3201 operatur
2881 3091 3257 3201 mysterium?
3296 3091 3664 3186 Etsi~nesciat
3696 3122 3803 3195 quid

2212 3225 2470 3290 miretur,
2501 3224 2744 3278 miratur
2772 3227 2962 3277 tamen
2990 3223 3121 3294 quia
3151 3223 3208 3277 in
3241 3223 3345 3278 illo
3381 3223 3539 3293 pullo
3569 3216 3802 3290 sapientia

2211 3319 2385 3384 sedet,
2415 3318 2592 3371 virtus
2627 3323 2840 3383 manet,
2869 3317 3380 3386 inhaeretjustitia.

2287 3437 2367 3489 14.
2427 3437 2501 3490 Ne
2556 3434 2831 3504 despicias
2882 3449 3110 3505 quoque
3171 3433 3399 3487 asinam
3466 3434 3658 3496 istam,
3707 3441 3805 3498 qua.

2212 3527 2503 3599 quondam
2536 3529 2804 3598 angelum
2837 3527 2929 3581 Dei
2957 3527 3093 3580 vidit
3125 3529 3342 3594 (Num.,
3369 3542 3503 3591 xin,
3528 3528 3637 3590 25),
3669 3535 3808 3592 quem

2213 3623 2382 3676 homo
2432 3621 2624 3675 videre
2675 3637 2784 3674 non
2835 3621 3035 3690 potuit.
3088 3621 3153 3674 Et
3200 3619 3366 3688 vidit,
3417 3624 3475 3673 et
3523 3615 3727 3676 detulit,
3768 3617 3808 3664 et

2213 3713 2394 3764 locuta
2424 3713 2507 3764 est
2534 3726 2546 3762 :
2582 3715 2644 3762 ut
2673 3725 3014 3780 agnosceres
3042 3708 3465 3778 posterioribus
3491 3702 3809 3776 temporibus

2211 3801 2312 3854 sub
2345 3799 2594 3854 adventu
2639 3799 2832 3869 magni
2871 3798 3060 3868 angeli
3102 3799 3197 3853 Dei
3241 3799 3498 3870 gentiles
3539 3797 3674 3858 illos,
3710 3797 3808 3845 ante

2211 3889 2418 3955 asinos,
2447 3891 2748 3943 locuturos.

2282 4002 2538 4076 1498
2591 4007 2671 4058 15.
2717 4006 2895 4073 (Vers.
2945 4009 3055 4074 37.)
3111 4006 3351 4060 Pulchre
3405 4011 3596 4059 autem
3644 4014 3808 4054 secun-

2208 4093 2343 4146 dum
2375 4094 2584 4148 Lucam
2616 4093 2810 4148 turbas
2844 4094 3135 4149 laudantes
3173 4095 3360 4150 Deum
3404 4096 3476 4150 ad
3515 4096 3813 4149 descensum

2209 4183 2419 4236 montis
2469 4182 2778 4236 occurrisse
2832 4183 3106 4254 legimus;
3161 4191 3220 4237 ut
3278 4190 3641 4255 operatorem
3689 4193 3811 4244 mys-

2209 4271 2332 4324 terii
2383 4271 2649 4341 spiritalis
2697 4273 3086 4344 significarent
3131 4274 3236 4328 sibi
3285 4274 3517 4329 venisse
3569 4273 3636 4328 de
3681 4266 3809 4324 c0210-

2205 4363 2391 4416 Turba
2429 4361 2604 4432 igitur
2644 4361 2901 4433 agnoscit
2943 4363 3138 4430 Deum,
3170 4380 3383 4434 regem
3410 4362 3671 4434 appellat,
3701 4371 3810 4428 pro-

476 4449 673 4514 nimis;
745 4447 1046 4520 rugiebam
1111 4466 1142 4500 a
1218 4447 1434 4518 gemitu
1503 4447 1684 4501 cordis
1750 4447 1861 4500 mei
1929 4447 2095 4515 (Psal.
2119 4485 2178 4555 D
2207 4451 2462 4522 phetiam
2493 4451 2701 4521 repetit
2733 4467 2744 4503 :
2777 4472 2803 4497 «
2836 4453 3098 4506 Hosanna
3129 4451 3247 4507 ﬁlio
3281 4452 3464 4508 David
3490 4451 3658 4522 (Psal.
3685 4461 3809 4502 cxvii.

475 4555 673 4605 xxxvu,
717 4539 790 4606 9).
829 4559 854 4585 ››
885 4537 1041 4602 Quod
1083 4537 1127 4590 si
1170 4537 1455 4591 desideras
1497 4551 1609 4590 non
1647 4535 1884 4601 moveri,
1929 4551 2100 4605 super
2123 4535 2176 4555 ν
2202 4544 2312 4608 25),
2339 4562 2367 4589 η
2399 4541 2502 4594 hoc
2526 4543 2632 4607 est,
2663 4541 3077 4611 redemptorem
3109 4541 3317 4597 domus
3347 4543 3530 4597 David
3562 4544 3812 4609 exspecta-

472 4629 564 4682 illa
600 4627 944 4682 vestimenta
983 4633 1308 4682 sanctorum
1355 4629 1574 4681 elutum
1618 4626 1728 4697 tige
1773 4625 2094 4696 vestigium.

471 4719 611 4772 Cave
642 4715 795 4770 enim
835 4732 906 4770 ne
946 4715 1244 4770 lutulentis
1285 4716 1523 4786 pedibus
1564 4715 1808 4782 incedas,
1853 4731 1982 4768 cave
2025 4732 2096 4767 ne

475 4805 804 4860 transversis
849 4806 1134 4876 gressibus
1185 4808 1314 4873 (l5),
1369 4807 1646 4875 perstrata
1695 4803 1795 4857 tibi
1846 4804 2094 4874 prophe-

471 4898 708 4951 ticarum
759 4895 978 4949 viarum
1029 4894 1234 4949 itinera
1284 4894 1681 4964 derelinquas;
1739 4909 1985 4963 namque
2039 4899 2099 4946 ut

475 4985 647 5040 tutior
700 4983 950 5038 venturis
1003 4982 1266 5052 gentibus
1318 4985 1463 5036 esset
1519 4982 1796 5042 incessus,
1855 4981 2098 5051 propriis

533 5151 627 5212 (12)
658 5152 736 5201 Ita
779 5151 968 5202 cuncti
1013 5163 1142 5198 mss.
1185 5153 1240 5197 et
1281 5147 1432 5208 edit.,
1479 5152 1711 5210 excepta
1757 5146 1934 5206 Rom.,
1980 5146 2094 5204 ubi,

468 5237 572 5286 quo
601 5222 729 5284 facti
752 5221 984 5285 gloriam
1007 5219 1318 5282 evangelicae
1345 5219 1739 5282 praedicationis
1765 5218 2094 5282 pres/errent,

470 5295 626 5343 nullo
656 5307 840 5344 sensu.

534 5366 630 5445 (l3)
669 5364 797 5445 Mss.
846 5364 1081 5427 aliquot,
1110 5367 1165 5411 ut
1207 5361 1459 5424 ina/[ense
1501 5366 1698 5410 vectore
1738 5360 1909 5421 [elices
1949 5361 2094 5411 obso-

471 5450 624 5566 ἴῃῖῃ)
646 5439 802 5556 (ﬁdit.
834 5506 988 5556 Rom.
1017 5505 1152 5564 sola,
1185 5505 1397 5568 aperire
1431 5517 1528 5553 ora
1565 5519 1578 5551 :
1609 5517 1735 5567 quae
1771 5507 2094 5567 conjectura

472 5578 606 5626 satis
630 5577 849 5627 arridet.

529 5648 627 5704 (15)
657 5647 811 5696 Idem
837 5661 991 5707 mss.,
1020 5661 1086 5696 ne
1109 5647 1520 5698 transversariis
1547 5645 1826 5710 gressibus.

536 5716 630 5778 (l6)
677 5716 832 5766 Rom.
878 5717 1027 5776 edit.,
1073 5731 1248 5768 ramos
1284 5717 1608 5782 palmarum.
1654 5717 1812 5778 Alia,
1852 5729 1918 5766 ac
1963 5729 2090 5764 mss.

471 5799 686 5844 omnes,
727 5785 983 5836 medullas
1022 5787 1344 5850 palmarum.
1393 5788 1685 5851 Quomodo
1731 5789 1893 5838 etiam
1939 5787 2094 5839 locu-

2201 4635 2323 4683 tum
2355 4645 2581 4700 quoque
2613 4630 2926 4684 secundum
2951 4647 3185 4685 carnem
3209 4632 3391 4686 David
3419 4630 3602 4686 filium
3625 4624 3812 4682 venisse

2203 4718 2452 4772 declarat
2505 4718 2614 4788 (17)
2669 4735 2680 4771 :
2737 4724 2794 4773 et
2845 4718 2952 4772 hoc
3006 4719 3169 4774 turba
3228 4719 3331 4774 illa
3392 4724 3523 4792 post
3573 4717 3809 4786 exiguum

2199 4806 2537 4861 cruciﬁxura
2587 4813 2960 4862 momentum.
3017 4809 3156 4862 Vere
3209 4809 3598 4863 memorabile
3638 4804 3809 4858 divinzc

2203 4896 2552 4966 operationis
2594 4897 2838 4967 insigne,
2893 4902 2955 4951 ut
2995 4897 3304 4952 adversum
3350 4915 3412 4952 se
3457 4894 3809 4953 testimonium

2201 4990 2607 5056 extorquentur
2644 4985 2851 5052 invitis,
2887 5001 3015 5039 cum
3048 4987 3224 5040 Deum
3260 4992 3489 5057 negant
3529 4980 3809 5038 atiectibus.

2199 5156 2316 5200 tum
2345 5151 2651 5216 reperimus
2687 5156 2968 5202 auctorem
3001 5155 3186 5214 Quaest.
3225 5154 3338 5203 Vel.
3367 5159 3418 5203 et
3442 5155 3573 5204 Nor.
3603 5153 3809 5201 Testem,

2199 5227 2392 5285 quaest.
2422 5223 2502 5282 82,
2536 5225 2592 5272 in
2620 5237 2742 5287 app.
2776 5224 2848 5273 IlI
2879 5228 3007 5273 tom.
3039 5224 3093 5274 S.
3122 5227 3267 5287 Aug.
3297 5239 3464 5276 novae
3496 5223 3623 5275 edit.

2261 5294 2356 5356 (17)
2405 5292 2759 5343 Ambrosium
2807 5297 2987 5359 arguit
3027 5295 3321 5356 Erasmus,
3365 5298 3528 5359 quasi
3578 5295 3665 5343 hic
3704 5300 3807 5340 Cum

2198 5363 2407 5413 Hilario
2436 5363 2640 5413 Pictav.
2675 5377 2868 5426 parum
2900 5364 3114 5414 erudite
3152 5365 3360 5416 doceat
3392 5377 3529 5416 voce
3563 5365 3805 5413 Hosanna-

2200 5435 2636 5498 redemptionem
2677 5435 2878 5484 domus
2913 5436 3089 5485 David
3133 5437 3466 5500 signiﬁcari.
3501 5435 3606 5486 Sed
3643 5442 3806 5496 parum

2200 5509 2391 5569 arguta
2427 5510 2512 5554 est.
2554 5519 2618 5555 ea
2663 5507 2969 5565 correctio;
3010 5521 3120 5556 non
3162 5509 3319 5557 enim
3372 5509 3442 5557 de
3484 5502 3806 5570 grammatico

2197 5576 2350 5625 illius
2398 5577 2655 5626 vocabuli
2710 5578 3121 5640 signiﬁcatione
3175 5579 3297 5642 agit
3349 5584 3574 5630 sanctus
3623 5574 3805 5624 doctor.

2197 5661 2326 5698 cum
2357 5647 2463 5698 hoc
2489 5661 2665 5697 unum
2698 5647 2925 5709 indicet,
2953 5663 2983 5698 a
3010 5649 3216 5714 populo
3244 5650 3444 5700 faustis
3469 5663 3534 5699 ac
3559 5642 3806 5712 propheti-

2197 5720 2277 5769 cis
2329 5719 2826 5769 acclamationibus
2879 5719 3181 5771 adventum
3231 5720 3591 5783 redemptoris
3635 5716 3803 5766 domus
3877 5739 3879 5742 -

2198 5788 2373 5839 David
2399 5801 2523 5841 esse
2552 5788 2917 5841 declaratum.
