4022 6176
301 246 426 297 1889

1393 247 1856 302 EXPOSITIONIS
1894 245 1959 300 IN
2006 245 2226 302 LUCAM
2269 245 2394 298 LIB.
2442 246 2528 298 IX.

3512 252 3526 300 1
3541 251 3645 302 890

292 383 455 437 quem
514 367 740 421 vocibus
803 369 1162 423 conﬁtentur.
1227 370 1381 424 Unde
1442 377 1496 423 et
1561 370 1913 424 Dominicum
1940 387 1996 458 Α
2019 385 2133 422 non
2158 384 2344 438 posse,
2365 368 2462 438 qui
2491 369 2663 422 sancti
2694 369 2933 438 Spiritus
2963 370 3200 440 gratiam
3226 371 3638 427 nundinentur.

292 459 432 513 illud
463 483 473 512 :

353 554 527 619 (Vers.
561 556 668 622 40.)
697 555 758 609 Si
783 555 840 608 hi
868 558 1156 617 tacuerint,
1185 559 1393 627 lapides
1423 559 1762 611 clamabunt.

360 650 445 701 16.
476 648 668 718 Neque
695 648 854 702 enim
890 649 1097 703 mirum
1133 667 1179 703 ει
1219 651 1412 705 laudes
1453 651 1676 705 Domini
1714 655 1915 704 contra

289 744 546 794 naturam
595 757 757 795 suam
807 757 944 796 saxa
991 744 1394 813 respondeant,
1442 760 1614 815 quem
1668 743 1916 814 scopulis

288 833 544 888 duriores
587 835 901 904 praedicant
935 842 1351 908 peremptores.
1381 840 1490 892 Aut
1516 838 1752 892 fortasse
1782 836 1914 908 quia

287 927 804 982 obmutescentibus
847 929 1060 984 Judaris
1114 936 1238 1000 post
1288 931 1517 986 Domini
1569 931 1910 1002 passionem,

285 1020 393 1073 vivi
421 1025 584 1074 erant
623 1022 941 1076 secundum
970 1025 1197 1078 Petrum
1228 1026 1266 1094 (l
1296 1027 1467 1085 Petr.,
1499 1041 1559 1092 ii,
1591 1026 1666 1094 5),
1696 1025 1914 1096 lapides

282 1114 599 1168 clamaturi.
652 1117 798 1184 Ergo
849 1117 1366 1187 compugnantibus
1424 1118 1553 1172 licet
1617 1117 1913 1172 affectibus

283 1205 422 1272 suis,
461 1207 628 1261 turba
671 1211 862 1262 tamen
907 1209 1085 1263 Deum
1133 1210 1205 1263 ad
1249 1210 1524 1280 templum
1567 1227 1731 1264 suum
1781 1227 1911 1264 cum

281 1299 455 1353 laude
497 1299 743 1354 deducit.

361 1397 442 1446 I7.
474 1394 584 1448 Sed
608 1396 754 1449 Deus
781 1397 1061 1466 templum
1087 1412 1253 1450 suum
1285 1413 1400 1451 non
1429 1399 1754 1452 mercatoris
1791 1399 1914 1452 vult

283 1503 404 1540 esse
451 1487 844 1555 diversorium,
883 1490 982 1544 sed
1027 1489 1377 1544 domicilium
1418 1492 1728 1546 sanctitatis
1766 1509 1777 1545 :
1812 1509 1914 1545 nec

280 1580 555 1635 vendibili
601 1582 893 1652 religionis
934 1583 1144 1652 ofﬁcio,
1190 1585 1288 1638 sed
1335 1584 1608 1655 obsequio
1662 1586 1913 1656 gratuito

284 1689 453 1727 usum
503 1674 803 1729 ministerii
853 1677 1215 1731 sacerdotalis
1263 1677 1556 1731 informat.
1609 1677 1916 1733 Considera

2021 484 2046 510 ‹‹
2073 461 2256 516 Gratis
2284 461 2461 526 enim,
2484 462 2692 531 inquit,
2719 462 3030 532 accepistis,
3055 466 3228 532 gratis
3248 465 3376 518 date
3400 468 3638 530 (Matth.,

2016 572 2068 622 x,
2111 557 2185 618 8).
2230 578 2252 600 η
2297 555 2546 625 Denique
2585 555 2826 623 Simoni,
2870 555 2967 625 qui
3001 555 3390 610 sanctiﬁcandi
3436 573 3643 612 munus

2017 649 2194 717 pretio
2240 649 2295 702 in
2340 664 2398 702 se
2441 649 2660 718 putavit
2703 666 2865 719 posse
2911 649 3176 714 conferri,
3210 649 3502 720 respondit
3537 653 3638 704 Pe-

2014 745 2134 794 trus
2165 758 2176 793 :
2215 762 2240 789 ‹‹
2272 741 2530 806 Pecunia,
2560 741 2766 812 inquit,
2801 745 2898 796 tua
2925 747 3116 796 tecum
3138 742 3210 796 sit
3238 742 3296 796 in
3325 743 3640 808 interitum,

2014 834 2290 904 quoniam
2343 835 2582 904 gratiam
2635 836 2726 889 Dei
2778 839 2940 905 putas
2987 840 3039 890 te
3093 835 3330 906 pecunia
3374 838 3646 906 consequi

2015 944 2216 997 posse:
2257 943 2372 982 non
2419 932 2503 982 est
2544 928 2645 982 tibi
2690 945 2837 998 pars,
2896 946 3080 1000 neque
3120 947 3240 984 sors
3281 931 3337 984 in
3391 931 3494 984 hac
3535 929 3644 984 tide

2018 1022 2184 1082 (Act.,
2213 1037 2325 1089 vni,
2351 1023 2442 1086 20,
2467 1023 2573 1089 21).
2607 1045 2633 1070 ››

2089 1117 2173 1168 20.
2204 1113 2540 1169 Venditores
2572 1131 2802 1185 quoque
2841 1117 3032 1170 ovium
3060 1121 3118 1170 et
3142 1116 3320 1171 boum
3353 1120 3554 1187 (Joan.,
3587 1136 3643 1185 ιι,

2020 1211 2104 1274 15)
2130 1223 2228 1262 eos
2259 1212 2415 1278 puto,
2452 1208 2549 1278 qui
2589 1207 2656 1261 de
2695 1209 2883 1264 labore
2925 1211 3109 1264 alieno
3150 1211 3233 1264 vel
3263 1211 3644 1282 simplicitate,

2018 1301 2148 1355 foedi
2179 1302 2598 1356 auctionatores
2629 1303 2902 1373 quasdam
2946 1304 3234 1358 nundinas
3263 1313 3643 1376 aucupentur,

2018 1399 2118 1448 aut
2143 1395 2276 1466 quia
2303 1411 2434 1449 oves
2456 1395 2758 1465 ejiciuntur
2781 1401 2837 1450 et
2861 1396 3050 1464 boves,
3075 1399 3351 1452 columba
3369 1399 3648 1469 jubentur

2016 1488 2243 1555 auferri,
2284 1490 2522 1560 populus
2560 1489 2784 1544 videtur
2821 1490 3045 1545 Iudaeus
3085 1491 3305 1546 excludi
3319 1510 3336 1560 ;
3379 1493 3644 1562 Ephrem

2017 1583 2168 1635 enim
2217 1583 2361 1635 sicut
2405 1582 2673 1637 columba
2716 1582 2884 1652 (Osee,
2942 1601 3035 1651 vn,
3093 1587 3194 1655 lt),
3243 1587 3392 1656 quod
3448 1602 3645 1642 eorum

2020 1676 2286 1730 Dominus
2343 1684 2399 1729 et
2449 1677 2835 1731 successiones
2897 1678 3080 1732 oderit
3131 1684 3187 1732 et
3250 1679 3495 1744 labores.
3557 1681 3646 1734 Ais

283 1768 465 1837 igitur
479 1767 612 1838 quid
634 1767 736 1822 tibi
754 1769 826 1823 ad
847 1770 1177 1840 exemplum
1202 1771 1421 1826 vivendi
1447 1772 1734 1826 Dominica
1757 1778 1916 1842 gesta
1935 1759 1990 1830 Β
2015 1769 2347 1836 effunditur,
2382 1776 2443 1824 ut
2483 1769 2668 1840 gratia
2702 1770 3002 1840 colligatur
3035 1787 3046 1824 ε
3078 1787 3277 1825 mensa
3317 1773 3642 1827 nummula-

286 1861 683 1930 praescribant.

362 1956 448 2009 18.
481 1975 508 2002 ‹‹
535 1957 600 2009 Et
631 1955 887 2026 ejiciebat
914 1973 1112 2012 omnes
1140 1960 1454 2014 vendentes
1481 1965 1538 2014 et
1577 1965 1830 2014 ementes
1859 1961 1914 2013 in

288 2049 502 2118 templo
556 2050 694 2119 (18),
744 2056 798 2104 et
847 2067 1073 2105 mensas
1121 2053 1639 2109 nummulariorum
1691 2055 1913 2122 evertit,

287 2149 342 2195 et
394 2142 692 2196 cathedras
738 2146 1107 2200 vendentium
1165 2147 1458 2201 columbas
1501 2147 1738 2217 (Matth.,
1807 2165 1913 2212 xxi.

291 2239 394 2304 12).
433 2258 458 2282 »ι
497 2236 849 2292 Generaliter
884 2238 1072 2310 itaque
1109 2256 1282 2311 supra
1321 2240 1508 2295 docuit
1553 2241 1848 2295 sreculares
1885 2258 1916 2294 a

288 2328 380 2382 Dei
435 2330 648 2399 templo
700 2330 908 2394 abesse,
941 2331 1147 2387 debere
1193 2339 1546 2402 contractus;
1600 2335 1918 2405 specialiter

289 2428 484 2475 autem
513 2423 928 2478 nummularios
960 2427 1197 2495 pepulit.
1228 2425 1335 2490 Qui
1362 2430 1495 2481 sunt
1521 2428 1913 2493 nummularii,

288 2515 395 2569 nisi
433 2514 532 2586 qui
573 2515 642 2570 de
681 2518 918 2587 pecunia
966 2519 1187 2573 Domini
1234 2521 1455 2574 lucrum
1499 2527 1782 2592 quaerunt,
1811 2538 1916 2575 nec

288 2609 438 2663 bona
475 2609 738 2682 malaque
782 2611 1158 2666 discernunt?
1205 2614 1448 2668 Pecunia
1487 2614 1642 2668 enim
1686 2615 1916 2669 Domini

291 2702 582 2773 Scriptura
630 2704 820 2758 divina
863 2711 966 2772 est,
1015 2723 1150 2760 nam
1197 2711 1254 2760 et
1290 2707 1552 2761 denarios
1588 2708 1760 2762 servis
1799 2708 1913 2762 dis-

292 2796 487 2851 tribuit
524 2797 899 2868 profecturus,
947 2803 1005 2853 et
1040 2800 1255 2856 talenta
1298 2801 1482 2855 divisit
1524 2802 1760 2864 (Matth,
1789 2817 1914 2869 xxv,

295 2891 396 2962 14),
431 2898 487 2946 et
513 2907 618 2962 pro
645 2892 882 2946 sanitate
911 2893 1154 2948 hominis
1194 2895 1474 2949 vulnerati
1516 2895 1629 2950 duo
1655 2911 1767 2950 aera
1799 2902 1913 2950 sta-

289 2984 516 3039 bulario
553 2985 857 3057 dereliquit
898 2988 1068 3056 (Lua,
1117 3005 1168 3057 x,
1204 2991 1320 3056 35);
1360 2989 1577 3044 duobus
1613 2990 1765 3044 enim
1793 2991 1918 3044 Tes-

291 3079 555 3133 tamentis
604 3081 836 3134 vulnera
886 3086 1076 3136 nostra
1128 3087 1420 3136 curantur.
1478 3083 1582 3138 Sed
1647 3087 1703 3137 tu
1757 3085 1918 3155 quasi

291 3172 471 3226 bonus
502 3173 919 3228 nummularius
945 3175 1169 3245 eloquia
1212 3177 1458 3242 Domini,
1491 3178 1716 3249 eloquia
1745 3181 1916 3247 casta,

290 3272 595 3336 argentum
645 3267 777 3338 igne
839 3269 1229 3324 examinatum
1299 3271 1557 3338 reconde,
1613 3277 1916 3342 purgatum

290 3358 501 3430 Spiritu
531 3361 844 3430 septiformi
877 3363 1045 3433 (Psal.
1078 3380 1152 3429 x1,
1186 3366 1274 3432 7);
1307 3381 1410 3418 nec
1434 3365 1750 3419 adulteram
1783 3365 1919 3420 ima-

292 3453 484 3524 ginem
516 3455 666 3525 regis
701 3457 851 3526 (quia
885 3462 941 3511 et
975 3459 1213 3512 Satanas
1241 3458 1610 3530 transfigurat
1636 3475 1697 3513 se
1729 3459 1786 3512 in
1815 3476 1914 3513 an-

293 3547 482 3617 gelum
514 3548 672 3619 lucis)
695 3549 873 3620 impia
892 3551 1336 3605 commutatione
1359 3552 1627 3622 suscipias
1649 3555 1785 3622 (19);
1816 3570 1919 3608 nec

292 3641 658 3696 imminutam
707 3643 982 3714 principis
1025 3644 1103 3698 tui
1150 3646 1389 3716 figuram
1446 3645 1666 3700 Arianae
1721 3647 1918 3701 fraude

295 3734 563 3805 perﬁdiae,
611 3737 876 3792 thesauro
922 3743 1017 3792 tuo
1049 3739 1283 3794 misceas
1314 3759 1324 3792 :
1361 3756 1468 3793 nec
1498 3741 1758 3811 pecunias
1784 3758 1919 3796 sono

294 3843 457 3883 aures
488 3831 674 3885 tentes
706 3831 994 3899 ﬁdelium;
1025 3839 1087 3887 ut
1124 3832 1525 3903 religiosarum
1566 3834 1918 3889 audientiam

294 3922 713 3994 Scripturarum
751 3926 986 3980 tinnitus
1028 3927 1156 3980 aeris
1198 3927 1479 3995 excludat,
1527 3928 1614 3982 vel
1643 3928 1920 3999 religiosis

293 4015 586 4072 affectibus
630 4019 874 4074 habendi
923 4021 1201 4091 cupiditas
1255 4022 1561 4076 inseratur.
1613 4023 1735 4077 Non
1786 4039 1920 4094 ergo

295 4127 491 4167 omnes
517 4113 892 4168 excludantur
920 4115 1324 4184 nummularii;
1351 4118 1483 4170 sunt
1501 4116 1657 4171 enim
1683 4122 1740 4170 et
1764 4116 1916 4170 boni.

297 4204 568 4277 Denique,
603 4227 628 4253 ‹‹
660 4208 963 4262 Pecuniam
994 4225 1200 4277 meam,
1235 4209 1442 4280 inquit,
1473 4209 1728 4264 dedisses
1759 4227 1922 4265 num-

296 4300 571 4368 mulariis,
621 4306 677 4355 et
719 4317 824 4372 ego
869 4303 1101 4357 veniens
1150 4319 1277 4357 cum
1343 4303 1528 4358 usuris
1582 4305 1918 4375 recepissem

297 4409 416 4447 eam
448 4395 690 4463 (Matth.,
719 4411 842 4460 xxv,
873 4399 980 4464 27).
1014 4417 1040 4445 ››
1065 4397 1225 4460 Quod
1253 4399 1298 4450 si
1328 4414 1598 4451 nummus
1626 4402 1711 4452 est
1737 4398 1923 4468 Scrip-

301 4495 570 4558 turarum,
601 4493 658 4544 et
684 4506 852 4544 usura
883 4495 968 4544 est
996 4491 1432 4561 Scripturarum.

369 4589 451 4640 19.
497 4584 802 4642 Cathedras
845 4588 1036 4640 autem
1082 4585 1445 4640 vendentium
1491 4587 1780 4641 columbas
1823 4603 1924 4641 cur

297 4681 580 4746 everterit,
621 4678 933 4734 secundum
975 4679 1224 4735 litteram
1266 4696 1380 4734 non
1416 4681 1702 4751 intelligo;
1735 4697 1920 4752 neque

297 4775 447 4830 enim
496 4775 906 4829 nundinatores
945 4775 1133 4828 avium
1176 4773 1461 4828 vindicare
1510 4774 1610 4828 sibi
1659 4780 1922 4844 poterant

300 4870 560 4924 honorati
612 4869 847 4940 alicujus
909 4869 964 4922 in
1034 4868 1304 4923 nundinis
1371 4867 1493 4922 solii
1557 4867 1918 4938 dignitatem.

301 4961 554 5036 1499
583 4965 719 5017 Nam
749 4980 875 5034 quae
905 4963 1284 5033 praerogativa
1315 4960 1609 5032 dignitatis
1639 4967 1723 5016 est
1747 4962 1803 5014 in
1837 4978 1923 5016 co-

300 5057 545 5112 lumbis?
571 5057 852 5112 Admonet
881 5063 1068 5112 tamen
1098 5056 1378 5111 Dominici
1404 5055 1592 5110 forma
1619 5055 1921 5125 baptisma-

298 5152 382 5220 tis,
416 5153 642 5223 quando
683 5151 976 5206 descendit
1014 5151 1254 5221 Spiritus
1288 5153 1517 5204 sanctus
1552 5150 1611 5203 in
1655 5149 1920 5204 columba

299 5248 462 5312 (Lua,
498 5263 576 5313 ιιι,
607 5246 715 5314 22),
747 5251 882 5317 typo
913 5247 1227 5316 ejectorum
1257 5245 1325 5299 de
1352 5245 1564 5316 templo
1592 5243 1920 5314 hujusmodi

301 5346 697 5406 mercatorum,
720 5341 778 5394 in
807 5340 1050 5395 Ecclesia
1080 5339 1176 5394 Dei
1201 5340 1551 5394 consortium
1582 5354 1678 5392 eos
1706 5337 1919 5392 habere

357 5521 454 5578 (18)
486 5519 652 5568 Hunc
684 5517 930 5568 Matthaai
957 5521 1172 5567 textum
1201 5518 1294 5581 qui
1325 5517 1377 5565 in
1408 5515 1670 5564 omnibus
1706 5529 1836 5565 mss.
1869 5519 1922 5564 et

298 5595 408 5639 ant.
445 5590 572 5639 edit.
620 5589 914 5650 invenitur,
958 5589 1086 5639 edit.
1130 5588 1285 5638 Rom.
1330 5589 1614 5649 rejecerat,
1650 5591 1708 5634 ut
1750 5585 1919 5635 alium

299 5675 364 5710 ex
405 5662 552 5712 Luca
595 5661 985 5720 substitueret;
1027 5659 1124 5710 sed
1174 5659 1408 5709 aliorum
1458 5657 1920 5719 evangelistarum

302 5733 469 5795 locos,
500 5737 722 5784 auctore
756 5746 866 5782 non
893 5733 1075 5792 citato,
1101 5743 1409 5794 proponere
1447 5735 1614 5793 atque
1648 5741 1921 5791 exponere

303 5817 408 5854 non
434 5805 604 5856 semel
636 5806 690 5854 in
721 5804 827 5854 hoc
853 5816 1015 5868 opere
1044 5803 1272 5865 contigit
1299 5801 1606 5852 Ambrosio.

1941 3126 1995 3200 C

2017 1863 2239 1917 riorum
2280 1863 2571 1931 evertitur,
2605 1868 2665 1918 ut
2707 1863 2928 1918 Domini
2965 1865 3339 1936 subrogetur;
3374 1882 3475 1921 ara
3504 1867 3643 1937 deji-

2018 1958 2180 2025 citur,
2211 1961 2275 2011 ut
2299 1958 2601 2028 erigantur
2625 1958 2852 2013 altaria.

2088 2054 2172 2104 21.
2203 2055 2389 2122 Atque
2418 2052 2526 2106 hoc
2567 2068 2681 2106 non
2717 2051 2909 2122 aliqua
2945 2054 3262 2108 succinctus
3297 2070 3475 2109 manu
3503 2057 3644 2110 divi-

2018 2145 2220 2215 tiisque
2262 2145 2519 2212 faciebat,
2567 2146 2662 2200 sed
2705 2145 2930 2216 ﬂagello
2979 2146 3049 2200 de
3102 2147 3348 2202 restibus
3391 2149 3646 2204 caedebat

2018 2239 2209 2292 turbas
2242 2240 2440 2307 (Joan.,
2467 2256 2518 2306 ιι,
2555 2243 2655 2306 15),
2689 2245 2743 2294 et
2771 2239 2962 2294 nullus
2993 2241 3259 2295 resistere
3286 2243 3544 2298 audebat.
3580 2245 3650 2300 Et

2018 2348 2168 2385 nunc
2193 2332 2354 2402 virga
2372 2333 2573 2400 utitur,
2597 2348 2748 2387 nunc
2778 2333 3006 2403 ﬂagello
3031 2352 3042 2386 :
3069 2357 3096 2382 α
3122 2335 3290 2405 Virga
3318 2337 3468 2390 enim
3496 2341 3648 2398 recita

2019 2432 2120 2491 est,
2153 2426 2308 2496 virga
2347 2425 2506 2496 regni
2546 2425 2626 2479 tui
2657 2427 2824 2494 (Psal.
2861 2443 3000 2494 xuv,
3031 2428 3114 2497 7);
3149 2447 3175 2478 ››
3209 2427 3390 2498 virga,
3425 2435 3488 2484 ut
3517 2447 3643 2486 cor-

2019 2520 2183 2589 rigat,
2226 2520 2476 2588 ﬂagello,
2519 2524 2582 2573 ut
2619 2520 2868 2575 suadeat.
2909 2521 3129 2575 Directa
3165 2521 3278 2575 illic
3322 2540 3333 2574 :
3375 2523 3466 2577 hic
3518 2541 3645 2577 mo-

2020 2613 2149 2666 ralis
2182 2613 2344 2683 quasi
2387 2612 2597 2666 inﬂexa
2632 2614 2962 2684 praeceptio,
3003 2631 3117 2685 qua
3157 2617 3468 2684 peccatoris
3505 2634 3643 2672 con-

2017 2705 2252 2760 scientia
2298 2705 2450 2760 velut
2491 2706 2647 2761 lento
2692 2707 2927 2762 verbere
2975 2708 3330 2778 ﬂagellatur;
3374 2710 3469 2764 alii
3514 2716 3646 2766 sunt

2019 2799 2172 2853 enim
2215 2804 2462 2854 terrores
2503 2800 2846 2871 prophetici,
2889 2800 3015 2854 aliae
3064 2801 3386 2872 apostolicae
3428 2806 3643 2859 suasio-

2017 2908 2116 2947 nes
2150 2910 2162 2946 :
2195 2895 2251 2947 in
2294 2896 2534 2965 utroque
2578 2897 2773 2950 tamen
2814 2895 2981 2949 unius
3017 2894 3170 2949 verbi
3207 2900 3294 2950 est
3321 2896 3644 2969 disciplina.

2018 2989 2083 3042 Et
2127 2987 2257 3042 ideo
2300 2987 2593 3059 ﬂagellum
2638 2988 2707 3042 de
2750 2989 2996 3043 restibus
3035 2989 3190 3057 fecit,
3230 2990 3366 3061 quia
3404 3014 3431 3040 ‹‹
3464 2992 3647 3047 Funes

2021 3081 2364 3148 ceciderunt,
2405 3082 2611 3152 inquit,
2643 3082 2784 3136 mihi
2825 3082 2883 3136 in
2925 3083 3206 3153 praeclaris
3239 3102 3252 3139 :
3288 3084 3501 3139 etenim
3527 3087 3642 3141 hae-

2023 3175 2233 3230 reditas
2287 3192 2416 3230 mea
2474 3177 2748 3246 praeclara
2802 3180 2885 3231 est
2935 3177 3076 3232 mihi
3125 3179 3296 3248 (Psat.
3342 3195 3434 3247 xv,
3482 3182 3568 3249 6);
3615 3204 3641 3229 ι)

2019 3270 2183 3323 funes
2236 3270 2387 3324 enim
2441 3269 2740 3338 dicuntur,
2795 3271 3001 3342 quibus
3049 3271 3465 3343 agrimensores
3523 3291 3644 3330 me-

2020 3363 2331 3418 tandorum
2360 3364 2567 3418 limites
2598 3364 2708 3434 (20)
2741 3367 3069 3435 partiuntur
3092 3382 3389 3436 agrorum.
3427 3369 3493 3422 Et
3519 3368 3647 3424 ideo

2022 3459 2292 3526 tanquam
2346 3457 2530 3511 bonus
2583 3457 2943 3526 agrimensor
3004 3458 3323 3530 Synagogae
3378 3462 3649 3517 terminos

2021 3549 2429 3620 distinguebat,
2463 3555 2518 3604 et
2558 3551 2816 3604 Ecclesiae
2857 3551 3162 3622 sacrilegos
3199 3554 3268 3607 de
3315 3555 3529 3626 templo
3548 3557 3645 3627 ju-

2019 3642 2190 3698 bebat
2214 3644 2392 3698 exire.
2423 3645 2608 3698 Novus
2642 3645 2794 3698 enim
2829 3650 3062 3699 venerat
3098 3646 3378 3701 feracium
3407 3654 3650 3704 metator

2020 3737 2361 3803 animarum,
2394 3738 2490 3807 qui
2530 3753 2797 3807 agrorum
2843 3755 3077 3807 genera,
3112 3756 3223 3793 non
3266 3741 3443 3812 spatia
3470 3747 3646 3797 meta-

2021 3837 2196 3885 retur.

2091 3929 2178 3979 22.
2220 3926 2457 3980 Pulchre
2502 3931 2695 3980 tamen
2732 3943 2843 3980 non
2887 3927 3132 3982 extentis
3173 3928 3405 3983 funibus
3451 3930 3652 3985 modus

2019 4019 2220 4090 aliquis
2266 4020 2628 4090 possessionis
2675 4021 3009 4089 includitur,
3050 4039 3154 4076 nec
3197 4025 3355 4094 quasi
3401 4024 3650 4080 definitae

2022 4114 2104 4168 rei
2143 4113 2349 4169 limites
2396 4114 2524 4168 fidei
2568 4115 2970 4183 terminantur,
3020 4117 3118 4171 sed
3163 4117 3388 4188 ﬂagello
3432 4119 3488 4172 in
3539 4118 3648 4173 im-

2023 4225 2284 4262 mensum
2333 4208 2509 4262 libero
2562 4209 2706 4262 lines
2753 4210 3010 4264 Ecclesia
3056 4213 3436 4282 porriguntur
3481 4231 3492 4266 :
3550 4214 3648 4268 eli-

2023 4303 2316 4357 miuautur
2341 4303 2546 4367 Judaei,
2582 4320 2693 4357 non
2722 4304 3052 4375 praescripto
3081 4307 3272 4376 aliquo
3307 4308 3522 4375 exsilio,
3553 4307 3650 4362 sed

2020 4397 2349 4462 intermino,
2397 4402 2458 4451 ut
2505 4414 2783 4467 nusquam
2837 4399 3153 4468 Synagogaa
3199 4401 3352 4453 locus
3402 4401 3459 4454 in
3512 4401 3648 4454 orbe

1941 4503 1999 4573 D
2022 4498 2363 4545 remaneret.

2098 4588 2248 4654 (Cap.
2281 4585 2386 4639 XX.
2412 4614 2480 4623 -—
2508 4586 2662 4637 Vers.
2692 4588 2741 4638 9.
2754 4601 2768 4652 )
2802 4587 3027 4640 Vineam
3062 4587 3340 4655 plantavit
3370 4589 3540 4643 homo.

2096 4681 2179 4732 23.
2213 4678 2472 4748 Plerique
2519 4678 2700 4732 varias
2738 4679 3185 4749 signiﬁcationes
3229 4681 3300 4734 de
3338 4683 3517 4737 vineae
3559 4701 3652 4754 ap-

2025 4772 2329 4842 pellatione
2377 4772 2665 4838 derivant;
2718 4774 2812 4827 sed
2865 4773 3161 4829 evidenter
3207 4775 3375 4828 Isaias
3425 4777 3652 4831 vineam

2025 4865 2247 4920 Domini
2305 4865 2572 4933 Sabaoth,
2625 4867 2865 4921 domum
2915 4871 3080 4923 Israel
3137 4885 3260 4922 esse
3312 4871 3653 4925 memoravit

2024 4961 2178 5031 (Isa.,
2207 4976 2256 5028 v,
2285 4959 2356 5031 7).
2388 4962 2544 5015 Hanc
2587 4962 2816 5016 vineam
2845 4963 2971 5032 quis
3010 4963 3153 5016 alius
3183 4963 3291 5016 nisi
3332 4964 3484 5017 Deus
3515 4979 3647 5019 con-

2025 5054 2208 5108 didit?
2240 5054 2334 5108 Hic
2363 5059 2448 5108 est
2478 5072 2615 5127 ergo
2643 5057 2738 5126 qui
2765 5057 2965 5111 locavit
2991 5073 3142 5122 eam,
3176 5063 3232 5111 et
3258 5073 3493 5128 peregre
3519 5075 3648 5129 pro-

2023 5149 2203 5204 fectus
2243 5154 2372 5204 est:
2415 5166 2529 5204 non
2575 5151 2705 5221 quia
2752 5167 2816 5204 ex
2857 5152 2980 5204 loco
3019 5151 3086 5204 ad
3133 5151 3317 5204 locum
3365 5152 3651 5221 profectus

2024 5247 2106 5297 est
2154 5243 2446 5312 Dominus,
2477 5244 2572 5315 qui
2617 5244 2826 5315 ubique
2867 5261 3093 5314 semper
3131 5251 3233 5311 est,
3269 5245 3366 5298 sed
3398 5245 3530 5315 quia
3569 5253 3654 5302 est

2024 5338 2356 5407 praesentior
2386 5337 2774 5407 diligentibus,
2809 5338 3234 5408 negligentibus
3260 5338 3436 5393 abest.
3467 5339 3652 5393 Multis

2083 5517 2179 5575 (19)
2227 5514 2352 5564 Mss.
2402 5515 2631 5578 aliquot,
2673 5527 2763 5563 nec
2809 5513 3074 5564 adulteros
3125 5515 3407 5576 imaginem
3452 5518 3654 5579 regis...

2025 5587 2241 5648 impiam
2271 5586 2728 5635 commutationem
2755 5585 3061 5647 suscipiens.

2083 5657 2179 5720 (20)
2207 5657 2377 5714 Edit.,
2407 5655 2784 5706 metiendorum
2818 5657 3023 5707 limites.
3056 5657 3125 5707 Et
3155 5659 3315 5720 intra,
3343 5672 3450 5708 non
3473 5660 3652 5722 spatia

2022 5729 2304 5777 metiretur.
2342 5728 2466 5777 Mss.
2475 5765 2490 5791 ,
2516 5728 2944 5781 metandorum...
2977 5735 3280 5783 metantur.
