4022 6176
429 277 552 328 1891

1902 272 2060 326 S.Al

2167 271 2313 326 lOSll
3615 276 3723 329 1892

425 406 615 453 autem
657 398 1011 470 temporibus
1043 399 1246 464 abfuit;
1281 415 1352 452 ne
1380 414 1746 469 praepropera
1771 399 2057 454 videretur
2079 399 2349 484 Aredem
2391 406 2580 471 negat,
2636 401 2706 454 de
2749 403 2978 453 auctore
3029 397 3311 468 desperat.
3360 397 3531 450 Heres
3571 402 3726 455 autem

428 493 668 546 exactio.
717 493 859 546 Nam
906 509 1019 563 quo
1058 491 1447 562 indulgentior
1489 491 1820 560 liberalitas,
1859 508 1924 547 eo
1965 491 2050 545 iu-

423 585 791 640 excusabilior
818 585 1150 656 pervicacia.

495 680 584 733 24.
618 680 778 734 Unde
806 679 954 732 bene
985 679 1298 734 secundum
1329 680 1655 734 Matthasum
1683 677 1884 744 habes,
1917 679 2054 749 quia

433 795 458 822 ‹‹
501 773 568 828 Et
602 788 748 842 saepe
781 771 1160 826 circumdedit
1189 772 1432 843 (Matth.,
1463 788 1574 839 χχι,
1607 773 1720 841 33),
1756 793 1782 819 ι)
1815 772 1920 825 hoc
1947 777 2053 837 est,

427 867 633 922 divina-'3
672 865 943 920 custodiae
983 865 1299 921 munitione
1327 865 1588 933 vallavit;
1633 882 1704 920 ne
1741 865 1904 918 facile
1936 864 2054 934 spi-

429 961 682 1016 ritalium
729 964 948 1030 pateret
991 959 1312 1014 incursibus
1354 959 1688 1014 bestiarum.
1735 979 1762 1006 ‹‹
1801 959 1868 1011 Et
1915 957 2059 1013 fodit

431 1055 489 1108 in
534 1070 598 1107 ea
636 1053 885 1107 torcular
915 1053 1120 1121 (Ibid).
1156 1073 1180 1102 υ
1217 1051 1517 1116 Quomodo
1558 1049 1814 1124 1500
1845 1050 2053 1105 intelli-

429 1148 621 1219 gimus
673 1147 812 1217 quid
869 1146 942 1200 sit
986 1146 1261 1213 torcular,
1312 1145 1419 1199 nisi
1461 1145 1607 1199 forte
1661 1145 1799 1216 quia
1853 1144 2057 1216 psalmi

431 1257 532 1311 pro
585 1239 956 1295 torcularibus
1008 1239 1398 1293 inscribuntur
1448 1238 1618 1309 (Psal.
1665 1255 1778 1306 Vili,
1824 1254 1960 1295 Lxxx
2003 1245 2058 1292 et

431 1336 676 1403 Lxxxm),
710 1350 777 1388 eo
807 1332 963 1404 quod
992 1332 1050 1385 in
1091 1332 1181 1386 his
1204 1332 1474 1402 mysteria
1507 1332 1817 1386 Dominicaa
1845 1331 2057 1403 passio-

435 1429 540 1496 nis,
573 1428 740 1482 modo
780 1426 952 1481 musti
992 1429 1190 1480 sancto
1223 1427 1473 1480 fervente
1506 1426 1723 1496 Spiritu
1754 1427 2057 1497 propheta-

429 1539 555 1576 rum
595 1520 1008 1575 redundantius
1042 1519 1445 1574 aestuaverint?
1472 1520 1729 1591 Denique
1761 1519 1909 1574 ebrii
1952 1536 2056 1590 pu-

427 1616 707 1681 tabantur,
736 1613 940 1685 quibus
979 1613 1224 1684 Spiritus
1264 1616 1488 1667 sanctus
1529 1613 1848 1668 inundabat
1887 1613 2060 1682 (Act,

2154 492 2426 557 Christus,
2477 493 2743 565 idemque
2788 493 3027 546 testator
3076 496 3133 546 et
3179 489 3382 556 hares,
3429 490 3553 560 quia
3590 494 3734 548 morti

2157 586 2402 658 propriae
2447 587 2772 658 supervivit,
2829 588 2887 640 et
2933 587 3425 640 Testamentorum
3477 600 3589 655 qua:
3632 586 3733 657 ipse

2155 679 2426 748 condidit,
2456 686 2736 752 tanquam
2774 678 3136 734 haereditaria
3176 678 3234 732 in
3276 676 3479 732 nostris
3503 679 3735 748 profecti-

2156 773 2260 828 bus
2285 774 2676 830 emolumenta
2706 773 3092 843 consequitur.

2226 870 2314 922 28.
2364 869 2538 937 (Vers.
2592 869 2699 937 i5.)
2743 867 2981 921 Pulchre
3028 882 3167 936 ergo
3215 865 3544 935 interrogat,
3571 871 3629 920 ut
3656 882 3744 920 sua

2157 977 2216 1016 se
2245 961 2352 1031 ipsi
2372 961 2645 1016 damnent
2675 959 2983 1015 sententia.
3013 960 3332 1012 Venturum
3359 963 3542 1012 autem
3568 958 3741 1013 Domi-

2159 1070 2297 1110 num
2323 1054 2460 1109 dicit
2486 1055 2689 1123 vineae,
2721 1053 2872 1125 quod
2911 1054 2970 1106 in
2998 1052 3138 1108 Filio
3165 1051 3310 1106 adsit
3337 1051 3505 1105 etiam
3533 1055 3746 1122 paterna

2158 1149 2439 1218 majestas,
2478 1148 2566 1202 vel
2608 1148 2761 1218 quod
2799 1147 3009 1201 ultimis
3045 1145 3401 1217 temporibus
3443 1145 3749 1215 praesentior

2159 1242 2422 1297 humanis
2441 1241 2652 1312 aspiret
2677 1241 2989 1296 aﬁ‘ectibus.
3024 1241 3134 1310 ipsi
3165 1240 3356 1310 itaque
3383 1239 3441 1292 in
3470 1254 3525 1292 se
3554 1241 3751 1294 senten-

2161 1337 2299 1390 tiam
2332 1335 2547 1402 dicunt,
2588 1339 2650 1390 ut
2697 1335 2838 1391 mali
2877 1340 3135 1406 pereant,
3176 1339 3231 1387 et
3274 1332 3348 1386 ad
3385 1331 3518 1386 alios
3551 1331 3753 1386 colonos

2159 1429 2326 1485 vinea
2346 1429 2736 1484 transferatur.
2762 1428 2868 1492 Qui
2888 1427 3063 1499 igitur
3083 1425 3198 1480 sint
3217 1426 3421 1494 coloni,
3445 1441 3568 1496 qua
3589 1425 3752 1488 vinea,

2161 1523 2608 1578 consideremus.

2231 1620 2318 1673 29.
2352 1616 2526 1672 Vinea
2554 1619 2726 1688 typus
2756 1620 2946 1670 noster
2972 1616 3076 1684 est,
3108 1614 3262 1686 quod
3302 1612 3544 1684 populus
3569 1613 3663 1666 Dei
3685 1613 3756 1665 vi-

429 1726 485 1776 ιι,
537 1709 644 1778 13).
696 1709 844 1779 Ergo
889 1711 946 1760 et
991 1707 1081 1760 hic
1126 1708 1271 1761 fodit
1312 1707 1585 1773 torcular,
1630 1706 1688 1760 in
1734 1707 1883 1777 quod
1935 1723 2059 1760 uvae
2089 1779 2115 1780 ί
2163 1711 2234 1766 tis
2257 1717 2488 1766 aeterne
2517 1710 2709 1766 radice
2741 1709 3036 1775 fundatus,
3076 1706 3466 1780 supereminet
3505 1705 3678 1773 terris,
3706 1721 3760 1759 ac

430 1801 784 1857 rationabilis
857 1802 1071 1855 fructus
1150 1799 1385 1854 interior
1457 1799 1700 1870 spiritali
1774 1800 2059 1854 infusione
2083 1779 2136 1849 Β
2162 1806 2346 1860 solum
2384 1805 2491 1859 vile
2525 1808 2862 1876 ρι-ωιθχεηε,
2901 1819 3052 1858 nunc
3083 1779 3400 1874 gemmanti
3431 1800 3566 1854 ﬂore
3600 1799 3760 1870 pube-

431 1897 726 1950 deﬂueret.
771 1916 799 1944 ‹‹
831 1893 1144 1948 .Ediﬁcavit
1179 1893 1387 1947 turrim
1434 1895 1676 1961 (Mutth.,
1727 1909 1839 1961 xm,
1880 1898 1994 1963 33),
2030 1914 2057 1944 »

2162 1899 2288 1966 scit,
2319 1914 2470 1952 nunc
2511 1898 2857 1953 circumfusa
2881 1895 3161 1951 viriditate
3188 1895 3444 1961 vestitur,
3474 1909 3618 1947 nunc
3644 1892 3765 1946 mite

430 1989 698 2043 verticem
750 1988 959 2042 scilicet
1011 1988 1152 2058 legis
1195 1987 1457 2042 attollens
1501 2003 1514 2040 :
1565 1993 1735 2057 atque
1795 1987 1872 2041 ita
1914 1988 2059 2042 hanc
2152 1993 2364 2064 jugum
2422 1992 2673 2063 suscipit,
2732 2007 2860 2046 cum
2914 1989 3324 2045 maturioribus
3380 1986 3620 2042 brachiis
3666 1986 3764 2055 (2i)

432 2085 654 2137 vineam
720 2081 1030 2146 munitam,
1087 2080 1466 2145 instructam,
1523 2087 1786 2134 ornatam
1856 2081 2059 2135 locavit

433 2176 664 2231 Iudaeis.

507 2274 590 2324 25.
638 2271 808 2338 (Vers.
867 2272 976 2334 10.)
1029 2270 1093 2322 Et
1149 2276 1407 2340 tempore
1466 2270 1756 2324 fructuum
1813 2271 2062 2325 servulos

434 2381 562 2418 suos
590 2362 764 2417 misit.
799 2364 943 2416 Bene
968 2367 1196 2432 tempus
1221 2363 1512 2417 fructuum
1546 2363 1757 2433 posuit,
1789 2379 1901 2417 non
1935 2380 2063 2434 pro-

437 2463 700 2524 ventum;
747 2457 933 2510 nullus
984 2456 1140 2509 enim
1187 2456 1402 2510 fructus
1451 2457 1666 2511 exstitit
1711 2456 2058 2522 Judteorum,

433 2551 622 2605 nullus
651 2549 828 2604 vineae
859 2550 1028 2620 hujus
1049 2555 1376 2620 proventus,
1401 2550 1471 2604 de
1501 2566 1615 2621 qua
1641 2550 1912 2605 Dominus
1942 2551 2056 2605 ait:

437 2664 466 2692 κ
509 2643 828 2714 Exspectavi
878 2647 944 2697 ut
984 2643 1200 2699 faceret
1245 2660 1398 2712 uvas,
1449 2644 1582 2698 fecit
1637 2647 1828 2699 autem
1873 2644 2062 2714 spinas

435 2739 590 2807 (lsa.,
617 2754 668 2803 v,
700 2739 772 2808 2).
803 2759 828 2786 ››
864 2738 1058 2809 Itaque
1087 2754 1203 2791 non
1231 2737 1438 2792 laetitia:
1459 2737 1609 2804 vino,
1642 2753 1759 2792 non
1787 2738 2058 2808 spirituali

435 2839 646 2900 musto,
680 2832 776 2886 sed
803 2835 1039 2886 cruento
1070 2831 1475 2902 prophetarum
1503 2832 1778 2903 sanguine
1814 2832 2059 2886 torcula-

436 2925 520 2980 ria
550 2925 960 2980 redundarunt.
989 2924 1244 2995 Denique
1267 2925 1534 2978 Jeremias
1561 2925 1618 2979 in
1645 2926 1831 2978 lacum
1860 2925 2063 2979 missus

435 3023 519 3074 est
547 3021 784 3089 Herem,
814 3034 1034 3085 xxxvm,
1063 3019 1149 3087 6);
1186 3019 1305 3072 haec
1343 3018 1500 3072 enim
1527 3025 1688 3072 erant
1712 3019 1834 3088 jam
1870 3023 2059 3073 torcu-

442 3115 584 3168 laria
609 3113 935 3168 Iudaeorum
968 3128 1080 3165 non
1119 3111 1252 3165 vino
1293 3111 1532 3181 repleta,
1562 3111 1661 3166 sed
1703 3112 1964 3166 borbore.
1999 3113 2140 3218 Ειο

437 3208 567 3261 licet
607 3206 951 3278 generaliter
995 3205 1288 3277 prophetas
1326 3205 1627 3258 videantur
1663 3205 1927 3276 exprimi,
1970 3205 2065 3260 dat

437 3307 633 3356 tamen
673 3300 842 3354 lectio
885 3299 971 3368 (lll
1009 3301 1160 3366 Reg.,
1206 3314 1312 3365 χιι,
1356 3298 1463 3369 13),
1493 3302 1558 3352 ut
1590 3299 1748 3352 illum
1789 3299 1883 3370 qui
1923 3299 2059 3370 lapi-

436 3395 597 3449 datus
650 3399 756 3460 est,
806 3393 1130 3447 Nabutham
1178 3409 1296 3447 esse
1345 3391 1644 3447 credamus
1691 3409 1703 3446 :
1755 3393 1914 3464 cujus
1958 3395 2061 3448 etsi

437 3488 658 3542 null-um
689 3486 1083 3558 acceperimus
1120 3486 1523 3558 propheticum
1552 3486 1811 3555 verbum,
1846 3487 2059 3557 accepi-

438 3597 564 3636 mus
590 3583 786 3635 tamen
823 3580 1222 3652 propheticum
1253 3581 1500 3650 factum;
1541 3581 1678 3652 quia
1720 3580 1930 3635 multos
1961 3596 2064 3651 pro

435 3676 540 3730 hac
567 3675 733 3729 vinea
759 3674 982 3728 futuros
1024 3678 1302 3745 martyres
1340 3673 1570 3746 proprio
1607 3675 1889 3745 sanguine
1933 3691 2060 3745 pro-

437 3769 706 3840 phetavit.
756 3768 888 3833 Quis
933 3771 1125 3822 autem
1177 3772 1261 3822 est
1305 3769 1397 3822 ille
1445 3769 1543 3840 qui
1592 3769 1654 3822 in
1703 3769 1888 3839 capite
1941 3769 2060 3822 vul-

436 3865 710 3919 neratur?
762 3862 1042 3917 Nimirum
1093 3862 1292 3927 lsaias,
1350 3863 1509 3932 cujus
1555 3863 1780 3917 facilius
1835 3879 2060 3933 compa-

435 3959 630 4028 ginem
669 3955 926 4027 corporis
956 3971 1111 4010 serra
1150 3955 1359 4023 divisit,
1395 3972 1570 4027 quam
1601 3955 1775 4012 tidem
1823 3956 2060 4010 inclina-

434 4053 533 4118 vit,
585 4052 1028 4106 constantiamve
1083 4050 1340 4117 detrivit,
1394 4057 1490 4104 aut
1547 4051 1798 4120 vigorem
1858 4050 2066 4106 mentis

437 4146 707 4201 exsecuit.

505 4243 595 4294 26.
627 4240 796 4308 (Vers.
834 4241 1042 4306 11-14.)
1080 4241 1194 4310 Ego
1233 4239 1411 4309 igitur
1448 4238 1662 4293 factum
1704 4247 1810 4305 est,
1846 4246 1905 4293 ut
1931 4255 2064 4293 cum

437 4334 628 4406 plures
667 4333 805 4388 alios
845 4332 1202 4400 destinasset,
1247 4349 1388 4403 quos
1431 4332 1615 4386 Judaei
1658 4333 1970 4387 inhonoros
2009 4338 2067 4388 et

437 4429 640 4483 inanes
685 4428 813 4494 sibi,
867 4427 937 4482 de
987 4427 1196 4500 quibus
1252 4427 1394 4482 nihil
1441 4432 1750 4498 potuerunt
1791 4427 2067 4498 proficere

2163 2087 2324 2158 quasi
2351 2085 2656 2141 sarmentis
2694 2084 2957 2140 secundae
2994 2083 3122 2138 vitis
3157 2081 3493 2137 adoleverit.
3525 2080 3768 2152 Agricola

2161 2181 2372 2252 quippe
2397 2179 2763 2250 omnipotens
2793 2180 2976 2246 Pater,
3017 2176 3144 2232 vitis
3174 2179 3261 2230 est
3293 2175 3552 2231 Christus
3579 2177 3770 2242 (Joan.,

2164 2291 2250 2341 xv,
2283 2275 2362 2344 i);
2395 2277 2456 2328 at
2483 2289 2618 2328 vero
2659 2289 2762 2326 nos
2801 2272 3084 2342 palmites,
3119 2270 3238 2342 qui,
3272 2269 3383 2324 nisi
3421 2269 3666 2323 fructum
3698 2267 3770 2322 fe-

2162 2383 2356 2422 ramus
2383 2367 2443 2422 in
2473 2366 2718 2436 Christo,
2747 2366 2980 2420 cultoris
3017 2364 3221 2419 aeterni
3250 2363 3396 2418 falce
3425 2361 3772 2417 succidimur.

2166 2462 2335 2516 Recte
2376 2460 2552 2532 igitur
2590 2460 2754 2514 vinea
2793 2458 2995 2514 Christi
3033 2459 3274 2530 populus
3311 2455 3662 2522 nominatur,
3700 2453 3774 2509 vel

2162 2553 2317 2626 quod
2342 2554 2522 2608 crucis
2544 2555 2602 2608 in
2622 2553 2807 2608 fronte
2833 2554 3178 2624 praetexatur
3207 2551 3505 2620 indicium,
3536 2547 3585 2621 1
3603 2545 3767 2621 501

2162 2648 2247 2702 vel
2281 2647 2428 2718 quod
2455 2647 2669 2702 fructus
2695 2647 2816 2717 ejus
2854 2651 3148 2717 postrema
3180 2644 3314 2699 anni
3344 2645 3569 2716 legatur
3607 2645 3777 2705 aetate,

2163 2742 2250 2796 vel
2283 2742 2432 2812 quod
2476 2740 2744 2796 omnibus
2785 2743 2848 2794 ut
2875 2739 3167 2794 ordinibus
3197 2738 3518 2805 vinearum,
3551 2737 3630 2791 ita
3653 2750 3777 2806 pau-

2163 2835 2394 2908 peribus
2433 2841 2602 2906 atque
2639 2833 2933 2900 divitibus,
2974 2833 3288 2888 humilibus
3323 2838 3498 2904 atque
3542 2829 3780 2902 potenti-

2163 2929 2288 2995 bus,
2338 2928 2511 2984 servis
2551 2945 2614 2982 ac
2658 2927 2904 2982 dominis
2948 2926 3005 2981 in
3055 2925 3305 2982 Ecclesia
3357 2925 3458 2981 Dei
3509 2940 3670 2995 aequa
3715 2921 3786 2976 di-

2165 3021 2408 3092 mensio,
2437 3022 2592 3076 nulla
2631 3019 2896 3076 discretio
2935 3019 3048 3075 sit:
3098 3023 3162 3074 ut
3204 3020 3333 3075 vitis
3374 3019 3680 3074 maritatur
3706 3031 3783 3070 ar-

2162 3116 2416 3183 boribus,
2460 3116 2540 3170 ita
2579 3131 2781 3186 corpus
2808 3115 3039 3182 animae,
3070 3114 3270 3169 anima
3304 3129 3541 3185 quoque
3579 3109 3788 3182 corpori

2165 3210 2508 3281 conjugatur
2556 3226 2570 3264 :
2622 3215 2684 3264 ut
2731 3209 2894 3263 vinea
2941 3208 3082 3263 dum
3129 3208 3390 3278 jugatur,
3439 3207 3696 3278 erigitur,
3741 3208 3791 3256 et

2165 3303 2341 3359 recisa
2378 3319 2492 3356 non
2532 3302 2832 3367 minuitur,
2869 3301 2967 3356 sed
3006 3306 3268 3372 augetur,
3311 3301 3396 3355 ita
3427 3305 3620 3356 sancta
3645 3296 3793 3370 plebs

2163 3398 2300 3452 dum
2336 3397 2568 3468 ligatur,
2612 3395 2834 3450 exuitur
2865 3396 3000 3465 (22);
3041 3395 3180 3449 dum
3216 3394 3586 3462 humiliatnr,
3632 3390 3790 3446 attol-

2163 3491 2300 3545 litur
2315 3509 2330 3558 ;
2365 3490 2503 3544 dum
2530 3489 2821 3559 reciditur,
2846 3493 3164 3543 coronatur.
3185 3487 3331 3552 Quin
3350 3488 3533 3544 etiam
3560 3489 3626 3542 ut
3644 3492 3795 3540 tener

2165 3585 2420 3639 surculus
2483 3583 2658 3638 veteri
2711 3582 2988 3638 abscissus
3033 3598 3104 3637 ex
3161 3582 3399 3652 arbore,
3460 3581 3520 3635 in
3573 3580 3796 3636 alterius

2164 3679 2284 3734 fetu
2309 3678 2514 3733 radicis
2553 3677 2840 3744 inseritur,
2868 3677 2948 3731 ita
2988 3676 3232 3748 populus
3270 3677 3363 3730 hic
3406 3681 3644 3732 sanctus
3677 3689 3795 3728 sur-

2164 3772 2274 3826 culi
2330 3772 2535 3827 veteris
2583 3771 2943 3826 cicatricibus
2999 3769 3285 3836 enodatis,
3339 3770 3401 3824 in
3460 3770 3561 3824 illo
3625 3767 3797 3823 crucis

2167 3866 2321 3936 ligno
2349 3869 2619 3938 tanquam
2647 3865 2867 3936 gremio
2899 3864 3006 3935 piae
3035 3863 3282 3935 parentis
3309 3864 3470 3919 fotus
3498 3861 3758 3918 inolescit
3786 3877 3796 3913 :

2165 3959 2519 4030 Spiritusque
2540 3963 2764 4014 sanctus
2786 3959 2929 4013 sicut
2954 3958 3012 4012 in
3041 3958 3180 4013 altas
3205 3957 3496 4013 demissus
3522 3963 3798 4012 terrarum

2167 4053 2396 4108 scrobes
2425 4053 2557 4125 (23),
2589 4052 2668 4107 ita
2709 4052 2766 4106 in
2803 4052 2911 4107 hoc
2947 4067 3276 4108 carcereum
3316 4068 3535 4123 corpus
3571 4050 3803 4114 infusus,

2167 4163 2333 4219 aquae
2360 4147 2618 4201 salutaris
2659 4145 2876 4218 irriguo
2907 4145 3075 4201 diluit
3108 4146 3393 4218 quidquid
3423 4152 3513 4200 est
3541 4144 3802 4207 fetidum,

2166 4241 2672 4312 membrorumque
2700 4245 3030 4296 nostrorum
3059 4239 3267 4296 habitu
3288 4241 3348 4296 in
3385 4240 3682 4296 caelestem
3710 4236 3806 4292 eri~

2169 4336 2251 4407 git
2275 4334 2655 4406 disciplinam.

2236 4433 2324 4486 30.
2355 4430 2507 4484 Hanc
2532 4429 2761 4484 vineam
2789 4429 3036 4500 diligens
3061 4429 3310 4500 agricola
3335 4430 3567 4499 fodere,
3583 4429 3803 4500 jugare,

437 4521 777 4577 dimiserunt
819 4542 832 4576 :
875 4522 1176 4576 novissime
1227 4522 1397 4576 etiam
1449 4521 1651 4575 Filium
1707 4517 2508 4592 unigenituchontendere
2560 4525 2666 4595 (24)
2712 4523 3033 4590 consuevit;
3079 4521 3526 4594 eruderatisque
3573 4529 3804 4577 terrena:

437 4617 714 4685 mitteret,
749 4631 922 4686 quem
966 4615 1188 4686 perﬁdi,
1232 4615 1398 4686 quasi
1442 4614 1733 4670 heredem
1765 4631 2064 4670 removere

436 4709 750 4781 cupientes,
790 4709 1120 4764 occiderunt
1167 4709 1578 4779 cruciﬁgendo,
1621 4710 1917 4779 ejecerunt
1962 4726 2063 4765 ue-

437 4803 645 4874 gando.

505 4902 594 4952 27.
630 4898 882 4951 Breviter
919 4896 1109 4968 itaque
1157 4913 1331 4968 quam
1377 4913 1605 4968 magna,
1650 4914 1824 4969 quam
1863 4898 2062 4952 multa.

438 4993 689 5048 Primum
718 4991 856 5064 quia
885 4990 1157 5045 naturalis
1183 4997 1270 5045 est
1309 4991 1538 5046 bonitas
1568 5008 1696 5063 qua!
1723 4991 2066 5063 plerumque

435 5087 615 5142 credit
650 5085 920 5157 indignis,
962 5083 1171 5139 deinde
1211 5085 1345 5157 quia
1386 5091 1737 5157 postremum
1783 5086 2067 5140 malorum

435 5181 756 5236 remedium
783 5180 1037 5235 Christus
1066 5178 1297 5234 advenit
1331 5196 1344 5234 :
1377 5186 1494 5234 tum
1523 5180 1797 5251 quoniam
1823 5180 1918 5252 qui
1957 5180 2067 5234 lue-

496 5332 592 5391 (21)
620 5332 775 5380 Rom.
803 5328 958 5391 edit.,
993 5328 1377 5379 maturioribus
1418 5330 1702 5378 sarmentis
1741 5329 1898 5392 quasi
1939 5327 2066 5378 bra-

435 5400 578 5450 Chiis.

496 5472 593 5533 (22)
618 5473 868 5531 Exuitur,
894 5471 1093 5536 supple
1121 5472 1368 5527 vinculis.
1405 5477 1466 5521 ut
1506 5474 1560 5522 in
1603 5472 1714 5522 ﬁne
1758 5485 1873 5536 seq.
1910 5486 2063 5522 num.

435 5544 779 5605 exprimitur.

501 5613 595 5671 (‘23)
625 5614 776 5660 Rom.
831 5613 982 5676 edit.,
1027 5615 1362 5678 Spiritusque
1400 5621 1614 5664 sanctus
1657 5617 1712 5662 in
1754 5615 1847 5663 hoc
1889 5627 2065 5664 carce—

433 5685 584 5729 reum
607 5693 798 5742 corpus
825 5681 1052 5742 infusus,
1075 5683 1217 5733 velut
1251 5686 1308 5733 in
1333 5685 1474 5734 altas
1501 5686 1756 5736 demissus
1799 5690 2068 5735 terrarum

435 5748 662 5806 scrobes,
691 5762 865 5810 aqua,
891 5755 996 5801 etc.

505 5819 600 5881 (υ)
633 5817 844 5868 Omnes
872 5817 1025 5880 edit.,
1054 5823 1254 5884 rigare,
1279 5826 1512 5877 tondere.
1541 5827 1664 5878 Mss.
1710 5828 1824 5879 fere
1854 5841 2064 5889 omnes,

2167 4618 2330 4672 molis
2365 4616 2690 4689 aggeribus,
2732 4621 2931 4688 operta
2972 4617 3225 4688 corporis
3261 4618 3451 4673 nostri
3501 4632 3660 4672 nunc
3697 4613 3807 4669 sole

2166 4720 2405 4780 torrere,
2455 4727 2607 4766 nunc
2650 4709 2834 4766 imbre
2881 4710 3257 4781 perfundere,
3303 4711 3556 4783 stirpare
3608 4722 3807 4780 agrum

2167 4805 2364 4862 solitus
2399 4824 2412 4860 :
2443 4822 2516 4859 ne
2551 4823 2584 4859 a
2620 4804 2878 4860 sentibus
2909 4821 3144 4876 gemma
3165 4803 3435 4872 tradatur,
3466 4820 3543 4860 ne
3569 4801 3810 4860 luxuriet

2170 4901 2370 4955 umbra
2410 4899 2698 4968 foliorum,
2733 4899 3150 4970 verborumque
3187 4898 3548 4953 infructuosa
3583 4899 3804 4968 jactan-

2168 4994 2247 5048 tia
2307 4993 2605 5048 virtutibus
2665 4991 3089 5060 obumbrando,
3143 4992 3546 5048 maturitatem
3612 4987 3810 5046 indolis

2168 5087 2442 5143 naturalis
2472 5086 2770 5158 impediat.
2812 5087 2925 5142 Sed
2957 5086 3106 5142 absit
3147 5092 3210 5142 ut
3249 5085 3382 5141 huic
3423 5088 3613 5141 vineae
3641 5082 3802 5156 quid-

2169 5197 2342 5252 quam
2399 5181 2709 5237 timeamus
2761 5181 3021 5251 adversi,
3078 5197 3254 5252 quam
3317 5180 3571 5252 pervigil
3627 5180 3807 5233 custos

2159 5333 2389 5396 jugare;
2436 5331 2535 5382 sed
2582 5345 2694 5382 non
2738 5333 2904 5396 pauci
2948 5331 3140 5397 legunt
3185 5345 3312 5382 cum
3351 5330 3514 5393 edit.,
3568 5328 3803 5386 tondere;

2169 5406 2282 5452 ant.
2309 5405 2514 5462 tamen,
2549 5403 2860 5453 contendere
2886 5418 2903 5451 :
2932 5401 3081 5467 quod
3107 5415 3206 5466 pro
3233 5400 3468 5459 tendere,
3495 5402 3616 5450 sive
3644 5403 3808 5449 exten-

2167 5472 2307 5531 dere,
2331 5472 2425 5523 hic
2453 5473 2789 5524 sumendum
2833 5478 2933 5525 est.
2964 5475 3171 5526 Iterum
3210 5474 3476 5538 sequenti
3514 5483 3681 5522 versu
3713 5479 3806 5532 pro

2170 5557 2305 5594 voce
2329 5550 2537 5609 operta,
2563 5560 2730 5610 quam
2763 5559 2959 5596 omnes
2995 5546 3128 5597 edit.
3161 5559 3228 5596 ac
3273 5557 3407 5594 mss.
3453 5544 3672 5608 aliquot
3715 5539 3809 5590 ha-

2169 5615 2320 5677 bent,
2353 5616 2444 5666 alii
2469 5617 2657 5681 plures
2683 5622 2738 5668 et
2761 5619 3106 5681 antiquiores
3136 5618 3445 5682 praeferunt
3473 5618 3729 5678 operata;
3755 5615 3806 5660 et

2126 5694 2130 5698 '
2168 5701 2233 5738 ea
2275 5689 2506 5752 quidem
2552 5703 2679 5750 vox,
2711 5690 2759 5739 si
2799 5695 2948 5741 recta
2985 5695 3088 5751 est,
3132 5689 3281 5742 idem
3319 5685 3606 5751 signiﬁcat
3646 5688 3807 5750 atque

2169 5759 2417 5880 neglig;
2456 5760 2553 5810 sed
2597 5772 2856 5812 veremur
2895 5773 2966 5812 ne
3007 5760 3332 5813 duriuscule
3377 5763 3545 5810 sonet
3585 5755 3807 5808 auribus

2170 5843 2268 5880 eru
2377 5843 2422 5880 s.

2170 5843 2422 5880 θωαιῑιι.
