4022 6176
243 273 360 326 1893

1338 276 1802 332 EXPOSITIONIS
1845 276 1906 330 IN
1951 278 2174 333 LUCAM
2218 279 2342 332 LIB.
2388 279 2472 332 IX.

3448 282 3583 334 1894

234 395 444 449 Domini
478 399 748 452 Salutaris
800 400 1068 453 adversus
1115 415 1312 456 omnes
1365 401 1636 471 nequitia
1673 416 1846 455 sacu-
1874 402 2196 484 A(Matth.,
2235 417 2287 469 ι,
2325 403 2425 471 l6).
2466 422 2490 449 »
2520 401 2697 463 Quem
2744 402 2934 453 locum
2971 400 3230 470 plerique
3271 403 3578 472 accipiunt,

231 489 353 542 laris
417 490 706 546 illecebras
769 508 934 547 muro
1004 493 1128 547 vita
1193 493 1419 549 vallavit
1474 499 1735 561 aterna,
1793 498 1852 548 et

229 583 478 637 extendit
512 586 772 654 palmites
804 587 928 656 ejus
955 603 1136 658 usque
1173 588 1242 642 ad
1283 604 1437 642 mare
1466 588 1634 658 (Psal.
1668 604 1846 655 Lxx1x,

231 679 348 745 l2):
400 699 425 726 ιι
457 679 676 732 Domini
724 680 919 752 (enim)
957 689 1041 736 est
1090 687 1242 736 terra
1287 683 1453 751 (Psal.
1507 697 1660 749 χχιιι,
1719 681 1786 752 I).
1821 703 1846 730 ››

229 770 439 841 Ubique
476 773 620 826 Dens
648 775 811 829 Pater
849 774 1076 843 colitur,
1106 775 1318 846 ubique
1361 776 1615 831 Christus
1655 775 1845 829 Domi-

230 881 328 918 nus
351 866 638 920 adoratur.

291 961 378 1011 3t.
420 959 543 1013 Hac
585 967 669 1014 est
712 966 905 1016 nostra
945 963 1253 1018 vindemia.
1298 964 1434 1018 Laeti
1476 963 1653 1034 igitur
1681 969 1848 1033 atque

225 1053 424 1119 Securi,
468 1070 595 1122 pars
629 1055 913 1123 gremium
951 1073 1118 1111 suum
1149 1057 1373 1110 mitium
1415 1057 1678 1111 funiculis
1707 1071 1844 1110 one-

223 1152 302 1199 ret
357 1162 626 1214 uvarum,
678 1148 772 1201 alii
819 1150 1068 1204 calestia
1123 1167 1359 1204 munera
1428 1167 1528 1205 ore
1585 1150 1844 1216 libemus,

221 1240 478 1310 plerique
540 1241 821 1296 bonarum
889 1245 1174 1314 gressibus
1247 1244 1606 1300 voluntatum
1669 1243 1846 1298 divini

218 1334 470 1388 fructum
513 1336 768 1390 muneris
813 1337 1220 1407 exprimentes,
1261 1339 1505 1409 vestigia
1551 1337 1848 1392 cothurnis

218 1428 367 1481 nuda
395 1429 653 1500 direptis,
696 1434 880 1485 musto
909 1431 1120 1487 ﬂuente
1161 1432 1482 1503 tingamus;
1511 1432 1667 1486 locus
1694 1432 1845 1486 enim

217 1522 269 1574 in
298 1538 418 1592 quo
450 1525 660 1577 stamus
686 1529 834 1578 terra
863 1531 1052 1580 sancta
1084 1530 1189 1594 est,
1214 1532 1269 1581 et
1299 1526 1429 1581 ideo
1461 1527 1846 1580 calceamenta

217 1615 486 1670 solvenda
517 1621 647 1671 sunt
680 1618 897 1686 (Exod,
947 1636 1022 1684 III,
1053 1619 1124 1690 5),
1156 1623 1220 1673 ut
1260 1620 1514 1689 spiritale
1547 1619 1846 1689 vestigium

214 1716 585 1764 sacrosancta
653 1712 800 1766 sedis
859 1713 1107 1768 tribunal
1162 1715 1492 1782 ascendens,
1555 1713 1847 1784 corporeis

1954 497 2014 548 ut
2042 495 2175 565 quia
2201 497 2466 565 serpente
2495 508 2789 563 suspenso,
2820 491 3026 545 Christi
3057 508 3196 547 crux
3237 496 3580 550 annuntiata

1951 594 2054 655 est,
2084 605 2196 658 quo
2234 587 2627 658 serpentinum
2663 585 2933 656 nequitia
2963 585 3227 656 spiritalis
3263 589 3414 641 virus
3441 589 3577 644 abo-

1950 683 2111 745 leret,
2139 681 2402 736 videatur
2436 685 2652 735 astutus
2695 680 2775 734 ita
2821 695 2940 734 esse
2968 679 3176 734 debere
3213 680 3358 734 sicut
3398 682 3581 736 Chris-

1951 781 2060 842 tus,
2095 777 2334 846 simplex
2375 775 2520 829 sicut
2557 774 2796 845 Spiritus
2827 776 2961 841 (27).
2991 774 3075 828 En
3111 773 3216 828 tibi
3257 781 3578 844 serpentem

1952 870 2112 923 illum
2145 869 2253 939 (28)
2285 868 2382 940 qui
2409 872 2582 939 caput
2624 884 2854 938 semper
2891 867 3189 935 custodiat,
3230 868 3437 924 lethale
3465 870 3583 922 vul-

1949 978 2056 1016 nus
2082 962 2365 1017 excludat.
2402 963 2788 1032 Interrogatus
2815 978 2847 1015 a
2882 961 3093 1015 Judais
3121 967 3310 1016 utrum
3339 961 3408 1016 de
3437 962 3578 1017 calo

1950 1057 2301 1126 accepissent
2346 1058 2714 1126 potestatem,
2769 1055 3061 1125 respondit
3115 1071 3128 1108 :
3182 1075 3210 1103 ‹‹
3264 1056 3581 1126 Baptismus

1947 1150 2179 1204 Joannis
2224 1151 2372 1204 unde
2425 1152 2508 1203 est
2555 1168 2568 1204 :
2654 1148 2726 1203 de
2776 1150 2947 1218 calo,
3001 1165 3073 1202 an
3133 1166 3199 1202 ex
3249 1148 3580 1204 hominibus

1949 1245 2118 1311 (Lua,
2161 1260 2250 1310 xx,
2280 1244 2421 1313 4)?»
2451 1247 2515 1296 ut
2557 1241 2697 1296 dum
2735 1242 2874 1296 illud
2923 1241 2994 1296 de
3037 1242 3174 1297 coelo
3219 1259 3339 1298 esse
3369 1258 3581 1313 negare

1947 1353 2063 1392 non
2093 1338 2392 1403 auderent,
2432 1337 2584 1408 ipsos
2623 1336 2890 1390 amentia
2934 1336 3277 1403 confutaret,
3319 1337 3417 1408 qui
3460 1337 3582 1407 ejus

1948 1435 2237 1486 auctorem
2289 1435 2567 1502 negarent
2616 1446 2735 1484 esse
2785 1430 2854 1484 de
2906 1431 3066 1485 calo.
3129 1431 3448 1484 Postulatus
3501 1430 3581 1485 di-

1948 1526 2216 1580 drachma
2245 1525 2452 1596 quarit
2477 1524 2548 1578 de
2584 1523 2840 1594 imagine
2872 1524 3118 1594 (Matth.,
3157 1539 3288 1590 xvu,
3320 1526 3442 1593 23);
3472 1524 3582 1578 alia

1949 1619 2104 1674 enim
2149 1620 2341 1689 imago
2385 1619 2504 1683 Dei,
2551 1618 2663 1672 alia
2701 1617 2889 1687 imago
2935 1616 3154 1671 mundi.
3201 1617 3356 1671 Unde
3397 1623 3454 1672 et
3487 1616 3580 1672 ille

1949 1730 2052 1767 nos
2089 1712 2364 1766 admonet
2404 1730 2416 1766 :
2461 1731 2486 1762 (ι
2518 1711 2679 1767 Sicut
2718 1711 3072 1782 portavimus
3109 1710 3425 1781 imaginem
3462 1718 3574 1764 ter-

217 1819 399 1857 nexus
429 1805 667 1858 vinculis
695 1810 970 1874 exuatur;
1000 1807 1163 1862 decet
1193 1809 1348 1862 enim
1375 1807 1550 1862 totius
1578 1807 1730 1862 orbis
1758 1807 1847 1861 hic
1868 1781 1925 1852 Β
1949 1808 2072 1862 reni
2113 1806 2282 1872 illius,
2333 1803 2625 1876 portemus
2671 1809 2727 1859 et
2773 1805 3082 1876 imaginem
3135 1804 3303 1876 hujus
3344 1805 3579 1860 caelestis

217 1913 339 1951 esse
369 1897 742 1968 vindemiam,
778 1900 872 1954 ubi
903 1901 1076 1955 totius
1103 1901 1254 1956 orbis
1284 1905 1367 1956 est
1393 1901 1577 1956 vinea.

283 1995 378 2045 32.
414 1993 551 2046 Ecce
577 1995 805 2064 tempus
831 1995 1202 2064 acceptabile,
1227 2011 1341 2065 quo
1373 2011 1487 2049 non
1510 1994 1849 2049 hiemalibus

215 2085 473 2155 perﬁdia
524 2086 822 2158 caligantis
864 2089 1080 2159 pruinis
1126 2105 1308 2143 annus
1354 2089 1522 2159 riget,
1575 2105 1679 2143 nec
1723 2088 1848 2142 altis

214 2179 465 2233 nubibus
523 2181 633 2250 ('25)
689 2181 948 2236 informis
1007 2188 1194 2237 crusta
1249 2183 1660 2254 blasphemia,
1715 2183 1845 2252 gelu

215 2273 487 2339 durante,
509 2275 841 2343 concrescit,
871 2276 967 2330 sed
993 2277 1254 2347 procellis
1280 2277 1557 2347 sacrilegii
1587 2277 1845 2344 liberata,

214 2383 394 2422 novos
441 2367 656 2423 fructus
700 2375 847 2423 terra
887 2371 1008 2440 jam
1052 2371 1311 2441 parturit.
1357 2372 1493 2425 Vere
1530 2370 1674 2441 parit
1702 2370 1845 2442 (26);

216 2462 627 2516 dissensionum
675 2463 886 2534 quippe
939 2465 1199 2519 omnium
1245 2464 1489 2535 procella
1541 2463 1846 2528 deferbuit,

214 2555 406 2609 cuncti
450 2556 730 2610 sacularis
765 2557 1093 2628 cupiditatis
1137 2559 1363 2612 ardores
1399 2562 1683 2628 astusque
1723 2573 1844 2612 om-

215 2665 314 2702 nes
375 2649 581 2719 quibus
641 2650 811 2704 Italia
860 2651 1103 2721 populus
1154 2668 1256 2722 per
1307 2652 1548 2706 ludaica
1603 2652 1736 2706 olim
1794 2658 1849 2704 et

215 2742 441 2796 Ariana
509 2745 762 2813 proxime
827 2745 1094 2799 savitatis
1162 2745 1421 2799 incendia
1475 2745 1844 2816 coquebatur,

217 2852 418 2890 sereno
444 2837 563 2906 jam
594 2837 899 2908 spiramine
929 2841 1340 2908 temperantur.
1376 2838 1575 2894 Sedata
1604 2842 1850 2908 tempes-

219 2937 298 2984 tas
349 2937 455 3000 est,
499 2931 804 2986 concordia
846 2932 1091 3003 navigat,
1142 2932 1283 2986 fides
1329 2933 1544 3002 spirat:
1587 2933 1844 2988 certatim

213 3030 406 3079 nauta
447 3029 714 3096 repetunt
751 3026 882 3080 fidei
923 3043 1062 3097 quos
1103 3027 1382 3097 reliquere
1414 3025 1672 3098 1502
1712 3043 1845 3097 por-

1953 1902 1992 1969 (I
2023 1905 2166 1966 Cor.,
2191 1915 2282 1965 xv,
2315 1900 2427 1971 49).
2458 1922 2484 1949 ››

2022 1999 2106 2049 35.
2139 1995 2454 2066 Imaginem
2493 1994 2724 2049 Casaris
2767 2010 2880 2047 non
2925 1994 3098 2048 habet
3138 1993 3413 2064 Christus,
3443 1997 3577 2066 quia

1951 2091 2140 2161 imago
2161 2093 2245 2143 est
2271 2089 2389 2143 Dei.
2420 2088 2734 2159 Imaginem
2763 2087 3001 2144 Casaris
3026 2104 3143 2142 non
3163 2087 3334 2142 habet
3359 2089 3575 2155 Petrus,

1949 2184 2044 2254 qui
2076 2183 2218 2238 dixit
2244 2201 2256 2237 :
2294 2205 2321 2233 «
2351 2181 2704 2254 Reliquimus
2735 2181 2954 2249 omnia,
2997 2187 3052 2236 et
3081 2182 3258 2236 secuti
3300 2199 3495 2237 sumus
3523 2189 3575 2237 te

1949 2278 2189 2349 (Matth.,
2216 2294 2326 2345 xix,
2360 2280 2468 2343 27).
2504 2298 2531 2327 »
2567 2278 2760 2347 Imago
2797 2275 3034 2330 Casaris
3061 2292 3178 2330 non
3208 2277 3492 2346 reperitur
3517 2278 3576 2332 in

1947 2371 2151 2426 Iacobo
2189 2371 2278 2424 vel
2317 2373 2549 2437 Joanne,
2593 2370 2728 2441 quia
2763 2368 2862 2422 lilii
2908 2369 3149 2423 tonitrui
3191 2373 3324 2422 sunt
3359 2373 3573 2440 (Mam,

1951 2482 2024 2533 ιιι,
2077 2469 2183 2534 17),
2228 2463 2328 2519 sed
2373 2464 2657 2535 reperitur
2700 2463 2757 2516 in
2807 2462 2971 2528 mari,
3023 2461 3118 2516 ubi
3168 2464 3439 2518 dracones
3492 2463 3576 2518 illi

1950 2559 2209 2614 contritis
2258 2558 2537 2629 capitibus
2603 2573 2773 2628 super
2820 2573 3067 2627 aquam,
3125 2561 3179 2610 et
3231 2556 3351 2626 ipse
3407 2557 3574 2612 draco

1950 2653 2136 2722 major
2166 2653 2556 2706 comminutas
2591 2657 2780 2722 caput,
2820 2649 2988 2704 datur
3025 2650 3086 2703 in
3126 2665 3314 2704 escam
3354 2650 3577 2721 populis

1951 2746 2280 2817 Ethiopum
2325 2747 2489 2814 (Psal.
2538 2761 2721 2814 Lxxiu,
2766 2744 2871 2815 14).
2922 2743 2976 2798 Si
3027 2759 3163 2813 ergo
3215 2760 3332 2799 non
3378 2743 3577 2799 habuit

1953 2840 2264 2911 imaginem
2291 2840 2547 2908 Casaris,
2581 2855 2682 2893 cur
2721 2837 2885 2893 dedit
2910 2838 3184 2892 censum?
3213 2838 3336 2892 Non
3379 2837 3449 2893 de
3474 2855 3576 2892 suo

1953 2934 2128 3001 dedit,
2159 2935 2258 2988 sed
2285 2933 2531 2988 reddidit
2567 2932 2784 2987 mundo
2827 2931 2980 3003 quod
3023 2937 3148 2987 erat
3174 2932 3390 2986 mundi.
3421 2933 3490 2986 Et
3517 2939 3579 2987 tu

1950 3029 1996 3082 si
2028 3029 2104 3082 vis
2139 3045 2251 3082 non
2291 3044 2411 3082 esse
2453 3027 2730 3081 obnoxius
2769 3027 2994 3091 Casari,
3032 3026 3152 3080 noli
3188 3025 3405 3080 habere
3447 3042 3577 3098 qua

214 3125 324 3185 tus,
355 3123 413 3172 et
440 3119 624 3173 dulcia
654 3120 849 3189 patriis
876 3120 1070 3175 oscula
1100 3120 1383 3174 littoribus
1408 3121 1672 3192 aﬂigunt,
1703 3121 1845 3174 Iibe-
1870 3151 1924 3223 Ο
1954 3121 2154 3176 mundi
2206 3129 2356 3187 sunt,
2407 3120 2504 3174 sed
2561 3121 2604 3174 si
2663 3120 2837 3174 habes
2891 3119 3143 3186 divitias,
3193 3120 3472 3176 obnoxius
3521 3136 3581 3174 es

216 3217 374 3266 ratos
415 3229 474 3266 se
505 3213 792 3283 periculis,
819 3214 1108 3268 absolutos
1149 3213 1439 3268 erroribus
1476 3214 1846 3284 gratulantes.

287 3309 379 3361 33.
431 3307 605 3371 Salve,
658 3306 824 3361 vinea
872 3312 1030 3361 tanto
1079 3308 1250 3378 digna
1295 3309 1526 3362 custode
1572 3326 1583 3361 :
1638 3311 1690 3362 te
1738 3324 1850 3362 non

216 3401 386 3454 unius
429 3400 706 3454 Nabutha
746 3401 998 3470 sanguis,
1035 3401 1131 3455 sed
1164 3401 1670 3456 innumerabilium
1718 3418 1846 3471 pro-

215 3495 551 3566 phetarum,
601 3498 658 3548 et
707 3494 879 3565 (quod
922 3499 1007 3548 est
1051 3495 1311 3566 amplius)
1361 3495 1642 3566 pretiosus
1685 3511 1854 3550 cruor

217 3588 444 3642 Domini
486 3589 856 3643 consecravit.
896 3590 992 3643 Ille
1034 3589 1165 3644 licet
1213 3606 1321 3644 non
1358 3590 1639 3660 regalibus
1683 3589 1852 3643 minis

217 3683 450 3737 territus
493 3682 870 3737 constantiam
918 3687 1072 3736 metu
1113 3684 1401 3753 presserit,
1450 3699 1562 3738 non
1604 3684 1852 3753 praemiis

220 3775 528 3831 uberrimis
572 3783 905 3846 provocatus
948 3776 1282 3847 religiosum
1328 3776 1647 3831 vendiderit
1683 3776 1849 3830 affec-

216 3874 376 3935 tum;
425 3870 524 3923 sed
580 3870 764 3924 studio
827 3871 975 3940 regis
1030 3870 1326 3937 obsistens,
1387 3887 1457 3924 ne
1502 3871 1560 3924 in
1613 3870 1854 3926 hortulis

217 3964 333 4019 suis
360 3965 678 4018 malvarnm
715 3964 856 4030 olus,
888 3963 1100 4018 succisa
1127 3964 1254 4032 vite,
1283 3968 1591 4030 sereretur,
1625 3963 1853 4035 quando

220 4057 377 4111 aliud
404 4058 596 4112 facere
631 4057 926 4129 nequibat,
961 4065 1162 4128 parata
1189 4058 1398 4113 vitibus
1432 4057 1694 4113 incendia
1719 4075 1850 4128 pro-

221 4152 345 4222 prio
375 4168 579 4205 cruore
605 4151 960 4217 restinxerit;
995 4151 1370 4221 temporalem
1408 4158 1600 4206 tamen
1628 4152 1852 4206 vineam

219 4244 568 4299 defendebat
592 4245 680 4314 (III
717 4248 871 4315 Reg.,
900 4261 1012 4311 xxi,
1044 4245 1096 4316 3)
1133 4261 1144 4299 :
1179 4251 1235 4300 te
1264 4262 1394 4301 vero
1425 4246 1482 4300 in
1514 4249 1854 4318 perpetuum

221 4340 539 4393 multorum
579 4338 743 4393 nobis
785 4344 1101 4410 martyrum
1141 4340 1420 4410 plantavit
1469 4341 1756 4406 interitus,
1801 4345 1853 4393 te

221 4448 357 4486 crux
388 4433 782 4502 apostolorum
811 4433 1015 4487 amula
1040 4433 1344 4487 Dominica
1378 4433 1652 4504 passionis
1673 4450 1854 4504 usque

225 4527 281 4579 in
314 4526 466 4580 orbis
494 4525 662 4580 totius
689 4527 966 4581 terminos
998 4527 1356 4598 propagavit.

298 4621 474 4688 (Vers.
533 4622 642 4689 24.)
703 4621 860 4688 Cujus
907 4621 1066 4675 habet
1108 4622 1401 4687 imaginem
1446 4629 1495 4675 et
1553 4624 1853 4690 inscriptio-

230 4715 388 4768 nem?

296 4808 382 4862 34.
432 4808 605 4862 Docet
645 4809 746 4862 hoc
795 4809 917 4863 loco
963 4809 1232 4862 Dominus
1277 4809 1714 4880 circumspectos
1755 4827 1857 4864 nos

224 4901 283 4955 in
317 4901 714 4972 respondendo
743 4902 1008 4956 adversus
1036 4901 1331 4956 hareticos
1359 4904 1445 4957 vel
1476 4902 1702 4958 Judaos
1733 4919 1856 4957 esse

226 4994 447 5049 debere.
488 4995 634 5049 Alibi
667 4994 810 5050 dixit
842 5013 854 5050 :
887 5017 913 5043 «
943 4996 1131 5049 Estote
1171 4996 1340 5049 astuti
1377 4997 1522 5050 sicut
1562 5001 1858 5067 serpentes

292 5191 383 5251 (25)
410 5190 537 5240 Era.
569 5196 624 5240 et
651 5203 766 5254 seq.
799 5189 931 5241 edit.
963 5205 1092 5242 cum
1124 5205 1250 5241 mss.
1282 5191 1586 5254 nonnullis,
1617 5204 1709 5241 nec
1734 5191 1859 5242 altis

231 5260 447 5311 nivibus.
477 5261 700 5311 Amerb.
735 5275 864 5312 cum
893 5262 1017 5311 aliis
1059 5274 1189 5311 mss.
1233 5261 1488 5325 pluribus
1522 5275 1587 5312 ac
1631 5263 1856 5326 potiori-

233 5330 346 5392 bus,
376 5334 523 5382 utin
551 5336 723 5382 textu.
758 5332 872 5382 Nec
906 5345 1039 5383 sane
1071 5333 1235 5393 male,
1277 5334 1322 5382 si
1357 5333 1704 5396 grandinem,
1732 5345 1858 5397 qua

233 5417 440 5468 semper
484 5403 740 5467 frugibus
778 5405 944 5454 noxia
991 5409 1094 5465 est,
1140 5404 1390 5454 informis
1431 5405 1522 5454 illa
1569 5409 1756 5455 crusta
1800 5405 1856 5453 in

233 5474 347 5525 altis
370 5473 618 5526 nubibus
644 5480 902 5526 concreta
927 5474 1196 5539 designet.

292 5549 381 5610 (26)
423 5547 633 5598 Omnes
671 5546 825 5607 edit.,
869 5552 1063 5596 veteres
1106 5550 1356 5611 prater-it.
1407 5547 1664 5610 Plerique
1703 5561 1854 5608 mss.,

237 5623 412 5668 ueteres
451 5619 614 5682 parit.
664 5618 922 5682 Quidam,
973 5618 1140 5682 pellit.
1190 5617 1352 5670 Corb.
1396 5623 1450 5667 et
1493 5618 1581 5667 alii
1627 5617 1857 5682 aliquot,

237 5703 342 5739 vere
383 5692 544 5754 parit.
593 5691 814 5754 Aptius,
855 5697 918 5741 ut
973 5691 1305 5756 intelligitur
1355 5704 1425 5740 ex
1473 5689 1854 5753 sequentibus,

239 5759 430 5819 quibus
461 5774 573 5811 non
613 5761 873 5825 ambigue
912 5761 1147 5812 Justina
1186 5761 1520 5826 persecutio,
1564 5764 1730 5823 atque
1771 5771 1857 5810 se-

241 5836 356 5880 cuta
384 5845 491 5896 pax
521 5832 900 5896 designantur.

1952 3216 2177 3270 Casari.
2223 3216 2277 3270 Si
2317 3216 2397 3268 vis
2435 3215 2576 3269 nihil
2615 3215 2740 3285 regi
2777 3213 2984 3268 debere
3034 3218 3281 3282 terreno,
3322 3215 3579 3285 relinque

1955 3309 2150 3364 omnia
2177 3313 2292 3376 tua,
2314 3315 2369 3363 et
2397 3325 2637 3379 sequere
2666 3309 2972 3364 Christum.

2025 3406 2109 3457 36.
2139 3404 2312 3468 (Vers.
2347 3405 2457 3472 '25.)
2499 3405 2563 3456 Et
2599 3402 2744 3457 bene
2785 3403 2942 3472 prius
2978 3419 3106 3473 qua
3148 3403 3383 3457 Casaris
3423 3409 3576 3470 sunt,

1952 3497 2158 3552 Casari
2191 3495 2484 3550 reddenda
2513 3495 2804 3561 decernit;
2842 3511 3026 3566 neque
3057 3497 3210 3550 enim
3251 3500 3439 3567 potest
3462 3513 3580 3552 esse

1953 3589 2080 3661 quis
2118 3590 2361 3654 Domini,
2396 3589 2503 3642 nisi
2541 3590 2699 3659 prius
2737 3589 3150 3643 renuntiaverit
3191 3590 3425 3648 mundo.
3468 3591 3580 3647 Sed

1955 3699 2157 3737 omnes
2185 3683 2584 3736 renuntiamus
2614 3682 2825 3744 verbis,
2855 3683 2951 3736 sed
2999 3699 3113 3736 non
3143 3699 3341 3738 omnes
3369 3701 3578 3740 renun-

1955 3777 2163 3831 tiamus
2203 3776 2605 3844 aIl‘ectn;-nam
2645 3792 2774 3829 cum
2814 3783 3175 3830 sacramenta
3219 3777 3581 3848 suscipimus,

1958 3869 2216 3943 1503
2263 3869 2657 3924 renuntiamus
2707 3870 2838 3940 (29).
2885 3870 3067 3933 Quam
3117 3871 3311 3941 gravia
3355 3871 3581 3925 vincula

1957 3965 2295 4036 promittere
2331 3965 2463 4030 Deo,
2511 3969 2567 4018 et
2610 3979 2726 4018 non
2765 3963 3008 4018 solvere!
3046 3984 3072 4013 ‹‹
3104 3964 3300 4018 Melius
3341 3969 3444 4032 est,
3492 3965 3577 4019 in-

1955 4059 2096 4130 quit,
2128 4076 2240 4113 non
2274 4075 2472 4114 vovere
2512 4065 2585 4124 te,
2620 4074 2792 4129 quam
2821 4074 3042 4123 vovere,
3084 4064 3137 4112 et
3181 4075 3296 4114 non
3339 4057 3580 4114 reddere

1958 4153 2197 4223 (Eccles.,
2240 4170 2292 4219 v,
2335 4153 2409 4222 4).
2442 4174 2467 4200 ι)
2517 4152 2693 4222 Major
2732 4158 2816 4207 est
2854 4156 3177 4207 contractus
3214 4153 3367 4219 Iidei,
3409 4169 3583 4225 quam

1958 4247 2228 4317 pecunia.
2283 4245 2474 4301 Redde
2518 4247 2882 4316 promissum,
2926 4245 3062 4300 dum
3103 4247 3160 4300 in
3200 4247 3302 4300 hoc
3349 4263 3584 4318 corpore

1958 4356 2035 4402 es,
2066 4341 2402 4412 priusquam
2428 4341 2623 4394 veniat
2647 4346 2894 4408 exactor,
2927 4348 2984 4395 et
3012 4341 3198 4394 mittat
3233 4345 3285 4394 te
3311 4341 3365 4394 in
3394 4357 3581 4395 carce-

1959 4450 2097 4489 rem.
2127 4456 2153 4482 ‹‹
2185 4437 2365 4490 Amen
2392 4434 2516 4488 dico
2542 4433 2662 4502 tibi,
2687 4450 2803 4488 non
2833 4434 2987 4488 exies
3014 4433 3166 4501 inde,
3197 4435 3375 4488 donec
3402 4435 3584 4488 solvas

1875 4523 1934 4593 D
1959 4529 2330 4583 novissimum
2363 4527 2741 4599 quadrantem
2773 4529 3012 4596 (Matth.,
3045 4545 3096 4595 ν,
3126 4528 3238 4595 26).
3271 4550 3298 4575 υ

2029 4622 2204 4693 (Vers.
2237 4623 2352 4691 28.)
2379 4622 2441 4677 Si
2465 4624 2644 4689 frater
2669 4621 2901 4690 alicujus
2924 4628 3174 4676 mortuus
3197 4623 3389 4688 fuerit.

2030 4720 2116 4771 37.
2167 4715 2488 4780 Sadducai,
2539 4716 2640 4770 hoc
2682 4719 2783 4782 est,
2831 4715 3221 4770 detestabilior
3262 4717 3448 4786 portio
3489 4719 3582 4770 lu-

1961 4809 2247 4879 daorum,
2305 4809 2412 4864 hoc
2472 4810 2593 4864 Ioco
2640 4810 2943 4864 Dominum
3001 4815 3222 4866 tentant
3273 4827 3284 4865 :
3339 4823 3586 4882 quorum

1958 4909 2151 4974 aperte
2187 4902 2424 4958 stultitia
2464 4903 2928 4974 reprehenditur,
2970 4905 3204 4975 mystice
3240 4908 3430 4958 autem
3463 4920 3592 4958 sen-

1959 4998 2136 5052 tentia
2178 5000 2582 5069 retorquetur:
2620 4998 2752 5067 quia
2797 4999 3157 5053 excluserunt
3197 4998 3267 5052 de
3319 5013 3377 5050 se
3429 4998 3590 5052 casti-

2020 5192 2122 5265 (27)
2151 5193 2282 5265 Mps.
2319 5193 2550 5265 aliquot,
2583 5193 2806 5265 abolere
2845 5193 3115 5252 videatur,
3141 5198 3338 5242 astutos
3373 5194 3447 5242 ita
3485 5205 3591 5242 esse

1957 5263 2158 5324 debere,
2189 5263 2324 5315 sicut
2356 5263 2552 5314 Christi
2580 5264 2807 5328 simplex
2827 5265 3063 5328 spiritus.

2022 5336 2118 5398 (28)
2166 5336 2246 5386 Ita
2299 5350 2431 5386 mss.
2481 5338 2676 5399 majori
2721 5349 2953 5386 numero
3009 5340 3064 5385 et
3113 5338 3301 5400 pretio.
3351 5336 3590 5400 Quidam

1961 5420 2108 5467 vero,
2136 5411 2191 5457 et
2218 5413 2435 5458 cuncta
2462 5407 2618 5468 edit.,
2647 5410 2863 5457 Imitare
2891 5415 2935 5456 et
2966 5415 3018 5456 tu
3042 5413 3329 5470 serpentem
3361 5408 3525 5457 illum.

2020 5479 2115 5542 (29)
2172 5479 2422 5542 Intellige
2475 5485 2889 5529 sacramentum
2954 5478 3318 5542 baptismatis,
3366 5481 3426 5529 in
3483 5492 3593 5544 quo

1959 5552 2264 5600 etiamnum
2287 5549 2502 5601 diabolo
2528 5555 2574 5599 et
2603 5552 2811 5614 pompis
2837 5551 2970 5612 ejus,
3003 5551 3058 5599 id
3087 5555 3187 5611 est,
3218 5550 3413 5600 mundi
3435 5554 3592 5601 vani-

1958 5622 2163 5672 tatibus
2187 5623 2589 5673 renuntiamus.
2622 5621 2758 5671 Hac
2800 5633 2962 5684 porro
3003 5621 3351 5674 consuetudo
3387 5621 3593 5673 clarius

1959 5694 2253 5756 exponitur
2284 5694 2357 5743 De
2393 5693 2508 5743 init.
2542 5706 2662 5756 cap.
2700 5694 2747 5752 2,
2785 5698 2835 5742 et
2869 5692 2963 5742 lib.
3007 5694 3026 5743 I
3073 5695 3143 5742 De
3177 5707 3433 5754 sacram,
3469 5707 3587 5758 cap.

1959 5765 2126 5813 etiam
2153 5765 2199 5814 2.
