  <div class='ocr_page' id='page_1' title='image "/cluster/home/n/w/nwhite01/storage/ocr_20150623/15/hvd.32044048207278/329.png"; bbox 0 0 4022 6176; ppageno 0'>
   <div class='ocr_carea' id='block_1_1' title="bbox 448 251 647 305">
    <p class='ocr_par' dir='ltr' id='par_1_1' title="bbox 448 251 647 305">
     <span class='ocr_line' id='line_1_1' title="bbox 448 251 647 305; baseline 0.01 -6"><span class='ocrx_word' id='word_1_1' title='bbox 448 290 453 299; x_wconf 87' lang='grc'><strong>.</strong></span> <span class='ocrx_word' id='word_1_2' title='bbox 514 251 647 305; x_wconf 71' lang='grc'><strong>1895</strong></span> 
     </span>
    </p>
   </div>
   <div class='ocr_carea' id='block_1_2' title="bbox 1995 244 2400 301">
    <p class='ocr_par' dir='ltr' id='par_1_2' title="bbox 1995 244 2400 301">
     <span class='ocr_line' id='line_1_2' title="bbox 1995 244 2400 301; baseline -0.005 -1"><span class='ocrx_word' id='word_1_3' title='bbox 1995 247 2049 300; x_wconf 87' lang='lat' dir='ltr'><strong>S.</strong></span> <span class='ocrx_word' id='word_1_4' title='bbox 2094 244 2400 301; x_wconf 83' lang='lat' dir='ltr'><strong>AMBROSII</strong></span> 
     </span>
    </p>
   </div>
   <div class='ocr_carea' id='block_1_3' title="bbox 3676 256 3801 309">
    <p class='ocr_par' dir='ltr' id='par_1_3' title="bbox 3676 256 3801 309">
     <span class='ocr_line' id='line_1_3' title="bbox 3676 256 3801 309; baseline 0.024 -3"><span class='ocrx_word' id='word_1_5' title='bbox 3676 256 3801 309; x_wconf 15' lang='lat'><strong>71896</strong></span> 
     </span>
    </p>
   </div>
   <div class='ocr_carea' id='block_1_4' title="bbox 507 369 3810 459">
    <p class='ocr_par' dir='ltr' id='par_1_4' title="bbox 507 369 3810 459">
     <span class='ocr_line' id='line_1_4' title="bbox 507 369 3810 459; baseline -0.001 -24"><span class='ocrx_word' id='word_1_6' title='bbox 507 378 641 435; x_wconf 75' lang='lat' dir='ltr'><strong>tatis</strong></span> <span class='ocrx_word' id='word_1_7' title='bbox 674 378 999 447; x_wconf 89' lang='lat' dir='ltr'><strong>exemplum</strong></span> <span class='ocrx_word' id='word_1_8' title='bbox 1039 377 1169 449; x_wconf 88' lang='lat'><strong>(30),</strong></span> <span class='ocrx_word' id='word_1_9' title='bbox 1211 377 1348 431; x_wconf 90' lang='lat' dir='ltr'><strong>dum</strong></span> <span class='ocrx_word' id='word_1_10' title='bbox 1390 376 1701 430; x_wconf 87' lang='lat' dir='ltr'><strong>secundum</strong></span> <span class='ocrx_word' id='word_1_11' title='bbox 1748 376 2002 431; x_wconf 80' lang='lat' dir='ltr'><strong>litteram</strong></span> <span class='ocrx_word' id='word_1_12' title='bbox 2042 391 2141 428; x_wconf 88' lang='lat' dir='ltr'><strong>nu-</strong></span> <span class='ocrx_word' id='word_1_13' title='bbox 2164 373 2568 459; x_wconf 73' lang='lat' dir='ltr'><strong>AJudasorum</strong></span> <span class='ocrx_word' id='word_1_14' title='bbox 2610 373 2944 444; x_wconf 80' lang='lat' dir='ltr'><strong>sapientiam</strong></span> <span class='ocrx_word' id='word_1_15' title='bbox 2984 370 3089 425; x_wconf 88' lang='lat' dir='ltr'><strong>sibi</strong></span> <span class='ocrx_word' id='word_1_16' title='bbox 3127 369 3301 425; x_wconf 79' lang='lat' dir='ltr'><strong>divini</strong></span> <span class='ocrx_word' id='word_1_17' title='bbox 3347 371 3517 426; x_wconf 88' lang='lat' dir='ltr'><strong>cultus</strong></span> <span class='ocrx_word' id='word_1_18' title='bbox 3556 375 3810 433; x_wconf 86' lang='lat' dir='ltr'><strong>ascisceret</strong></span> 
     </span>
    </p>
   </div>
   <div class='ocr_carea' id='block_1_5' title="bbox 509 469 2137 541">
    <p class='ocr_par' dir='ltr' id='par_1_5' title="bbox 509 469 2137 541">
     <span class='ocr_line' id='line_1_5' title="bbox 509 469 2137 541; baseline -0.002 -16"><span class='ocrx_word' id='word_1_19' title='bbox 509 471 645 525; x_wconf 87' lang='lat' dir='ltr'><strong>bere</strong></span> <span class='ocrx_word' id='word_1_20' title='bbox 687 470 896 526; x_wconf 83' lang='lat' dir='ltr'><strong>mulier</strong></span> <span class='ocrx_word' id='word_1_21' title='bbox 938 471 1167 541; x_wconf 85' lang='lat' dir='ltr'><strong>cogitur</strong></span> <span class='ocrx_word' id='word_1_22' title='bbox 1204 476 1260 525; x_wconf 91' lang='lat' dir='ltr'><strong>et</strong></span> <span class='ocrx_word' id='word_1_23' title='bbox 1301 470 1493 539; x_wconf 85' lang='lat' dir='ltr'><strong>invita,</strong></span> <span class='ocrx_word' id='word_1_24' title='bbox 1543 473 1604 523; x_wconf 93' lang='lat' dir='ltr'><strong>ut</strong></span> <span class='ocrx_word' id='word_1_25' title='bbox 1644 469 1899 523; x_wconf 87' lang='lat' dir='ltr'><strong>defuncti</strong></span> <span class='ocrx_word' id='word_1_26' title='bbox 1938 484 2137 522; x_wconf 87' lang='lat' dir='ltr'><strong>semen</strong></span> 
     </span>
    </p>
   </div>
   <div class='ocr_carea' id='block_1_6' title="bbox 509 562 2142 635">
    <p class='ocr_par' dir='ltr' id='par_1_6' title="bbox 509 562 2142 635">
     <span class='ocr_line' id='line_1_6' title="bbox 509 562 2142 635; baseline -0.002 -17"><span class='ocrx_word' id='word_1_27' title='bbox 509 565 715 619; x_wconf 75' lang='lat' dir='ltr'><strong>excitet</strong></span> <span class='ocrx_word' id='word_1_28' title='bbox 760 565 934 619; x_wconf 86' lang='lat' dir='ltr'><strong>frater</strong></span> <span class='ocrx_word' id='word_1_29' title='bbox 974 564 1175 635; x_wconf 87' lang='lat' dir='ltr'><strong>(Deut.,</strong></span> <span class='ocrx_word' id='word_1_30' title='bbox 1215 580 1342 631; x_wconf 87' lang='lat' dir='ltr'><strong>xxv,</strong></span> <span class='ocrx_word' id='word_1_31' title='bbox 1388 567 1459 633; x_wconf 85' lang='lat'><strong>5).</strong></span> <span class='ocrx_word' id='word_1_32' title='bbox 1508 565 1657 634; x_wconf 86' lang='lat' dir='ltr'><strong>Ergo</strong></span> <span class='ocrx_word' id='word_1_33' title='bbox 1703 563 1893 617; x_wconf 83' lang='lat' dir='ltr'><strong>littera</strong></span> <span class='ocrx_word' id='word_1_34' title='bbox 1936 562 2142 616; x_wconf 89' lang='lat' dir='ltr'><strong>occidit</strong></span> 
     </span>
    </p>
   </div>
   <div class='ocr_carea' id='block_1_7' title="bbox 514 656 2141 729">
    <p class='ocr_par' dir='ltr' id='par_1_7' title="bbox 514 656 2141 729">
     <span class='ocr_line' id='line_1_7' title="bbox 514 656 2141 729; baseline -0.002 -16"><span class='ocrx_word' id='word_1_35' title='bbox 514 659 580 725; x_wconf 89' lang='lat' dir='ltr'><strong>(ll</strong></span> <span class='ocrx_word' id='word_1_36' title='bbox 610 657 756 720; x_wconf 53' lang='lat' dir='ltr'><strong>Cor”</strong></span> <span class='ocrx_word' id='word_1_37' title='bbox 788 674 862 723; x_wconf 85' lang='lat' dir='ltr'><strong>Ill,</strong></span> <span class='ocrx_word' id='word_1_38' title='bbox 897 660 949 729; x_wconf 88' lang='lat'><strong>6)</strong></span> <span class='ocrx_word' id='word_1_39' title='bbox 977 658 1138 728; x_wconf 90' lang='lat' dir='ltr'><strong>quasi</strong></span> <span class='ocrx_word' id='word_1_40' title='bbox 1175 658 1305 713; x_wconf 89' lang='lat' dir='ltr'><strong>lena</strong></span> <span class='ocrx_word' id='word_1_41' title='bbox 1334 657 1601 712; x_wconf 89' lang='lat' dir='ltr'><strong>vitiorum</strong></span> <span class='ocrx_word' id='word_1_42' title='bbox 1639 680 1649 709; x_wconf 84' lang='lat'>:</span> <span class='ocrx_word' id='word_1_43' title='bbox 1684 656 1912 726; x_wconf 83' lang='lat' dir='ltr'><strong>spiritus</strong></span> <span class='ocrx_word' id='word_1_44' title='bbox 1949 660 2141 710; x_wconf 90' lang='lat' dir='ltr'><strong>autem</strong></span> 
     </span>
    </p>
   </div>
   <div class='ocr_carea' id='block_1_8' title="bbox 512 750 1217 823">
    <p class='ocr_par' dir='ltr' id='par_1_8' title="bbox 512 750 1217 823">
     <span class='ocr_line' id='line_1_8' title="bbox 512 750 1217 823; baseline -0.001 -17"><span class='ocrx_word' id='word_1_45' title='bbox 512 750 787 823; x_wconf 82' lang='lat' dir='ltr'><strong>magister</strong></span> <span class='ocrx_word' id='word_1_46' title='bbox 811 757 895 806; x_wconf 89' lang='lat' dir='ltr'><strong>est</strong></span> <span class='ocrx_word' id='word_1_47' title='bbox 924 751 1217 806; x_wconf 75' lang='lat' dir='ltr'><strong>castitatis.</strong></span> 
     </span>
    </p>
   </div>
   <div class='ocr_carea' id='block_1_9' title="bbox 583 842 2144 916">
    <p class='ocr_par' dir='ltr' id='par_1_9' title="bbox 583 842 2144 916">
     <span class='ocr_line' id='line_1_9' title="bbox 583 842 2144 916; baseline -0.003 -16"><span class='ocrx_word' id='word_1_48' title='bbox 583 847 670 900; x_wconf 90' lang='lat'><strong>38.</strong></span> <span class='ocrx_word' id='word_1_49' title='bbox 718 845 1019 900; x_wconf 86' lang='lat' dir='ltr'><strong>Videamus</strong></span> <span class='ocrx_word' id='word_1_50' title='bbox 1066 845 1256 916; x_wconf 87' lang='lat' dir='ltr'><strong>itaque</strong></span> <span class='ocrx_word' id='word_1_51' title='bbox 1302 861 1373 899; x_wconf 91' lang='lat' dir='ltr'><strong>ne</strong></span> <span class='ocrx_word' id='word_1_52' title='bbox 1422 845 1540 898; x_wconf 67' lang='lat' dir='ltr'><strong>haec</strong></span> <span class='ocrx_word' id='word_1_53' title='bbox 1590 842 1792 897; x_wconf 87' lang='lat' dir='ltr'><strong>mulier</strong></span> <span class='ocrx_word' id='word_1_54' title='bbox 1841 843 2144 914; x_wconf 80' lang='lat' dir='ltr'><strong>Synagoga</strong></span> 
     </span>
    </p>
   </div>
   <div class='ocr_carea' id='block_1_10' title="bbox 515 936 2144 1010">
    <p class='ocr_par' dir='ltr' id='par_1_10' title="bbox 515 936 2144 1010">
     <span class='ocr_line' id='line_1_10' title="bbox 515 936 2144 1010; baseline -0.002 -18"><span class='ocrx_word' id='word_1_55' title='bbox 515 940 607 1003; x_wconf 85' lang='lat' dir='ltr'><strong>sit,</strong></span> <span class='ocrx_word' id='word_1_56' title='bbox 653 955 781 1010; x_wconf 81' lang='lat' dir='ltr'><strong>quae</strong></span> <span class='ocrx_word' id='word_1_57' title='bbox 826 943 1053 1010; x_wconf 84' lang='lat' dir='ltr'><strong>septem</strong></span> <span class='ocrx_word' id='word_1_58' title='bbox 1107 938 1255 992; x_wconf 91' lang='lat' dir='ltr'><strong>viros</strong></span> <span class='ocrx_word' id='word_1_59' title='bbox 1303 937 1523 1005; x_wconf 88' lang='lat' dir='ltr'><strong>habuit,</strong></span> <span class='ocrx_word' id='word_1_60' title='bbox 1577 936 1720 991; x_wconf 88' lang='lat' dir='ltr'><strong>sicut</strong></span> <span class='ocrx_word' id='word_1_61' title='bbox 1770 936 2144 992; x_wconf 69' lang='lat' dir='ltr'><strong>Samaritanus</strong></span> 
     </span>
    </p>
   </div>
   <div class='ocr_carea' id='block_1_11' title="bbox 515 1030 2141 1102">
    <p class='ocr_par' dir='ltr' id='par_1_11' title="bbox 515 1030 2141 1102">
     <span class='ocr_line' id='line_1_11' title="bbox 515 1030 2141 1102; baseline -0.002 -16"><span class='ocrx_word' id='word_1_62' title='bbox 515 1032 762 1087; x_wconf 85' lang='lat' dir='ltr'><strong>dicitur:</strong></span> <span class='ocrx_word' id='word_1_63' title='bbox 810 1053 837 1082; x_wconf 87' lang='grc'><em>‹‹</em></span> <span class='ocrx_word' id='word_1_64' title='bbox 865 1031 1124 1102; x_wconf 88' lang='lat' dir='ltr'><strong>Quinque</strong></span> <span class='ocrx_word' id='word_1_65' title='bbox 1163 1032 1317 1085; x_wconf 91' lang='lat' dir='ltr'><strong>enim</strong></span> <span class='ocrx_word' id='word_1_66' title='bbox 1356 1031 1505 1085; x_wconf 90' lang='lat' dir='ltr'><strong>viros</strong></span> <span class='ocrx_word' id='word_1_67' title='bbox 1545 1030 1791 1084; x_wconf 88' lang='lat' dir='ltr'><strong>habuisti</strong></span> <span class='ocrx_word' id='word_1_68' title='bbox 1835 1030 2037 1097; x_wconf 83' lang='lat' dir='ltr'><strong>(Joan.,</strong></span> <span class='ocrx_word' id='word_1_69' title='bbox 2069 1045 2141 1097; x_wconf 86' lang='lat' dir='ltr'><strong>1v,</strong></span> 
     </span>
    </p>
   </div>
   <div class='ocr_carea' id='block_1_12' title="bbox 520 1122 2147 1196">
    <p class='ocr_par' dir='ltr' id='par_1_12' title="bbox 520 1122 2147 1196">
     <span class='ocr_line' id='line_1_12' title="bbox 520 1122 2147 1196; baseline -0.002 -17"><span class='ocrx_word' id='word_1_70' title='bbox 520 1128 635 1195; x_wconf 84' lang='lat' dir='ltr'><strong>l8);</strong></span> <span class='ocrx_word' id='word_1_71' title='bbox 686 1147 712 1175; x_wconf 87' lang='grc'><strong>››</strong></span> <span class='ocrx_word' id='word_1_72' title='bbox 768 1125 905 1196; x_wconf 85' lang='lat' dir='ltr'><strong>quia</strong></span> <span class='ocrx_word' id='word_1_73' title='bbox 962 1124 1304 1180; x_wconf 89' lang='lat' dir='ltr'><strong>Samaritani</strong></span> <span class='ocrx_word' id='word_1_74' title='bbox 1366 1123 1617 1194; x_wconf 89' lang='lat' dir='ltr'><strong>quinque</strong></span> <span class='ocrx_word' id='word_1_75' title='bbox 1684 1129 1908 1177; x_wconf 89' lang='lat' dir='ltr'><strong>tantum</strong></span> <span class='ocrx_word' id='word_1_76' title='bbox 1974 1122 2147 1177; x_wconf 89' lang='lat' dir='ltr'><strong>libros</strong></span> 
     </span>
    </p>
   </div>
   <div class='ocr_carea' id='block_1_13' title="bbox 516 1216 2147 1289">
    <p class='ocr_par' dir='ltr' id='par_1_13' title="bbox 516 1216 2147 1289">
     <span class='ocr_line' id='line_1_13' title="bbox 516 1216 2147 1289; baseline -0.002 -16"><span class='ocrx_word' id='word_1_77' title='bbox 516 1219 685 1289; x_wconf 81' lang='lat' dir='ltr'><strong>Moysi</strong></span> <span class='ocrx_word' id='word_1_78' title='bbox 745 1218 888 1289; x_wconf 80' lang='lat' dir='ltr'><strong>(3t);</strong></span> <span class='ocrx_word' id='word_1_79' title='bbox 943 1218 1242 1289; x_wconf 82' lang='lat' dir='ltr'><strong>Synagoga</strong></span> <span class='ocrx_word' id='word_1_80' title='bbox 1297 1219 1514 1287; x_wconf 88' lang='lat' dir='ltr'><strong>septem</strong></span> <span class='ocrx_word' id='word_1_81' title='bbox 1559 1216 1819 1286; x_wconf 82' lang='lat' dir='ltr'><strong>sequitur</strong></span> <span class='ocrx_word' id='word_1_82' title='bbox 1869 1216 2147 1288; x_wconf 90' lang='lat' dir='ltr'><strong>principa-</strong></span> 
     </span>
    </p>
   </div>
   <div class='ocr_carea' id='block_1_14' title="bbox 519 1308 2147 1382">
    <p class='ocr_par' dir='ltr' id='par_1_14' title="bbox 519 1308 2147 1382">
     <span class='ocr_line' id='line_1_14' title="bbox 519 1308 2147 1382; baseline -0.001 -16"><span class='ocrx_word' id='word_1_83' title='bbox 519 1313 666 1378; x_wconf 88' lang='lat' dir='ltr'><strong>liter,</strong></span> <span class='ocrx_word' id='word_1_84' title='bbox 700 1315 757 1365; x_wconf 91' lang='lat' dir='ltr'><strong>et</strong></span> <span class='ocrx_word' id='word_1_85' title='bbox 783 1311 852 1364; x_wconf 86' lang='lat' dir='ltr'><strong>de</strong></span> <span class='ocrx_word' id='word_1_86' title='bbox 878 1311 1034 1365; x_wconf 91' lang='lat' dir='ltr'><strong>nullo</strong></span> <span class='ocrx_word' id='word_1_87' title='bbox 1073 1315 1304 1381; x_wconf 89' lang='lat' dir='ltr'><strong>propter</strong></span> <span class='ocrx_word' id='word_1_88' title='bbox 1342 1308 1599 1382; x_wconf 78' lang='grc'><strong>1504</strong></span> <span class='ocrx_word' id='word_1_89' title='bbox 1645 1309 1945 1380; x_wconf 91' lang='lat' dir='ltr'><strong>perﬁdiam</strong></span> <span class='ocrx_word' id='word_1_90' title='bbox 1984 1325 2147 1364; x_wconf 89' lang='lat' dir='ltr'><strong>suam</strong></span> 
     </span>
    </p>
   </div>
   <div class='ocr_carea' id='block_1_15' title="bbox 520 1403 2147 1475">
    <p class='ocr_par' dir='ltr' id='par_1_15' title="bbox 520 1403 2147 1475">
     <span class='ocr_line' id='line_1_15' title="bbox 520 1403 2147 1475; baseline -0.001 -16"><span class='ocrx_word' id='word_1_91' title='bbox 520 1404 884 1459; x_wconf 80' lang='lat' dir='ltr'><strong>hereditariae</strong></span> <span class='ocrx_word' id='word_1_92' title='bbox 939 1403 1285 1475; x_wconf 88' lang='lat' dir='ltr'><strong>posteritatis</strong></span> <span class='ocrx_word' id='word_1_93' title='bbox 1332 1419 1530 1459; x_wconf 86' lang='lat' dir='ltr'><strong>semen</strong></span> <span class='ocrx_word' id='word_1_94' title='bbox 1598 1404 1832 1474; x_wconf 80' lang='lat' dir='ltr'><strong>accepit,</strong></span> <span class='ocrx_word' id='word_1_95' title='bbox 1891 1404 1957 1457; x_wconf 89' lang='lat' dir='ltr'><strong>Et</strong></span> <span class='ocrx_word' id='word_1_96' title='bbox 2020 1403 2147 1457; x_wconf 92' lang='lat' dir='ltr'><strong>ideo</strong></span> 
     </span>
    </p>
   </div>
   <div class='ocr_carea' id='block_1_16' title="bbox 522 1496 2149 1569">
    <p class='ocr_par' dir='ltr' id='par_1_16' title="bbox 522 1496 2149 1569">
     <span class='ocr_line' id='line_1_16' title="bbox 522 1496 2149 1569; baseline -0.002 -16"><span class='ocrx_word' id='word_1_97' title='bbox 522 1504 743 1569; x_wconf 88' lang='lat' dir='ltr'><strong>partem</strong></span> <span class='ocrx_word' id='word_1_98' title='bbox 781 1514 909 1551; x_wconf 90' lang='lat' dir='ltr'><strong>cum</strong></span> <span class='ocrx_word' id='word_1_99' title='bbox 944 1496 1076 1552; x_wconf 89' lang='lat' dir='ltr'><strong>viris</strong></span> <span class='ocrx_word' id='word_1_100' title='bbox 1108 1498 1224 1551; x_wconf 90' lang='lat' dir='ltr'><strong>suis</strong></span> <span class='ocrx_word' id='word_1_101' title='bbox 1252 1498 1307 1551; x_wconf 88' lang='lat' dir='ltr'><strong>in</strong></span> <span class='ocrx_word' id='word_1_102' title='bbox 1341 1496 1755 1552; x_wconf 86' lang='lat' dir='ltr'><strong>resurrectione</strong></span> <span class='ocrx_word' id='word_1_103' title='bbox 1788 1497 1997 1551; x_wconf 87' lang='lat' dir='ltr'><strong>habere</strong></span> <span class='ocrx_word' id='word_1_104' title='bbox 2036 1513 2149 1551; x_wconf 92' lang='lat' dir='ltr'><strong>non</strong></span> 
     </span>
    </p>
   </div>
   <div class='ocr_carea' id='block_1_17' title="bbox 520 1590 2149 1663">
    <p class='ocr_par' dir='ltr' id='par_1_17' title="bbox 520 1590 2149 1663">
     <span class='ocr_line' id='line_1_17' title="bbox 520 1590 2149 1663; baseline 0 -18"><span class='ocrx_word' id='word_1_105' title='bbox 520 1593 730 1663; x_wconf 86' lang='lat' dir='ltr'><strong>poterit</strong></span> <span class='ocrx_word' id='word_1_106' title='bbox 771 1594 979 1663; x_wconf 63' lang='lat' dir='ltr'><strong>(Apoc,</strong></span> <span class='ocrx_word' id='word_1_107' title='bbox 1032 1608 1124 1659; x_wconf 86' lang='lat' dir='ltr'><strong>xx,</strong></span> <span class='ocrx_word' id='word_1_108' title='bbox 1182 1595 1255 1661; x_wconf 86' lang='lat'><strong>6),</strong></span> <span class='ocrx_word' id='word_1_109' title='bbox 1309 1591 1446 1661; x_wconf 86' lang='lat' dir='ltr'><strong>quia</strong></span> <span class='ocrx_word' id='word_1_110' title='bbox 1495 1590 1745 1662; x_wconf 85' lang='lat' dir='ltr'><strong>spiritale</strong></span> <span class='ocrx_word' id='word_1_111' title='bbox 1794 1598 2149 1663; x_wconf 59' lang='lat' dir='ltr'><strong>praeceptum</strong></span> 
     </span>
    </p>
   </div>
   <div class='ocr_carea' id='block_1_18' title="bbox 2241 465 3809 537">
    <p class='ocr_par' dir='ltr' id='par_1_18' title="bbox 2241 465 3809 537">
     <span class='ocr_line' id='line_1_18' title="bbox 2241 465 3809 537; baseline 0.003 -15"><span class='ocrx_word' id='word_1_112' title='bbox 2241 467 2299 522; x_wconf 91' lang='lat' dir='ltr'><strong>in</strong></span> <span class='ocrx_word' id='word_1_113' title='bbox 2330 482 2590 533; x_wconf 91' lang='lat' dir='ltr'><strong>uxorem,</strong></span> <span class='ocrx_word' id='word_1_114' title='bbox 2621 472 2792 537; x_wconf 88' lang='lat' dir='ltr'><strong>atque</strong></span> <span class='ocrx_word' id='word_1_115' title='bbox 2817 482 2888 522; x_wconf 92' lang='lat' dir='ltr'><strong>ex</strong></span> <span class='ocrx_word' id='word_1_116' title='bbox 2930 481 2996 520; x_wconf 90' lang='lat' dir='ltr'><strong>ea</strong></span> <span class='ocrx_word' id='word_1_117' title='bbox 3031 479 3232 520; x_wconf 89' lang='lat' dir='ltr'><strong>semen</strong></span> <span class='ocrx_word' id='word_1_118' title='bbox 3254 465 3317 519; x_wconf 91' lang='lat' dir='ltr'><strong>in</strong></span> <span class='ocrx_word' id='word_1_119' title='bbox 3363 466 3614 536; x_wconf 89' lang='lat' dir='ltr'><strong>apostolis</strong></span> <span class='ocrx_word' id='word_1_120' title='bbox 3639 471 3809 526; x_wconf 82' lang='lat' dir='ltr'><strong>excita-</strong></span> 
     </span>
    </p>
   </div>
   <div class='ocr_carea' id='block_1_19' title="bbox 2241 559 3813 633">
    <p class='ocr_par' dir='ltr' id='par_1_19' title="bbox 2241 559 3813 633">
     <span class='ocr_line' id='line_1_19' title="bbox 2241 559 3813 633; baseline 0.003 -18"><span class='ocrx_word' id='word_1_121' title='bbox 2241 564 2332 615; x_wconf 89' lang='lat' dir='ltr'><strong>ret</strong></span> <span class='ocrx_word' id='word_1_122' title='bbox 2377 579 2390 615; x_wconf 92' lang='lat'>:</span> <span class='ocrx_word' id='word_1_123' title='bbox 2448 561 2547 632; x_wconf 90' lang='lat' dir='ltr'><strong>qui</strong></span> <span class='ocrx_word' id='word_1_124' title='bbox 2589 559 2756 633; x_wconf 90' lang='lat' dir='ltr'><strong>quasi</strong></span> <span class='ocrx_word' id='word_1_125' title='bbox 2794 560 3193 614; x_wconf 90' lang='lat' dir='ltr'><strong>defunctorum</strong></span> <span class='ocrx_word' id='word_1_126' title='bbox 3246 559 3494 630; x_wconf 65' lang='lat' dir='ltr'><strong>reliquiae</strong></span> <span class='ocrx_word' id='word_1_127' title='bbox 3532 562 3813 618; x_wconf 74' lang='lat' dir='ltr'><strong>Iudaeorum</strong></span> 
     </span>
    </p>
   </div>
   <div class='ocr_carea' id='block_1_20' title="bbox 2241 651 3818 725">
    <p class='ocr_par' dir='ltr' id='par_1_20' title="bbox 2241 651 3818 725">
     <span class='ocr_line' id='line_1_20' title="bbox 2241 651 3818 725; baseline 0.002 -16"><span class='ocrx_word' id='word_1_128' title='bbox 2241 654 2520 710; x_wconf 88' lang='lat' dir='ltr'><strong>informes</strong></span> <span class='ocrx_word' id='word_1_129' title='bbox 2545 653 2732 709; x_wconf 90' lang='lat' dir='ltr'><strong>adhuc</strong></span> <span class='ocrx_word' id='word_1_130' title='bbox 2762 653 2819 708; x_wconf 88' lang='lat' dir='ltr'><strong>in</strong></span> <span class='ocrx_word' id='word_1_131' title='bbox 2850 654 3167 725; x_wconf 84' lang='lat' dir='ltr'><strong>Synagogae</strong></span> <span class='ocrx_word' id='word_1_132' title='bbox 3189 655 3352 707; x_wconf 89' lang='lat' dir='ltr'><strong>utero</strong></span> <span class='ocrx_word' id='word_1_133' title='bbox 3377 651 3629 721; x_wconf 86' lang='lat' dir='ltr'><strong>derelicti,</strong></span> <span class='ocrx_word' id='word_1_134' title='bbox 3650 671 3818 712; x_wconf 87' lang='lat' dir='ltr'><strong>secun-</strong></span> 
     </span>
    </p>
   </div>
   <div class='ocr_carea' id='block_1_21' title="bbox 2243 747 3821 819">
    <p class='ocr_par' dir='ltr' id='par_1_21' title="bbox 2243 747 3821 819">
     <span class='ocr_line' id='line_1_21' title="bbox 2243 747 3821 819; baseline 0.001 -16"><span class='ocrx_word' id='word_1_135' title='bbox 2243 749 2383 803; x_wconf 90' lang='lat' dir='ltr'><strong>dum</strong></span> <span class='ocrx_word' id='word_1_136' title='bbox 2418 747 2757 804; x_wconf 87' lang='lat' dir='ltr'><strong>electionem</strong></span> <span class='ocrx_word' id='word_1_137' title='bbox 2786 748 2988 819; x_wconf 69' lang='lat' dir='ltr'><strong>gratias</strong></span> <span class='ocrx_word' id='word_1_138' title='bbox 3030 747 3303 801; x_wconf 91' lang='lat' dir='ltr'><strong>reservari</strong></span> <span class='ocrx_word' id='word_1_139' title='bbox 3350 747 3472 800; x_wconf 89' lang='lat' dir='ltr'><strong>novi</strong></span> <span class='ocrx_word' id='word_1_140' title='bbox 3513 748 3722 803; x_wconf 89' lang='lat' dir='ltr'><strong>seminis</strong></span> <span class='ocrx_word' id='word_1_141' title='bbox 3742 750 3821 804; x_wconf 86' lang='lat' dir='ltr'><strong>ad-</strong></span> 
     </span>
    </p>
   </div>
   <div class='ocr_carea' id='block_1_22' title="bbox 2244 842 2890 898">
    <p class='ocr_par' dir='ltr' id='par_1_22' title="bbox 2244 842 2890 898">
     <span class='ocr_line' id='line_1_22' title="bbox 2244 842 2890 898; baseline -0.002 0"><span class='ocrx_word' id='word_1_142' title='bbox 2244 842 2505 898; x_wconf 90' lang='lat' dir='ltr'><strong>mistione</strong></span> <span class='ocrx_word' id='word_1_143' title='bbox 2537 845 2890 897; x_wconf 88' lang='lat' dir='ltr'><strong>meruerunt.</strong></span> 
     </span>
    </p>
   </div>
   <div class='ocr_carea' id='block_1_23' title="bbox 2315 935 3820 1008">
    <p class='ocr_par' dir='ltr' id='par_1_23' title="bbox 2315 935 3820 1008">
     <span class='ocr_line' id='line_1_23' title="bbox 2315 935 3820 1008; baseline -0.001 -17"><span class='ocrx_word' id='word_1_144' title='bbox 2315 940 2403 991; x_wconf 88' lang='lat'><strong>39.</strong></span> <span class='ocrx_word' id='word_1_145' title='bbox 2449 937 2755 1008; x_wconf 87' lang='lat' dir='ltr'><strong>Synagoga</strong></span> <span class='ocrx_word' id='word_1_146' title='bbox 2797 940 2988 991; x_wconf 90' lang='lat' dir='ltr'><strong>autem</strong></span> <span class='ocrx_word' id='word_1_147' title='bbox 3029 936 3359 1005; x_wconf 88' lang='lat' dir='ltr'><strong>frequenter</strong></span> <span class='ocrx_word' id='word_1_148' title='bbox 3397 935 3590 988; x_wconf 90' lang='lat' dir='ltr'><strong>stolam</strong></span> <span class='ocrx_word' id='word_1_149' title='bbox 3629 935 3820 1006; x_wconf 87' lang='lat' dir='ltr'><strong>accipit,</strong></span> 
     </span>
    </p>
   </div>
   <div class='ocr_carea' id='block_1_24' title="bbox 2244 1027 3825 1101">
    <p class='ocr_par' dir='ltr' id='par_1_24' title="bbox 2244 1027 3825 1101">
     <span class='ocr_line' id='line_1_24' title="bbox 2244 1027 3825 1101; baseline -0.001 -17"><span class='ocrx_word' id='word_1_150' title='bbox 2244 1030 2400 1101; x_wconf 89' lang='lat' dir='ltr'><strong>quod</strong></span> <span class='ocrx_word' id='word_1_151' title='bbox 2438 1033 2524 1084; x_wconf 91' lang='lat' dir='ltr'><strong>est</strong></span> <span class='ocrx_word' id='word_1_152' title='bbox 2560 1030 2783 1100; x_wconf 83' lang='lat' dir='ltr'><strong>insigne</strong></span> <span class='ocrx_word' id='word_1_153' title='bbox 2827 1028 3082 1100; x_wconf 87' lang='lat' dir='ltr'><strong>conjugii</strong></span> <span class='ocrx_word' id='word_1_154' title='bbox 3122 1027 3254 1097; x_wconf 80' lang='lat'><strong>(32),</strong></span> <span class='ocrx_word' id='word_1_155' title='bbox 3294 1027 3451 1098; x_wconf 85' lang='lat' dir='ltr'><strong>quasi</strong></span> <span class='ocrx_word' id='word_1_156' title='bbox 3490 1032 3672 1082; x_wconf 86' lang='lat' dir='ltr'><strong>auctor</strong></span> <span class='ocrx_word' id='word_1_157' title='bbox 3709 1029 3825 1084; x_wconf 84' lang='lat' dir='ltr'><strong>ﬁde-</strong></span> 
     </span>
    </p>
   </div>
   <div class='ocr_carea' id='block_1_25' title="bbox 2246 1119 3829 1195">
    <p class='ocr_par' dir='ltr' id='par_1_25' title="bbox 2246 1119 3829 1195">
     <span class='ocr_line' id='line_1_25' title="bbox 2246 1119 3829 1195; baseline -0.001 -19"><span class='ocrx_word' id='word_1_158' title='bbox 2246 1123 2388 1178; x_wconf 91' lang='lat' dir='ltr'><strong>lium</strong></span> <span class='ocrx_word' id='word_1_159' title='bbox 2414 1140 2426 1178; x_wconf 91' lang='lat'><strong>:</strong></span> <span class='ocrx_word' id='word_1_160' title='bbox 2454 1124 2752 1195; x_wconf 87' lang='lat' dir='ltr'><strong>repudiata</strong></span> <span class='ocrx_word' id='word_1_161' title='bbox 2782 1139 3009 1194; x_wconf 91' lang='lat' dir='ltr'><strong>quoque</strong></span> <span class='ocrx_word' id='word_1_162' title='bbox 3039 1123 3371 1193; x_wconf 89' lang='lat' dir='ltr'><strong>frequenter</strong></span> <span class='ocrx_word' id='word_1_163' title='bbox 3396 1119 3684 1189; x_wconf 89' lang='lat' dir='ltr'><strong>inducitur,</strong></span> <span class='ocrx_word' id='word_1_164' title='bbox 3717 1121 3829 1193; x_wconf 91' lang='lat' dir='ltr'><strong>quia</strong></span> 
     </span>
    </p>
   </div>
   <div class='ocr_carea' id='block_1_26' title="bbox 2247 1214 3828 1292">
    <p class='ocr_par' dir='ltr' id='par_1_26' title="bbox 2247 1214 3828 1292">
     <span class='ocr_line' id='line_1_26' title="bbox 2247 1214 3828 1292; baseline -0.002 -20"><span class='ocrx_word' id='word_1_165' title='bbox 2247 1222 2433 1272; x_wconf 89' lang='lat' dir='ltr'><strong>mater</strong></span> <span class='ocrx_word' id='word_1_166' title='bbox 2471 1222 2555 1272; x_wconf 90' lang='lat' dir='ltr'><strong>est</strong></span> <span class='ocrx_word' id='word_1_167' title='bbox 2594 1217 2943 1288; x_wconf 91' lang='lat' dir='ltr'><strong>perﬁdorum</strong></span> <span class='ocrx_word' id='word_1_168' title='bbox 2979 1234 2992 1270; x_wconf 90' lang='lat'><strong>:</strong></span> <span class='ocrx_word' id='word_1_169' title='bbox 3039 1215 3129 1292; x_wconf 74' lang='lat' dir='ltr'><strong>cui</strong></span> <span class='ocrx_word' id='word_1_170' title='bbox 3174 1216 3264 1269; x_wconf 94' lang='lat' dir='ltr'><strong>lex</strong></span> <span class='ocrx_word' id='word_1_171' title='bbox 3306 1214 3509 1270; x_wconf 90' lang='lat' dir='ltr'><strong>occidit</strong></span> <span class='ocrx_word' id='word_1_172' title='bbox 3543 1215 3828 1286; x_wconf 86' lang='lat' dir='ltr'><strong>corporalis,</strong></span> 
     </span>
    </p>
   </div>
   <div class='ocr_carea' id='block_1_27' title="bbox 2250 1307 3836 1382">
    <p class='ocr_par' dir='ltr' id='par_1_27' title="bbox 2250 1307 3836 1382">
     <span class='ocr_line' id='line_1_27' title="bbox 2250 1307 3836 1382; baseline -0.003 -17"><span class='ocrx_word' id='word_1_173' title='bbox 2250 1316 2313 1365; x_wconf 92' lang='lat' dir='ltr'><strong>ut</strong></span> <span class='ocrx_word' id='word_1_174' title='bbox 2339 1310 2643 1382; x_wconf 88' lang='lat' dir='ltr'><strong>spiritualis</strong></span> <span class='ocrx_word' id='word_1_175' title='bbox 2683 1316 3027 1381; x_wconf 80' lang='lat' dir='ltr'><strong>resurgeret.</strong></span> <span class='ocrx_word' id='word_1_176' title='bbox 3070 1310 3215 1380; x_wconf 87' lang='lat' dir='ltr'><strong>Ergo</strong></span> <span class='ocrx_word' id='word_1_177' title='bbox 3251 1314 3445 1364; x_wconf 85' lang='lat' dir='ltr'><strong>sancta</strong></span> <span class='ocrx_word' id='word_1_178' title='bbox 3484 1307 3635 1379; x_wconf 90' lang='lat' dir='ltr'><strong>plebs</strong></span> <span class='ocrx_word' id='word_1_179' title='bbox 3667 1307 3771 1373; x_wconf 91' lang='lat' dir='ltr'><strong>Dei,</strong></span> <span class='ocrx_word' id='word_1_180' title='bbox 3801 1307 3836 1360; x_wconf 89' lang='lat' dir='ltr'><strong>si</strong></span> 
     </span>
    </p>
   </div>
   <div class='ocr_carea' id='block_1_28' title="bbox 2251 1401 3837 1476">
    <p class='ocr_par' dir='ltr' id='par_1_28' title="bbox 2251 1401 3837 1476">
     <span class='ocr_line' id='line_1_28' title="bbox 2251 1401 3837 1476; baseline -0.003 -16"><span class='ocrx_word' id='word_1_181' title='bbox 2251 1405 2503 1476; x_wconf 90' lang='lat' dir='ltr'><strong>quinque</strong></span> <span class='ocrx_word' id='word_1_182' title='bbox 2543 1404 2716 1460; x_wconf 88' lang='lat' dir='ltr'><strong>libros</strong></span> <span class='ocrx_word' id='word_1_183' title='bbox 2745 1404 2854 1475; x_wconf 90' lang='lat'><strong>(33)</strong></span> <span class='ocrx_word' id='word_1_184' title='bbox 2883 1404 3026 1475; x_wconf 88' lang='lat' dir='ltr'><strong>legis</strong></span> <span class='ocrx_word' id='word_1_185' title='bbox 3053 1404 3299 1475; x_wconf 89' lang='lat' dir='ltr'><strong>quadam</strong></span> <span class='ocrx_word' id='word_1_186' title='bbox 3329 1401 3575 1474; x_wconf 89' lang='lat' dir='ltr'><strong>conjugii</strong></span> <span class='ocrx_word' id='word_1_187' title='bbox 3599 1401 3837 1456; x_wconf 88' lang='lat' dir='ltr'><strong>charitate</strong></span> 
     </span>
    </p>
   </div>
   <div class='ocr_carea' id='block_1_29' title="bbox 2249 1494 3841 1570">
    <p class='ocr_par' dir='ltr' id='par_1_29' title="bbox 2249 1494 3841 1570">
     <span class='ocr_line' id='line_1_29' title="bbox 2249 1494 3841 1570; baseline -0.001 -18"><span class='ocrx_word' id='word_1_188' title='bbox 2249 1498 2521 1567; x_wconf 85' lang='lat' dir='ltr'><strong>dilexerit,</strong></span> <span class='ocrx_word' id='word_1_189' title='bbox 2566 1504 2624 1552; x_wconf 92' lang='lat' dir='ltr'><strong>et</strong></span> <span class='ocrx_word' id='word_1_190' title='bbox 2672 1498 2831 1570; x_wconf 89' lang='lat' dir='ltr'><strong>quasi</strong></span> <span class='ocrx_word' id='word_1_191' title='bbox 2868 1496 3225 1553; x_wconf 89' lang='lat' dir='ltr'><strong>maritalibus</strong></span> <span class='ocrx_word' id='word_1_192' title='bbox 3264 1494 3654 1550; x_wconf 84' lang='lat' dir='ltr'><strong>obsecundarit</strong></span> <span class='ocrx_word' id='word_1_193' title='bbox 3694 1496 3841 1566; x_wconf 85' lang='lat' dir='ltr'><strong>impe-</strong></span> 
     </span>
    </p>
   </div>
   <div class='ocr_carea' id='block_1_30' title="bbox 2252 1588 3837 1659">
    <p class='ocr_par' dir='ltr' id='par_1_30' title="bbox 2252 1588 3837 1659">
     <span class='ocr_line' id='line_1_30' title="bbox 2252 1588 3837 1659; baseline -0.003 -13"><span class='ocrx_word' id='word_1_194' title='bbox 2252 1591 2368 1659; x_wconf 91' lang='lat' dir='ltr'><strong>riis,</strong></span> <span class='ocrx_word' id='word_1_195' title='bbox 2408 1591 2643 1647; x_wconf 89' lang='lat' dir='ltr'><strong>habebit</strong></span> <span class='ocrx_word' id='word_1_196' title='bbox 2679 1593 2740 1646; x_wconf 91' lang='lat' dir='ltr'><strong>in</strong></span> <span class='ocrx_word' id='word_1_197' title='bbox 2780 1591 3194 1647; x_wconf 89' lang='lat' dir='ltr'><strong>resurrectione</strong></span> <span class='ocrx_word' id='word_1_198' title='bbox 3232 1589 3458 1645; x_wconf 85' lang='lat' dir='ltr'><strong>cceleste</strong></span> <span class='ocrx_word' id='word_1_199' title='bbox 3502 1588 3837 1649; x_wconf 86' lang='lat' dir='ltr'><strong>consortium.</strong></span> 
     </span>
    </p>
   </div>
   <div class='ocr_carea' id='block_1_31' title="bbox 520 1681 3845 1756">
    <p class='ocr_par' dir='ltr' id='par_1_31' title="bbox 520 1681 3845 1756">
     <span class='ocr_line' id='line_1_31' title="bbox 520 1681 3845 1756; baseline -0.001 -17"><span class='ocrx_word' id='word_1_200' title='bbox 520 1685 834 1741; x_wconf 89' lang='lat' dir='ltr'><strong>secundum</strong></span> <span class='ocrx_word' id='word_1_201' title='bbox 864 1702 1097 1741; x_wconf 91' lang='lat' dir='ltr'><strong>sensum</strong></span> <span class='ocrx_word' id='word_1_202' title='bbox 1123 1685 1312 1740; x_wconf 89' lang='lat' dir='ltr'><strong>carnis</strong></span> <span class='ocrx_word' id='word_1_203' title='bbox 1343 1684 1608 1753; x_wconf 87' lang='lat' dir='ltr'><strong>invertit;</strong></span> <span class='ocrx_word' id='word_1_204' title='bbox 1636 1701 1747 1739; x_wconf 90' lang='lat' dir='ltr'><strong>non</strong></span> <span class='ocrx_word' id='word_1_205' title='bbox 1789 1684 1947 1739; x_wconf 91' lang='lat' dir='ltr'><strong>enim</strong></span> <span class='ocrx_word' id='word_1_206' title='bbox 1977 1684 2152 1739; x_wconf 87' lang='lat' dir='ltr'><strong>frater</strong></span> <span class='ocrx_word' id='word_1_207' title='bbox 2176 1754 2210 1756; x_wconf 96' lang='lat'>_</span> <span class='ocrx_word' id='word_1_208' title='bbox 2252 1703 2365 1740; x_wconf 90' lang='lat' dir='ltr'><strong>non</strong></span> <span class='ocrx_word' id='word_1_209' title='bbox 2404 1701 2689 1756; x_wconf 73' lang='lat' dir='ltr'><strong>corporeae</strong></span> <span class='ocrx_word' id='word_1_210' title='bbox 2729 1685 3062 1740; x_wconf 92' lang='lat' dir='ltr'><strong>colluvionis</strong></span> <span class='ocrx_word' id='word_1_211' title='bbox 3094 1684 3313 1756; x_wconf 89' lang='lat' dir='ltr'><strong>pudore</strong></span> <span class='ocrx_word' id='word_1_212' title='bbox 3356 1683 3608 1750; x_wconf 84' lang='lat' dir='ltr'><strong>confusa,</strong></span> <span class='ocrx_word' id='word_1_213' title='bbox 3647 1681 3736 1736; x_wconf 89' lang='lat' dir='ltr'><strong>sed</strong></span> <span class='ocrx_word' id='word_1_214' title='bbox 3779 1681 3845 1735; x_wconf 87' lang='lat' dir='ltr'><strong>di-</strong></span> 
     </span>
    </p>
   </div>
   <div class='ocr_carea' id='block_1_32' title="bbox 522 1754 3190 1850">
    <p class='ocr_par' dir='ltr' id='par_1_32' title="bbox 522 1754 3190 1850">
     <span class='ocr_line' id='line_1_32' title="bbox 522 1754 3190 1850; baseline -0.001 -15"><span class='ocrx_word' id='word_1_215' title='bbox 522 1780 757 1835; x_wconf 86' lang='lat' dir='ltr'><strong>carnalis</strong></span> <span class='ocrx_word' id='word_1_216' title='bbox 809 1779 1012 1850; x_wconf 87' lang='lat' dir='ltr'><strong>aliquis</strong></span> <span class='ocrx_word' id='word_1_217' title='bbox 1048 1779 1417 1834; x_wconf 89' lang='lat' dir='ltr'><strong>denuntiatus</strong></span> <span class='ocrx_word' id='word_1_218' title='bbox 1456 1784 1538 1833; x_wconf 89' lang='lat' dir='ltr'><strong>est</strong></span> <span class='ocrx_word' id='word_1_219' title='bbox 1580 1778 1680 1849; x_wconf 91' lang='lat' dir='ltr'><strong>qui</strong></span> <span class='ocrx_word' id='word_1_220' title='bbox 1720 1794 1915 1832; x_wconf 89' lang='lat' dir='ltr'><strong>semen</strong></span> <span class='ocrx_word' id='word_1_221' title='bbox 1962 1778 2152 1833; x_wconf 84' lang='lat' dir='ltr'><strong>fratris</strong></span> <span class='ocrx_word' id='word_1_222' title='bbox 2175 1754 2229 1826; x_wconf 80' lang='grc' dir='ltr'>Β</span> <span class='ocrx_word' id='word_1_223' title='bbox 2254 1780 2397 1835; x_wconf 65' lang='lat' dir='ltr'><strong>vina:</strong></span> <span class='ocrx_word' id='word_1_224' title='bbox 2416 1754 2614 1850; x_wconf 67' lang='lat' dir='ltr'><strong>gratiae</strong></span> <span class='ocrx_word' id='word_1_225' title='bbox 2640 1779 2814 1835; x_wconf 88' lang='lat' dir='ltr'><strong>ditata</strong></span> <span class='ocrx_word' id='word_1_226' title='bbox 2841 1754 3190 1834; x_wconf 72' lang='lat' dir='ltr'><strong>muneribus.</strong></span> 
     </span>
    </p>
   </div>
   <div class='ocr_carea' id='block_1_33' title="bbox 524 1871 2152 1943">
    <p class='ocr_par' dir='ltr' id='par_1_33' title="bbox 524 1871 2152 1943">
     <span class='ocr_line' id='line_1_33' title="bbox 524 1871 2152 1943; baseline -0.001 -15"><span class='ocrx_word' id='word_1_227' title='bbox 524 1874 817 1929; x_wconf 86' lang='lat' dir='ltr'><strong>suscitaret</strong></span> <span class='ocrx_word' id='word_1_228' title='bbox 857 1872 1126 1938; x_wconf 88' lang='lat' dir='ltr'><strong>defuncti,</strong></span> <span class='ocrx_word' id='word_1_229' title='bbox 1164 1872 1264 1927; x_wconf 91' lang='lat' dir='ltr'><strong>sed</strong></span> <span class='ocrx_word' id='word_1_230' title='bbox 1310 1873 1401 1926; x_wconf 91' lang='lat' dir='ltr'><strong>ille</strong></span> <span class='ocrx_word' id='word_1_231' title='bbox 1451 1871 1546 1943; x_wconf 90' lang='lat' dir='ltr'><strong>qui</strong></span> <span class='ocrx_word' id='word_1_232' title='bbox 1593 1872 1897 1927; x_wconf 89' lang='lat' dir='ltr'><strong>demortuo</strong></span> <span class='ocrx_word' id='word_1_233' title='bbox 1942 1873 2152 1943; x_wconf 87' lang='lat' dir='ltr'><strong>populo</strong></span> 
     </span>
    </p>
   </div>
   <div class='ocr_carea' id='block_1_34' title="bbox 586 2039 2154 2104">
    <p class='ocr_par' dir='ltr' id='par_1_34' title="bbox 586 2039 2154 2104">
     <span class='ocr_line' id='line_1_34' title="bbox 586 2039 2154 2104; baseline -0.001 -13"><span class='ocrx_word' id='word_1_234' title='bbox 586 2043 681 2102; x_wconf 89' lang='lat'><strong>(30)</strong></span> <span class='ocrx_word' id='word_1_235' title='bbox 714 2040 921 2093; x_wconf 86' lang='lat' dir='ltr'><strong>Omnes</strong></span> <span class='ocrx_word' id='word_1_236' title='bbox 957 2039 1085 2091; x_wconf 90' lang='lat' dir='ltr'><strong>edit.</strong></span> <span class='ocrx_word' id='word_1_237' title='bbox 1126 2044 1179 2091; x_wconf 90' lang='lat' dir='ltr'><strong>et</strong></span> <span class='ocrx_word' id='word_1_238' title='bbox 1213 2052 1339 2104; x_wconf 88' lang='lat' dir='ltr'><strong>pars</strong></span> <span class='ocrx_word' id='word_1_239' title='bbox 1380 2052 1537 2100; x_wconf 89' lang='lat' dir='ltr'><strong>mss.,</strong></span> <span class='ocrx_word' id='word_1_240' title='bbox 1572 2039 1735 2101; x_wconf 82' lang='lat' dir='ltr'><strong>Quale</strong></span> <span class='ocrx_word' id='word_1_241' title='bbox 1768 2040 1833 2089; x_wconf 81' lang='lat' dir='ltr'><strong>de</strong></span> <span class='ocrx_word' id='word_1_242' title='bbox 1868 2052 1964 2089; x_wconf 83' lang='lat' dir='ltr'><strong>suo</strong></span> <span class='ocrx_word' id='word_1_243' title='bbox 2002 2039 2154 2090; x_wconf 85' lang='lat' dir='ltr'><strong>dede-</strong></span> 
     </span>
    </p>
   </div>
   <div class='ocr_carea' id='block_1_35' title="bbox 524 2111 2157 2176">
    <p class='ocr_par' dir='ltr' id='par_1_35' title="bbox 524 2111 2157 2176">
     <span class='ocr_line' id='line_1_35' title="bbox 524 2111 2157 2176; baseline 0 -16"><span class='ocrx_word' id='word_1_244' title='bbox 524 2118 651 2162; x_wconf 81' lang='lat' dir='ltr'><strong>runt</strong></span> <span class='ocrx_word' id='word_1_245' title='bbox 680 2112 937 2162; x_wconf 81' lang='lat' dir='ltr'><strong>castitatis</strong></span> <span class='ocrx_word' id='word_1_246' title='bbox 977 2111 1288 2176; x_wconf 72' lang='lat' dir='ltr'><strong>exemplum.</strong></span> <span class='ocrx_word' id='word_1_247' title='bbox 1336 2111 1568 2174; x_wconf 86' lang='lat' dir='ltr'><strong>Reliqua</strong></span> <span class='ocrx_word' id='word_1_248' title='bbox 1613 2123 1755 2174; x_wconf 88' lang='lat' dir='ltr'><strong>pars,</strong></span> <span class='ocrx_word' id='word_1_249' title='bbox 1802 2123 1927 2174; x_wconf 75' lang='lat' dir='ltr'><strong>quae</strong></span> <span class='ocrx_word' id='word_1_250' title='bbox 1968 2114 2021 2161; x_wconf 92' lang='lat' dir='ltr'><strong>et</strong></span> <span class='ocrx_word' id='word_1_251' title='bbox 2064 2124 2157 2174; x_wconf 86' lang='lat' dir='ltr'><strong>po-</strong></span> 
     </span>
    </p>
   </div>
   <div class='ocr_carea' id='block_1_36' title="bbox 525 2183 1149 2249">
    <p class='ocr_par' dir='ltr' id='par_1_36' title="bbox 525 2183 1149 2249">
     <span class='ocr_line' id='line_1_36' title="bbox 525 2183 1149 2249; baseline -0.002 -16"><span class='ocrx_word' id='word_1_252' title='bbox 525 2185 646 2245; x_wconf 86' lang='lat' dir='ltr'><strong>tior,</strong></span> <span class='ocrx_word' id='word_1_253' title='bbox 673 2183 968 2235; x_wconf 89' lang='lat' dir='ltr'><strong>nobiscum</strong></span> <span class='ocrx_word' id='word_1_254' title='bbox 996 2184 1149 2249; x_wconf 86' lang='lat' dir='ltr'><strong>legit.</strong></span> 
     </span>
    </p>
   </div>
   <div class='ocr_carea' id='block_1_37' title="bbox 586 2253 2151 2318">
    <p class='ocr_par' dir='ltr' id='par_1_37' title="bbox 586 2253 2151 2318">
     <span class='ocr_line' id='line_1_37' title="bbox 586 2253 2151 2318; baseline -0.002 -12"><span class='ocrx_word' id='word_1_255' title='bbox 586 2257 680 2318; x_wconf 83' lang='lat' dir='ltr'><strong>(3i)</strong></span> <span class='ocrx_word' id='word_1_256' title='bbox 711 2256 825 2306; x_wconf 85' lang='lat' dir='ltr'><strong>Cur</strong></span> <span class='ocrx_word' id='word_1_257' title='bbox 856 2256 1003 2306; x_wconf 88' lang='lat' dir='ltr'><strong>solos</strong></span> <span class='ocrx_word' id='word_1_258' title='bbox 1038 2268 1077 2307; x_wconf 91' lang='lat' dir='ltr'><strong>v</strong></span> <span class='ocrx_word' id='word_1_259' title='bbox 1106 2254 1278 2305; x_wconf 89' lang='lat' dir='ltr'><strong>libros</strong></span> <span class='ocrx_word' id='word_1_260' title='bbox 1314 2255 1520 2318; x_wconf 83' lang='lat' dir='ltr'><strong>Moysis</strong></span> <span class='ocrx_word' id='word_1_261' title='bbox 1556 2253 1879 2303; x_wconf 87' lang='lat' dir='ltr'><strong>admiserint</strong></span> <span class='ocrx_word' id='word_1_262' title='bbox 1915 2253 2151 2304; x_wconf 88' lang='lat' dir='ltr'><strong>Samari-</strong></span> 
     </span>
    </p>
   </div>
   <div class='ocr_carea' id='block_1_38' title="bbox 521 2325 2156 2390">
    <p class='ocr_par' dir='ltr' id='par_1_38' title="bbox 521 2325 2156 2390">
     <span class='ocr_line' id='line_1_38' title="bbox 521 2325 2156 2390; baseline -0.002 -12"><span class='ocrx_word' id='word_1_263' title='bbox 521 2330 656 2389; x_wconf 88' lang='lat' dir='ltr'><strong>tani,</strong></span> <span class='ocrx_word' id='word_1_264' title='bbox 686 2327 835 2378; x_wconf 87' lang='lat' dir='ltr'><strong>hanc</strong></span> <span class='ocrx_word' id='word_1_265' title='bbox 864 2340 986 2378; x_wconf 90' lang='lat' dir='ltr'><strong>esse</strong></span> <span class='ocrx_word' id='word_1_266' title='bbox 1011 2341 1237 2377; x_wconf 89' lang='lat' dir='ltr'><strong>causam</strong></span> <span class='ocrx_word' id='word_1_267' title='bbox 1266 2330 1427 2390; x_wconf 90' lang='lat' dir='ltr'><strong>putat</strong></span> <span class='ocrx_word' id='word_1_268' title='bbox 1452 2326 1702 2377; x_wconf 91' lang='lat' dir='ltr'><strong>eruditus</strong></span> <span class='ocrx_word' id='word_1_269' title='bbox 1730 2325 1959 2390; x_wconf 90' lang='lat' dir='ltr'><strong>quidam</strong></span> <span class='ocrx_word' id='word_1_270' title='bbox 1989 2331 2156 2390; x_wconf 90' lang='lat' dir='ltr'><strong>atque</strong></span> 
     </span>
    </p>
   </div>
   <div class='ocr_carea' id='block_1_39' title="bbox 523 2398 2158 2463">
    <p class='ocr_par' dir='ltr' id='par_1_39' title="bbox 523 2398 2158 2463">
     <span class='ocr_line' id='line_1_39' title="bbox 523 2398 2158 2463; baseline -0.004 -12"><span class='ocrx_word' id='word_1_271' title='bbox 523 2413 651 2451; x_wconf 88' lang='lat' dir='ltr'><strong>acer</strong></span> <span class='ocrx_word' id='word_1_272' title='bbox 702 2400 946 2460; x_wconf 87' lang='lat' dir='ltr'><strong>criticus,</strong></span> <span class='ocrx_word' id='word_1_273' title='bbox 994 2399 1123 2463; x_wconf 88' lang='lat' dir='ltr'><strong>quia</strong></span> <span class='ocrx_word' id='word_1_274' title='bbox 1174 2412 1285 2462; x_wconf 88' lang='lat' dir='ltr'><strong>quo</strong></span> <span class='ocrx_word' id='word_1_275' title='bbox 1328 2402 1574 2462; x_wconf 79' lang='lat' dir='ltr'><strong>tempore</strong></span> <span class='ocrx_word' id='word_1_276' title='bbox 1610 2398 1755 2447; x_wconf 84' lang='lat' dir='ltr'><strong>facta</strong></span> <span class='ocrx_word' id='word_1_277' title='bbox 1794 2399 1875 2446; x_wconf 90' lang='lat' dir='ltr'><strong>est</strong></span> <span class='ocrx_word' id='word_1_278' title='bbox 1916 2400 2158 2447; x_wconf 81' lang='lat' dir='ltr'><strong>secessio</strong></span> 
     </span>
    </p>
   </div>
   <div class='ocr_carea' id='block_1_40' title="bbox 521 2467 2154 2532">
    <p class='ocr_par' dir='ltr' id='par_1_40' title="bbox 521 2467 2154 2532">
     <span class='ocr_line' id='line_1_40' title="bbox 521 2467 2154 2532; baseline -0.002 -11"><span class='ocrx_word' id='word_1_279' title='bbox 521 2469 748 2521; x_wconf 69' lang='lat' dir='ltr'><strong>Judaeos</strong></span> <span class='ocrx_word' id='word_1_280' title='bbox 775 2469 921 2520; x_wconf 82' lang='lat' dir='ltr'><strong>inter</strong></span> <span class='ocrx_word' id='word_1_281' title='bbox 947 2483 1011 2519; x_wconf 89' lang='lat' dir='ltr'><strong>ac</strong></span> <span class='ocrx_word' id='word_1_282' title='bbox 1046 2468 1439 2527; x_wconf 83' lang='lat' dir='ltr'><strong>Samaritanos,</strong></span> <span class='ocrx_word' id='word_1_283' title='bbox 1465 2481 1665 2532; x_wconf 87' lang='lat' dir='ltr'><strong>nempe</strong></span> <span class='ocrx_word' id='word_1_284' title='bbox 1705 2467 1812 2518; x_wconf 90' lang='lat' dir='ltr'><strong>sub</strong></span> <span class='ocrx_word' id='word_1_285' title='bbox 1850 2467 2154 2523; x_wconf 86' lang='lat' dir='ltr'><strong>Roboamo.</strong></span> 
     </span>
    </p>
   </div>
   <div class='ocr_carea' id='block_1_41' title="bbox 523 2539 2159 2603">
    <p class='ocr_par' dir='ltr' id='par_1_41' title="bbox 523 2539 2159 2603">
     <span class='ocr_line' id='line_1_41' title="bbox 523 2539 2159 2603; baseline -0.002 -12"><span class='ocrx_word' id='word_1_286' title='bbox 523 2540 805 2591; x_wconf 88' lang='lat' dir='ltr'><strong>nullidum</strong></span> <span class='ocrx_word' id='word_1_287' title='bbox 844 2553 914 2591; x_wconf 85' lang='lat' dir='ltr'><strong>ex</strong></span> <span class='ocrx_word' id='word_1_288' title='bbox 951 2540 1074 2589; x_wconf 86' lang='lat' dir='ltr'><strong>aliis</strong></span> <span class='ocrx_word' id='word_1_289' title='bbox 1110 2540 1312 2589; x_wconf 82' lang='lat' dir='ltr'><strong>divinis</strong></span> <span class='ocrx_word' id='word_1_290' title='bbox 1356 2540 1513 2591; x_wconf 88' lang='lat' dir='ltr'><strong>libris</strong></span> <span class='ocrx_word' id='word_1_291' title='bbox 1553 2539 1764 2603; x_wconf 75' lang='lat' dir='ltr'><strong>vulgati</strong></span> <span class='ocrx_word' id='word_1_292' title='bbox 1800 2543 2006 2590; x_wconf 89' lang='lat' dir='ltr'><strong>essent.</strong></span> <span class='ocrx_word' id='word_1_293' title='bbox 2049 2539 2159 2590; x_wconf 88' lang='lat' dir='ltr'><strong>Sed</strong></span> 
     </span>
    </p>
   </div>
   <div class='ocr_carea' id='block_1_42' title="bbox 525 2610 2061 2675">
    <p class='ocr_par' dir='ltr' id='par_1_42' title="bbox 525 2610 2061 2675">
     <span class='ocr_line' id='line_1_42' title="bbox 525 2610 2061 2675; baseline -0.003 -12"><span class='ocrx_word' id='word_1_294' title='bbox 525 2623 783 2663; x_wconf 89' lang='lat' dir='ltr'><strong>veremur</strong></span> <span class='ocrx_word' id='word_1_295' title='bbox 807 2615 869 2660; x_wconf 88' lang='lat' dir='ltr'><strong>ut</strong></span> <span class='ocrx_word' id='word_1_296' title='bbox 897 2610 1158 2661; x_wconf 89' lang='lat' dir='ltr'><strong>omnibus</strong></span> <span class='ocrx_word' id='word_1_297' title='bbox 1181 2611 1313 2660; x_wconf 88' lang='lat' dir='ltr'><strong>satis</strong></span> <span class='ocrx_word' id='word_1_298' title='bbox 1338 2610 1605 2675; x_wconf 87' lang='lat' dir='ltr'><strong>probetur</strong></span> <span class='ocrx_word' id='word_1_299' title='bbox 1634 2623 1698 2660; x_wconf 91' lang='lat' dir='ltr'><strong>ea</strong></span> <span class='ocrx_word' id='word_1_300' title='bbox 1728 2611 2061 2674; x_wconf 86' lang='lat' dir='ltr'><strong>conjectura.</strong></span> 
     </span>
    </p>
   </div>
   <div class='ocr_carea' id='block_1_43' title="bbox 587 2679 2159 2745">
    <p class='ocr_par' dir='ltr' id='par_1_43' title="bbox 587 2679 2159 2745">
     <span class='ocr_line' id='line_1_43' title="bbox 587 2679 2159 2745; baseline -0.003 -12"><span class='ocrx_word' id='word_1_301' title='bbox 587 2683 686 2745; x_wconf 68' lang='lat'><strong>(32)</strong></span> <span class='ocrx_word' id='word_1_302' title='bbox 730 2682 837 2732; x_wconf 81' lang='lat' dir='ltr'><strong>Hic</strong></span> <span class='ocrx_word' id='word_1_303' title='bbox 882 2681 1019 2732; x_wconf 79' lang='lat' dir='ltr'><strong>stola</strong></span> <span class='ocrx_word' id='word_1_304' title='bbox 1071 2680 1273 2731; x_wconf 86' lang='lat' dir='ltr'><strong>dicitur</strong></span> <span class='ocrx_word' id='word_1_305' title='bbox 1320 2681 1526 2744; x_wconf 85' lang='lat' dir='ltr'><strong>insigne</strong></span> <span class='ocrx_word' id='word_1_306' title='bbox 1581 2679 1851 2744; x_wconf 85' lang='lat' dir='ltr'><strong>conjugii;</strong></span> <span class='ocrx_word' id='word_1_307' title='bbox 1898 2680 2046 2744; x_wconf 87' lang='lat' dir='ltr'><strong>quia,</strong></span> <span class='ocrx_word' id='word_1_308' title='bbox 2100 2684 2159 2729; x_wconf 89' lang='lat' dir='ltr'><strong>ut</strong></span> 
     </span>
    </p>
   </div>
   <div class='ocr_carea' id='block_1_44' title="bbox 525 2751 2162 2817">
    <p class='ocr_par' dir='ltr' id='par_1_44' title="bbox 525 2751 2162 2817">
     <span class='ocr_line' id='line_1_44' title="bbox 525 2751 2162 2817; baseline -0.004 -12"><span class='ocrx_word' id='word_1_309' title='bbox 525 2756 608 2806; x_wconf 88' lang='lat' dir='ltr'><strong>vir</strong></span> <span class='ocrx_word' id='word_1_310' title='bbox 654 2759 884 2805; x_wconf 86' lang='lat' dir='ltr'><strong>sanctus</strong></span> <span class='ocrx_word' id='word_1_311' title='bbox 918 2767 1103 2817; x_wconf 86' lang='lat' dir='ltr'><strong>supra,</strong></span> <span class='ocrx_word' id='word_1_312' title='bbox 1149 2751 1242 2803; x_wconf 89' lang='lat' dir='ltr'><strong>lib.</strong></span> <span class='ocrx_word' id='word_1_313' title='bbox 1288 2766 1384 2814; x_wconf 86' lang='lat' dir='ltr'><strong>vu,</strong></span> <span class='ocrx_word' id='word_1_314' title='bbox 1428 2765 1581 2803; x_wconf 89' lang='lat' dir='ltr'><strong>num.</strong></span> <span class='ocrx_word' id='word_1_315' title='bbox 1628 2752 1738 2812; x_wconf 76' lang='grc'><strong>231,</strong></span> <span class='ocrx_word' id='word_1_316' title='bbox 1788 2751 1966 2813; x_wconf 88' lang='lat' dir='ltr'><strong>docet,</strong></span> <span class='ocrx_word' id='word_1_317' title='bbox 2006 2752 2162 2801; x_wconf 78' lang='lat' dir='ltr'><strong>vesti-</strong></span> 
     </span>
    </p>
   </div>
   <div class='ocr_carea' id='block_1_45' title="bbox 541 2980 1787 2992">
    <p class='ocr_par' dir='ltr' id='par_1_45' title="bbox 541 2980 1787 2992">
     <span class='ocr_line' id='line_1_45' title="bbox 541 2980 1787 2992; baseline 0 -3"><span class='ocrx_word' id='word_1_318' title='bbox 541 2982 743 2992; x_wconf 53' lang='grc' dir='ltr'><strong>...ιν-ιι...</strong></span> <span class='ocrx_word' id='word_1_319' title='bbox 756 2981 919 2989; x_wconf 54' lang='grc' dir='ltr'><strong>..ος-*-</strong></span> <span class='ocrx_word' id='word_1_320' title='bbox 932 2980 1685 2990; x_wconf 47' lang='grc' dir='ltr'><strong>,ο-ᾐο-υ-...υ-ηο--Ἥ-μοσ--η</strong></span> <span class='ocrx_word' id='word_1_321' title='bbox 1696 2980 1787 2988; x_wconf 68' lang='grc' dir='ltr'><strong>-ο-ο</strong></span> 
     </span>
    </p>
   </div>
   <div class='ocr_carea' id='block_1_46' title="bbox 2254 2041 3851 2107">
    <p class='ocr_par' dir='ltr' id='par_1_46' title="bbox 2254 2041 3851 2107">
     <span class='ocr_line' id='line_1_46' title="bbox 2254 2041 3851 2107; baseline -0.003 -13"><span class='ocrx_word' id='word_1_322' title='bbox 2254 2047 2484 2094; x_wconf 82' lang='lat' dir='ltr'><strong>mentum</strong></span> <span class='ocrx_word' id='word_1_323' title='bbox 2531 2048 2605 2093; x_wconf 78' lang='lat' dir='ltr'><strong>est</strong></span> <span class='ocrx_word' id='word_1_324' title='bbox 2647 2041 2902 2107; x_wconf 75' lang='lat' dir='ltr'><strong>nuptiale.</strong></span> <span class='ocrx_word' id='word_1_325' title='bbox 2951 2042 3170 2105; x_wconf 87' lang='lat' dir='ltr'><strong>Quibus</strong></span> <span class='ocrx_word' id='word_1_326' title='bbox 3224 2042 3412 2094; x_wconf 85' lang='lat' dir='ltr'><strong>verbis</strong></span> <span class='ocrx_word' id='word_1_327' title='bbox 3454 2042 3763 2106; x_wconf 79' lang='lat' dir='ltr'><strong>intelligitur</strong></span> <span class='ocrx_word' id='word_1_328' title='bbox 3806 2041 3851 2089; x_wconf 84' lang='lat' dir='ltr'><strong>in</strong></span> 
     </span>
    </p>
   </div>
   <div class='ocr_carea' id='block_1_47' title="bbox 2255 2111 3854 2178">
    <p class='ocr_par' dir='ltr' id='par_1_47' title="bbox 2255 2111 3854 2178">
     <span class='ocr_line' id='line_1_47' title="bbox 2255 2111 3854 2178; baseline -0.004 -13"><span class='ocrx_word' id='word_1_329' title='bbox 2255 2128 2410 2165; x_wconf 91' lang='lat' dir='ltr'><strong>more</strong></span> <span class='ocrx_word' id='word_1_330' title='bbox 2443 2115 2684 2178; x_wconf 91' lang='lat' dir='ltr'><strong>positum</strong></span> <span class='ocrx_word' id='word_1_331' title='bbox 2722 2114 2897 2165; x_wconf 83' lang='lat' dir='ltr'><strong>fuisse</strong></span> <span class='ocrx_word' id='word_1_332' title='bbox 2923 2114 3170 2178; x_wconf 87' lang='lat' dir='ltr'><strong>antiquis</strong></span> <span class='ocrx_word' id='word_1_333' title='bbox 3199 2118 3261 2163; x_wconf 81' lang='lat' dir='ltr'><strong>ut</strong></span> <span class='ocrx_word' id='word_1_334' title='bbox 3303 2117 3575 2164; x_wconf 62' lang='lat' dir='ltr'><strong>matrona</strong></span> <span class='ocrx_word' id='word_1_335' title='bbox 3613 2111 3854 2162; x_wconf 79' lang='lat' dir='ltr'><strong>nubentes</strong></span> 
     </span>
    </p>
   </div>
   <div class='ocr_carea' id='block_1_48' title="bbox 2255 2180 3852 2249">
    <p class='ocr_par' dir='ltr' id='par_1_48' title="bbox 2255 2180 3852 2249">
     <span class='ocr_line' id='line_1_48' title="bbox 2255 2180 3852 2249; baseline -0.003 -14"><span class='ocrx_word' id='word_1_336' title='bbox 2255 2185 2452 2235; x_wconf 89' lang='lat' dir='ltr'><strong>stolam</strong></span> <span class='ocrx_word' id='word_1_337' title='bbox 2482 2185 2816 2249; x_wconf 87' lang='lat' dir='ltr'><strong>acciperent,</strong></span> <span class='ocrx_word' id='word_1_338' title='bbox 2842 2185 2963 2234; x_wconf 89' lang='lat' dir='ltr'><strong>sine</strong></span> <span class='ocrx_word' id='word_1_339' title='bbox 2998 2197 3108 2248; x_wconf 89' lang='lat' dir='ltr'><strong>qua</strong></span> <span class='ocrx_word' id='word_1_340' title='bbox 3148 2182 3418 2248; x_wconf 90' lang='lat' dir='ltr'><strong>deinceps</strong></span> <span class='ocrx_word' id='word_1_341' title='bbox 3462 2182 3571 2233; x_wconf 89' lang='lat' dir='ltr'><strong>illis</strong></span> <span class='ocrx_word' id='word_1_342' title='bbox 3606 2183 3661 2232; x_wconf 90' lang='lat' dir='ltr'><strong>in</strong></span> <span class='ocrx_word' id='word_1_343' title='bbox 3698 2180 3852 2244; x_wconf 88' lang='lat' dir='ltr'><strong>publi-</strong></span> 
     </span>
    </p>
   </div>
   <div class='ocr_carea' id='block_1_49' title="bbox 2257 2252 3855 2320">
    <p class='ocr_par' dir='ltr' id='par_1_49' title="bbox 2257 2252 3855 2320">
     <span class='ocr_line' id='line_1_49' title="bbox 2257 2252 3855 2320; baseline -0.006 -12"><span class='ocrx_word' id='word_1_344' title='bbox 2257 2270 2384 2308; x_wconf 89' lang='lat' dir='ltr'><strong>cum</strong></span> <span class='ocrx_word' id='word_1_345' title='bbox 2418 2257 2571 2307; x_wconf 89' lang='lat' dir='ltr'><strong>exire</strong></span> <span class='ocrx_word' id='word_1_346' title='bbox 2616 2269 2729 2306; x_wconf 90' lang='lat' dir='ltr'><strong>non</strong></span> <span class='ocrx_word' id='word_1_347' title='bbox 2769 2256 3001 2320; x_wconf 88' lang='lat' dir='ltr'><strong>liquisse</strong></span> <span class='ocrx_word' id='word_1_348' title='bbox 3049 2258 3238 2306; x_wconf 87' lang='lat' dir='ltr'><strong>auctor</strong></span> <span class='ocrx_word' id='word_1_349' title='bbox 3278 2260 3366 2305; x_wconf 84' lang='lat' dir='ltr'><strong>est</strong></span> <span class='ocrx_word' id='word_1_350' title='bbox 3407 2253 3771 2306; x_wconf 86' lang='lat' dir='ltr'><strong>Tertullianus</strong></span> <span class='ocrx_word' id='word_1_351' title='bbox 3811 2252 3855 2300; x_wconf 88' lang='lat' dir='ltr'><strong>in</strong></span> 
     </span>
    </p>
   </div>
   <div class='ocr_carea' id='block_1_50' title="bbox 2257 2326 2944 2391">
    <p class='ocr_par' dir='ltr' id='par_1_50' title="bbox 2257 2326 2944 2391">
     <span class='ocr_line' id='line_1_50' title="bbox 2257 2326 2944 2391; baseline -0.006 -13"><span class='ocrx_word' id='word_1_352' title='bbox 2257 2328 2397 2378; x_wconf 87' lang='lat' dir='ltr'><strong>libro</strong></span> <span class='ocrx_word' id='word_1_353' title='bbox 2430 2329 2499 2377; x_wconf 81' lang='lat' dir='ltr'><strong>De</strong></span> <span class='ocrx_word' id='word_1_354' title='bbox 2522 2326 2710 2390; x_wconf 83' lang='lat' dir='ltr'><strong>pallio,</strong></span> <span class='ocrx_word' id='word_1_355' title='bbox 2744 2340 2865 2391; x_wconf 89' lang='lat' dir='ltr'><strong>cap.</strong></span> <span class='ocrx_word' id='word_1_356' title='bbox 2897 2327 2944 2376; x_wconf 78' lang='grc'><strong>4.</strong></span> 
     </span>
    </p>
   </div>
   <div class='ocr_carea' id='block_1_51' title="bbox 2320 2397 3858 2462">
    <p class='ocr_par' dir='ltr' id='par_1_51' title="bbox 2320 2397 3858 2462">
     <span class='ocr_line' id='line_1_51' title="bbox 2320 2397 3858 2462; baseline -0.005 -14"><span class='ocrx_word' id='word_1_357' title='bbox 2320 2399 2415 2462; x_wconf 88' lang='lat'><strong>(33)</strong></span> <span class='ocrx_word' id='word_1_358' title='bbox 2468 2397 2562 2449; x_wconf 92' lang='lat' dir='ltr'><strong>Sic</strong></span> <span class='ocrx_word' id='word_1_359' title='bbox 2613 2398 2864 2462; x_wconf 89' lang='lat' dir='ltr'><strong>plerique</strong></span> <span class='ocrx_word' id='word_1_360' title='bbox 2918 2411 3050 2447; x_wconf 89' lang='lat' dir='ltr'><strong>mss.</strong></span> <span class='ocrx_word' id='word_1_361' title='bbox 3119 2410 3185 2448; x_wconf 89' lang='lat' dir='ltr'><strong>ac</strong></span> <span class='ocrx_word' id='word_1_362' title='bbox 3235 2397 3371 2447; x_wconf 85' lang='lat' dir='ltr'><strong>edit.</strong></span> <span class='ocrx_word' id='word_1_363' title='bbox 3426 2409 3645 2456; x_wconf 86' lang='lat' dir='ltr'><strong>omnes,</strong></span> <span class='ocrx_word' id='word_1_364' title='bbox 3688 2397 3858 2458; x_wconf 58' lang='lat' dir='ltr'><strong>praeter</strong></span> 
     </span>
    </p>
   </div>
   <div class='ocr_carea' id='block_1_52' title="bbox 2259 2466 3857 2532">
    <p class='ocr_par' dir='ltr' id='par_1_52' title="bbox 2259 2466 3857 2532">
     <span class='ocr_line' id='line_1_52' title="bbox 2259 2466 3857 2532; baseline -0.005 -13"><span class='ocrx_word' id='word_1_365' title='bbox 2259 2469 2438 2531; x_wconf 85' lang='lat' dir='ltr'><strong>Rom.,</strong></span> <span class='ocrx_word' id='word_1_366' title='bbox 2481 2480 2608 2532; x_wconf 65' lang='lat' dir='ltr'><strong>qua</strong></span> <span class='ocrx_word' id='word_1_367' title='bbox 2643 2481 2771 2518; x_wconf 91' lang='lat' dir='ltr'><strong>cum</strong></span> <span class='ocrx_word' id='word_1_368' title='bbox 2820 2467 3040 2518; x_wconf 89' lang='lat' dir='ltr'><strong>duobus</strong></span> <span class='ocrx_word' id='word_1_369' title='bbox 3085 2469 3266 2532; x_wconf 85' lang='lat' dir='ltr'><strong>iisque</strong></span> <span class='ocrx_word' id='word_1_370' title='bbox 3312 2466 3712 2519; x_wconf 86' lang='lat' dir='ltr'><strong>recentioribus</strong></span> <span class='ocrx_word' id='word_1_371' title='bbox 3748 2476 3857 2514; x_wconf 88' lang='lat' dir='ltr'><strong>mss.</strong></span> 
     </span>
    </p>
   </div>
   <div class='ocr_carea' id='block_1_53' title="bbox 2258 2535 3860 2603">
    <p class='ocr_par' dir='ltr' id='par_1_53' title="bbox 2258 2535 3860 2603">
     <span class='ocr_line' id='line_1_53' title="bbox 2258 2535 3860 2603; baseline -0.003 -14"><span class='ocrx_word' id='word_1_372' title='bbox 2258 2539 2445 2599; x_wconf 85' lang='lat' dir='ltr'><strong>habet,</strong></span> <span class='ocrx_word' id='word_1_373' title='bbox 2496 2540 2543 2591; x_wconf 80' lang='lat' dir='ltr'><strong>si</strong></span> <span class='ocrx_word' id='word_1_374' title='bbox 2582 2544 2773 2603; x_wconf 73' lang='lat' dir='ltr'><strong>septem</strong></span> <span class='ocrx_word' id='word_1_375' title='bbox 2827 2538 3004 2590; x_wconf 81' lang='lat' dir='ltr'><strong>libros.</strong></span> <span class='ocrx_word' id='word_1_376' title='bbox 3053 2538 3236 2590; x_wconf 88' lang='lat' dir='ltr'><strong>Minus</strong></span> <span class='ocrx_word' id='word_1_377' title='bbox 3284 2537 3600 2598; x_wconf 85' lang='lat' dir='ltr'><strong>commode,</strong></span> <span class='ocrx_word' id='word_1_378' title='bbox 3643 2550 3760 2587; x_wconf 88' lang='lat' dir='ltr'><strong>cum</strong></span> <span class='ocrx_word' id='word_1_379' title='bbox 3803 2535 3860 2585; x_wconf 90' lang='lat' dir='ltr'><strong>de</strong></span> 
     </span>
    </p>
   </div>
   <div class='ocr_carea' id='block_1_54' title="bbox 2260 2607 3863 2675">
    <p class='ocr_par' dir='ltr' id='par_1_54' title="bbox 2260 2607 3863 2675">
     <span class='ocr_line' id='line_1_54' title="bbox 2260 2607 3863 2675; baseline -0.004 -14"><span class='ocrx_word' id='word_1_380' title='bbox 2260 2610 2415 2661; x_wconf 87' lang='lat' dir='ltr'><strong>libris</strong></span> <span class='ocrx_word' id='word_1_381' title='bbox 2436 2610 2593 2675; x_wconf 82' lang='lat' dir='ltr'><strong>legis,</strong></span> <span class='ocrx_word' id='word_1_382' title='bbox 2624 2623 2737 2675; x_wconf 86' lang='lat' dir='ltr'><strong>quo</strong></span> <span class='ocrx_word' id='word_1_383' title='bbox 2769 2610 2997 2661; x_wconf 90' lang='lat' dir='ltr'><strong>nomine</strong></span> <span class='ocrx_word' id='word_1_384' title='bbox 3025 2623 3063 2660; x_wconf 85' lang='grc' dir='ltr'><strong>ν</strong></span> <span class='ocrx_word' id='word_1_385' title='bbox 3104 2610 3230 2661; x_wconf 83' lang='lat' dir='ltr'><strong>libri</strong></span> <span class='ocrx_word' id='word_1_386' title='bbox 3265 2610 3480 2675; x_wconf 84' lang='lat' dir='ltr'><strong>Moysis</strong></span> <span class='ocrx_word' id='word_1_387' title='bbox 3520 2608 3685 2672; x_wconf 88' lang='lat' dir='ltr'><strong>vulgo</strong></span> <span class='ocrx_word' id='word_1_388' title='bbox 3712 2607 3863 2668; x_wconf 80' lang='lat' dir='ltr'><strong>desig-</strong></span> 
     </span>
    </p>
   </div>
   <div class='ocr_carea' id='block_1_55' title="bbox 2259 2680 3013 2746">
    <p class='ocr_par' dir='ltr' id='par_1_55' title="bbox 2259 2680 3013 2746">
     <span class='ocr_line' id='line_1_55' title="bbox 2259 2680 3013 2746; baseline -0.003 -14"><span class='ocrx_word' id='word_1_389' title='bbox 2259 2684 2479 2741; x_wconf 88' lang='lat' dir='ltr'><strong>nantur,</strong></span> <span class='ocrx_word' id='word_1_390' title='bbox 2511 2685 2635 2746; x_wconf 87' lang='lat' dir='ltr'><strong>agat</strong></span> <span class='ocrx_word' id='word_1_391' title='bbox 2666 2680 3013 2732; x_wconf 87' lang='lat' dir='ltr'><strong>Ambrosius.</strong></span> 
     </span>
    </p>
   </div>
   <div class='ocr_carea' id='block_1_56' title="bbox 1740 3212 2672 3307">
    <p class='ocr_par' dir='ltr' id='par_1_56' title="bbox 1740 3212 2672 3307">
     <span class='ocr_line' id='line_1_56' title="bbox 1740 3212 2672 3307; baseline 0.003 -4"><span class='ocrx_word' id='word_1_392' title='bbox 1740 3212 2077 3304; x_wconf 85' lang='lat' dir='ltr'><strong>LIBER</strong></span> <span class='ocrx_word' id='word_1_393' title='bbox 2152 3212 2672 3307; x_wconf 88' lang='lat' dir='ltr'><strong>DECIMUS.</strong></span> 
     </span>
    </p>
   </div>
   <div class='ocr_carea' id='block_1_57' title="bbox 604 3638 1796 3709">
    <p class='ocr_par' dir='ltr' id='par_1_57' title="bbox 604 3638 1796 3709">
     <span class='ocr_line' id='line_1_57' title="bbox 604 3638 1796 3709; baseline 0.003 -20"><span class='ocrx_word' id='word_1_394' title='bbox 604 3638 778 3709; x_wconf 73' lang='lat' dir='ltr'><strong>(Vers.</strong></span> <span class='ocrx_word' id='word_1_395' title='bbox 807 3638 919 3707; x_wconf 72' lang='grc'>42.)</span> <span class='ocrx_word' id='word_1_396' title='bbox 944 3639 1094 3693; x_wconf 76' lang='lat' dir='ltr'><strong>Dian&#39;t</strong></span> <span class='ocrx_word' id='word_1_397' title='bbox 1123 3640 1379 3693; x_wconf 83' lang='lat' dir='ltr'><strong>Dominus</strong></span> <span class='ocrx_word' id='word_1_398' title='bbox 1415 3640 1638 3694; x_wconf 80' lang='lat' dir='ltr'><strong>Domino</strong></span> <span class='ocrx_word' id='word_1_399' title='bbox 1664 3654 1796 3694; x_wconf 87' lang='lat' dir='ltr'><strong>meo.</strong></span> 
     </span>
    </p>
   </div>
   <div class='ocr_carea' id='block_1_58' title="bbox 2179 3624 3876 3726">
    <p class='ocr_par' dir='ltr' id='par_1_58' title="bbox 2179 3624 3876 3726">
     <span class='ocr_line' id='line_1_58' title="bbox 2179 3624 3876 3726; baseline -0.007 -30"><span class='ocrx_word' id='word_1_400' title='bbox 2179 3640 2429 3726; x_wconf 77' lang='lat' dir='ltr'><strong>CDavid</strong></span> <span class='ocrx_word' id='word_1_401' title='bbox 2482 3640 2662 3695; x_wconf 81' lang='lat' dir='ltr'><strong>lilium</strong></span> <span class='ocrx_word' id='word_1_402' title='bbox 2715 3641 3095 3706; x_wconf 89' lang='lat' dir='ltr'><strong>conﬁtentur,</strong></span> <span class='ocrx_word' id='word_1_403' title='bbox 3152 3639 3253 3694; x_wconf 90' lang='lat' dir='ltr'><strong>sed</strong></span> <span class='ocrx_word' id='word_1_404' title='bbox 3304 3639 3447 3710; x_wconf 90' lang='lat' dir='ltr'><strong>quia</strong></span> <span class='ocrx_word' id='word_1_405' title='bbox 3501 3652 3614 3691; x_wconf 91' lang='lat' dir='ltr'><strong>non</strong></span> <span class='ocrx_word' id='word_1_406' title='bbox 3664 3624 3876 3726; x_wconf 73' lang='lat' dir='ltr'><strong>creduut</strong></span> 
     </span>
    </p>
   </div>
   <div class='ocr_carea' id='block_1_59' title="bbox 602 3722 3876 3803">
    <p class='ocr_par' dir='ltr' id='par_1_59' title="bbox 602 3722 3876 3803">
     <span class='ocr_line' id='line_1_59' title="bbox 602 3722 3876 3803; baseline -0.002 -17"><span class='ocrx_word' id='word_1_407' title='bbox 602 3735 652 3786; x_wconf 82' lang='lat' dir='ltr'><strong>l.</strong></span> <span class='ocrx_word' id='word_1_408' title='bbox 720 3732 1232 3787; x_wconf 88' lang='lat' dir='ltr'><strong>Consummaturus</strong></span> <span class='ocrx_word' id='word_1_409' title='bbox 1295 3736 1575 3803; x_wconf 71' lang='lat' dir='ltr'><strong>prmeepta</strong></span> <span class='ocrx_word' id='word_1_410' title='bbox 1633 3732 1926 3797; x_wconf 88' lang='lat' dir='ltr'><strong>Dominus,</strong></span> <span class='ocrx_word' id='word_1_411' title='bbox 1990 3735 2161 3791; x_wconf 87' lang='lat' dir='ltr'><strong>etiam</strong></span> <span class='ocrx_word' id='word_1_412' title='bbox 2195 3722 2233 3726; x_wconf 30' lang='grc' dir='ltr'>ᾗ</span> <span class='ocrx_word' id='word_1_413' title='bbox 2263 3733 2443 3788; x_wconf 88' lang='lat' dir='ltr'><strong>ﬁlium</strong></span> <span class='ocrx_word' id='word_1_414' title='bbox 2488 3734 2603 3789; x_wconf 89' lang='lat' dir='ltr'><strong>Dei.</strong></span> <span class='ocrx_word' id='word_1_415' title='bbox 2642 3735 2760 3790; x_wconf 88' lang='lat' dir='ltr'><strong>Non</strong></span> <span class='ocrx_word' id='word_1_416' title='bbox 2802 3734 2958 3788; x_wconf 90' lang='lat' dir='ltr'><strong>enim</strong></span> <span class='ocrx_word' id='word_1_417' title='bbox 3006 3733 3275 3799; x_wconf 90' lang='lat' dir='ltr'><strong>alterum,</strong></span> <span class='ocrx_word' id='word_1_418' title='bbox 3311 3732 3419 3787; x_wconf 91' lang='lat' dir='ltr'><strong>sed</strong></span> <span class='ocrx_word' id='word_1_419' title='bbox 3458 3730 3789 3785; x_wconf 88' lang='lat' dir='ltr'><strong>alterutrum</strong></span> <span class='ocrx_word' id='word_1_420' title='bbox 3828 3722 3876 3775; x_wconf 85' lang='lat' dir='ltr'><strong>in</strong></span> 
     </span>
    </p>
   </div>
   <div class='ocr_carea' id='block_1_60' title="bbox 528 3825 2163 3897">
    <p class='ocr_par' dir='ltr' id='par_1_60' title="bbox 528 3825 2163 3897">
     <span class='ocr_line' id='line_1_60' title="bbox 528 3825 2163 3897; baseline 0.002 -18"><span class='ocrx_word' id='word_1_421' title='bbox 528 3827 805 3897; x_wconf 72' lang='lat' dir='ltr'><strong>praeviam</strong></span> <span class='ocrx_word' id='word_1_422' title='bbox 848 3825 1095 3896; x_wconf 86' lang='lat' dir='ltr'><strong>passioni</strong></span> <span class='ocrx_word' id='word_1_423' title='bbox 1144 3825 1315 3880; x_wconf 90' lang='lat' dir='ltr'><strong>ﬁdem</strong></span> <span class='ocrx_word' id='word_1_424' title='bbox 1358 3843 1423 3880; x_wconf 90' lang='lat' dir='ltr'><strong>ac</strong></span> <span class='ocrx_word' id='word_1_425' title='bbox 1471 3826 1923 3881; x_wconf 89' lang='lat' dir='ltr'><strong>misericordiam</strong></span> <span class='ocrx_word' id='word_1_426' title='bbox 1978 3829 2163 3883; x_wconf 85' lang='lat' dir='ltr'><strong>Testa-</strong></span> 
     </span>
    </p>
   </div>
   <div class='ocr_carea' id='block_1_61' title="bbox 530 3919 2163 3990">
    <p class='ocr_par' dir='ltr' id='par_1_61' title="bbox 530 3919 2163 3990">
     <span class='ocr_line' id='line_1_61' title="bbox 530 3919 2163 3990; baseline 0.002 -15"><span class='ocrx_word' id='word_1_427' title='bbox 530 3920 708 3975; x_wconf 88' lang='lat' dir='ltr'><strong>menti</strong></span> <span class='ocrx_word' id='word_1_428' title='bbox 736 3919 824 3973; x_wconf 90' lang='lat' dir='ltr'><strong>sui</strong></span> <span class='ocrx_word' id='word_1_429' title='bbox 854 3919 965 3973; x_wconf 89' lang='lat' dir='ltr'><strong>ﬁne</strong></span> <span class='ocrx_word' id='word_1_430' title='bbox 999 3919 1287 3975; x_wconf 91' lang='lat' dir='ltr'><strong>concludit</strong></span> <span class='ocrx_word' id='word_1_431' title='bbox 1314 3938 1326 3974; x_wconf 91' lang='lat'><strong>:</strong></span> <span class='ocrx_word' id='word_1_432' title='bbox 1358 3919 1552 3990; x_wconf 88' lang='lat' dir='ltr'><strong>ﬁdem,</strong></span> <span class='ocrx_word' id='word_1_433' title='bbox 1587 3920 1644 3974; x_wconf 91' lang='lat' dir='ltr'><strong>in</strong></span> <span class='ocrx_word' id='word_1_434' title='bbox 1670 3937 1738 3974; x_wconf 94' lang='lat' dir='ltr'><strong>eo</strong></span> <span class='ocrx_word' id='word_1_435' title='bbox 1779 3927 1837 3975; x_wconf 90' lang='lat' dir='ltr'><strong>ut</strong></span> <span class='ocrx_word' id='word_1_436' title='bbox 1874 3921 2163 3978; x_wconf 81' lang='lat' dir='ltr'><strong>Christum</strong></span> 
     </span>
    </p>
   </div>
   <div class='ocr_carea' id='block_1_62' title="bbox 533 4013 2160 4080">
    <p class='ocr_par' dir='ltr' id='par_1_62' title="bbox 533 4013 2160 4080">
     <span class='ocr_line' id='line_1_62' title="bbox 533 4013 2160 4080; baseline 0.002 -14"><span class='ocrx_word' id='word_1_437' title='bbox 533 4018 590 4066; x_wconf 87' lang='lat' dir='ltr'><strong>et</strong></span> <span class='ocrx_word' id='word_1_438' title='bbox 616 4013 919 4068; x_wconf 90' lang='lat' dir='ltr'><strong>Dominum</strong></span> <span class='ocrx_word' id='word_1_439' title='bbox 953 4019 1011 4067; x_wconf 94' lang='lat' dir='ltr'><strong>et</strong></span> <span class='ocrx_word' id='word_1_440' title='bbox 1037 4014 1215 4068; x_wconf 92' lang='lat' dir='ltr'><strong>Deum</strong></span> <span class='ocrx_word' id='word_1_441' title='bbox 1250 4018 1536 4080; x_wconf 90' lang='lat' dir='ltr'><strong>nostrum,</strong></span> <span class='ocrx_word' id='word_1_442' title='bbox 1563 4017 1619 4068; x_wconf 91' lang='lat' dir='ltr'><strong>et</strong></span> <span class='ocrx_word' id='word_1_443' title='bbox 1646 4014 1719 4068; x_wconf 89' lang='lat' dir='ltr'><strong>ad</strong></span> <span class='ocrx_word' id='word_1_444' title='bbox 1746 4013 2037 4069; x_wconf 84' lang='lat' dir='ltr'><strong>dexteram</strong></span> <span class='ocrx_word' id='word_1_445' title='bbox 2067 4016 2160 4070; x_wconf 90' lang='lat' dir='ltr'><strong>Dei</strong></span> 
     </span>
    </p>
   </div>
   <div class='ocr_carea' id='block_1_63' title="bbox 532 4106 2160 4178">
    <p class='ocr_par' dir='ltr' id='par_1_63' title="bbox 532 4106 2160 4178">
     <span class='ocr_line' id='line_1_63' title="bbox 532 4106 2160 4178; baseline 0.002 -18"><span class='ocrx_word' id='word_1_446' title='bbox 532 4106 729 4160; x_wconf 90' lang='lat' dir='ltr'><strong>sedere</strong></span> <span class='ocrx_word' id='word_1_447' title='bbox 769 4107 1069 4161; x_wconf 90' lang='lat' dir='ltr'><strong>credamus</strong></span> <span class='ocrx_word' id='word_1_448' title='bbox 1122 4130 1131 4159; x_wconf 85' lang='lat'><strong>:</strong></span> <span class='ocrx_word' id='word_1_449' title='bbox 1174 4123 1285 4161; x_wconf 92' lang='lat' dir='ltr'><strong>non</strong></span> <span class='ocrx_word' id='word_1_450' title='bbox 1336 4107 1487 4178; x_wconf 90' lang='lat' dir='ltr'><strong>quod</strong></span> <span class='ocrx_word' id='word_1_451' title='bbox 1535 4108 1906 4178; x_wconf 90' lang='lat' dir='ltr'><strong>corporaliter</strong></span> <span class='ocrx_word' id='word_1_452' title='bbox 1947 4109 2160 4175; x_wconf 82' lang='lat' dir='ltr'><strong>sedeat,</strong></span> 
     </span>
    </p>
   </div>
   <div class='ocr_carea' id='block_1_64' title="bbox 535 4198 2163 4274">
    <p class='ocr_par' dir='ltr' id='par_1_64' title="bbox 535 4198 2163 4274">
     <span class='ocr_line' id='line_1_64' title="bbox 535 4198 2163 4274; baseline 0.003 -22"><span class='ocrx_word' id='word_1_453' title='bbox 535 4200 636 4269; x_wconf 91' lang='lat' dir='ltr'><strong>qui</strong></span> <span class='ocrx_word' id='word_1_454' title='bbox 664 4198 877 4271; x_wconf 88' lang='lat' dir='ltr'><strong>ubique</strong></span> <span class='ocrx_word' id='word_1_455' title='bbox 915 4203 1019 4254; x_wconf 89' lang='lat' dir='ltr'><strong>est.</strong></span> <span class='ocrx_word' id='word_1_456' title='bbox 1054 4200 1307 4272; x_wconf 84' lang='lat' dir='ltr'><strong>Denique</strong></span> <span class='ocrx_word' id='word_1_457' title='bbox 1351 4201 1471 4272; x_wconf 91' lang='lat' dir='ltr'><strong>ipse</strong></span> <span class='ocrx_word' id='word_1_458' title='bbox 1500 4200 1557 4255; x_wconf 92' lang='lat' dir='ltr'><strong>in</strong></span> <span class='ocrx_word' id='word_1_459' title='bbox 1599 4202 1763 4255; x_wconf 86' lang='lat' dir='ltr'><strong>Patre</strong></span> <span class='ocrx_word' id='word_1_460' title='bbox 1801 4205 1906 4271; x_wconf 91' lang='lat' dir='ltr'><strong>est,</strong></span> <span class='ocrx_word' id='word_1_461' title='bbox 1944 4203 2080 4274; x_wconf 89' lang='lat' dir='ltr'><strong>quia</strong></span> <span class='ocrx_word' id='word_1_462' title='bbox 2104 4202 2163 4257; x_wconf 91' lang='lat' dir='ltr'><strong>in</strong></span> 
     </span>
    </p>
   </div>
   <div class='ocr_carea' id='block_1_65' title="bbox 534 4292 2165 4367">
    <p class='ocr_par' dir='ltr' id='par_1_65' title="bbox 534 4292 2165 4367">
     <span class='ocr_line' id='line_1_65' title="bbox 534 4292 2165 4367; baseline 0.003 -21"><span class='ocrx_word' id='word_1_463' title='bbox 534 4292 853 4347; x_wconf 86' lang='lat' dir='ltr'><strong>substantia</strong></span> <span class='ocrx_word' id='word_1_464' title='bbox 880 4294 998 4362; x_wconf 92' lang='lat' dir='ltr'><strong>Dei,</strong></span> <span class='ocrx_word' id='word_1_465' title='bbox 1033 4294 1169 4365; x_wconf 91' lang='lat' dir='ltr'><strong>quia</strong></span> <span class='ocrx_word' id='word_1_466' title='bbox 1197 4310 1307 4349; x_wconf 87' lang='lat' dir='ltr'><strong>una</strong></span> <span class='ocrx_word' id='word_1_467' title='bbox 1335 4294 1530 4362; x_wconf 87' lang='lat' dir='ltr'><strong>virtus,</strong></span> <span class='ocrx_word' id='word_1_468' title='bbox 1562 4310 1672 4348; x_wconf 89' lang='lat' dir='ltr'><strong>una</strong></span> <span class='ocrx_word' id='word_1_469' title='bbox 1719 4295 2000 4365; x_wconf 88' lang='lat' dir='ltr'><strong>majestas.</strong></span> <span class='ocrx_word' id='word_1_470' title='bbox 2042 4296 2165 4367; x_wconf 85' lang='lat' dir='ltr'><strong>Ipse</strong></span> 
     </span>
    </p>
   </div>
   <div class='ocr_carea' id='block_1_66' title="bbox 523 4388 2162 4460">
    <p class='ocr_par' dir='ltr' id='par_1_66' title="bbox 523 4388 2162 4460">
     <span class='ocr_line' id='line_1_66' title="bbox 523 4388 2162 4460; baseline 0.001 -18"><span class='ocrx_word' id='word_1_471' title='bbox 523 4404 673 4460; x_wconf 83' lang='lat' dir='ltr'><strong>ergo</strong></span> <span class='ocrx_word' id='word_1_472' title='bbox 710 4388 769 4442; x_wconf 90' lang='lat' dir='ltr'><strong>in</strong></span> <span class='ocrx_word' id='word_1_473' title='bbox 810 4388 996 4457; x_wconf 87' lang='lat' dir='ltr'><strong>Patre,</strong></span> <span class='ocrx_word' id='word_1_474' title='bbox 1042 4394 1098 4443; x_wconf 92' lang='lat' dir='ltr'><strong>et</strong></span> <span class='ocrx_word' id='word_1_475' title='bbox 1137 4388 1199 4442; x_wconf 91' lang='lat' dir='ltr'><strong>in</strong></span> <span class='ocrx_word' id='word_1_476' title='bbox 1245 4388 1367 4460; x_wconf 90' lang='lat' dir='ltr'><strong>ipso</strong></span> <span class='ocrx_word' id='word_1_477' title='bbox 1412 4390 1595 4456; x_wconf 89' lang='lat' dir='ltr'><strong>Pater,</strong></span> <span class='ocrx_word' id='word_1_478' title='bbox 1640 4389 1775 4459; x_wconf 90' lang='lat' dir='ltr'><strong>quia</strong></span> <span class='ocrx_word' id='word_1_479' title='bbox 1822 4389 2065 4444; x_wconf 90' lang='lat' dir='ltr'><strong>Verbum</strong></span> <span class='ocrx_word' id='word_1_480' title='bbox 2104 4391 2162 4444; x_wconf 91' lang='lat' dir='ltr'><strong>in</strong></span> 
     </span>
    </p>
   </div>
   <div class='ocr_carea' id='block_1_67' title="bbox 534 4480 2160 4554">
    <p class='ocr_par' dir='ltr' id='par_1_67' title="bbox 534 4480 2160 4554">
     <span class='ocr_line' id='line_1_67' title="bbox 534 4480 2160 4554; baseline 0.001 -17"><span class='ocrx_word' id='word_1_481' title='bbox 534 4483 672 4549; x_wconf 89' lang='lat' dir='ltr'><strong>Deo,</strong></span> <span class='ocrx_word' id='word_1_482' title='bbox 714 4482 861 4537; x_wconf 90' lang='lat' dir='ltr'><strong>Deus</strong></span> <span class='ocrx_word' id='word_1_483' title='bbox 888 4482 944 4536; x_wconf 91' lang='lat' dir='ltr'><strong>in</strong></span> <span class='ocrx_word' id='word_1_484' title='bbox 976 4481 1157 4537; x_wconf 91' lang='lat' dir='ltr'><strong>Verbo</strong></span> <span class='ocrx_word' id='word_1_485' title='bbox 1187 4498 1200 4537; x_wconf 90' lang='lat'>:</span> <span class='ocrx_word' id='word_1_486' title='bbox 1232 4482 1354 4554; x_wconf 92' lang='lat' dir='ltr'><strong>ipse</strong></span> <span class='ocrx_word' id='word_1_487' title='bbox 1390 4482 1448 4536; x_wconf 92' lang='lat' dir='ltr'><strong>in</strong></span> <span class='ocrx_word' id='word_1_488' title='bbox 1488 4483 1678 4549; x_wconf 91' lang='lat' dir='ltr'><strong>Patre,</strong></span> <span class='ocrx_word' id='word_1_489' title='bbox 1705 4480 1837 4554; x_wconf 88' lang='lat' dir='ltr'><strong>quia</strong></span> <span class='ocrx_word' id='word_1_490' title='bbox 1864 4483 2114 4538; x_wconf 89' lang='lat' dir='ltr'><strong>Verbum</strong></span> <span class='ocrx_word' id='word_1_491' title='bbox 2147 4502 2160 4539; x_wconf 90' lang='lat'><strong>:</strong></span> 
     </span>
    </p>
   </div>
   <div class='ocr_carea' id='block_1_68' title="bbox 534 4575 2163 4648">
    <p class='ocr_par' dir='ltr' id='par_1_68' title="bbox 534 4575 2163 4648">
     <span class='ocr_line' id='line_1_68' title="bbox 534 4575 2163 4648; baseline 0.001 -18"><span class='ocrx_word' id='word_1_492' title='bbox 534 4577 654 4645; x_wconf 90' lang='lat' dir='ltr'><strong>ipse</strong></span> <span class='ocrx_word' id='word_1_493' title='bbox 684 4576 752 4629; x_wconf 91' lang='lat' dir='ltr'><strong>ad</strong></span> <span class='ocrx_word' id='word_1_494' title='bbox 794 4576 1091 4631; x_wconf 84' lang='lat' dir='ltr'><strong>dexteram</strong></span> <span class='ocrx_word' id='word_1_495' title='bbox 1128 4575 1327 4641; x_wconf 87' lang='lat' dir='ltr'><strong>Patris,</strong></span> <span class='ocrx_word' id='word_1_496' title='bbox 1370 4577 1508 4648; x_wconf 89' lang='lat' dir='ltr'><strong>quia</strong></span> <span class='ocrx_word' id='word_1_497' title='bbox 1557 4575 1702 4631; x_wconf 91' lang='lat' dir='ltr'><strong>Patri</strong></span> <span class='ocrx_word' id='word_1_498' title='bbox 1746 4591 1995 4642; x_wconf 87' lang='lat' dir='ltr'><strong>consors,</strong></span> <span class='ocrx_word' id='word_1_499' title='bbox 2022 4578 2163 4632; x_wconf 90' lang='lat' dir='ltr'><strong>nulli</strong></span> 
     </span>
    </p>
   </div>
   <div class='ocr_carea' id='block_1_69' title="bbox 533 4669 2167 4741">
    <p class='ocr_par' dir='ltr' id='par_1_69' title="bbox 533 4669 2167 4741">
     <span class='ocr_line' id='line_1_69' title="bbox 533 4669 2167 4741; baseline 0.001 -17"><span class='ocrx_word' id='word_1_500' title='bbox 533 4669 867 4724; x_wconf 75' lang='lat' dir='ltr'><strong>secundus:</strong></span> <span class='ocrx_word' id='word_1_501' title='bbox 926 4671 1049 4741; x_wconf 91' lang='lat' dir='ltr'><strong>ipse</strong></span> <span class='ocrx_word' id='word_1_502' title='bbox 1105 4669 1307 4724; x_wconf 89' lang='lat' dir='ltr'><strong>missus</strong></span> <span class='ocrx_word' id='word_1_503' title='bbox 1356 4688 1389 4723; x_wconf 86' lang='lat' dir='ltr'><strong>a</strong></span> <span class='ocrx_word' id='word_1_504' title='bbox 1444 4672 1625 4737; x_wconf 85' lang='lat' dir='ltr'><strong>Patre,</strong></span> <span class='ocrx_word' id='word_1_505' title='bbox 1677 4670 1813 4741; x_wconf 88' lang='lat' dir='ltr'><strong>quia</strong></span> <span class='ocrx_word' id='word_1_506' title='bbox 1869 4670 2167 4726; x_wconf 76' lang='lat' dir='ltr'><strong>descendit</strong></span> 
     </span>
    </p>
   </div>
   <div class='ocr_carea' id='block_1_70' title="bbox 517 4764 2166 4835">
    <p class='ocr_par' dir='ltr' id='par_1_70' title="bbox 517 4764 2166 4835">
     <span class='ocr_line' id='line_1_70' title="bbox 517 4764 2166 4835; baseline 0.004 -22"><span class='ocrx_word' id='word_1_507' title='bbox 517 4765 608 4819; x_wconf 83' lang='lat' dir='ltr'><strong>.de</strong></span> <span class='ocrx_word' id='word_1_508' title='bbox 635 4764 776 4819; x_wconf 72' lang='lat' dir='ltr'><strong>cmlo</strong></span> <span class='ocrx_word' id='word_1_509' title='bbox 806 4766 1110 4835; x_wconf 87' lang='lat' dir='ltr'><strong>paternum</strong></span> <span class='ocrx_word' id='word_1_510' title='bbox 1138 4765 1478 4834; x_wconf 88' lang='lat' dir='ltr'><strong>impleturus</strong></span> <span class='ocrx_word' id='word_1_511' title='bbox 1506 4764 1828 4819; x_wconf 86' lang='lat' dir='ltr'><strong>arbitrium.</strong></span> <span class='ocrx_word' id='word_1_512' title='bbox 1852 4765 2005 4820; x_wconf 89' lang='lat' dir='ltr'><strong>Tolle</strong></span> <span class='ocrx_word' id='word_1_513' title='bbox 2034 4765 2166 4820; x_wconf 89' lang='lat' dir='ltr'><strong>hinc</strong></span> 
     </span>
    </p>
   </div>
   <div class='ocr_carea' id='block_1_71' title="bbox 536 4857 2163 4933">
    <p class='ocr_par' dir='ltr' id='par_1_71' title="bbox 536 4857 2163 4933">
     <span class='ocr_line' id='line_1_71' title="bbox 536 4857 2163 4933; baseline 0.001 -20"><span class='ocrx_word' id='word_1_514' title='bbox 536 4857 791 4933; x_wconf 83' lang='lat' dir='ltr'><strong>perﬁdiae</strong></span> <span class='ocrx_word' id='word_1_515' title='bbox 820 4857 1182 4928; x_wconf 65' lang='lat' dir='ltr'><strong>quaestiones,</strong></span> <span class='ocrx_word' id='word_1_516' title='bbox 1215 4861 1273 4911; x_wconf 92' lang='lat' dir='ltr'><strong>et</strong></span> <span class='ocrx_word' id='word_1_517' title='bbox 1301 4858 1469 4928; x_wconf 88' lang='lat' dir='ltr'><strong>plena</strong></span> <span class='ocrx_word' id='word_1_518' title='bbox 1499 4861 1585 4911; x_wconf 87' lang='lat' dir='ltr'><strong>est</strong></span> <span class='ocrx_word' id='word_1_519' title='bbox 1621 4857 1843 4929; x_wconf 86' lang='lat' dir='ltr'><strong>religio.</strong></span> <span class='ocrx_word' id='word_1_520' title='bbox 1878 4860 1985 4913; x_wconf 82' lang='lat' dir='ltr'><strong>Nec</strong></span> <span class='ocrx_word' id='word_1_521' title='bbox 2019 4875 2163 4930; x_wconf 77' lang='lat' dir='ltr'><strong>pras-</strong></span> 
     </span>
    </p>
   </div>
   <div class='ocr_carea' id='block_1_72' title="bbox 512 4950 2166 5025">
    <p class='ocr_par' dir='ltr' id='par_1_72' title="bbox 512 4950 2166 5025">
     <span class='ocr_line' id='line_1_72' title="bbox 512 4950 2166 5025; baseline 0.002 -20"><span class='ocrx_word' id='word_1_522' title='bbox 512 4951 736 5019; x_wconf 83' lang='lat' dir='ltr'><strong>fertur,</strong></span> <span class='ocrx_word' id='word_1_523' title='bbox 764 4950 900 5022; x_wconf 89' lang='lat' dir='ltr'><strong>quia</strong></span> <span class='ocrx_word' id='word_1_524' title='bbox 934 4950 1007 5005; x_wconf 92' lang='lat' dir='ltr'><strong>ad</strong></span> <span class='ocrx_word' id='word_1_525' title='bbox 1042 4951 1339 5006; x_wconf 85' lang='lat' dir='ltr'><strong>dexteram</strong></span> <span class='ocrx_word' id='word_1_526' title='bbox 1381 4950 1559 5016; x_wconf 89' lang='lat' dir='ltr'><strong>sedet,</strong></span> <span class='ocrx_word' id='word_1_527' title='bbox 1592 4967 1696 5005; x_wconf 89' lang='lat' dir='ltr'><strong>uec</strong></span> <span class='ocrx_word' id='word_1_528' title='bbox 1733 4951 1992 5021; x_wconf 87' lang='lat' dir='ltr'><strong>injuriam</strong></span> <span class='ocrx_word' id='word_1_529' title='bbox 2027 4954 2166 5025; x_wconf 86' lang='lat' dir='ltr'><strong>pati-</strong></span> 
     </span>
    </p>
   </div>
   <div class='ocr_carea' id='block_1_73' title="bbox 2265 3819 3876 3897">
    <p class='ocr_par' dir='ltr' id='par_1_73' title="bbox 2265 3819 3876 3897">
     <span class='ocr_line' id='line_1_73' title="bbox 2265 3819 3876 3897; baseline -0.006 -16"><span class='ocrx_word' id='word_1_530' title='bbox 2265 3827 2378 3882; x_wconf 87' lang='lat' dir='ltr'><strong>ﬁde</strong></span> <span class='ocrx_word' id='word_1_531' title='bbox 2420 3843 2551 3882; x_wconf 90' lang='lat' dir='ltr'><strong>vera</strong></span> <span class='ocrx_word' id='word_1_532' title='bbox 2594 3831 2680 3882; x_wconf 91' lang='lat' dir='ltr'><strong>est</strong></span> <span class='ocrx_word' id='word_1_533' title='bbox 2716 3846 2728 3882; x_wconf 89' lang='lat'>:</span> <span class='ocrx_word' id='word_1_534' title='bbox 2771 3844 2904 3882; x_wconf 90' lang='lat' dir='ltr'><strong>nam</strong></span> <span class='ocrx_word' id='word_1_535' title='bbox 2946 3827 3051 3882; x_wconf 91' lang='lat' dir='ltr'><strong>etsi</strong></span> <span class='ocrx_word' id='word_1_536' title='bbox 3092 3827 3147 3881; x_wconf 91' lang='lat' dir='ltr'><strong>in</strong></span> <span class='ocrx_word' id='word_1_537' title='bbox 3194 3826 3484 3897; x_wconf 89' lang='lat' dir='ltr'><strong>principio</strong></span> <span class='ocrx_word' id='word_1_538' title='bbox 3519 3819 3876 3894; x_wconf 83' lang='lat' dir='ltr'><strong>judicavimus</strong></span> 
     </span>
    </p>
   </div>
   <div class='ocr_carea' id='block_1_74' title="bbox 2267 3917 3879 3985">
    <p class='ocr_par' dir='ltr' id='par_1_74' title="bbox 2267 3917 3879 3985">
     <span class='ocr_line' id='line_1_74' title="bbox 2267 3917 3879 3985; baseline -0.007 -9"><span class='ocrx_word' id='word_1_539' title='bbox 2267 3921 2403 3976; x_wconf 89' lang='lat' dir='ltr'><strong>nihil</strong></span> <span class='ocrx_word' id='word_1_540' title='bbox 2432 3938 2536 3975; x_wconf 91' lang='lat' dir='ltr'><strong>nos</strong></span> <span class='ocrx_word' id='word_1_541' title='bbox 2572 3923 2713 3977; x_wconf 92' lang='lat' dir='ltr'><strong>scire</strong></span> <span class='ocrx_word' id='word_1_542' title='bbox 2747 3922 2853 3976; x_wconf 86' lang='lat' dir='ltr'><strong>nisi</strong></span> <span class='ocrx_word' id='word_1_543' title='bbox 2894 3920 3182 3976; x_wconf 83' lang='lat' dir='ltr'><strong>Christum</strong></span> <span class='ocrx_word' id='word_1_544' title='bbox 3222 3922 3445 3985; x_wconf 82' lang='lat' dir='ltr'><strong>Jesum,</strong></span> <span class='ocrx_word' id='word_1_545' title='bbox 3487 3923 3545 3974; x_wconf 92' lang='lat' dir='ltr'><strong>et</strong></span> <span class='ocrx_word' id='word_1_546' title='bbox 3592 3917 3742 3972; x_wconf 88' lang='lat' dir='ltr'><strong>hunc</strong></span> <span class='ocrx_word' id='word_1_547' title='bbox 3778 3924 3879 3966; x_wconf 85' lang='lat' dir='ltr'><strong>cru-</strong></span> 
     </span>
    </p>
   </div>
   <div class='ocr_carea' id='block_1_75' title="bbox 2266 4003 3878 4087">
    <p class='ocr_par' dir='ltr' id='par_1_75' title="bbox 2266 4003 3878 4087">
     <span class='ocr_line' id='line_1_75' title="bbox 2266 4003 3878 4087; baseline -0.008 -18"><span class='ocrx_word' id='word_1_548' title='bbox 2266 4014 2493 4070; x_wconf 90' lang='lat' dir='ltr'><strong>ciﬁxum</strong></span> <span class='ocrx_word' id='word_1_549' title='bbox 2522 4014 2568 4087; x_wconf 89' lang='grc' dir='ltr'><strong>(Ι</strong></span> <span class='ocrx_word' id='word_1_550' title='bbox 2599 4017 2743 4079; x_wconf 71' lang='grc' dir='ltr'><strong>σον.⁹</strong></span> <span class='ocrx_word' id='word_1_551' title='bbox 2780 4032 2836 4084; x_wconf 86' lang='grc' dir='ltr'><strong>ιι,</strong></span> <span class='ocrx_word' id='word_1_552' title='bbox 2869 4016 2921 4085; x_wconf 82' lang='lat'><strong>2)</strong></span> <span class='ocrx_word' id='word_1_553' title='bbox 2960 4031 3153 4069; x_wconf 89' lang='lat' dir='ltr'><strong>:nunc</strong></span> <span class='ocrx_word' id='word_1_554' title='bbox 3190 4019 3417 4082; x_wconf 89' lang='lat' dir='ltr'><strong>tamen,</strong></span> <span class='ocrx_word' id='word_1_555' title='bbox 3460 4015 3655 4083; x_wconf 90' lang='lat' dir='ltr'><strong>utpote</strong></span> <span class='ocrx_word' id='word_1_556' title='bbox 3686 4003 3878 4079; x_wconf 88' lang='lat' dir='ltr'><strong>judicio</strong></span> 
     </span>
    </p>
   </div>
   <div class='ocr_carea' id='block_1_76' title="bbox 2266 4101 3878 4179">
    <p class='ocr_par' dir='ltr' id='par_1_76' title="bbox 2266 4101 3878 4179">
     <span class='ocr_line' id='line_1_76' title="bbox 2266 4101 3878 4179; baseline -0.007 -16"><span class='ocrx_word' id='word_1_557' title='bbox 2266 4108 2533 4179; x_wconf 84' lang='lat' dir='ltr'><strong>proximi,</strong></span> <span class='ocrx_word' id='word_1_558' title='bbox 2575 4108 2904 4163; x_wconf 86' lang='lat' dir='ltr'><strong>cruciﬁxum</strong></span> <span class='ocrx_word' id='word_1_559' title='bbox 2941 4108 3066 4178; x_wconf 89' lang='lat' dir='ltr'><strong>jam</strong></span> <span class='ocrx_word' id='word_1_560' title='bbox 3116 4124 3229 4162; x_wconf 90' lang='lat' dir='ltr'><strong>non</strong></span> <span class='ocrx_word' id='word_1_561' title='bbox 3276 4106 3553 4162; x_wconf 82' lang='lat' dir='ltr'><strong>novimus</strong></span> <span class='ocrx_word' id='word_1_562' title='bbox 3597 4101 3878 4163; x_wconf 85' lang='lat' dir='ltr'><strong>Christum,</strong></span> 
     </span>
    </p>
   </div>
   <div class='ocr_carea' id='block_1_77' title="bbox 2266 4192 3879 4273">
    <p class='ocr_par' dir='ltr' id='par_1_77' title="bbox 2266 4192 3879 4273">
     <span class='ocr_line' id='line_1_77' title="bbox 2266 4192 3879 4273; baseline -0.008 -17"><span class='ocrx_word' id='word_1_563' title='bbox 2266 4203 2362 4257; x_wconf 90' lang='lat' dir='ltr'><strong>sed</strong></span> <span class='ocrx_word' id='word_1_564' title='bbox 2400 4203 2727 4257; x_wconf 85' lang='lat' dir='ltr'><strong>venientem</strong></span> <span class='ocrx_word' id='word_1_565' title='bbox 2778 4204 2837 4257; x_wconf 91' lang='lat' dir='ltr'><strong>in</strong></span> <span class='ocrx_word' id='word_1_566' title='bbox 2883 4201 3127 4257; x_wconf 90' lang='lat' dir='ltr'><strong>nubibus</strong></span> <span class='ocrx_word' id='word_1_567' title='bbox 3167 4201 3532 4273; x_wconf 88' lang='lat' dir='ltr'><strong>opperimur.</strong></span> <span class='ocrx_word' id='word_1_568' title='bbox 3582 4192 3879 4254; x_wconf 83' lang='lat' dir='ltr'><strong>Incredulus</strong></span> 
     </span>
    </p>
   </div>
   <div class='ocr_carea' id='block_1_78' title="bbox 2264 4294 3881 4367">
    <p class='ocr_par' dir='ltr' id='par_1_78' title="bbox 2264 4294 3881 4367">
     <span class='ocr_line' id='line_1_78' title="bbox 2264 4294 3881 4367; baseline -0.006 -18"><span class='ocrx_word' id='word_1_569' title='bbox 2264 4295 2505 4351; x_wconf 90' lang='lat' dir='ltr'><strong>vulnera</strong></span> <span class='ocrx_word' id='word_1_570' title='bbox 2530 4296 2727 4367; x_wconf 89' lang='lat' dir='ltr'><strong>aspicit</strong></span> <span class='ocrx_word' id='word_1_571' title='bbox 2757 4314 2770 4351; x_wconf 85' lang='lat'><strong>:</strong></span> <span class='ocrx_word' id='word_1_572' title='bbox 2801 4297 2984 4351; x_wconf 87' lang='lat' dir='ltr'><strong>ﬁdelis</strong></span> <span class='ocrx_word' id='word_1_573' title='bbox 3011 4295 3240 4351; x_wconf 88' lang='lat' dir='ltr'><strong>obviam</strong></span> <span class='ocrx_word' id='word_1_574' title='bbox 3268 4295 3505 4351; x_wconf 90' lang='lat' dir='ltr'><strong>Christo</strong></span> <span class='ocrx_word' id='word_1_575' title='bbox 3535 4294 3594 4349; x_wconf 91' lang='lat' dir='ltr'><strong>in</strong></span> <span class='ocrx_word' id='word_1_576' title='bbox 3623 4306 3747 4348; x_wconf 90' lang='lat' dir='ltr'><strong>aera</strong></span> <span class='ocrx_word' id='word_1_577' title='bbox 3774 4300 3881 4356; x_wconf 86' lang='lat' dir='ltr'><strong>rsp-</strong></span> 
     </span>
    </p>
   </div>
   <div class='ocr_carea' id='block_1_79' title="bbox 2266 4388 2651 4445">
    <p class='ocr_par' dir='ltr' id='par_1_79' title="bbox 2266 4388 2651 4445">
     <span class='ocr_line' id='line_1_79' title="bbox 2266 4388 2651 4445; baseline 0 -2"><span class='ocrx_word' id='word_1_578' title='bbox 2266 4395 2358 4444; x_wconf 90' lang='lat' dir='ltr'><strong>tus</strong></span> <span class='ocrx_word' id='word_1_579' title='bbox 2386 4388 2651 4445; x_wconf 85' lang='lat' dir='ltr'><strong>occurrit.</strong></span> 
     </span>
    </p>
   </div>
   <div class='ocr_carea' id='block_1_80' title="bbox 2337 4484 3878 4555">
    <p class='ocr_par' dir='ltr' id='par_1_80' title="bbox 2337 4484 3878 4555">
     <span class='ocr_line' id='line_1_80' title="bbox 2337 4484 3878 4555; baseline -0.002 -17"><span class='ocrx_word' id='word_1_580' title='bbox 2337 4486 2389 4538; x_wconf 90' lang='lat'><strong>3.</strong></span> <span class='ocrx_word' id='word_1_581' title='bbox 2442 4484 2588 4555; x_wconf 89' lang='lat' dir='ltr'><strong>Ergo</strong></span> <span class='ocrx_word' id='word_1_582' title='bbox 2638 4490 2694 4540; x_wconf 86' lang='lat' dir='ltr'><strong>et</strong></span> <span class='ocrx_word' id='word_1_583' title='bbox 2738 4487 2919 4540; x_wconf 91' lang='lat' dir='ltr'><strong>Deum</strong></span> <span class='ocrx_word' id='word_1_584' title='bbox 2968 4484 3257 4539; x_wconf 90' lang='lat' dir='ltr'><strong>Christum</strong></span> <span class='ocrx_word' id='word_1_585' title='bbox 3309 4488 3370 4539; x_wconf 89' lang='lat' dir='ltr'><strong>et</strong></span> <span class='ocrx_word' id='word_1_586' title='bbox 3428 4484 3727 4539; x_wconf 90' lang='lat' dir='ltr'><strong>hominem</strong></span> <span class='ocrx_word' id='word_1_587' title='bbox 3777 4489 3878 4530; x_wconf 59' lang='lat' dir='ltr'><strong>esse</strong></span> 
     </span>
    </p>
   </div>
   <div class='ocr_carea' id='block_1_81' title="bbox 2267 4569 3877 4650">
    <p class='ocr_par' dir='ltr' id='par_1_81' title="bbox 2267 4569 3877 4650">
     <span class='ocr_line' id='line_1_81' title="bbox 2267 4569 3877 4650; baseline -0.006 -18"><span class='ocrx_word' id='word_1_588' title='bbox 2267 4576 2571 4633; x_wconf 89' lang='lat' dir='ltr'><strong>credamus</strong></span> <span class='ocrx_word' id='word_1_589' title='bbox 2604 4594 2616 4633; x_wconf 93' lang='lat'><strong>:</strong></span> <span class='ocrx_word' id='word_1_590' title='bbox 2649 4595 2831 4633; x_wconf 90' lang='lat' dir='ltr'><strong>unum</strong></span> <span class='ocrx_word' id='word_1_591' title='bbox 2872 4580 2927 4633; x_wconf 91' lang='lat' dir='ltr'><strong>in</strong></span> <span class='ocrx_word' id='word_1_592' title='bbox 2956 4576 3235 4650; x_wconf 88' lang='lat' dir='ltr'><strong>utroque,</strong></span> <span class='ocrx_word' id='word_1_593' title='bbox 3263 4595 3386 4632; x_wconf 88' lang='lat' dir='ltr'><strong>non</strong></span> <span class='ocrx_word' id='word_1_594' title='bbox 3427 4577 3675 4633; x_wconf 89' lang='lat' dir='ltr'><strong>alterum</strong></span> <span class='ocrx_word' id='word_1_595' title='bbox 3704 4590 3717 4627; x_wconf 92' lang='lat'><strong>:</strong></span> <span class='ocrx_word' id='word_1_596' title='bbox 3742 4569 3822 4626; x_wconf 92' lang='lat' dir='ltr'><strong>cui</strong></span> <span class='ocrx_word' id='word_1_597' title='bbox 3853 4581 3877 4617; x_wconf 73' lang='grc' dir='ltr'>ε</span> 
     </span>
    </p>
   </div>
   <div class='ocr_carea' id='block_1_82' title="bbox 2266 4668 3879 4743">
    <p class='ocr_par' dir='ltr' id='par_1_82' title="bbox 2266 4668 3879 4743">
     <span class='ocr_line' id='line_1_82' title="bbox 2266 4668 3879 4743; baseline -0.006 -18"><span class='ocrx_word' id='word_1_598' title='bbox 2266 4672 2430 4726; x_wconf 88' lang='lat' dir='ltr'><strong>Patre</strong></span> <span class='ocrx_word' id='word_1_599' title='bbox 2475 4672 2854 4743; x_wconf 89' lang='lat' dir='ltr'><strong>subjiciuntur</strong></span> <span class='ocrx_word' id='word_1_600' title='bbox 2903 4671 3142 4739; x_wconf 90' lang='lat' dir='ltr'><strong>inimici,</strong></span> <span class='ocrx_word' id='word_1_601' title='bbox 3187 4688 3303 4727; x_wconf 89' lang='lat' dir='ltr'><strong>non</strong></span> <span class='ocrx_word' id='word_1_602' title='bbox 3355 4688 3463 4743; x_wconf 89' lang='lat' dir='ltr'><strong>per</strong></span> <span class='ocrx_word' id='word_1_603' title='bbox 3514 4668 3879 4726; x_wconf 86' lang='lat' dir='ltr'><strong>inﬁrmitatem</strong></span> 
     </span>
    </p>
   </div>
   <div class='ocr_carea' id='block_1_83' title="bbox 2268 4755 3880 4837">
    <p class='ocr_par' dir='ltr' id='par_1_83' title="bbox 2268 4755 3880 4837">
     <span class='ocr_line' id='line_1_83' title="bbox 2268 4755 3880 4837; baseline -0.005 -17"><span class='ocrx_word' id='word_1_604' title='bbox 2268 4765 2558 4836; x_wconf 87' lang='lat' dir='ltr'><strong>potestatis</strong></span> <span class='ocrx_word' id='word_1_605' title='bbox 2592 4782 2730 4833; x_wconf 74' lang='lat' dir='ltr'><strong>suae,</strong></span> <span class='ocrx_word' id='word_1_606' title='bbox 2766 4766 2868 4820; x_wconf 89' lang='lat' dir='ltr'><strong>sed</strong></span> <span class='ocrx_word' id='word_1_607' title='bbox 2913 4783 3014 4837; x_wconf 90' lang='lat' dir='ltr'><strong>per</strong></span> <span class='ocrx_word' id='word_1_608' title='bbox 3050 4765 3340 4822; x_wconf 89' lang='lat' dir='ltr'><strong>unitatem</strong></span> <span class='ocrx_word' id='word_1_609' title='bbox 3384 4768 3613 4820; x_wconf 60' lang='lat' dir='ltr'><strong>natura</strong></span> <span class='ocrx_word' id='word_1_610' title='bbox 3642 4781 3653 4817; x_wconf 90' lang='lat'><strong>:</strong></span> <span class='ocrx_word' id='word_1_611' title='bbox 3685 4759 3807 4833; x_wconf 86' lang='lat' dir='ltr'><strong>quia</strong></span> <span class='ocrx_word' id='word_1_612' title='bbox 3833 4755 3880 4808; x_wconf 82' lang='lat' dir='ltr'><strong>in</strong></span> 
     </span>
    </p>
   </div>
   <div class='ocr_carea' id='block_1_84' title="bbox 2268 4851 3880 4931">
    <p class='ocr_par' dir='ltr' id='par_1_84' title="bbox 2268 4851 3880 4931">
     <span class='ocr_line' id='line_1_84' title="bbox 2268 4851 3880 4931; baseline -0.006 -18"><span class='ocrx_word' id='word_1_613' title='bbox 2268 4859 2446 4913; x_wconf 91' lang='lat' dir='ltr'><strong>altero</strong></span> <span class='ocrx_word' id='word_1_614' title='bbox 2482 4859 2626 4914; x_wconf 89' lang='lat' dir='ltr'><strong>alter</strong></span> <span class='ocrx_word' id='word_1_615' title='bbox 2666 4866 2957 4931; x_wconf 89' lang='lat' dir='ltr'><strong>operatur.</strong></span> <span class='ocrx_word' id='word_1_616' title='bbox 2999 4861 3141 4914; x_wconf 85' lang='lat' dir='ltr'><strong>Nam</strong></span> <span class='ocrx_word' id='word_1_617' title='bbox 3182 4863 3241 4913; x_wconf 90' lang='lat' dir='ltr'><strong>et</strong></span> <span class='ocrx_word' id='word_1_618' title='bbox 3290 4859 3473 4914; x_wconf 85' lang='lat' dir='ltr'><strong>Filius</strong></span> <span class='ocrx_word' id='word_1_619' title='bbox 3526 4855 3748 4928; x_wconf 88' lang='lat' dir='ltr'><strong>subjicit</strong></span> <span class='ocrx_word' id='word_1_620' title='bbox 3784 4851 3880 4905; x_wconf 85' lang='lat' dir='ltr'><strong>ini-</strong></span> 
     </span>
    </p>
   </div>
   <div class='ocr_carea' id='block_1_85' title="bbox 2270 4952 3881 5024">
    <p class='ocr_par' dir='ltr' id='par_1_85' title="bbox 2270 4952 3881 5024">
     <span class='ocr_line' id='line_1_85' title="bbox 2270 4952 3881 5024; baseline -0.004 -17"><span class='ocrx_word' id='word_1_621' title='bbox 2270 4953 2447 5007; x_wconf 90' lang='lat' dir='ltr'><strong>micos</strong></span> <span class='ocrx_word' id='word_1_622' title='bbox 2495 4953 2664 5021; x_wconf 88' lang='lat' dir='ltr'><strong>Patri,</strong></span> <span class='ocrx_word' id='word_1_623' title='bbox 2714 4954 2810 5024; x_wconf 91' lang='lat' dir='ltr'><strong>qui</strong></span> <span class='ocrx_word' id='word_1_624' title='bbox 2866 4954 3087 5007; x_wconf 91' lang='lat' dir='ltr'><strong>Patrem</strong></span> <span class='ocrx_word' id='word_1_625' title='bbox 3141 4952 3425 5008; x_wconf 86' lang='lat' dir='ltr'><strong>clariﬁcat</strong></span> <span class='ocrx_word' id='word_1_626' title='bbox 3473 4968 3647 5024; x_wconf 89' lang='lat' dir='ltr'><strong>super</strong></span> <span class='ocrx_word' id='word_1_627' title='bbox 3696 4956 3881 5003; x_wconf 82' lang='lat' dir='ltr'><strong>terram</strong></span> 
     </span>
    </p>
   </div>
   <div class='ocr_carea' id='block_1_86' title="bbox 536 5022 3882 5119">
    <p class='ocr_par' dir='ltr' id='par_1_86' title="bbox 536 5022 3882 5119">
     <span class='ocr_line' id='line_1_86' title="bbox 536 5022 3882 5119; baseline -0 -20"><span class='ocrx_word' id='word_1_628' title='bbox 536 5050 647 5112; x_wconf 88' lang='lat' dir='ltr'><strong>tur,</strong></span> <span class='ocrx_word' id='word_1_629' title='bbox 679 5045 809 5117; x_wconf 89' lang='lat' dir='ltr'><strong>quia</strong></span> <span class='ocrx_word' id='word_1_630' title='bbox 840 5045 1099 5099; x_wconf 87' lang='lat' dir='ltr'><strong>mittitur.</strong></span> <span class='ocrx_word' id='word_1_631' title='bbox 1134 5044 1350 5099; x_wconf 87' lang='lat' dir='ltr'><strong>Gradus</strong></span> <span class='ocrx_word' id='word_1_632' title='bbox 1388 5060 1502 5097; x_wconf 92' lang='lat' dir='ltr'><strong>non</strong></span> <span class='ocrx_word' id='word_1_633' title='bbox 1529 5044 1806 5115; x_wconf 69' lang='lat' dir='ltr'><strong>quaeritur</strong></span> <span class='ocrx_word' id='word_1_634' title='bbox 1847 5022 2164 5116; x_wconf 72' lang='lat' dir='ltr'><strong>dignitatis,</strong></span> <span class='ocrx_word' id='word_1_635' title='bbox 2185 5022 2246 5094; x_wconf 84' lang='lat' dir='ltr'><strong>D</strong></span> <span class='ocrx_word' id='word_1_636' title='bbox 2272 5048 2471 5114; x_wconf 84' lang='lat' dir='ltr'><strong>(Joan.,</strong></span> <span class='ocrx_word' id='word_1_637' title='bbox 2505 5063 2637 5115; x_wconf 87' lang='lat' dir='ltr'><strong>xvu,</strong></span> <span class='ocrx_word' id='word_1_638' title='bbox 2667 5022 2749 5119; x_wconf 48' lang='lat'><strong>4).—</strong></span> <span class='ocrx_word' id='word_1_639' title='bbox 2776 5048 2842 5102; x_wconf 90' lang='lat' dir='ltr'><strong>Et</strong></span> <span class='ocrx_word' id='word_1_640' title='bbox 2873 5046 3033 5101; x_wconf 89' lang='lat' dir='ltr'><strong>dedit</strong></span> <span class='ocrx_word' id='word_1_641' title='bbox 3069 5048 3231 5102; x_wconf 89' lang='lat' dir='ltr'><strong>Pater</strong></span> <span class='ocrx_word' id='word_1_642' title='bbox 3256 5046 3410 5102; x_wconf 88' lang='lat' dir='ltr'><strong>Filio</strong></span> <span class='ocrx_word' id='word_1_643' title='bbox 3441 5069 3469 5097; x_wconf 83' lang='lat'><strong>«</strong></span> <span class='ocrx_word' id='word_1_644' title='bbox 3500 5022 3724 5111; x_wconf 82' lang='lat' dir='ltr'><strong>nomen,</strong></span> <span class='ocrx_word' id='word_1_645' title='bbox 3752 5034 3882 5112; x_wconf 75' lang='lat' dir='ltr'><strong>quod</strong></span> 
     </span>
    </p>
   </div>
   <div class='ocr_carea' id='block_1_87' title="bbox 540 5137 1428 5210">
    <p class='ocr_par' dir='ltr' id='par_1_87' title="bbox 540 5137 1428 5210">
     <span class='ocr_line' id='line_1_87' title="bbox 540 5137 1428 5210; baseline -0.005 -15"><span class='ocrx_word' id='word_1_646' title='bbox 540 5138 635 5195; x_wconf 91' lang='lat' dir='ltr'><strong>ubi</strong></span> <span class='ocrx_word' id='word_1_647' title='bbox 663 5139 958 5210; x_wconf 88' lang='lat' dir='ltr'><strong>plenitudo</strong></span> <span class='ocrx_word' id='word_1_648' title='bbox 989 5144 1072 5194; x_wconf 90' lang='lat' dir='ltr'><strong>est</strong></span> <span class='ocrx_word' id='word_1_649' title='bbox 1103 5137 1428 5193; x_wconf 87' lang='lat' dir='ltr'><strong>divinitatis.</strong></span> 
     </span>
    </p>
   </div>
   <div class='ocr_carea' id='block_1_88' title="bbox 611 5232 2170 5305">
    <p class='ocr_par' dir='ltr' id='par_1_88' title="bbox 611 5232 2170 5305">
     <span class='ocr_line' id='line_1_88' title="bbox 611 5232 2170 5305; baseline 0.001 -18"><span class='ocrx_word' id='word_1_650' title='bbox 611 5238 660 5288; x_wconf 83' lang='lat'><strong>&#39;2.</strong></span> <span class='ocrx_word' id='word_1_651' title='bbox 704 5235 877 5304; x_wconf 90' lang='lat' dir='ltr'><strong>(Vers.</strong></span> <span class='ocrx_word' id='word_1_652' title='bbox 922 5235 1034 5302; x_wconf 66' lang='grc'><strong>44.)</strong></span> <span class='ocrx_word' id='word_1_653' title='bbox 1065 5232 1206 5289; x_wconf 92' lang='lat' dir='ltr'><strong>lllud</strong></span> <span class='ocrx_word' id='word_1_654' title='bbox 1247 5248 1473 5304; x_wconf 90' lang='lat' dir='ltr'><strong>quoque</strong></span> <span class='ocrx_word' id='word_1_655' title='bbox 1504 5232 2006 5302; x_wconf 87' lang='lat' dir='ltr'><strong>considerandum,</strong></span> <span class='ocrx_word' id='word_1_656' title='bbox 2037 5235 2170 5305; x_wconf 88' lang='lat' dir='ltr'><strong>quia</strong></span> 
     </span>
    </p>
   </div>
   <div class='ocr_carea' id='block_1_89' title="bbox 535 5326 2166 5401">
    <p class='ocr_par' dir='ltr' id='par_1_89' title="bbox 535 5326 2166 5401">
     <span class='ocr_line' id='line_1_89' title="bbox 535 5326 2166 5401; baseline -0.001 -18"><span class='ocrx_word' id='word_1_657' title='bbox 535 5328 905 5401; x_wconf 83' lang='lat' dir='ltr'><strong>reprehendit</strong></span> <span class='ocrx_word' id='word_1_658' title='bbox 946 5345 1041 5382; x_wconf 90' lang='lat' dir='ltr'><strong>eos</strong></span> <span class='ocrx_word' id='word_1_659' title='bbox 1071 5327 1169 5398; x_wconf 90' lang='lat' dir='ltr'><strong>qui</strong></span> <span class='ocrx_word' id='word_1_660' title='bbox 1206 5326 1493 5384; x_wconf 80' lang='lat' dir='ltr'><strong>Christum</strong></span> <span class='ocrx_word' id='word_1_661' title='bbox 1528 5326 1711 5381; x_wconf 89' lang='lat' dir='ltr'><strong>ﬁlium</strong></span> <span class='ocrx_word' id='word_1_662' title='bbox 1754 5327 1921 5381; x_wconf 88' lang='lat' dir='ltr'><strong>David</strong></span> <span class='ocrx_word' id='word_1_663' title='bbox 1955 5327 2166 5382; x_wconf 89' lang='lat' dir='ltr'><strong>dicunt.</strong></span> 
     </span>
    </p>
   </div>
   <div class='ocr_carea' id='block_1_90' title="bbox 539 5420 2170 5494">
    <p class='ocr_par' dir='ltr' id='par_1_90' title="bbox 539 5420 2170 5494">
     <span class='ocr_line' id='line_1_90' title="bbox 539 5420 2170 5494; baseline -0.001 -17"><span class='ocrx_word' id='word_1_664' title='bbox 539 5423 608 5477; x_wconf 87' lang='lat' dir='ltr'><strong>Et</strong></span> <span class='ocrx_word' id='word_1_665' title='bbox 654 5421 946 5494; x_wconf 88' lang='lat' dir='ltr'><strong>quomodo</strong></span> <span class='ocrx_word' id='word_1_666' title='bbox 999 5436 1182 5477; x_wconf 68' lang='lat' dir='ltr'><strong>caecus</strong></span> <span class='ocrx_word' id='word_1_667' title='bbox 1236 5420 1332 5475; x_wconf 93' lang='lat' dir='ltr'><strong>ille</strong></span> <span class='ocrx_word' id='word_1_668' title='bbox 1389 5420 1563 5475; x_wconf 88' lang='lat' dir='ltr'><strong>David</strong></span> <span class='ocrx_word' id='word_1_669' title='bbox 1614 5420 1795 5474; x_wconf 89' lang='lat' dir='ltr'><strong>ﬁlium</strong></span> <span class='ocrx_word' id='word_1_670' title='bbox 1849 5421 2170 5476; x_wconf 89' lang='lat' dir='ltr'><strong>conﬁtendo</strong></span> 
     </span>
    </p>
   </div>
   <div class='ocr_carea' id='block_1_91' title="bbox 540 5513 2170 5584">
    <p class='ocr_par' dir='ltr' id='par_1_91' title="bbox 540 5513 2170 5584">
     <span class='ocr_line' id='line_1_91' title="bbox 540 5513 2170 5584; baseline 0.001 -15"><span class='ocrx_word' id='word_1_671' title='bbox 540 5516 752 5570; x_wconf 87' lang='lat' dir='ltr'><strong>meruit</strong></span> <span class='ocrx_word' id='word_1_672' title='bbox 795 5515 1099 5571; x_wconf 87' lang='lat' dir='ltr'><strong>sanitatem</strong></span> <span class='ocrx_word' id='word_1_673' title='bbox 1151 5517 1316 5584; x_wconf 63' lang='lat' dir='ltr'><strong>(Lua,</strong></span> <span class='ocrx_word' id='word_1_674' title='bbox 1374 5530 1524 5581; x_wconf 85' lang='lat' dir='ltr'><strong>xvm,</strong></span> <span class='ocrx_word' id='word_1_675' title='bbox 1574 5513 1811 5581; x_wconf 74' lang='lat'><strong>138-42)?</strong></span> <span class='ocrx_word' id='word_1_676' title='bbox 1867 5514 2170 5579; x_wconf 87' lang='lat' dir='ltr'><strong>Quomodo</strong></span> 
     </span>
    </p>
   </div>
   <div class='ocr_carea' id='block_1_92' title="bbox 542 5607 2168 5679">
    <p class='ocr_par' dir='ltr' id='par_1_92' title="bbox 542 5607 2168 5679">
     <span class='ocr_line' id='line_1_92' title="bbox 542 5607 2168 5679; baseline 0.001 -19"><span class='ocrx_word' id='word_1_677' title='bbox 542 5609 700 5676; x_wconf 90' lang='lat' dir='ltr'><strong>pueri</strong></span> <span class='ocrx_word' id='word_1_678' title='bbox 731 5608 980 5661; x_wconf 80' lang='lat' dir='ltr'><strong>dicentes</strong></span> <span class='ocrx_word' id='word_1_679' title='bbox 1011 5627 1023 5663; x_wconf 91' lang='lat'><strong>:</strong></span> <span class='ocrx_word' id='word_1_680' title='bbox 1057 5630 1083 5658; x_wconf 81' lang='grc' dir='ltr'>α</span> <span class='ocrx_word' id='word_1_681' title='bbox 1124 5611 1386 5663; x_wconf 88' lang='lat' dir='ltr'><strong>Hosanna</strong></span> <span class='ocrx_word' id='word_1_682' title='bbox 1430 5607 1543 5662; x_wconf 87' lang='lat' dir='ltr'><strong>ﬁlio</strong></span> <span class='ocrx_word' id='word_1_683' title='bbox 1583 5607 1754 5663; x_wconf 86' lang='lat' dir='ltr'><strong>David</strong></span> <span class='ocrx_word' id='word_1_684' title='bbox 1788 5608 2029 5679; x_wconf 82' lang='lat' dir='ltr'><strong>(Matth.,</strong></span> <span class='ocrx_word' id='word_1_685' title='bbox 2059 5625 2168 5675; x_wconf 70' lang='lat' dir='ltr'><strong>xxu,</strong></span> 
     </span>
    </p>
   </div>
   <div class='ocr_carea' id='block_1_93' title="bbox 543 5698 2172 5772">
    <p class='ocr_par' dir='ltr' id='par_1_93' title="bbox 543 5698 2172 5772">
     <span class='ocr_line' id='line_1_93' title="bbox 543 5698 2172 5772; baseline 0.007 -23"><span class='ocrx_word' id='word_1_686' title='bbox 543 5698 620 5765; x_wconf 86' lang='lat'><strong>9),</strong></span> <span class='ocrx_word' id='word_1_687' title='bbox 666 5719 692 5747; x_wconf 82' lang='lat'><strong>»</strong></span> <span class='ocrx_word' id='word_1_688' title='bbox 733 5701 1015 5767; x_wconf 70' lang='lat' dir='ltr'><strong>praecelsus</strong></span> <span class='ocrx_word' id='word_1_689' title='bbox 1062 5701 1483 5771; x_wconf 84' lang='lat' dir='ltr'><strong>praedicationis</strong></span> <span class='ocrx_word' id='word_1_690' title='bbox 1523 5703 1632 5757; x_wconf 90' lang='lat' dir='ltr'><strong>Deo</strong></span> <span class='ocrx_word' id='word_1_691' title='bbox 1668 5702 1908 5772; x_wconf 87' lang='lat' dir='ltr'><strong>gloriam</strong></span> <span class='ocrx_word' id='word_1_692' title='bbox 1958 5702 2172 5760; x_wconf 88' lang='lat' dir='ltr'><strong>defere-</strong></span> 
     </span>
    </p>
   </div>
   <div class='ocr_carea' id='block_1_94' title="bbox 544 5789 2174 5869">
    <p class='ocr_par' dir='ltr' id='par_1_94' title="bbox 544 5789 2174 5869">
     <span class='ocr_line' id='line_1_94' title="bbox 544 5789 2174 5869; baseline 0.006 -25"><span class='ocrx_word' id='word_1_693' title='bbox 544 5789 723 5844; x_wconf 85' lang='lat' dir='ltr'><strong>bant?</strong></span> <span class='ocrx_word' id='word_1_694' title='bbox 776 5789 885 5842; x_wconf 88' lang='lat' dir='ltr'><strong>Sed</strong></span> <span class='ocrx_word' id='word_1_695' title='bbox 938 5807 1050 5846; x_wconf 87' lang='lat' dir='ltr'><strong>non</strong></span> <span class='ocrx_word' id='word_1_696' title='bbox 1117 5795 1619 5863; x_wconf 88' lang='lat' dir='ltr'><strong>reprehenduntur</strong></span> <span class='ocrx_word' id='word_1_697' title='bbox 1685 5795 1787 5850; x_wconf 91' lang='lat' dir='ltr'><strong>hoc</strong></span> <span class='ocrx_word' id='word_1_698' title='bbox 1848 5796 1973 5852; x_wconf 92' lang='lat' dir='ltr'><strong>loco</strong></span> <span class='ocrx_word' id='word_1_699' title='bbox 2039 5796 2174 5869; x_wconf 89' lang='lat' dir='ltr'><strong>quia</strong></span> 
     </span>
    </p>
   </div>
   <div class='ocr_carea' id='block_1_95' title="bbox 2270 5133 3881 5213">
    <p class='ocr_par' dir='ltr' id='par_1_95' title="bbox 2270 5133 3881 5213">
     <span class='ocr_line' id='line_1_95' title="bbox 2270 5133 3881 5213; baseline -0.002 -19"><span class='ocrx_word' id='word_1_700' title='bbox 2270 5144 2355 5195; x_wconf 89' lang='lat' dir='ltr'><strong>est</strong></span> <span class='ocrx_word' id='word_1_701' title='bbox 2388 5157 2563 5212; x_wconf 89' lang='lat' dir='ltr'><strong>super</strong></span> <span class='ocrx_word' id='word_1_702' title='bbox 2608 5156 2779 5196; x_wconf 91' lang='lat' dir='ltr'><strong>omne</strong></span> <span class='ocrx_word' id='word_1_703' title='bbox 2820 5157 3031 5196; x_wconf 89' lang='lat' dir='ltr'><strong>nomen</strong></span> <span class='ocrx_word' id='word_1_704' title='bbox 3073 5141 3366 5212; x_wconf 84' lang='lat' dir='ltr'><strong>(Philipp.,</strong></span> <span class='ocrx_word' id='word_1_705' title='bbox 3412 5158 3473 5207; x_wconf 82' lang='grc' dir='ltr'><strong>ιι,</strong></span> <span class='ocrx_word' id='word_1_706' title='bbox 3514 5142 3597 5213; x_wconf 89' lang='grc'><strong>9);</strong></span> <span class='ocrx_word' id='word_1_707' title='bbox 3642 5160 3670 5189; x_wconf 87' lang='grc'><strong>››</strong></span> <span class='ocrx_word' id='word_1_708' title='bbox 3714 5134 3804 5191; x_wconf 88' lang='lat' dir='ltr'><strong>sed</strong></span> <span class='ocrx_word' id='word_1_709' title='bbox 3835 5133 3881 5184; x_wconf 66' lang='lat' dir='ltr'><strong>et</strong></span> 
     </span>
    </p>
   </div>
   <div class='ocr_carea' id='block_1_96' title="bbox 2273 5228 3883 5290">
    <p class='ocr_par' dir='ltr' id='par_1_96' title="bbox 2273 5228 3883 5290">
     <span class='ocr_line' id='line_1_96' title="bbox 2273 5228 3883 5290; baseline -0.005 -2"><span class='ocrx_word' id='word_1_710' title='bbox 2273 5233 2444 5289; x_wconf 84' lang='lat' dir='ltr'><strong>Filius</strong></span> <span class='ocrx_word' id='word_1_711' title='bbox 2482 5235 2634 5289; x_wconf 89' lang='lat' dir='ltr'><strong>Patri</strong></span> <span class='ocrx_word' id='word_1_712' title='bbox 2664 5234 2799 5289; x_wconf 90' lang='lat' dir='ltr'><strong>dicit</strong></span> <span class='ocrx_word' id='word_1_713' title='bbox 2834 5252 2847 5289; x_wconf 90' lang='lat'>:</span> <span class='ocrx_word' id='word_1_714' title='bbox 2885 5254 2912 5285; x_wconf 79' lang='grc' dir='ltr'>α</span> <span class='ocrx_word' id='word_1_715' title='bbox 2940 5235 3163 5289; x_wconf 86' lang='lat' dir='ltr'><strong>Nomen</strong></span> <span class='ocrx_word' id='word_1_716' title='bbox 3207 5243 3376 5290; x_wconf 86' lang='lat' dir='ltr'><strong>tuum</strong></span> <span class='ocrx_word' id='word_1_717' title='bbox 3422 5230 3767 5290; x_wconf 85' lang='lat' dir='ltr'><strong>manifestavi</strong></span> <span class='ocrx_word' id='word_1_718' title='bbox 3802 5228 3883 5281; x_wconf 86' lang='lat' dir='ltr'><strong>lio-</strong></span> 
     </span>
    </p>
   </div>
   <div class='ocr_carea' id='block_1_97' title="bbox 2270 5317 3880 5400">
    <p class='ocr_par' dir='ltr' id='par_1_97' title="bbox 2270 5317 3880 5400">
     <span class='ocr_line' id='line_1_97' title="bbox 2270 5317 3880 5400; baseline -0.004 -18"><span class='ocrx_word' id='word_1_719' title='bbox 2270 5328 2539 5394; x_wconf 89' lang='lat' dir='ltr'><strong>minibus,</strong></span> <span class='ocrx_word' id='word_1_720' title='bbox 2567 5328 2720 5400; x_wconf 92' lang='lat' dir='ltr'><strong>quod</strong></span> <span class='ocrx_word' id='word_1_721' title='bbox 2748 5328 2956 5384; x_wconf 88' lang='lat' dir='ltr'><strong>dedisti</strong></span> <span class='ocrx_word' id='word_1_722' title='bbox 2984 5328 3123 5383; x_wconf 91' lang='lat' dir='ltr'><strong>mihi</strong></span> <span class='ocrx_word' id='word_1_723' title='bbox 3152 5330 3366 5399; x_wconf 82' lang='lat' dir='ltr'><strong>(Joan.,</strong></span> <span class='ocrx_word' id='word_1_724' title='bbox 3395 5346 3526 5397; x_wconf 86' lang='lat' dir='ltr'><strong>xvn,</strong></span> <span class='ocrx_word' id='word_1_725' title='bbox 3556 5331 3625 5400; x_wconf 89' lang='grc'><strong>6).</strong></span> <span class='ocrx_word' id='word_1_726' title='bbox 3658 5348 3684 5376; x_wconf 84' lang='grc'><strong>››</strong></span> <span class='ocrx_word' id='word_1_727' title='bbox 3710 5317 3880 5378; x_wconf 86' lang='lat' dir='ltr'><strong>Dando</strong></span> 
     </span>
    </p>
   </div>
   <div class='ocr_carea' id='block_1_98' title="bbox 2272 5423 3879 5495">
    <p class='ocr_par' dir='ltr' id='par_1_98' title="bbox 2272 5423 3879 5495">
     <span class='ocr_line' id='line_1_98' title="bbox 2272 5423 3879 5495; baseline -0.002 -19"><span class='ocrx_word' id='word_1_728' title='bbox 2272 5427 2464 5477; x_wconf 85' lang='lat' dir='ltr'><strong>autem</strong></span> <span class='ocrx_word' id='word_1_729' title='bbox 2508 5438 2721 5477; x_wconf 89' lang='lat' dir='ltr'><strong>nomen</strong></span> <span class='ocrx_word' id='word_1_730' title='bbox 2770 5423 2921 5495; x_wconf 93' lang='lat' dir='ltr'><strong>quod</strong></span> <span class='ocrx_word' id='word_1_731' title='bbox 2963 5428 3047 5478; x_wconf 90' lang='lat' dir='ltr'><strong>est</strong></span> <span class='ocrx_word' id='word_1_732' title='bbox 3086 5440 3256 5495; x_wconf 91' lang='lat' dir='ltr'><strong>super</strong></span> <span class='ocrx_word' id='word_1_733' title='bbox 3296 5440 3478 5480; x_wconf 91' lang='lat' dir='ltr'><strong>omne</strong></span> <span class='ocrx_word' id='word_1_734' title='bbox 3519 5437 3748 5488; x_wconf 89' lang='lat' dir='ltr'><strong>nomen,</strong></span> <span class='ocrx_word' id='word_1_735' title='bbox 3783 5426 3879 5469; x_wconf 83' lang='lat' dir='ltr'><strong>non</strong></span> 
     </span>
    </p>
   </div>
   <div class='ocr_carea' id='block_1_99' title="bbox 2273 5505 3879 5589">
    <p class='ocr_par' dir='ltr' id='par_1_99' title="bbox 2273 5505 3879 5589">
     <span class='ocr_line' id='line_1_99' title="bbox 2273 5505 3879 5589; baseline -0.004 -18"><span class='ocrx_word' id='word_1_736' title='bbox 2273 5515 2396 5586; x_wconf 89' lang='lat' dir='ltr'><strong>plus</strong></span> <span class='ocrx_word' id='word_1_737' title='bbox 2446 5515 2604 5571; x_wconf 91' lang='lat' dir='ltr'><strong>dedit</strong></span> <span class='ocrx_word' id='word_1_738' title='bbox 2652 5534 2821 5588; x_wconf 88' lang='lat' dir='ltr'><strong>quam</strong></span> <span class='ocrx_word' id='word_1_739' title='bbox 2860 5517 3080 5583; x_wconf 91' lang='lat' dir='ltr'><strong>habuit,</strong></span> <span class='ocrx_word' id='word_1_740' title='bbox 3123 5517 3220 5572; x_wconf 88' lang='lat' dir='ltr'><strong>sed</strong></span> <span class='ocrx_word' id='word_1_741' title='bbox 3275 5523 3467 5573; x_wconf 90' lang='lat' dir='ltr'><strong>totum</strong></span> <span class='ocrx_word' id='word_1_742' title='bbox 3517 5513 3663 5589; x_wconf 88' lang='lat' dir='ltr'><strong>quod</strong></span> <span class='ocrx_word' id='word_1_743' title='bbox 3705 5505 3879 5566; x_wconf 56' lang='lat' dir='ltr'><strong>habuit</strong></span> 
     </span>
    </p>
   </div>
   <div class='ocr_carea' id='block_1_100' title="bbox 2273 5607 3881 5679">
    <p class='ocr_par' dir='ltr' id='par_1_100' title="bbox 2273 5607 3881 5679">
     <span class='ocr_line' id='line_1_100' title="bbox 2273 5607 3881 5679; baseline -0.002 -16"><span class='ocrx_word' id='word_1_744' title='bbox 2273 5609 2444 5664; x_wconf 88' lang='lat' dir='ltr'><strong>dedit.</strong></span> <span class='ocrx_word' id='word_1_745' title='bbox 2480 5610 2641 5665; x_wconf 89' lang='lat' dir='ltr'><strong>Dedit</strong></span> <span class='ocrx_word' id='word_1_746' title='bbox 2679 5615 2867 5665; x_wconf 91' lang='lat' dir='ltr'><strong>autem</strong></span> <span class='ocrx_word' id='word_1_747' title='bbox 2912 5612 3019 5666; x_wconf 91' lang='lat' dir='ltr'><strong>hoc</strong></span> <span class='ocrx_word' id='word_1_748' title='bbox 3050 5627 3285 5679; x_wconf 89' lang='lat' dir='ltr'><strong>nomen,</strong></span> <span class='ocrx_word' id='word_1_749' title='bbox 3328 5617 3398 5666; x_wconf 90' lang='lat' dir='ltr'><strong>ut</strong></span> <span class='ocrx_word' id='word_1_750' title='bbox 3427 5635 3455 5661; x_wconf 73' lang='grc' dir='ltr'><strong>ί(</strong></span> <span class='ocrx_word' id='word_1_751' title='bbox 3488 5609 3683 5667; x_wconf 89' lang='lat' dir='ltr'><strong>Omnis</strong></span> <span class='ocrx_word' id='word_1_752' title='bbox 3708 5607 3881 5674; x_wconf 65' lang='lat' dir='ltr'><strong>lingu!</strong></span> 
     </span>
    </p>
   </div>
   <div class='ocr_carea' id='block_1_101' title="bbox 2273 5693 3879 5775">
    <p class='ocr_par' dir='ltr' id='par_1_101' title="bbox 2273 5693 3879 5775">
     <span class='ocr_line' id='line_1_101' title="bbox 2273 5693 3879 5775; baseline -0.004 -17"><span class='ocrx_word' id='word_1_753' title='bbox 2273 5702 2609 5759; x_wconf 81' lang='lat' dir='ltr'><strong>conﬁteatur</strong></span> <span class='ocrx_word' id='word_1_754' title='bbox 2648 5705 2779 5773; x_wconf 90' lang='lat' dir='ltr'><strong>Deo,</strong></span> <span class='ocrx_word' id='word_1_755' title='bbox 2808 5705 3081 5775; x_wconf 90' lang='lat' dir='ltr'><strong>quoniam</strong></span> <span class='ocrx_word' id='word_1_756' title='bbox 3120 5705 3406 5761; x_wconf 88' lang='lat' dir='ltr'><strong>Dominus</strong></span> <span class='ocrx_word' id='word_1_757' title='bbox 3442 5707 3599 5761; x_wconf 82' lang='lat' dir='ltr'><strong>Jesus</strong></span> <span class='ocrx_word' id='word_1_758' title='bbox 3630 5703 3686 5758; x_wconf 90' lang='lat' dir='ltr'><strong>in</strong></span> <span class='ocrx_word' id='word_1_759' title='bbox 3724 5693 3879 5771; x_wconf 67' lang='lat' dir='ltr'><strong>gloria</strong></span> 
     </span>
    </p>
   </div>
   <div class='ocr_carea' id='block_1_102' title="bbox 2274 5797 3289 5871">
    <p class='ocr_par' dir='ltr' id='par_1_102' title="bbox 2274 5797 3289 5871">
     <span class='ocr_line' id='line_1_102' title="bbox 2274 5797 3289 5871; baseline -0.003 -17"><span class='ocrx_word' id='word_1_760' title='bbox 2274 5802 2359 5854; x_wconf 89' lang='lat' dir='ltr'><strong>est</strong></span> <span class='ocrx_word' id='word_1_761' title='bbox 2385 5798 2480 5855; x_wconf 91' lang='lat' dir='ltr'><strong>Dei</strong></span> <span class='ocrx_word' id='word_1_762' title='bbox 2511 5797 2686 5855; x_wconf 87' lang='lat' dir='ltr'><strong>Patris</strong></span> <span class='ocrx_word' id='word_1_763' title='bbox 2715 5800 2997 5869; x_wconf 55' lang='lat' dir='ltr'><strong>(Philipp,</strong></span> <span class='ocrx_word' id='word_1_764' title='bbox 3032 5815 3089 5871; x_wconf 82' lang='grc' dir='ltr'><strong>ιι,</strong></span> <span class='ocrx_word' id='word_1_765' title='bbox 3122 5802 3226 5867; x_wconf 82' lang='grc' dir='ltr'><strong>Η).</strong></span> <span class='ocrx_word' id='word_1_766' title='bbox 3256 5821 3289 5851; x_wconf 65' lang='grc' dir='ltr'><strong><em>κ</em></strong></span> 
     </span>
    </p>
   </div>
  </div>
