4022 6176
192 281 311 334 1897

1298 280 1763 337 EXPOSITIONIS
1802 280 1869 337 IN
1910 282 2135 339 LUCAM
2175 283 2303 337 LIB.
2346 283 2408 337 Χ.

3399 289 3534 342 1898

246 404 298 457 4.
345 402 480 458 Vide
511 419 650 475 ergo
690 404 932 475 singula.
974 406 1134 460 Pater
1171 403 1399 475 subjicit
1430 404 1589 473 Filio,
1634 404 1804 460 Filius
1828 412 2003 489 Aaut
2044 407 2126 461 vis
2171 407 2422 474 subruat,
2473 409 2570 460 aut
2618 406 2765 477 ignis
2808 415 3006 461 exurat
3050 424 3061 461 :
3109 412 3197 462 est
3241 412 3434 465 tamen
3480 412 3536 463 et

185 496 405 566 subjicit
433 497 584 552 Patri
613 514 627 551 :
660 499 823 552 Pater
849 497 1082 553 suscitat
1120 497 1343 566 Filium,
1376 498 1547 552 Filius
1579 498 1701 570 ipse
1745 515 1803 551 se

181 591 424 646 suscitat.
468 591 627 647 Unde
670 592 794 647 ait:
832 614 860 642 «
899 592 1110 648 Solvite
1156 592 1263 647 hoc
1306 592 1606 664 templum,
1644 596 1703 646 et
1747 593 1803 646 in

180 684 362 740 triduo
408 686 547 741 illud
585 686 927 741 resuscitabo
967 688 1167 755 (Joun.,
1205 703 1264 752 ιι,
1313 687 1421 756 l9).
1463 708 1491 736 ιι
1536 687 1604 740 Et
1646 687 1807 742 Pater

179 779 470 846 Dominus,
498 783 555 835 et
588 780 756 835 Filius
786 781 1060 836 Dominus
1091 798 1103 835 :
1140 804 1167 829 ‹‹
1198 780 1348 835 Dixit
1388 780 1661 835 Dominus
1696 783 1802 835 Do-

180 873 336 928 mino
363 890 513 928 meo.
545 896 574 923 ››
612 875 682 929 Et
716 890 832 929 non
863 874 978 930 duo
1019 874 1265 942 Domini,
1300 874 1396 928 sed
1424 890 1573 929 unus
1611 874 1800 929 Domi-

177 982 306 1034 nus;
342 968 477 1038 quia
513 974 569 1022 et
612 969 778 1024 Pater
809 969 972 1038 Deus,
1004 972 1062 1022 et
1098 967 1267 1023 Filius
1306 970 1481 1034 Deus;
1529 968 1631 1023 sed
1656 984 1805 1023 unus

178 1061 358 1127 Deus,
413 1062 548 1133 quia
598 1063 765 1117 Pater
816 1062 875 1117 in
928 1061 1099 1129 Filio,
1157 1068 1212 1116 et
1269 1061 1444 1116 Filius
1498 1062 1555 1116 in
1614 1064 1800 1117 Patre.

174 1155 329 1209 Unus
373 1157 538 1221 Deus,
584 1156 712 1227 quia
765 1173 877 1211 una
921 1156 1102 1211 deitas
1141 1174 1153 1209 :
1191 1177 1217 1205 «
1264 1155 1437 1211 Sedes
1476 1161 1592 1225 tua,
1637 1158 1803 1224 Deus,

174 1249 227 1302 in
277 1249 549 1303 saeculum
597 1250 787 1304 sazcnli
821 1267 833 1305 :
866 1250 1028 1320 virga
1076 1254 1228 1305 recta
1278 1254 1380 1317 est,
1430 1250 1589 1320 virga
1642 1251 1799 1321 regni

174 1342 272 1396 tui.
303 1342 546 1397 Dilexisti
576 1343 874 1414 justitiam,
904 1349 961 1398 et
991 1343 1163 1398 odisti
1202 1344 1596 1414 iniquitatem;
1628 1360 1800 1414 prop-

172 1440 322 1490 terea
376 1438 540 1491 unxit
591 1441 647 1491 te
700 1438 869 1505 Deus,
928 1439 1072 1492 Deus
1127 1444 1259 1492 tuus
1320 1437 1486 1505 (Psal.
1548 1454 1687 1503 κων,
1749 1442 1800 1501 7,

170 1530 239 1601 8).
294 1552 324 1578 »
378 1531 487 1585 Sed
538 1547 682 1585 unus
723 1533 892 1599 Deus,
940 1532 999 1585 in
1048 1547 1160 1602 quo
1205 1537 1261 1586 et
1309 1531 1443 1585 Novi
1488 1534 1546 1584 et
1586 1531 1804 1585 Veteris

172 1624 518 1679 Testamenti
554 1624 812 1679 doctrina
853 1625 1182 1680 concordat.
1231 1626 1369 1679 Nam
1418 1630 1475 1678 et
1518 1625 1575 1678 in
1617 1625 1803 1679 Veteri

170 1718 538 1772 Testamento
600 1718 874 1790 scriptum
924 1722 1011 1773 est
1063 1734 1075 1772 :
1135 1740 1163 1766 ι(
1226 1718 1436 1789 Diliges
1498 1718 1803 1772 Dominum

1905 500 2058 555 aliud
2087 501 2373 573 templum
2401 503 2789 555 constructum
2834 517 2900 554 ex
2931 500 3201 571 speciosis
3226 502 3531 574 lapidibus,

1907 596 1965 647 et
2027 600 2294 649 ornatum
2360 595 2552 661 donis,
2619 594 2778 665 cujus
2840 594 3192 649 eversionem
3262 596 3534 649 Dominus

1905 687 2222 759 signiﬁcare
2267 688 2555 757 videatur;
2599 689 2902 760 Synagoga
2945 688 3157 743 scilicet
3184 688 3532 757 Judaaorum,

1906 783 2065 853 cujus
2110 788 2390 838 structura
2432 789 2613 851 vetus,
2662 782 2910 837 Ecclesia
2954 786 3245 853 surgente,
3289 781 3538 836 dissolvi-

1904 881 2015 931 tur.
2056 878 2151 931 Est
2180 877 2357 932 etiam
2392 878 2675 948 templum
2714 876 2773 930 in
2816 893 3180 949 unoquoque,
3209 877 3362 948 quod
3395 876 3530 930 deti-

1905 970 2089 1025 ciente
2120 971 2230 1025 ﬁde
2272 970 2515 1039 labitur;
2544 975 2602 1025 et
2638 970 2886 1026 maxime
2913 971 2960 1024 si
2986 970 3113 1042 quis
3152 970 3290 1025 falso
3321 970 3533 1024 Christi

1905 1081 2114 1120 nomen
2163 1064 2452 1130 obtendat,
2500 1080 2613 1135 quo
2650 1065 2985 1120 interiorem
3036 1070 3327 1135 expugnet
3364 1063 3533 1118 affec-

1906 1164 2050 1213 tum.

1976 1258 2026 1306 7.
2073 1254 2258 1307 Potest
2297 1253 2467 1307 etiam
2504 1269 2569 1307 ea
2598 1268 2715 1307 esse
2752 1252 3046 1323 expositio,
3076 1248 3206 1323 quae
3236 1252 3379 1307 mihi
3411 1254 3535 1323 plus

1906 1346 2098 1416 prosit.
2129 1345 2277 1410 Quid
2308 1346 2463 1400 enim
2496 1346 2635 1400 mihi
2666 1345 2900 1416 prodest
2934 1345 3086 1400 diem
3127 1346 3267 1400 scire
3293 1346 3537 1416 judicii‘.’

1904 1440 2047 1504 Quid
2087 1439 2225 1494 mihi
2273 1439 2499 1510 prodest
2541 1444 2835 1494 tantorum
2877 1439 3102 1493 conscio
3148 1445 3534 1509 peccatorum.

1905 1533 1949 1587 si
1990 1533 2257 1588 Dominus
2301 1534 2505 1599 veniat,
2550 1532 2656 1587 nisi
2701 1534 2891 1587 veniat
2922 1533 2983 1586 in
3026 1548 3219 1588 meum
3248 1533 3534 1597 animum,

1904 1627 2102 1682 redeat
2131 1628 2189 1681 in
2218 1643 2409 1681 meam
2435 1630 2706 1692 mentem,
2734 1626 2840 1680 nisi
2871 1627 3021 1680 vivat
3048 1627 3105 1680 in
3139 1642 3230 1681 me
3254 1627 3526 1691 Christus,

1904 1721 1961 1775 in
1994 1737 2085 1775 me
2125 1721 2381 1778 Christus
2423 1722 2727 1791 loquatur?
2767 1721 2915 1791 Ergo
2949 1720 3087 1774 mihi
3123 1720 3379 1776 Christus
3429 1722 3528 1775 de-

171 1810 350 1865 Deum
411 1815 572 1865 tuum
618 1812 824 1883 (Deut.,
877 1830 949 1882 v1,
1003 1816 1078 1881 5);
1127 1817 1210 1880 et,
1261 1812 1565 1866 Dominum
1620 1789 1879 1866 DeumB
1905 1816 1999 1869 bet
2054 1816 2277 1881 venire,
2333 1814 2475 1869 mihi
2495 1789 2691 1869 _debet
2741 1789 3016 1874 adventus
3065 1814 3188 1884 ejus
3246 1815 3390 1869 fieri.
3446 1815 3531 1869 Fit

170 1911 337 1959 tuum
391 1905 675 1973 adorabis,
724 1911 779 1961 et
829 1906 938 1978 ipsi
988 1906 1090 1960 soli
1142 1906 1352 1960 servies
1398 1907 1576 1972 (lbid.,
1623 1910 1728 1976 l3).
1771 1930 1797 1955 ν

171 1997 432 2072 1505
480 2003 540 2054 ln
579 2001 732 2055 Novo
765 2019 775 2055 ε
812 2021 838 2049 ‹‹
869 2000 1025 2055 Unus
1065 2002 1234 2069 Deus,
1267 2002 1325 2053 et
1353 2001 1514 2055 Pater
1542 2001 1798 2055 omnium

170 2094 413 2165 (Ephesu
462 2111 535 2162 ιγ,
580 2097 657 2162 6).
692 2117 717 2144 ››
765 2094 851 2150 Sic
892 2097 951 2148 et
993 2095 1163 2148 Pater
1209 2094 1495 2161 Dominus,
1539 2100 1594 2149 et
1636 2094 1803 2149 Filius

167 2188 486 2256 Dominus;
533 2188 634 2242 sed
682 2204 831 2243 unus
876 2188 1175 2242 Dominus.
1220 2187 1481 2259 Denique
1523 2188 1798 2259 scriptum

168 2288 298 2336 est:
330 2304 357 2331 ‹‹
400 2281 578 2337 Nolite
616 2282 839 2336 duobus
886 2281 1136 2336 dominis
1180 2281 1388 2339 servire
1434 2282 1680 2351 (Matth,
1726 2300 1800 2348 γι,

168 2378 291 2447 24);
349 2399 376 2423 ››
428 2376 533 2430 hoc
578 2376 637 2430 in
692 2376 878 2444 Novo;
936 2376 993 2430 in
1047 2375 1232 2430 Veteri
1285 2379 1479 2430 autem
1530 2375 1798 2447 scriptum

170 2476 298 2525 est:
332 2492 359 2519 ‹‹
393 2470 558 2537 Audi,
600 2470 784 2537 Israel,
832 2469 1103 2524 Dominus
1148 2471 1291 2525 Deus
1339 2477 1486 2538 tuus,
1537 2468 1803 2524 Dominus

172 2581 320 2618 unus
358 2569 444 2619 est
481 2567 682 2629 (Deut,
722 2580 796 2630 γι,
832 2563 907 2633 li).
945 2582 972 2614 »
1004 2563 1165 2619 Unde
1197 2563 1532 2618 mirabiliter
1560 2566 1799 2634 Aposto-

170 2658 284 2724 lus,
317 2674 387 2712 ne
428 2658 570 2712 duos
614 2658 748 2713 deos
787 2658 1022 2724 diceret,
1067 2663 1166 2713 aut
1215 2657 1357 2712 duos
1403 2657 1666 2713 dominos
1707 2676 1803 2713 no.

172 2752 441 2819 minaret,
469 2754 569 2805 aut
597 2750 898 2822 derogaret
923 2752 1005 2805 vel
1042 2752 1201 2818 Filio,
1235 2751 1318 2805 vel
1353 2751 1501 2805 Patri
1526 2770 1539 2804 :
1568 2774 1594 2800 ‹‹
1627 2752 1799 2819 Unus,

176 2844 380 2915 inquit,
413 2845 559 2899 Deus
598 2846 778 2912 Pater,
817 2862 881 2900 ex
923 2861 1037 2916 quo
1081 2844 1303 2912 omnia;
1341 2849 1396 2898 et
1438 2861 1583 2899 unus
1621 2846 1803 2900 Domi-

174 2955 281 2993 nus
306 2939 485 3007 Iesus,
514 2955 617 3009 per
653 2954 828 3010 quem
864 2939 1051 2993 omnia
1082 2937 1124 3010 (Ι
1166 2938 1310 2999 Cor.,
1342 2955 1452 3003 vm,
1485 2940 1560 3005 6).
1594 2959 1621 2987 η
1665 2940 1801 2994 Nam

171 3032 269 3103 qui
307 3033 473 3097 Deus,
510 3036 569 3087 et
608 3032 916 3102 Dominus;
952 3037 1009 3087 et
1046 3031 1147 3104 qui
1175 3031 1468 3099 Dominus,
1505 3034 1672 3088 Deus.
1706 3035 1806 3089 De-

1902 1916 2092 1965 autem
2144 1909 2371 1964 Domini
2431 1908 2718 1962 secundus
2762 1908 3041 1963 adventus
3104 1908 3163 1962 in
3213 1908 3530 1962 defectione

1902 2002 2122 2069 mundi,
2180 2002 2405 2073 quando
2454 2017 2752 2072 possumus
2801 2000 2988 2056 dicere
3036 2021 3045 2055 :
3092 2022 3119 2051 ‹‹
3164 2000 3298 2055 Mihi
3338 2006 3533 2055 autem

1902 2097 2151 2152 mundus
2192 2095 2494 2151 crucifixus
2538 2098 2643 2164 est,
2690 2099 2745 2149 et
2792 2110 2902 2165 ego
2942 2095 3157 2150 mundo
3190 2095 3423 2165 (Gulut.,
3460 2110 3529 2161 νι,

1907 2193 2017 2259 l4).
2057 2214 2084 2238 η

1975 2289 2025 2340 8.
2059 2285 2163 2340 Sed
2196 2285 2343 2339 hunc
2370 2284 2557 2337 virum
2595 2283 2725 2338 talis
2757 2282 2961 2337 mundi
2990 2282 3245 2338 defectus
3273 2283 3319 2336 si
3350 2284 3410 2338 in
3440 2298 3533 2339 su-

1906 2378 2217 2449 perioribus
2245 2376 2294 2448 1
2312 2375 2504 2449 506
2535 2377 2737 2431 domus
2775 2375 3045 2442 inveniat,
3078 2380 3145 2431 ut
3172 2378 3534 2431 conversatio

1906 2472 2074 2543 hujus
2109 2471 2165 2525 in
2207 2470 2358 2526 caelis
2399 2470 2503 2539 sit;
2541 2474 2679 2524 tunc
2716 2469 3045 2524 destruetur
3084 2469 3362 2540 templum
3405 2485 3531 2524 cor-

1906 2565 2097 2636 porale
2130 2569 2296 2636 atque
2328 2563 2567 2631 visibile,
2602 2566 2693 2618 lex
2731 2561 3060 2634 corporalis,
3092 2563 3302 2633 pascha
3337 2578 3533 2634 corpo-

1904 2659 2057 2726 rale,
2109 2665 2165 2713 et
2221 2658 2429 2728 pascha
2482 2657 2727 2722 visibile,
2794 2673 2997 2728 azyma
3053 2656 3375 2729 corporalia
3401 2700 3413 2723 ,
3479 2665 3535 2711 et

1901 2768 2102 2823 azyma
2126 2751 2386 2818 visibilia,
2417 2751 2602 2805 audeo
2644 2750 2853 2817 dicere,
2884 2750 3142 2806 Christus
3182 2751 3535 2822 temporalis,

1903 2850 1967 2901 ut
2005 2846 2111 2900 fuit
2153 2845 2324 2900 l’aulo
2361 2848 2670 2916 antequam
2708 2844 2997 2907 crederet;
3047 2844 3179 2915 quia
3221 2845 3280 2899 in
3330 2861 3398 2899 eo
3442 2845 3530 2899 cui

1906 2941 2149 2995 mundus
2189 2939 2396 3006 deficit,
2445 2939 2698 2996 Christus
2739 2944 2991 2993 aeternus
3030 2943 3134 2994 est.
3183 2938 3321 2992 Huic
3364 2938 3532 3009 spiri-

1904 3035 2053 3089 tuale
2089 3034 2387 3105 templum,
2428 3033 2515 3087 lex
2557 3032 2887 3103 spiritualis,
2920 3032 3130 3103 pascha
3168 3032 3344 3087 etiam
3374 3032 3536 3103 spiri-

167 3126 346 3197 nique
375 3125 646 3197 scriptum
673 3132 757 3181 est
781 3144 792 3179 :
819 3147 846 3173 «
876 3126 1085 3182 Scitote
1113 3125 1245 3196 quia
1272 3126 1544 3181 Dominus
1573 3127 1691 3198 ipse
1720 3131 1806 3182 est
1826 3161 1880 3233 C
1906 3129 2057 3183 tuale
2082 3145 2095 3194 ;
2133 3128 2408 3199 quoniam
2437 3127 2619 3181 semel
2643 3126 2898 3183 Christus
2934 3125 3234 3182 occiditur.
3269 3126 3364 3180 Hic
3391 3141 3533 3196 epu-

168 3220 321 3275 Deus
344 3222 535 3275 noster
561 3221 726 3289 (Psal.
753 3236 896 3289 xcrx,
926 3223 1000 3290 3).
1033 3242 1060 3268 ››

241 3318 295 3367 5.
328 3314 536 3379 Omnia
572 3329 712 3385 ergo
740 3329 868 3385 quas
896 3314 1061 3368 Pater
1088 3313 1279 3380 habet,
1309 3317 1367 3368 et
1404 3314 1574 3369 Filius
1604 3314 1801 3370 habet.

167 3409 322 3463 Deus
348 3408 511 3462 Pater
538 3407 853 3462 secundum
884 3407 1265 3478 generationis
1297 3408 1577 3463 rationem
1611 3428 1621 3463 :
1656 3409 1804 3464 Deus

168 3502 340 3556 Filius
418 3501 731 3557 secundum
827 3500 1096 3573 imaginis
1183 3502 1456 3556 unitatem
1530 3502 1806 3557 Dominus

172 3595 363 3663 Filius,
407 3596 539 3666 quia
588 3595 783 3650 omnia
826 3594 933 3649 sibi
976 3610 1107 3649 cum
1146 3598 1429 3666 potestate
1472 3601 1682 3667 posset,
1723 3612 1804 3650 ra-

171 3690 331 3744 tione
367 3688 605 3760 subjecit
646 3688 778 3760 (36);
824 3688 1095 3743 Dominus
1138 3689 1319 3757 Pater,
1358 3689 1496 3761 quia
1530 3688 1694 3744 radix
1723 3695 1807 3744 est

174 3782 318 3837 Filii.
360 3783 448 3838 Sic
490 3781 652 3837 nobis
692 3783 861 3837 Pater
904 3783 960 3837 in
1003 3782 1140 3836 Filio
1183 3799 1551 3853 personarum
1601 3782 1802 3839 deﬁni-

170 3877 321 3932 tione
369 3876 761 3948 distinguitur,
812 3876 1107 3947 potestatis
1156 3877 1377 3931 unitate
1425 3877 1800 3933 connectitur.

174 3973 369 4042 Itaque
400 3970 544 4026 alter
571 3970 630 4025 in
664 3970 865 4039 altero,
895 3975 952 4025 et
988 3986 1130 4025 unus
1162 3971 1221 4025 in
1247 3970 1545 4027 alterutro.
1578 3973 1717 4026 Nam
1749 3975 1809 4026 et

172 4065 349 4120 Patris
393 4064 573 4135 gloria
618 4070 726 4131 est,
772 4064 817 4118 si
867 4080 982 4119 non
1029 4064 1400 4135 degeneravit
1443 4065 1502 4120 in
1550 4065 1707 4133 Filio,
1750 4072 1807 4121 et

170 4158 293 4213 Filii
338 4158 544 4230 gratia,
591 4159 635 4213 si
690 4159 854 4212 Pater
897 4158 1123 4213 videtur
1172 4157 1230 4212 in
1288 4159 1444 4214 Filio.
1494 4160 1642 4232 Ergo
1690 4177 1804 4215 non

171 4251 445 4323 degener,
499 4252 557 4306 in
609 4267 721 4323 quo
774 4252 1013 4306 unitatis
1060 4268 1281 4307 summa
1335 4254 1636 4324 majestas;
1690 4269 1805 4309 non

173 4344 420 4413 alienus,
468 4344 525 4400 in
566 4361 682 4416 quo
714 4346 1027 4417 proprietas
1072 4346 1479 4417 generationis,
1523 4348 1805 4418 expressio

176 4440 435 4494 veritatis
450 4444 554 4495 est.

1907 3223 2057 3278 latur
2100 3237 2299 3293 azyma
2341 3238 2454 3276 non
2500 3236 2567 3275 ex
2608 3220 2775 3291 fruge
2813 3225 3066 3285 terrena,
3108 3219 3206 3274 sed
3259 3235 3327 3273 ex
3371 3218 3539 3291 fruge

1899 3316 2156 3387 justitite.
2197 3314 2283 3370 Fit
2326 3331 2462 3386 ergo
2508 3313 2642 3369 huic
2686 3314 2989 3385 praesentia
3026 3313 3340 3384 sapientiae,
3390 3328 3533 3384 pre-

1906 3410 2084 3466 sentia
2108 3409 2331 3464 virtutis
2364 3414 2537 3480 atque
2559 3407 2820 3478 justitiaa,
2850 3407 3147 3478 praesentia
3184 3405 3534 3478 redemptio-

1909 3503 2025 3572 nis;
2083 3502 2338 3557 Cbristus
2395 3502 2551 3556 enim
2605 3501 2778 3556 semel
2830 3499 3066 3571 quidem
3129 3516 3233 3571 pro
3288 3501 3534 3571 peccatis

1907 3596 2098 3669 papuli
2143 3599 2403 3651 mortuus
2442 3598 2527 3649 est
2573 3596 2613 3663 (Ι
2656 3595 2825 3658 Petra,
2863 3609 2939 3659 ιιι,
2993 3594 3097 3661 18),
3139 3593 3238 3648 sed
3279 3593 3535 3664 quotidie

1906 3693 2137 3763 peccata
2162 3689 2357 3761 papuli
2384 3687 2810 3758 redempturus.

1979 3786 2152 3851 (Vers.
2200 3785 2276 3845 9.)
2327 3784 2457 3840 Cum
2504 3786 2685 3836 autem
2734 3780 3022 3835 audieritis
3072 3781 3265 3852 praelia
3314 3786 3365 3833 et
3417 3783 3534 3850 opi-

1904 3880 2090 3933 niones
2113 3876 2450 3948 praeliorum.

1979 3974 2030 4025 9.
2066 3972 2454 4041 Interrogatus
2480 3969 2752 4023 Dominus
2776 3967 3007 4039 quando
3040 3966 3234 4038 templi
3268 3969 3415 4020 esset
3448 3966 3535 4020 fu—

1907 4072 2036 4121 tura
2086 4064 2416 4132 destructio,
2480 4067 2538 4118 et
2587 4062 2740 4133 quod
2793 4061 3021 4132 signum
3075 4066 3220 4116 esset
3262 4060 3540 4115 adventus

1906 4160 2048 4230 ejus,
2086 4158 2155 4213 de
2198 4157 2379 4228 signis
2419 4157 2601 4222 docet,
2646 4155 2717 4209 de
2758 4160 3017 4225 tempore
3056 4169 3172 4208 non
3209 4157 3370 4224 putat
3413 4153 3542 4208 inti-

1909 4252 2205 4307 mandum.
2258 4250 2368 4306 Sed
2414 4251 2712 4305 Matthteus
2758 4247 3266 4319 interrogationem
3316 4248 3537 4302 tertiam

1906 4345 2125 4402 addidit
2175 4346 2417 4413 (Matth.,
2464 4360 2610 4409 xxw,
2666 4346 2755 4411 3),
2806 4348 2871 4397 ut
2924 4346 2981 4397 et
3028 4341 3227 4412 templi
3279 4344 3538 4411 tempora

1910 4440 2259 4507 destruendi,
2301 4443 2358 4493 et
2402 4438 2631 4510 signum
2677 4437 2972 4503 adventus,
3024 4439 3081 4489 et
3122 4434 3539 4489 consummatio

244 4534 404 4605 (Cap.
430 4534 559 4589 XXI.
589 4562 651 4574 —
677 4535 832 4588 Vers.
860 4536 936 4603 6.)
966 4537 1089 4593 Non
1115 4536 1453 4605 relinquetur
1483 4537 1624 4606 lapis
1648 4545 1885 4616 superD
1907 4534 2097 4590 saeculi
2136 4550 2170 4588 a
2209 4532 2498 4603 discipulis
2540 4535 2897 4602 quaereretur
2931 4545 2944 4582 :
2987 4529 3161 4582 Lucas
3196 4527 3332 4581 satis
3368 4530 3538 4598 puta-

176 4626 412 4696 lapidem
442 4630 542 4697 qui
569 4642 676 4683 non
701 4627 1041 4683 destruatur.

241 4723 293 4776 6.
360 4720 718 4792 Sequebatur
796 4721 868 4776 de
947 4721 1117 4777 vidua
1182 4724 1333 4778 locus
1403 4726 1574 4791 (vers.
1652 4726 1803 4791 1-4),

176 4829 348 4884 quam
414 4816 687 4886 quoniam
745 4816 868 4885 jam
932 4815 990 4870 in
1054 4815 1199 4871 libro
1262 4833 1436 4888 quem
1490 4818 1569 4870 De
1624 4817 1808 4872 viduis

176 4908 503 4979 scripsimus
540 4909 995 4980 prmdicavimus,
1036 4926 1191 4964 nunc
1230 4916 1668 4982 sequestramus.
1703 4912 1805 4965 Ve-

173 5016 303 5055 rum
352 5007 550 5057 autem
603 5001 821 5058 dictum
878 5006 964 5058 est
1004 5004 1164 5074 juxta
1210 5004 1500 5075 proposita
1552 5004 1621 5058 de
1671 5008 1806 5059 tem-

172 5094 266 5166 plo
324 5094 482 5169 quod
540 5095 804 5151 Salomon
860 5096 1148 5165 condidit,
1210 5098 1379 5169 idque
1434 5097 1633 5167 judicii
1697 5100 1805 5168 (35)

171 5204 298 5242 esse
343 5195 606 5260 tempore
638 5190 1113 5260 subvertendum;
1148 5192 1292 5246 nihil
1323 5194 1409 5246 est
1446 5191 1601 5246 enim
1640 5208 1807 5263 opere

170 5286 229 5336 et
260 5298 435 5338 manu
477 5284 711 5354 factum,
744 5286 893 5357 quod
941 5301 1056 5341 non
1100 5291 1199 5341 aut
1239 5290 1484 5341 vetustas
1525 5286 1805 5355 conficiat,

231 5427 331 5487 (34)
362 5426 674 5479 Dominus...
717 5429 956 5495 subjecit,
988 5430 1195 5481 desunt
1219 5433 1275 5480 in
1322 5431 1543 5482 Amerb.
1574 5432 1634 5481 In
1680 5431 1806 5482 Era.

171 5502 380 5561 autem,
409 5499 542 5551 Gill.
571 5505 629 5550 et
655 5513 787 5551 mss.
813 5503 1016 5553 nostris
1046 5504 1123 5552 ita
1148 5502 1444 5564 habentur,
1469 5507 1535 5553 ut
1562 5516 1628 5553 ea
1656 5503 1810 5553 exhi-

173 5568 402 5632 bemus,
450 5572 559 5621 nisi
611 5574 763 5637 quod
808 5575 863 5624 in
915 5573 1040 5625 Era.
1095 5575 1419 5639 reﬁciuntur
1468 5579 1595 5639 post
1644 5586 1811 5625 voces

173 5641 337 5691 radix
376 5647 449 5693 est
490 5641 633 5692 Filii.
675 5646 745 5694 At
778 5646 834 5695 in
871 5646 1025 5697 Rom.
1072 5647 1206 5697 edit.
1252 5647 1576 5696 ultimorum
1615 5645 1811 5696 verbo-

176 5722 298 5781 rum
338 5713 482 5764 facta
519 5718 599 5764 est
640 5715 732 5764 illa
765 5717 1079 5775 mutatio...,
1124 5718 1306 5767 omnia
1343 5716 1447 5766 sibi
1490 5730 1606 5781 qua
1646 5721 1811 5780 potest

176 5780 353 5843 Pater,
379 5783 612 5848 subjecit.

235 5852 336 5918 (35)
364 5855 521 5908 Rom.
547 5856 676 5907 edit.
706 5860 842 5919 sola,
882 5861 1069 5911 Verum
1101 5860 1217 5911 licet
1240 5862 1404 5924 juxta
1435 5859 1709 5925 proposita
1749 5858 1812 5909 de

504 5936 784 6006 PATaOL.
830 5939 958 6007 XV.
1006 5941 1186 6025 (XIV,
1234 5962 1387 6007 rsas
1433 5940 1540 6023 Il.)

1908 4629 1986 4683 vit
2027 4628 2097 4683 de
2140 4624 2637 4682 consummatione
2676 4622 2862 4678 saeculi
2904 4621 3219 4692 cognitum,
3252 4621 3297 4675 si
3335 4620 3406 4674 de
3438 4621 3539 4675 ad-

1908 4726 2079 4778 ventu
2109 4719 2336 4777 Domini
2362 4718 2664 4773 diceretur.

1984 4819 2069 4871 l0.
2137 4814 2447 4870 Verborum
2508 4816 2699 4867 autem
2773 4811 3086 4866 caelestium
3148 4811 3288 4864 nulli
3355 4810 3540 4879 magis

1910 4926 2081 4983 quam
2125 4925 2224 4963 nos
2266 4911 2439 4962 testes
2476 4921 2691 4973 sumus,
2724 4920 2869 4976 quos
2905 4904 3103 4958 mundi
3136 4904 3266 4957 linis
3296 4903 3534 4957 invenit.

1906 5006 2124 5069 Quanta
2150 5002 2305 5056 enim
2342 5000 2561 5071 praelia,
2603 5003 2659 5053 et
2699 5014 2839 5070 quas
2877 4999 3175 5070 opiniones
3218 4996 3538 5066 accepimus

1910 5096 2263 5170 praeliorum!
2321 5093 2547 5151 Chunni
2599 5093 2655 5147 in
2707 5093 2937 5155 Alanos,
2986 5091 3149 5146 Alani
3201 5091 3258 5144 in
3304 5090 3537 5155 Gothos,

1910 5191 2078 5248 Gothi
2119 5191 2174 5244 in
2223 5188 2476 5260 Tayfalos
2522 5188 2634 5257 (36)
2675 5190 2731 5238 et
2768 5187 3050 5241 Sarmatas
3090 5185 3537 5238 insurrexerunt.

1911 5288 2018 5340 Nos
2057 5300 2286 5357 quoque
2332 5283 2389 5336 in
2436 5281 2661 5352 Illyrico
2710 5280 2930 5335 exsules
2983 5279 3181 5349 patria:
3226 5277 3537 5331 Gothorum

1910 5429 2097 5493 templo
2122 5428 2264 5493 quod
2290 5426 2542 5477 Salomon
2572 5423 2830 5483 condidit,
2854 5421 3218 5486 intelligatur;
3242 5421 3401 5487 idQus
3426 5426 3541 5485 pri-

1910 5515 2049 5552 mum
2075 5500 2142 5550 ab
2165 5500 2311 5550 hoste
2327 5496 2547 5562 judicii,
2573 5500 2679 5546 etc.

1971 5574 2070 5636 (36)
2123 5572 2382 5635 Plerique
2425 5581 2580 5630 mss.,
2648 5565 2916 5629 Tal/alas;
2962 5565 3167 5616 melius
3219 5564 3313 5614 alii
3353 5570 3546 5636 atque

1911 5635 2063 5704 edit.,
2100 5641 2380 5706 Tayfalos;
2413 5642 2485 5690 ita
2525 5640 2674 5690 enim
2716 5650 2933 5700 semper
2978 5637 3179 5701 legitur
3220 5635 3367 5699 apud
3414 5641 3545 5686 Am-

1909 5717 2160 5766 mianum
2213 5713 2307 5764 lib.
2357 5722 2525 5762 xxxx.
2572 5708 2681 5761 Sed
2723 5708 2867 5758 alius
2903 5707 2971 5758 de
3022 5708 3126 5757 hac
3176 5711 3339 5772 gente
3382 5712 3551 5772 atque

1911 5786 2033 5837 aliis
2060 5784 2155 5836 hic
2181 5782 2502 5834 memoratis
2530 5780 2636 5830 erit
2660 5779 2925 5843 loquendi
2955 5781 3131 5830 locus.
3158 5781 3231 5830 At
3258 5793 3388 5830 vero
3426 5794 3550 5844 pes-

1910 5858 2184 5907 tilentiam
2216 5856 2367 5905 illam
2390 5865 2520 5917 qua
2546 5864 2657 5902 non
2688 5851 2869 5901 solum
2913 5851 3191 5910 homines,
3216 5852 3315 5903 sed
3350 5865 3548 5917 pecora

3148 5938 3227 5997 60
