  <div class='ocr_page' id='page_1' title='image "/cluster/home/n/w/nwhite01/storage/ocr_20150623/15/hvd.32044048207278/331.png"; bbox 0 0 4022 6176; ppageno 0'>
   <div class='ocr_carea' id='block_1_1' title="bbox 495 277 627 327">
    <p class='ocr_par' dir='ltr' id='par_1_1' title="bbox 495 277 627 327">
     <span class='ocr_line' id='line_1_1' title="bbox 495 277 627 327; baseline -0.03 0"><span class='ocrx_word' id='word_1_1' title='bbox 495 279 512 327; x_wconf 87' lang='lat'>1</span> <span class='ocrx_word' id='word_1_2' title='bbox 527 277 627 327; x_wconf 75' lang='lat'>899</span> 
     </span>
    </p>
   </div>
   <div class='ocr_carea' id='block_1_2' title="bbox 1961 267 2370 323">
    <p class='ocr_par' dir='ltr' id='par_1_2' title="bbox 1961 267 2370 323">
     <span class='ocr_line' id='line_1_2' title="bbox 1961 267 2370 323; baseline -0.012 0"><span class='ocrx_word' id='word_1_3' title='bbox 1961 271 2015 323; x_wconf 84' lang='lat' dir='ltr'>S.</span> <span class='ocrx_word' id='word_1_4' title='bbox 2058 267 2370 323; x_wconf 81' lang='lat' dir='ltr'>AMBROSII</span> 
     </span>
    </p>
   </div>
   <div class='ocr_carea' id='block_1_3' title="bbox 3655 273 3763 326">
    <p class='ocr_par' dir='ltr' id='par_1_3' title="bbox 3655 273 3763 326">
     <span class='ocr_line' id='line_1_3' title="bbox 3655 273 3763 326; baseline -0.037 -4"><span class='ocrx_word' id='word_1_5' title='bbox 3655 273 3763 326; x_wconf 69' lang='grc'><strong>1901)</strong></span> 
     </span>
    </p>
   </div>
   <div class='ocr_carea' id='block_1_4' title="bbox 490 382 3772 476">
    <p class='ocr_par' dir='ltr' id='par_1_4' title="bbox 490 382 3772 476">
     <span class='ocr_line' id='line_1_4' title="bbox 490 382 3772 476; baseline -0.001 -26"><span class='ocrx_word' id='word_1_6' title='bbox 490 397 680 451; x_wconf 80' lang='lat' dir='ltr'>exsilia</span> <span class='ocrx_word' id='word_1_7' title='bbox 713 398 989 464; x_wconf 88' lang='lat' dir='ltr'>fecerunt,</span> <span class='ocrx_word' id='word_1_8' title='bbox 1024 402 1081 451; x_wconf 89' lang='lat' dir='ltr'>et</span> <span class='ocrx_word' id='word_1_9' title='bbox 1109 397 1367 450; x_wconf 90' lang='lat' dir='ltr'>nondum</span> <span class='ocrx_word' id='word_1_10' title='bbox 1399 400 1481 450; x_wconf 90' lang='lat' dir='ltr'>est</span> <span class='ocrx_word' id='word_1_11' title='bbox 1510 397 1657 449; x_wconf 85' lang='lat' dir='ltr'>linis.</span> <span class='ocrx_word' id='word_1_12' title='bbox 1686 397 1818 458; x_wconf 67' lang='lat' dir='ltr'>Quin</span> <span class='ocrx_word' id='word_1_13' title='bbox 1857 393 2118 447; x_wconf 91' lang='lat' dir='ltr'>omnium</span> <span class='ocrx_word' id='word_1_14' title='bbox 2143 407 2199 476; x_wconf 78' lang='grc' dir='ltr'><strong>Α</strong></span> <span class='ocrx_word' id='word_1_15' title='bbox 2223 391 2461 445; x_wconf 82' lang='lat' dir='ltr'>caelestis</span> <span class='ocrx_word' id='word_1_16' title='bbox 2491 382 2744 444; x_wconf 87' lang='lat' dir='ltr'>ubertate</span> <span class='ocrx_word' id='word_1_17' title='bbox 2774 388 3024 454; x_wconf 78' lang='lat' dir='ltr'>satiatus,</span> <span class='ocrx_word' id='word_1_18' title='bbox 3058 387 3152 458; x_wconf 87' lang='lat' dir='ltr'>qui</span> <span class='ocrx_word' id='word_1_19' title='bbox 3198 386 3347 440; x_wconf 88' lang='lat' dir='ltr'>vanis</span> <span class='ocrx_word' id='word_1_20' title='bbox 3374 389 3667 447; x_wconf 72' lang='lat' dir='ltr'>haereticuin</span> <span class='ocrx_word' id='word_1_21' title='bbox 3696 410 3772 448; x_wconf 79' lang='lat' dir='ltr'>vo-</span> 
     </span>
    </p>
   </div>
   <div class='ocr_carea' id='block_1_5' title="bbox 491 489 2114 563">
    <p class='ocr_par' dir='ltr' id='par_1_5' title="bbox 491 489 2114 563">
     <span class='ocr_line' id='line_1_5' title="bbox 491 489 2114 563; baseline -0.002 -19"><span class='ocrx_word' id='word_1_22' title='bbox 491 492 690 558; x_wconf 85' lang='lat' dir='ltr'>fames,</span> <span class='ocrx_word' id='word_1_23' title='bbox 735 490 856 546; x_wconf 85' lang='lat' dir='ltr'>lues</span> <span class='ocrx_word' id='word_1_24' title='bbox 904 491 1121 563; x_wconf 88' lang='lat' dir='ltr'>pariter</span> <span class='ocrx_word' id='word_1_25' title='bbox 1159 490 1331 545; x_wconf 90' lang='lat' dir='ltr'>boum</span> <span class='ocrx_word' id='word_1_26' title='bbox 1380 494 1548 560; x_wconf 90' lang='lat' dir='ltr'>atque</span> <span class='ocrx_word' id='word_1_27' title='bbox 1594 489 1913 553; x_wconf 87' lang='lat' dir='ltr'>hominum,</span> <span class='ocrx_word' id='word_1_28' title='bbox 1947 490 2114 542; x_wconf 69' lang='lat' dir='ltr'>caete-</span> 
     </span>
    </p>
   </div>
   <div class='ocr_carea' id='block_1_6' title="bbox 491 582 2114 657">
    <p class='ocr_par' dir='ltr' id='par_1_6' title="bbox 491 582 2114 657">
     <span class='ocr_line' id='line_1_6' title="bbox 491 582 2114 657; baseline -0.002 -19"><span class='ocrx_word' id='word_1_29' title='bbox 491 585 656 656; x_wconf 87' lang='lat' dir='ltr'>rique</span> <span class='ocrx_word' id='word_1_30' title='bbox 685 585 922 657; x_wconf 90' lang='lat' dir='ltr'>pecoris,</span> <span class='ocrx_word' id='word_1_31' title='bbox 954 590 1016 640; x_wconf 90' lang='lat' dir='ltr'>ut</span> <span class='ocrx_word' id='word_1_32' title='bbox 1042 584 1212 639; x_wconf 89' lang='lat' dir='ltr'>etiam</span> <span class='ocrx_word' id='word_1_33' title='bbox 1240 584 1336 655; x_wconf 97' lang='lat' dir='ltr'>qui</span> <span class='ocrx_word' id='word_1_34' title='bbox 1364 583 1573 638; x_wconf 92' lang='lat' dir='ltr'>bellum</span> <span class='ocrx_word' id='word_1_35' title='bbox 1605 600 1721 638; x_wconf 91' lang='lat' dir='ltr'>non</span> <span class='ocrx_word' id='word_1_36' title='bbox 1753 582 2114 655; x_wconf 73' lang='lat' dir='ltr'>pertulimus,</span> 
     </span>
    </p>
   </div>
   <div class='ocr_carea' id='block_1_7' title="bbox 491 675 2111 750">
    <p class='ocr_par' dir='ltr' id='par_1_7' title="bbox 491 675 2111 750">
     <span class='ocr_line' id='line_1_7' title="bbox 491 675 2111 750; baseline -0.004 -16"><span class='ocrx_word' id='word_1_37' title='bbox 491 679 786 734; x_wconf 76' lang='lat' dir='ltr'>debellatis</span> <span class='ocrx_word' id='word_1_38' title='bbox 845 685 1043 735; x_wconf 90' lang='lat' dir='ltr'>tamen</span> <span class='ocrx_word' id='word_1_39' title='bbox 1111 696 1211 734; x_wconf 89' lang='lat' dir='ltr'>nos</span> <span class='ocrx_word' id='word_1_40' title='bbox 1275 695 1442 750; x_wconf 90' lang='lat' dir='ltr'>pares</span> <span class='ocrx_word' id='word_1_41' title='bbox 1502 678 1699 733; x_wconf 82' lang='lat' dir='ltr'>fecerit</span> <span class='ocrx_word' id='word_1_42' title='bbox 1752 675 2111 747; x_wconf 79' lang='lat' dir='ltr'>pestilentia!</span> 
     </span>
    </p>
   </div>
   <div class='ocr_carea' id='block_1_8' title="bbox 489 771 2117 845">
    <p class='ocr_par' dir='ltr' id='par_1_8' title="bbox 489 771 2117 845">
     <span class='ocr_line' id='line_1_8' title="bbox 489 771 2117 845; baseline -0.002 -18"><span class='ocrx_word' id='word_1_43' title='bbox 489 774 640 845; x_wconf 89' lang='lat' dir='ltr'>Ergo</span> <span class='ocrx_word' id='word_1_44' title='bbox 668 773 798 844; x_wconf 86' lang='lat' dir='ltr'>quia</span> <span class='ocrx_word' id='word_1_45' title='bbox 822 773 882 828; x_wconf 92' lang='lat' dir='ltr'>in</span> <span class='ocrx_word' id='word_1_46' title='bbox 910 789 1105 827; x_wconf 82' lang='lat' dir='ltr'>occasu</span> <span class='ocrx_word' id='word_1_47' title='bbox 1139 772 1328 826; x_wconf 65' lang='lat' dir='ltr'>seaculi</span> <span class='ocrx_word' id='word_1_48' title='bbox 1359 788 1572 839; x_wconf 91' lang='lat' dir='ltr'>sumus,</span> <span class='ocrx_word' id='word_1_49' title='bbox 1607 771 1941 842; x_wconf 82' lang='lat' dir='ltr'>praecedunt</span> <span class='ocrx_word' id='word_1_50' title='bbox 1967 786 2117 840; x_wconf 66' lang='lat' dir='ltr'>quee-</span> 
     </span>
    </p>
   </div>
   <div class='ocr_carea' id='block_1_9' title="bbox 491 864 2112 939">
    <p class='ocr_par' dir='ltr' id='par_1_9' title="bbox 491 864 2112 939">
     <span class='ocr_line' id='line_1_9' title="bbox 491 864 2112 939; baseline -0.004 -17"><span class='ocrx_word' id='word_1_51' title='bbox 491 868 626 922; x_wconf 86' lang='lat' dir='ltr'>dam</span> <span class='ocrx_word' id='word_1_52' title='bbox 664 867 1033 939; x_wconf 74' lang='lat' dir='ltr'>aegritudines</span> <span class='ocrx_word' id='word_1_53' title='bbox 1073 866 1296 922; x_wconf 90' lang='lat' dir='ltr'>mundi.</span> <span class='ocrx_word' id='word_1_54' title='bbox 1342 865 1637 937; x_wconf 71' lang='lat' dir='ltr'>.Egritudo</span> <span class='ocrx_word' id='word_1_55' title='bbox 1667 864 1868 918; x_wconf 91' lang='lat' dir='ltr'>mundi</span> <span class='ocrx_word' id='word_1_56' title='bbox 1911 867 1995 918; x_wconf 89' lang='lat' dir='ltr'>est</span> <span class='ocrx_word' id='word_1_57' title='bbox 2033 864 2112 917; x_wconf 87' lang='lat' dir='ltr'>fa-</span> 
     </span>
    </p>
   </div>
   <div class='ocr_carea' id='block_1_10' title="bbox 492 953 2114 1029">
    <p class='ocr_par' dir='ltr' id='par_1_10' title="bbox 492 953 2114 1029">
     <span class='ocr_line' id='line_1_10' title="bbox 492 953 2114 1029; baseline -0.002 -17"><span class='ocrx_word' id='word_1_58' title='bbox 492 974 643 1024; x_wconf 89' lang='lat' dir='ltr'>mes,</span> <span class='ocrx_word' id='word_1_59' title='bbox 701 957 980 1029; x_wconf 79' lang='lat' dir='ltr'>aegritudo</span> <span class='ocrx_word' id='word_1_60' title='bbox 1038 956 1240 1011; x_wconf 90' lang='lat' dir='ltr'>mundi</span> <span class='ocrx_word' id='word_1_61' title='bbox 1291 962 1374 1009; x_wconf 89' lang='lat' dir='ltr'>est</span> <span class='ocrx_word' id='word_1_62' title='bbox 1433 955 1781 1026; x_wconf 83' lang='lat' dir='ltr'>pestilentia,</span> <span class='ocrx_word' id='word_1_63' title='bbox 1837 953 2114 1025; x_wconf 61' lang='lat' dir='ltr'>aegritudo</span> 
     </span>
    </p>
   </div>
   <div class='ocr_carea' id='block_1_11' title="bbox 490 1051 1161 1121">
    <p class='ocr_par' dir='ltr' id='par_1_11' title="bbox 490 1051 1161 1121">
     <span class='ocr_line' id='line_1_11' title="bbox 490 1051 1161 1121; baseline -0.004 -14"><span class='ocrx_word' id='word_1_64' title='bbox 490 1051 690 1107; x_wconf 86' lang='lat' dir='ltr'>mundi</span> <span class='ocrx_word' id='word_1_65' title='bbox 717 1058 800 1106; x_wconf 91' lang='lat' dir='ltr'>est</span> <span class='ocrx_word' id='word_1_66' title='bbox 825 1051 1161 1121; x_wconf 88' lang='lat' dir='ltr'>persecutio.</span> 
     </span>
    </p>
   </div>
   <div class='ocr_carea' id='block_1_12' title="bbox 565 1138 2117 1208">
    <p class='ocr_par' dir='ltr' id='par_1_12' title="bbox 565 1138 2117 1208">
     <span class='ocr_line' id='line_1_12' title="bbox 565 1138 2117 1208; baseline -0.003 -13"><span class='ocrx_word' id='word_1_67' title='bbox 565 1147 650 1196; x_wconf 93' lang='lat'>11.</span> <span class='ocrx_word' id='word_1_68' title='bbox 699 1141 841 1196; x_wconf 77' lang='lat' dir='ltr'>Sunt.</span> <span class='ocrx_word' id='word_1_69' title='bbox 883 1146 1078 1194; x_wconf 88' lang='lat' dir='ltr'>autem</span> <span class='ocrx_word' id='word_1_70' title='bbox 1123 1144 1179 1194; x_wconf 93' lang='lat' dir='ltr'>et</span> <span class='ocrx_word' id='word_1_71' title='bbox 1225 1140 1336 1193; x_wconf 89' lang='lat' dir='ltr'>alia</span> <span class='ocrx_word' id='word_1_72' title='bbox 1381 1139 1525 1193; x_wconf 89' lang='lat' dir='ltr'>bella</span> <span class='ocrx_word' id='word_1_73' title='bbox 1570 1154 1696 1208; x_wconf 85' lang='lat' dir='ltr'>quae</span> <span class='ocrx_word' id='word_1_74' title='bbox 1747 1138 1833 1191; x_wconf 89' lang='lat' dir='ltr'>vir</span> <span class='ocrx_word' id='word_1_75' title='bbox 1877 1138 2117 1191; x_wconf 89' lang='lat' dir='ltr'>sustinet</span> 
     </span>
    </p>
   </div>
   <div class='ocr_carea' id='block_1_13' title="bbox 489 1231 2117 1304">
    <p class='ocr_par' dir='ltr' id='par_1_13' title="bbox 489 1231 2117 1304">
     <span class='ocr_line' id='line_1_13' title="bbox 489 1231 2117 1304; baseline -0.004 -13"><span class='ocrx_word' id='word_1_76' title='bbox 489 1234 860 1303; x_wconf 89' lang='lat' dir='ltr'>Christianus,</span> <span class='ocrx_word' id='word_1_77' title='bbox 915 1234 1265 1288; x_wconf 88' lang='lat' dir='ltr'>diversarum</span> <span class='ocrx_word' id='word_1_78' title='bbox 1313 1249 1538 1304; x_wconf 91' lang='lat' dir='ltr'>quoque</span> <span class='ocrx_word' id='word_1_79' title='bbox 1593 1231 1790 1302; x_wconf 76' lang='lat' dir='ltr'>praelia</span> <span class='ocrx_word' id='word_1_80' title='bbox 1844 1231 2117 1302; x_wconf 88' lang='lat' dir='ltr'>cupidita-</span> 
     </span>
    </p>
   </div>
   <div class='ocr_carea' id='block_1_14' title="bbox 489 1325 2117 1399">
    <p class='ocr_par' dir='ltr' id='par_1_14' title="bbox 489 1325 2117 1399">
     <span class='ocr_line' id='line_1_14' title="bbox 489 1325 2117 1399; baseline -0.004 -14"><span class='ocrx_word' id='word_1_81' title='bbox 489 1335 635 1397; x_wconf 86' lang='lat' dir='ltr'><strong>tum,</strong></span> <span class='ocrx_word' id='word_1_82' title='bbox 667 1329 1103 1399; x_wconf 83' lang='lat' dir='ltr'>studiorumque</span> <span class='ocrx_word' id='word_1_83' title='bbox 1141 1325 1453 1392; x_wconf 84' lang='lat' dir='ltr'>conﬂictus,</span> <span class='ocrx_word' id='word_1_84' title='bbox 1489 1326 1787 1397; x_wconf 88' lang='lat' dir='ltr'>multoque</span> <span class='ocrx_word' id='word_1_85' title='bbox 1830 1326 2117 1396; x_wconf 84' lang='lat' dir='ltr'>graviores</span> 
     </span>
    </p>
   </div>
   <div class='ocr_carea' id='block_1_15' title="bbox 489 1420 2116 1493">
    <p class='ocr_par' dir='ltr' id='par_1_15' title="bbox 489 1420 2116 1493">
     <span class='ocr_line' id='line_1_15' title="bbox 489 1420 2116 1493; baseline -0.004 -14"><span class='ocrx_word' id='word_1_86' title='bbox 489 1423 785 1480; x_wconf 88' lang='lat' dir='ltr'>domestici</span> <span class='ocrx_word' id='word_1_87' title='bbox 839 1423 1062 1492; x_wconf 86' lang='lat' dir='ltr'>hostes,</span> <span class='ocrx_word' id='word_1_88' title='bbox 1115 1438 1284 1493; x_wconf 92' lang='lat' dir='ltr'>quam</span> <span class='ocrx_word' id='word_1_89' title='bbox 1340 1421 1614 1475; x_wconf 84' lang='lat' dir='ltr'>extranei.</span> <span class='ocrx_word' id='word_1_90' title='bbox 1670 1420 1828 1474; x_wconf 90' lang='lat' dir='ltr'>Nunc</span> <span class='ocrx_word' id='word_1_91' title='bbox 1884 1420 2116 1474; x_wconf 87' lang='lat' dir='ltr'>avaritia</span> 
     </span>
    </p>
   </div>
   <div class='ocr_carea' id='block_1_16' title="bbox 492 1515 2113 1584">
    <p class='ocr_par' dir='ltr' id='par_1_16' title="bbox 492 1515 2113 1584">
     <span class='ocr_line' id='line_1_16' title="bbox 492 1515 2113 1584; baseline -0.003 -12"><span class='ocrx_word' id='word_1_92' title='bbox 492 1518 761 1584; x_wconf 84' lang='lat' dir='ltr'>stimulat,</span> <span class='ocrx_word' id='word_1_93' title='bbox 801 1534 951 1571; x_wconf 91' lang='lat' dir='ltr'>nunc</span> <span class='ocrx_word' id='word_1_94' title='bbox 988 1516 1242 1570; x_wconf 89' lang='lat' dir='ltr'>accendit</span> <span class='ocrx_word' id='word_1_95' title='bbox 1279 1515 1478 1581; x_wconf 87' lang='lat' dir='ltr'>libido,</span> <span class='ocrx_word' id='word_1_96' title='bbox 1513 1531 1665 1569; x_wconf 91' lang='lat' dir='ltr'>nunc</span> <span class='ocrx_word' id='word_1_97' title='bbox 1703 1517 1888 1568; x_wconf 89' lang='lat' dir='ltr'>metus</span> <span class='ocrx_word' id='word_1_98' title='bbox 1921 1517 2113 1578; x_wconf 88' lang='lat' dir='ltr'>terret,</span> 
     </span>
    </p>
   </div>
   <div class='ocr_carea' id='block_1_17' title="bbox 488 1608 2112 1680">
    <p class='ocr_par' dir='ltr' id='par_1_17' title="bbox 488 1608 2112 1680">
     <span class='ocr_line' id='line_1_17' title="bbox 488 1608 2112 1680; baseline -0.003 -13"><span class='ocrx_word' id='word_1_99' title='bbox 488 1629 640 1668; x_wconf 91' lang='lat' dir='ltr'>nunc</span> <span class='ocrx_word' id='word_1_100' title='bbox 699 1611 990 1666; x_wconf 86' lang='lat' dir='ltr'>iracundia</span> <span class='ocrx_word' id='word_1_101' title='bbox 1041 1610 1323 1680; x_wconf 84' lang='lat' dir='ltr'>exagitat,</span> <span class='ocrx_word' id='word_1_102' title='bbox 1382 1625 1532 1663; x_wconf 91' lang='lat' dir='ltr'>nunc</span> <span class='ocrx_word' id='word_1_103' title='bbox 1593 1608 1834 1662; x_wconf 88' lang='lat' dir='ltr'>ambitio</span> <span class='ocrx_word' id='word_1_104' title='bbox 1889 1613 2112 1676; x_wconf 88' lang='lat' dir='ltr'>movet,</span> 
     </span>
    </p>
   </div>
   <div class='ocr_carea' id='block_1_18' title="bbox 486 1702 2118 1774">
    <p class='ocr_par' dir='ltr' id='par_1_18' title="bbox 486 1702 2118 1774">
     <span class='ocr_line' id='line_1_18' title="bbox 486 1702 2118 1774; baseline -0.004 -13"><span class='ocrx_word' id='word_1_105' title='bbox 486 1724 640 1763; x_wconf 90' lang='lat' dir='ltr'>nunc</span> <span class='ocrx_word' id='word_1_106' title='bbox 677 1712 888 1760; x_wconf 89' lang='lat' dir='ltr'>terrere</span> <span class='ocrx_word' id='word_1_107' title='bbox 933 1706 1152 1759; x_wconf 88' lang='lat' dir='ltr'>tentant</span> <span class='ocrx_word' id='word_1_108' title='bbox 1181 1702 1460 1774; x_wconf 88' lang='lat' dir='ltr'>spiritalia</span> <span class='ocrx_word' id='word_1_109' title='bbox 1499 1702 1791 1773; x_wconf 82' lang='lat' dir='ltr'>nequitiae,</span> <span class='ocrx_word' id='word_1_110' title='bbox 1826 1717 1954 1772; x_wconf 66' lang='lat' dir='ltr'>qum</span> <span class='ocrx_word' id='word_1_111' title='bbox 1986 1707 2118 1755; x_wconf 89' lang='lat' dir='ltr'>sunt</span> 
     </span>
    </p>
   </div>
   <div class='ocr_carea' id='block_1_19' title="bbox 2221 482 3779 555">
    <p class='ocr_par' dir='ltr' id='par_1_19' title="bbox 2221 482 3779 555">
     <span class='ocr_line' id='line_1_19' title="bbox 2221 482 3779 555; baseline 0.001 -16"><span class='ocrx_word' id='word_1_112' title='bbox 2221 484 2379 539; x_wconf 89' lang='lat' dir='ltr'>cibus</span> <span class='ocrx_word' id='word_1_113' title='bbox 2406 487 2809 555; x_wconf 87' lang='lat' dir='ltr'>personantem</span> <span class='ocrx_word' id='word_1_114' title='bbox 2847 483 3120 536; x_wconf 85' lang='lat' dir='ltr'>lacessere</span> <span class='ocrx_word' id='word_1_115' title='bbox 3159 497 3274 535; x_wconf 90' lang='lat' dir='ltr'>non</span> <span class='ocrx_word' id='word_1_116' title='bbox 3305 482 3626 539; x_wconf 86' lang='lat' dir='ltr'>reformidet.</span> <span class='ocrx_word' id='word_1_117' title='bbox 3650 487 3779 541; x_wconf 85' lang='lat' dir='ltr'>Tunc</span> 
     </span>
    </p>
   </div>
   <div class='ocr_carea' id='block_1_20' title="bbox 2217 575 3781 650">
    <p class='ocr_par' dir='ltr' id='par_1_20' title="bbox 2217 575 3781 650">
     <span class='ocr_line' id='line_1_20' title="bbox 2217 575 3781 650; baseline 0.002 -19"><span class='ocrx_word' id='word_1_118' title='bbox 2217 578 2314 650; x_wconf 87' lang='lat' dir='ltr'>qui</span> <span class='ocrx_word' id='word_1_119' title='bbox 2349 581 2436 632; x_wconf 89' lang='lat' dir='ltr'>est</span> <span class='ocrx_word' id='word_1_120' title='bbox 2460 577 2740 644; x_wconf 83' lang='lat' dir='ltr'>inﬁrmus,</span> <span class='ocrx_word' id='word_1_121' title='bbox 2771 578 3080 646; x_wconf 80' lang='lat' dir='ltr'>exspectet;</span> <span class='ocrx_word' id='word_1_122' title='bbox 3108 590 3182 629; x_wconf 91' lang='lat' dir='ltr'>ne</span> <span class='ocrx_word' id='word_1_123' title='bbox 3209 575 3575 646; x_wconf 71' lang='lat' dir='ltr'>prasjudicium</span> <span class='ocrx_word' id='word_1_124' title='bbox 3599 581 3781 634; x_wconf 74' lang='lat' dir='ltr'>caeteris</span> 
     </span>
    </p>
   </div>
   <div class='ocr_carea' id='block_1_21' title="bbox 2217 669 3782 743">
    <p class='ocr_par' dir='ltr' id='par_1_21' title="bbox 2217 669 3782 743">
     <span class='ocr_line' id='line_1_21' title="bbox 2217 669 3782 743; baseline 0 -16"><span class='ocrx_word' id='word_1_125' title='bbox 2217 672 2389 727; x_wconf 86' lang='lat' dir='ltr'>faciat</span> <span class='ocrx_word' id='word_1_126' title='bbox 2417 687 2727 743; x_wconf 87' lang='lat' dir='ltr'>congressu</span> <span class='ocrx_word' id='word_1_127' title='bbox 2763 670 2990 741; x_wconf 91' lang='lat' dir='ltr'>impari.</span> <span class='ocrx_word' id='word_1_128' title='bbox 3021 669 3218 724; x_wconf 89' lang='lat' dir='ltr'>Veniat</span> <span class='ocrx_word' id='word_1_129' title='bbox 3247 669 3431 736; x_wconf 85' lang='lat' dir='ltr'>David,</span> <span class='ocrx_word' id='word_1_130' title='bbox 3460 671 3537 724; x_wconf 91' lang='lat' dir='ltr'>cui</span> <span class='ocrx_word' id='word_1_131' title='bbox 3567 672 3782 727; x_wconf 79' lang='lat' dir='ltr'>Christus</span> 
     </span>
    </p>
   </div>
   <div class='ocr_carea' id='block_1_22' title="bbox 2217 763 3781 838">
    <p class='ocr_par' dir='ltr' id='par_1_22' title="bbox 2217 763 3781 838">
     <span class='ocr_line' id='line_1_22' title="bbox 2217 763 3781 838; baseline 0 -17"><span class='ocrx_word' id='word_1_132' title='bbox 2217 783 2276 821; x_wconf 92' lang='lat' dir='ltr'>os</span> <span class='ocrx_word' id='word_1_133' title='bbox 2301 765 2514 838; x_wconf 85' lang='lat' dir='ltr'>aperiat</span> <span class='ocrx_word' id='word_1_134' title='bbox 2537 767 2607 819; x_wconf 88' lang='lat' dir='ltr'>ad</span> <span class='ocrx_word' id='word_1_135' title='bbox 2637 764 2955 836; x_wconf 89' lang='lat' dir='ltr'>eloquenda</span> <span class='ocrx_word' id='word_1_136' title='bbox 2984 763 3284 834; x_wconf 86' lang='lat' dir='ltr'>mysteria;</span> <span class='ocrx_word' id='word_1_137' title='bbox 3314 763 3490 818; x_wconf 83' lang='lat' dir='ltr'>veniat</span> <span class='ocrx_word' id='word_1_138' title='bbox 3524 764 3607 819; x_wconf 90' lang='lat' dir='ltr'>ille</span> <span class='ocrx_word' id='word_1_139' title='bbox 3637 766 3781 821; x_wconf 87' lang='lat' dir='ltr'>Naza-</span> 
     </span>
    </p>
   </div>
   <div class='ocr_carea' id='block_1_23' title="bbox 2217 856 3784 928">
    <p class='ocr_par' dir='ltr' id='par_1_23' title="bbox 2217 856 3784 928">
     <span class='ocr_line' id='line_1_23' title="bbox 2217 856 3784 928; baseline 0 -14"><span class='ocrx_word' id='word_1_140' title='bbox 2217 877 2361 916; x_wconf 71' lang='lat' dir='ltr'>raaus</span> <span class='ocrx_word' id='word_1_141' title='bbox 2393 861 2614 928; x_wconf 64' lang='lat' dir='ltr'>(ludia,</span> <span class='ocrx_word' id='word_1_142' title='bbox 2643 875 2750 928; x_wconf 75' lang='lat' dir='ltr'>xw,</span> <span class='ocrx_word' id='word_1_143' title='bbox 2799 859 2904 928; x_wconf 86' lang='lat'>1&#39;7),</span> <span class='ocrx_word' id='word_1_144' title='bbox 2945 858 3104 928; x_wconf 90' lang='lat' dir='ltr'>cujus</span> <span class='ocrx_word' id='word_1_145' title='bbox 3141 856 3371 928; x_wconf 90' lang='lat' dir='ltr'>capillus</span> <span class='ocrx_word' id='word_1_146' title='bbox 3399 873 3505 911; x_wconf 90' lang='lat' dir='ltr'>non</span> <span class='ocrx_word' id='word_1_147' title='bbox 3531 858 3690 925; x_wconf 85' lang='lat' dir='ltr'>cadat,</span> <span class='ocrx_word' id='word_1_148' title='bbox 3715 862 3784 914; x_wconf 88' lang='lat' dir='ltr'>vel</span> 
     </span>
    </p>
   </div>
   <div class='ocr_carea' id='block_1_24' title="bbox 2215 949 3783 1024">
    <p class='ocr_par' dir='ltr' id='par_1_24' title="bbox 2215 949 3783 1024">
     <span class='ocr_line' id='line_1_24' title="bbox 2215 949 3783 1024; baseline -0.001 -16"><span class='ocrx_word' id='word_1_149' title='bbox 2215 954 2354 1008; x_wconf 90' lang='lat' dir='ltr'>nihil</span> <span class='ocrx_word' id='word_1_150' title='bbox 2404 954 2621 1008; x_wconf 88' lang='lat' dir='ltr'>habens</span> <span class='ocrx_word' id='word_1_151' title='bbox 2663 950 3015 1024; x_wconf 90' lang='lat' dir='ltr'>superﬂuum</span> <span class='ocrx_word' id='word_1_152' title='bbox 3062 949 3211 1022; x_wconf 90' lang='lat' dir='ltr'>quod</span> <span class='ocrx_word' id='word_1_153' title='bbox 3261 950 3455 1004; x_wconf 87' lang='lat' dir='ltr'>cadere</span> <span class='ocrx_word' id='word_1_154' title='bbox 3501 951 3672 1021; x_wconf 86' lang='lat' dir='ltr'>possit,</span> <span class='ocrx_word' id='word_1_155' title='bbox 3713 955 3783 1006; x_wconf 87' lang='lat' dir='ltr'>vel</span> 
     </span>
    </p>
   </div>
   <div class='ocr_carea' id='block_1_25' title="bbox 2220 1044 3787 1120">
    <p class='ocr_par' dir='ltr' id='par_1_25' title="bbox 2220 1044 3787 1120">
     <span class='ocr_line' id='line_1_25' title="bbox 2220 1044 3787 1120; baseline -0.001 -19"><span class='ocrx_word' id='word_1_156' title='bbox 2220 1049 2360 1102; x_wconf 88' lang='lat' dir='ltr'>nihil</span> <span class='ocrx_word' id='word_1_157' title='bbox 2394 1048 2464 1103; x_wconf 92' lang='lat' dir='ltr'>de</span> <span class='ocrx_word' id='word_1_158' title='bbox 2501 1047 2890 1120; x_wconf 89' lang='lat' dir='ltr'>superioribus</span> <span class='ocrx_word' id='word_1_159' title='bbox 2931 1045 3230 1100; x_wconf 87' lang='lat' dir='ltr'>virtutibus</span> <span class='ocrx_word' id='word_1_160' title='bbox 3264 1044 3576 1111; x_wconf 85' lang='lat' dir='ltr'>amissurus,</span> <span class='ocrx_word' id='word_1_161' title='bbox 3601 1045 3787 1116; x_wconf 83' lang='lat' dir='ltr'>integer</span> 
     </span>
    </p>
   </div>
   <div class='ocr_carea' id='block_1_26' title="bbox 2219 1139 3790 1211">
    <p class='ocr_par' dir='ltr' id='par_1_26' title="bbox 2219 1139 3790 1211">
     <span class='ocr_line' id='line_1_26' title="bbox 2219 1139 3790 1211; baseline -0.002 -14"><span class='ocrx_word' id='word_1_162' title='bbox 2219 1142 2540 1210; x_wconf 87' lang='lat' dir='ltr'>sobrietate,</span> <span class='ocrx_word' id='word_1_163' title='bbox 2571 1141 2729 1196; x_wconf 90' lang='lat' dir='ltr'>fortis</span> <span class='ocrx_word' id='word_1_164' title='bbox 2769 1140 2827 1194; x_wconf 92' lang='lat' dir='ltr'>in</span> <span class='ocrx_word' id='word_1_165' title='bbox 2869 1156 3026 1211; x_wconf 86' lang='lat' dir='ltr'>pace,</span> <span class='ocrx_word' id='word_1_166' title='bbox 3072 1139 3168 1210; x_wconf 87' lang='lat' dir='ltr'>qui</span> <span class='ocrx_word' id='word_1_167' title='bbox 3211 1154 3407 1193; x_wconf 88' lang='lat' dir='ltr'>sensus</span> <span class='ocrx_word' id='word_1_168' title='bbox 3434 1154 3615 1194; x_wconf 91' lang='lat' dir='ltr'>omnes</span> <span class='ocrx_word' id='word_1_169' title='bbox 3646 1155 3790 1210; x_wconf 88' lang='lat' dir='ltr'>usque</span> 
     </span>
    </p>
   </div>
   <div class='ocr_carea' id='block_1_27' title="bbox 2217 1233 3110 1304">
    <p class='ocr_par' dir='ltr' id='par_1_27' title="bbox 2217 1233 3110 1304">
     <span class='ocr_line' id='line_1_27' title="bbox 2217 1233 3110 1304; baseline -0.002 -15"><span class='ocrx_word' id='word_1_170' title='bbox 2217 1237 2275 1291; x_wconf 93' lang='lat' dir='ltr'>in</span> <span class='ocrx_word' id='word_1_171' title='bbox 2308 1236 2503 1304; x_wconf 84' lang='lat' dir='ltr'>ﬁnem,</span> <span class='ocrx_word' id='word_1_172' title='bbox 2535 1239 2592 1289; x_wconf 91' lang='lat' dir='ltr'>et</span> <span class='ocrx_word' id='word_1_173' title='bbox 2617 1235 2789 1290; x_wconf 88' lang='lat' dir='ltr'>verba</span> <span class='ocrx_word' id='word_1_174' title='bbox 2815 1233 3110 1288; x_wconf 88' lang='lat' dir='ltr'>custodiat.</span> 
     </span>
    </p>
   </div>
   <div class='ocr_carea' id='block_1_28' title="bbox 2291 1327 3796 1400">
    <p class='ocr_par' dir='ltr' id='par_1_28' title="bbox 2291 1327 3796 1400">
     <span class='ocr_line' id='line_1_28' title="bbox 2291 1327 3796 1400; baseline -0.003 -16"><span class='ocrx_word' id='word_1_175' title='bbox 2291 1333 2374 1385; x_wconf 76' lang='grc'><strong>14.</strong></span> <span class='ocrx_word' id='word_1_176' title='bbox 2411 1330 2754 1384; x_wconf 66' lang='lat' dir='ltr'>Prmdicetur</span> <span class='ocrx_word' id='word_1_177' title='bbox 2778 1327 3178 1400; x_wconf 84' lang='lat' dir='ltr'>Evangelium,</span> <span class='ocrx_word' id='word_1_178' title='bbox 3211 1332 3271 1381; x_wconf 92' lang='lat' dir='ltr'>ut</span> <span class='ocrx_word' id='word_1_179' title='bbox 3297 1328 3554 1381; x_wconf 84' lang='lat' dir='ltr'>saeculum</span> <span class='ocrx_word' id='word_1_180' title='bbox 3585 1327 3796 1381; x_wconf 86' lang='lat' dir='ltr'>destrua-</span> 
     </span>
    </p>
   </div>
   <div class='ocr_carea' id='block_1_29' title="bbox 2215 1421 3791 1494">
    <p class='ocr_par' dir='ltr' id='par_1_29' title="bbox 2215 1421 3791 1494">
     <span class='ocr_line' id='line_1_29' title="bbox 2215 1421 3791 1494; baseline -0.004 -15"><span class='ocrx_word' id='word_1_181' title='bbox 2215 1431 2326 1479; x_wconf 90' lang='lat' dir='ltr'>tur.</span> <span class='ocrx_word' id='word_1_182' title='bbox 2372 1423 2529 1478; x_wconf 89' lang='lat' dir='ltr'>Sicut</span> <span class='ocrx_word' id='word_1_183' title='bbox 2569 1423 2722 1478; x_wconf 89' lang='lat' dir='ltr'>enim</span> <span class='ocrx_word' id='word_1_184' title='bbox 2776 1422 3062 1494; x_wconf 75' lang='lat' dir='ltr'>praecessit</span> <span class='ocrx_word' id='word_1_185' title='bbox 3115 1421 3171 1475; x_wconf 92' lang='lat' dir='ltr'>in</span> <span class='ocrx_word' id='word_1_186' title='bbox 3219 1421 3411 1475; x_wconf 90' lang='lat' dir='ltr'>orbem</span> <span class='ocrx_word' id='word_1_187' title='bbox 3450 1423 3606 1474; x_wconf 74' lang='lat' dir='ltr'>terres</span> <span class='ocrx_word' id='word_1_188' title='bbox 3645 1421 3791 1474; x_wconf 85' lang='lat' dir='ltr'>Evan-</span> 
     </span>
    </p>
   </div>
   <div class='ocr_carea' id='block_1_30' title="bbox 2218 1513 3798 1589">
    <p class='ocr_par' dir='ltr' id='par_1_30' title="bbox 2218 1513 3798 1589">
     <span class='ocr_line' id='line_1_30' title="bbox 2218 1513 3798 1589; baseline -0.004 -17"><span class='ocrx_word' id='word_1_189' title='bbox 2218 1518 2349 1589; x_wconf 88' lang='lat' dir='ltr'>gelii</span> <span class='ocrx_word' id='word_1_190' title='bbox 2405 1516 2730 1589; x_wconf 65' lang='lat' dir='ltr'>praadicatio</span> <span class='ocrx_word' id='word_1_191' title='bbox 2792 1516 3039 1586; x_wconf 57' lang='lat' dir='ltr'>(Matth,</span> <span class='ocrx_word' id='word_1_192' title='bbox 3100 1531 3246 1583; x_wconf 81' lang='lat' dir='ltr'>xxrv,</span> <span class='ocrx_word' id='word_1_193' title='bbox 3310 1515 3414 1584; x_wconf 78' lang='grc'><strong>14),</strong></span> <span class='ocrx_word' id='word_1_194' title='bbox 3470 1513 3553 1567; x_wconf 88' lang='lat' dir='ltr'>cui</span> <span class='ocrx_word' id='word_1_195' title='bbox 3603 1513 3711 1582; x_wconf 86' lang='lat' dir='ltr'>jam</span> <span class='ocrx_word' id='word_1_196' title='bbox 3754 1518 3798 1567; x_wconf 89' lang='lat' dir='ltr'>et</span> 
     </span>
    </p>
   </div>
   <div class='ocr_carea' id='block_1_31' title="bbox 2217 1605 3797 1675">
    <p class='ocr_par' dir='ltr' id='par_1_31' title="bbox 2217 1605 3797 1675">
     <span class='ocr_line' id='line_1_31' title="bbox 2217 1605 3797 1675; baseline -0.004 -9"><span class='ocrx_word' id='word_1_197' title='bbox 2217 1612 2387 1666; x_wconf 89' lang='lat' dir='ltr'>Gothi</span> <span class='ocrx_word' id='word_1_198' title='bbox 2418 1616 2476 1665; x_wconf 91' lang='lat' dir='ltr'>et</span> <span class='ocrx_word' id='word_1_199' title='bbox 2501 1609 2756 1666; x_wconf 83' lang='lat' dir='ltr'>Armenii</span> <span class='ocrx_word' id='word_1_200' title='bbox 2787 1608 3178 1675; x_wconf 89' lang='lat' dir='ltr'>crediderunt,</span> <span class='ocrx_word' id='word_1_201' title='bbox 3209 1613 3264 1663; x_wconf 90' lang='lat' dir='ltr'>et</span> <span class='ocrx_word' id='word_1_202' title='bbox 3296 1607 3419 1662; x_wconf 90' lang='lat' dir='ltr'>ideo</span> <span class='ocrx_word' id='word_1_203' title='bbox 3445 1605 3634 1661; x_wconf 91' lang='lat' dir='ltr'>mundi</span> <span class='ocrx_word' id='word_1_204' title='bbox 3655 1605 3797 1660; x_wconf 84' lang='lat' dir='ltr'>tinem</span> 
     </span>
    </p>
   </div>
   <div class='ocr_carea' id='block_1_32' title="bbox 2217 1699 3800 1774">
    <p class='ocr_par' dir='ltr' id='par_1_32' title="bbox 2217 1699 3800 1774">
     <span class='ocr_line' id='line_1_32' title="bbox 2217 1699 3800 1774; baseline -0.004 -14"><span class='ocrx_word' id='word_1_205' title='bbox 2217 1706 2503 1772; x_wconf 88' lang='lat' dir='ltr'>videmus,</span> <span class='ocrx_word' id='word_1_206' title='bbox 2537 1706 2612 1760; x_wconf 90' lang='lat' dir='ltr'>ita</span> <span class='ocrx_word' id='word_1_207' title='bbox 2650 1708 2708 1758; x_wconf 92' lang='lat' dir='ltr'>et</span> <span class='ocrx_word' id='word_1_208' title='bbox 2747 1721 2778 1757; x_wconf 91' lang='lat' dir='ltr'>a</span> <span class='ocrx_word' id='word_1_209' title='bbox 2812 1703 2931 1758; x_wconf 90' lang='lat' dir='ltr'>viro</span> <span class='ocrx_word' id='word_1_210' title='bbox 2968 1702 3248 1774; x_wconf 90' lang='lat' dir='ltr'>spirituali</span> <span class='ocrx_word' id='word_1_211' title='bbox 3291 1699 3644 1772; x_wconf 88' lang='lat' dir='ltr'>Evangelium</span> <span class='ocrx_word' id='word_1_212' title='bbox 3679 1715 3800 1770; x_wconf 71' lang='lat' dir='ltr'>pre:-</span> 
     </span>
    </p>
   </div>
   <div class='ocr_carea' id='block_1_33' title="bbox 490 1777 3801 1870">
    <p class='ocr_par' dir='ltr' id='par_1_33' title="bbox 490 1777 3801 1870">
     <span class='ocr_line' id='line_1_33' title="bbox 490 1777 3801 1870; baseline -0.002 -19"><span class='ocrx_word' id='word_1_213' title='bbox 490 1803 547 1855; x_wconf 88' lang='lat' dir='ltr'>in</span> <span class='ocrx_word' id='word_1_214' title='bbox 584 1798 900 1855; x_wconf 83' lang='lat' dir='ltr'>coelestibus</span> <span class='ocrx_word' id='word_1_215' title='bbox 930 1798 1166 1868; x_wconf 83' lang='lat' dir='ltr'>(Ephes.,</span> <span class='ocrx_word' id='word_1_216' title='bbox 1201 1813 1271 1863; x_wconf 79' lang='grc' dir='ltr'>γι,</span> <span class='ocrx_word' id='word_1_217' title='bbox 1312 1799 1417 1862; x_wconf 78' lang='grc'><strong>12).</strong></span> <span class='ocrx_word' id='word_1_218' title='bbox 1463 1797 1656 1867; x_wconf 89' lang='lat' dir='ltr'>Itaque</span> <span class='ocrx_word' id='word_1_219' title='bbox 1695 1795 1858 1866; x_wconf 90' lang='lat' dir='ltr'>quasi</span> <span class='ocrx_word' id='word_1_220' title='bbox 1884 1795 2113 1866; x_wconf 86' lang='lat' dir='ltr'>quibus-</span> <span class='ocrx_word' id='word_1_221' title='bbox 2137 1777 2193 1848; x_wconf 82' lang='lat' dir='ltr'><strong>B</strong></span> <span class='ocrx_word' id='word_1_222' title='bbox 2220 1800 2458 1864; x_wconf 86' lang='lat' dir='ltr'>dicatur,</span> <span class='ocrx_word' id='word_1_223' title='bbox 2485 1798 2714 1870; x_wconf 89' lang='lat' dir='ltr'>quando</span> <span class='ocrx_word' id='word_1_224' title='bbox 2739 1813 2936 1852; x_wconf 90' lang='lat' dir='ltr'>omnes</span> <span class='ocrx_word' id='word_1_225' title='bbox 2963 1796 3258 1867; x_wconf 67' lang='lat' dir='ltr'>sapientia:</span> <span class='ocrx_word' id='word_1_226' title='bbox 3284 1810 3609 1867; x_wconf 90' lang='lat' dir='ltr'>progressus</span> <span class='ocrx_word' id='word_1_227' title='bbox 3636 1798 3684 1847; x_wconf 90' lang='lat' dir='ltr'>et</span> <span class='ocrx_word' id='word_1_228' title='bbox 3707 1808 3801 1846; x_wconf 87' lang='lat' dir='ltr'>om-</span> 
     </span>
    </p>
   </div>
   <div class='ocr_carea' id='block_1_34' title="bbox 489 1889 2118 1963">
    <p class='ocr_par' dir='ltr' id='par_1_34' title="bbox 489 1889 2118 1963">
     <span class='ocr_line' id='line_1_34' title="bbox 489 1889 2118 1963; baseline -0.004 -14"><span class='ocrx_word' id='word_1_229' title='bbox 489 1894 618 1950; x_wconf 92' lang='lat' dir='ltr'>dam</span> <span class='ocrx_word' id='word_1_230' title='bbox 651 1899 886 1963; x_wconf 84' lang='lat' dir='ltr'>urgetur</span> <span class='ocrx_word' id='word_1_231' title='bbox 917 1891 1144 1962; x_wconf 70' lang='lat' dir='ltr'>przeliis,</span> <span class='ocrx_word' id='word_1_232' title='bbox 1185 1895 1242 1945; x_wconf 91' lang='lat' dir='ltr'>et</span> <span class='ocrx_word' id='word_1_233' title='bbox 1279 1890 1620 1961; x_wconf 89' lang='lat' dir='ltr'>quibusdam</span> <span class='ocrx_word' id='word_1_234' title='bbox 1660 1896 1826 1944; x_wconf 66' lang='lat' dir='ltr'>terrm</span> <span class='ocrx_word' id='word_1_235' title='bbox 1869 1889 2118 1944; x_wconf 90' lang='lat' dir='ltr'>motibus</span> 
     </span>
    </p>
   </div>
   <div class='ocr_carea' id='block_1_35' title="bbox 487 1983 1760 2059">
    <p class='ocr_par' dir='ltr' id='par_1_35' title="bbox 487 1983 1760 2059">
     <span class='ocr_line' id='line_1_35' title="bbox 487 1983 1760 2059; baseline -0.003 -18"><span class='ocrx_word' id='word_1_236' title='bbox 487 1988 737 2059; x_wconf 84' lang='lat' dir='ltr'>quatitur</span> <span class='ocrx_word' id='word_1_237' title='bbox 765 1983 991 2040; x_wconf 88' lang='lat' dir='ltr'>mobilis</span> <span class='ocrx_word' id='word_1_238' title='bbox 1021 1984 1203 2038; x_wconf 89' lang='lat' dir='ltr'>animi</span> <span class='ocrx_word' id='word_1_239' title='bbox 1226 1983 1479 2037; x_wconf 87' lang='lat' dir='ltr'>nutantis</span> <span class='ocrx_word' id='word_1_240' title='bbox 1507 1983 1760 2038; x_wconf 73' lang='lat' dir='ltr'>affectus.</span> 
     </span>
    </p>
   </div>
   <div class='ocr_carea' id='block_1_36' title="bbox 539 2077 2115 2135">
    <p class='ocr_par' dir='ltr' id='par_1_36' title="bbox 539 2077 2115 2135">
     <span class='ocr_line' id='line_1_36' title="bbox 539 2077 2115 2135; baseline -0.001 -1"><span class='ocrx_word' id='word_1_241' title='bbox 539 2084 648 2135; x_wconf 73' lang='lat'>‘12.</span> <span class='ocrx_word' id='word_1_242' title='bbox 695 2079 803 2135; x_wconf 90' lang='lat' dir='ltr'>Sed</span> <span class='ocrx_word' id='word_1_243' title='bbox 845 2078 1045 2132; x_wconf 87' lang='lat' dir='ltr'>fortior</span> <span class='ocrx_word' id='word_1_244' title='bbox 1075 2077 1211 2132; x_wconf 88' lang='lat' dir='ltr'>dicit</span> <span class='ocrx_word' id='word_1_245' title='bbox 1253 2095 1264 2131; x_wconf 92' lang='lat'><strong>:</strong></span> <span class='ocrx_word' id='word_1_246' title='bbox 1301 2099 1326 2126; x_wconf 84' lang='grc'><em>‹‹</em></span> <span class='ocrx_word' id='word_1_247' title='bbox 1369 2077 1426 2132; x_wconf 93' lang='lat' dir='ltr'>Si</span> <span class='ocrx_word' id='word_1_248' title='bbox 1469 2077 1781 2132; x_wconf 89' lang='lat' dir='ltr'>consistant</span> <span class='ocrx_word' id='word_1_249' title='bbox 1816 2077 2115 2132; x_wconf 87' lang='lat' dir='ltr'>adversum</span> 
     </span>
    </p>
   </div>
   <div class='ocr_carea' id='block_1_37' title="bbox 490 2171 2118 2242">
    <p class='ocr_par' dir='ltr' id='par_1_37' title="bbox 490 2171 2118 2242">
     <span class='ocr_line' id='line_1_37' title="bbox 490 2171 2118 2242; baseline -0.002 -12"><span class='ocrx_word' id='word_1_250' title='bbox 490 2192 580 2230; x_wconf 91' lang='lat' dir='ltr'>me</span> <span class='ocrx_word' id='word_1_251' title='bbox 633 2179 832 2239; x_wconf 90' lang='lat' dir='ltr'>castra,</span> <span class='ocrx_word' id='word_1_252' title='bbox 880 2188 996 2226; x_wconf 91' lang='lat' dir='ltr'>non</span> <span class='ocrx_word' id='word_1_253' title='bbox 1047 2171 1273 2226; x_wconf 90' lang='lat' dir='ltr'>timebit</span> <span class='ocrx_word' id='word_1_254' title='bbox 1319 2188 1417 2226; x_wconf 91' lang='lat' dir='ltr'>cor</span> <span class='ocrx_word' id='word_1_255' title='bbox 1470 2188 1703 2240; x_wconf 87' lang='lat' dir='ltr'>meum;</span> <span class='ocrx_word' id='word_1_256' title='bbox 1755 2172 1801 2224; x_wconf 90' lang='lat' dir='ltr'>si</span> <span class='ocrx_word' id='word_1_257' title='bbox 1851 2178 2118 2242; x_wconf 84' lang='lat' dir='ltr'>exsurgat</span> 
     </span>
    </p>
   </div>
   <div class='ocr_carea' id='block_1_38' title="bbox 489 2263 2112 2338">
    <p class='ocr_par' dir='ltr' id='par_1_38' title="bbox 489 2263 2112 2338">
     <span class='ocr_line' id='line_1_38' title="bbox 489 2263 2112 2338; baseline -0.003 -14"><span class='ocrx_word' id='word_1_258' title='bbox 489 2269 788 2324; x_wconf 89' lang='lat' dir='ltr'>adversum</span> <span class='ocrx_word' id='word_1_259' title='bbox 826 2283 920 2320; x_wconf 89' lang='lat' dir='ltr'>me</span> <span class='ocrx_word' id='word_1_260' title='bbox 958 2266 1238 2337; x_wconf 66' lang='lat' dir='ltr'>praelium,</span> <span class='ocrx_word' id='word_1_261' title='bbox 1278 2265 1337 2319; x_wconf 89' lang='lat' dir='ltr'>in</span> <span class='ocrx_word' id='word_1_262' title='bbox 1378 2266 1479 2320; x_wconf 93' lang='lat' dir='ltr'>hoc</span> <span class='ocrx_word' id='word_1_263' title='bbox 1519 2282 1626 2336; x_wconf 88' lang='lat' dir='ltr'>ego</span> <span class='ocrx_word' id='word_1_264' title='bbox 1665 2265 1904 2336; x_wconf 90' lang='lat' dir='ltr'>sperabo</span> <span class='ocrx_word' id='word_1_265' title='bbox 1943 2263 2112 2338; x_wconf 77' lang='lat' dir='ltr'>(Psal.</span> 
     </span>
    </p>
   </div>
   <div class='ocr_carea' id='block_1_39' title="bbox 490 2359 2112 2430">
    <p class='ocr_par' dir='ltr' id='par_1_39' title="bbox 490 2359 2112 2430">
     <span class='ocr_line' id='line_1_39' title="bbox 490 2359 2112 2430; baseline -0.002 -13"><span class='ocrx_word' id='word_1_266' title='bbox 490 2379 636 2430; x_wconf 73' lang='lat' dir='ltr'>xxvx,</span> <span class='ocrx_word' id='word_1_267' title='bbox 667 2362 742 2430; x_wconf 84' lang='lat'>3).</span> <span class='ocrx_word' id='word_1_268' title='bbox 774 2382 800 2410; x_wconf 71' lang='grc' dir='ltr'><strong>η</strong></span> <span class='ocrx_word' id='word_1_269' title='bbox 833 2362 955 2416; x_wconf 89' lang='lat' dir='ltr'>Stat</span> <span class='ocrx_word' id='word_1_270' title='bbox 990 2359 1046 2414; x_wconf 93' lang='lat' dir='ltr'>in</span> <span class='ocrx_word' id='word_1_271' title='bbox 1082 2360 1205 2414; x_wconf 87' lang='lat' dir='ltr'>acie</span> <span class='ocrx_word' id='word_1_272' title='bbox 1245 2359 1430 2414; x_wconf 88' lang='lat' dir='ltr'>ferens</span> <span class='ocrx_word' id='word_1_273' title='bbox 1459 2359 1610 2413; x_wconf 88' lang='lat' dir='ltr'>hosti</span> <span class='ocrx_word' id='word_1_274' title='bbox 1640 2359 1871 2414; x_wconf 92' lang='lat' dir='ltr'>obvium</span> <span class='ocrx_word' id='word_1_275' title='bbox 1899 2362 2112 2430; x_wconf 89' lang='lat' dir='ltr'>pectus,</span> 
     </span>
    </p>
   </div>
   <div class='ocr_carea' id='block_1_40' title="bbox 491 2451 2115 2526">
    <p class='ocr_par' dir='ltr' id='par_1_40' title="bbox 491 2451 2115 2526">
     <span class='ocr_line' id='line_1_40' title="bbox 491 2451 2115 2526; baseline -0.002 -16"><span class='ocrx_word' id='word_1_276' title='bbox 491 2456 665 2510; x_wconf 89' lang='lat' dir='ltr'>etiam</span> <span class='ocrx_word' id='word_1_277' title='bbox 693 2456 735 2509; x_wconf 90' lang='lat' dir='ltr'>si</span> <span class='ocrx_word' id='word_1_278' title='bbox 767 2454 892 2526; x_wconf 90' lang='lat' dir='ltr'>quis</span> <span class='ocrx_word' id='word_1_279' title='bbox 911 2453 1098 2508; x_wconf 82' lang='lat' dir='ltr'>Goliae</span> <span class='ocrx_word' id='word_1_280' title='bbox 1119 2459 1384 2524; x_wconf 85' lang='lat' dir='ltr'>exsurgat</span> <span class='ocrx_word' id='word_1_281' title='bbox 1406 2451 1454 2524; x_wconf 76' lang='grc'>1</span> <span class='ocrx_word' id='word_1_282' title='bbox 1473 2451 1658 2524; x_wconf 82' lang='lat'>507</span> <span class='ocrx_word' id='word_1_283' title='bbox 1687 2452 1922 2507; x_wconf 89' lang='lat' dir='ltr'>immitis</span> <span class='ocrx_word' id='word_1_284' title='bbox 1942 2458 2115 2523; x_wconf 89' lang='lat' dir='ltr'>atque</span> 
     </span>
    </p>
   </div>
   <div class='ocr_carea' id='block_1_41' title="bbox 488 2547 2112 2621">
    <p class='ocr_par' dir='ltr' id='par_1_41' title="bbox 488 2547 2112 2621">
     <span class='ocr_line' id='line_1_41' title="bbox 488 2547 2112 2621; baseline -0.002 -17"><span class='ocrx_word' id='word_1_285' title='bbox 488 2550 787 2621; x_wconf 66' lang='lat' dir='ltr'>prmeelsus</span> <span class='ocrx_word' id='word_1_286' title='bbox 829 2549 868 2611; x_wconf 86' lang='grc' dir='ltr'>(ι</span> <span class='ocrx_word' id='word_1_287' title='bbox 900 2551 1048 2615; x_wconf 74' lang='grc'><strong>1189..</strong></span> <span class='ocrx_word' id='word_1_288' title='bbox 1089 2563 1218 2613; x_wconf 86' lang='lat' dir='ltr'>xvu,</span> <span class='ocrx_word' id='word_1_289' title='bbox 1259 2548 1343 2615; x_wconf 68' lang='lat'><strong>4);</strong></span> <span class='ocrx_word' id='word_1_290' title='bbox 1388 2547 1722 2601; x_wconf 87' lang='lat' dir='ltr'>timentibus</span> <span class='ocrx_word' id='word_1_291' title='bbox 1765 2553 1959 2601; x_wconf 89' lang='lat' dir='ltr'>tamen</span> <span class='ocrx_word' id='word_1_292' title='bbox 2004 2563 2112 2601; x_wconf 68' lang='lat' dir='ltr'>caa-</span> 
     </span>
    </p>
   </div>
   <div class='ocr_carea' id='block_1_42' title="bbox 487 2639 2116 2712">
    <p class='ocr_par' dir='ltr' id='par_1_42' title="bbox 487 2639 2116 2712">
     <span class='ocr_line' id='line_1_42' title="bbox 487 2639 2116 2712; baseline -0.003 -13"><span class='ocrx_word' id='word_1_293' title='bbox 487 2645 640 2712; x_wconf 90' lang='lat' dir='ltr'>teris,</span> <span class='ocrx_word' id='word_1_294' title='bbox 673 2648 938 2712; x_wconf 86' lang='lat' dir='ltr'>exsurget</span> <span class='ocrx_word' id='word_1_295' title='bbox 967 2641 1200 2695; x_wconf 87' lang='lat' dir='ltr'>humilis</span> <span class='ocrx_word' id='word_1_296' title='bbox 1228 2641 1392 2711; x_wconf 90' lang='lat' dir='ltr'>quasi</span> <span class='ocrx_word' id='word_1_297' title='bbox 1432 2640 1626 2707; x_wconf 90' lang='lat' dir='ltr'>David,</span> <span class='ocrx_word' id='word_1_298' title='bbox 1656 2640 1809 2710; x_wconf 88' lang='lat' dir='ltr'>regis</span> <span class='ocrx_word' id='word_1_299' title='bbox 1845 2639 2116 2711; x_wconf 90' lang='lat' dir='ltr'>abjiciens</span> 
     </span>
    </p>
   </div>
   <div class='ocr_carea' id='block_1_43' title="bbox 488 2733 2114 2805">
    <p class='ocr_par' dir='ltr' id='par_1_43' title="bbox 488 2733 2114 2805">
     <span class='ocr_line' id='line_1_43' title="bbox 488 2733 2114 2805; baseline -0.003 -13"><span class='ocrx_word' id='word_1_300' title='bbox 488 2754 647 2793; x_wconf 87' lang='lat' dir='ltr'>arma</span> <span class='ocrx_word' id='word_1_301' title='bbox 687 2736 920 2803; x_wconf 90' lang='lat' dir='ltr'>terreni,</span> <span class='ocrx_word' id='word_1_302' title='bbox 957 2751 1188 2789; x_wconf 90' lang='lat' dir='ltr'>sumens</span> <span class='ocrx_word' id='word_1_303' title='bbox 1227 2734 1358 2788; x_wconf 84' lang='lat' dir='ltr'>fidei</span> <span class='ocrx_word' id='word_1_304' title='bbox 1399 2735 1515 2788; x_wconf 91' lang='lat' dir='ltr'>tela</span> <span class='ocrx_word' id='word_1_305' title='bbox 1550 2734 1783 2801; x_wconf 86' lang='lat' dir='ltr'>leviora,</span> <span class='ocrx_word' id='word_1_306' title='bbox 1814 2738 1871 2788; x_wconf 90' lang='lat' dir='ltr'>et</span> <span class='ocrx_word' id='word_1_307' title='bbox 1911 2733 2114 2805; x_wconf 89' lang='lat' dir='ltr'>triplici</span> 
     </span>
    </p>
   </div>
   <div class='ocr_carea' id='block_1_44' title="bbox 489 2828 2112 2904">
    <p class='ocr_par' dir='ltr' id='par_1_44' title="bbox 489 2828 2112 2904">
     <span class='ocr_line' id='line_1_44' title="bbox 489 2828 2112 2904; baseline -0.004 -17"><span class='ocrx_word' id='word_1_308' title='bbox 489 2835 682 2904; x_wconf 89' lang='lat' dir='ltr'>sparto</span> <span class='ocrx_word' id='word_1_309' title='bbox 717 2831 969 2902; x_wconf 90' lang='lat' dir='ltr'>jaculum</span> <span class='ocrx_word' id='word_1_310' title='bbox 1008 2845 1165 2901; x_wconf 68' lang='lat' dir='ltr'>pura:</span> <span class='ocrx_word' id='word_1_311' title='bbox 1205 2828 1576 2883; x_wconf 89' lang='lat' dir='ltr'>confessionis</span> <span class='ocrx_word' id='word_1_312' title='bbox 1605 2829 1938 2898; x_wconf 86' lang='lat' dir='ltr'>intorquens</span> <span class='ocrx_word' id='word_1_313' title='bbox 1980 2831 2112 2898; x_wconf 85' lang='lat'><strong>(3‘7),</strong></span> 
     </span>
    </p>
   </div>
   <div class='ocr_carea' id='block_1_45' title="bbox 488 2922 2117 2999">
    <p class='ocr_par' dir='ltr' id='par_1_45' title="bbox 488 2922 2117 2999">
     <span class='ocr_line' id='line_1_45' title="bbox 488 2922 2117 2999; baseline -0.002 -18"><span class='ocrx_word' id='word_1_314' title='bbox 488 2925 863 2999; x_wconf 89' lang='lat' dir='ltr'>persecutoris</span> <span class='ocrx_word' id='word_1_315' title='bbox 926 2924 1181 2978; x_wconf 88' lang='lat' dir='ltr'>vulnerat</span> <span class='ocrx_word' id='word_1_316' title='bbox 1233 2922 1692 2994; x_wconf 89' lang='lat' dir='ltr'>impudentiam,</span> <span class='ocrx_word' id='word_1_317' title='bbox 1756 2925 2117 2994; x_wconf 88' lang='lat' dir='ltr'>contemptor</span> 
     </span>
    </p>
   </div>
   <div class='ocr_carea' id='block_1_46' title="bbox 487 3015 2115 3090">
    <p class='ocr_par' dir='ltr' id='par_1_46' title="bbox 487 3015 2115 3090">
     <span class='ocr_line' id='line_1_46' title="bbox 487 3015 2115 3090; baseline -0.004 -15"><span class='ocrx_word' id='word_1_318' title='bbox 487 3021 795 3086; x_wconf 90' lang='lat' dir='ltr'>minarum,</span> <span class='ocrx_word' id='word_1_319' title='bbox 822 3018 1119 3090; x_wconf 86' lang='lat' dir='ltr'>negligens</span> <span class='ocrx_word' id='word_1_320' title='bbox 1156 3021 1525 3088; x_wconf 86' lang='lat' dir='ltr'>potestatum,</span> <span class='ocrx_word' id='word_1_321' title='bbox 1565 3016 1738 3070; x_wconf 91' lang='lat' dir='ltr'>etiam</span> <span class='ocrx_word' id='word_1_322' title='bbox 1773 3015 2016 3071; x_wconf 90' lang='lat' dir='ltr'>idoneus</span> <span class='ocrx_word' id='word_1_323' title='bbox 2054 3016 2115 3070; x_wconf 91' lang='lat' dir='ltr'>in</span> 
     </span>
    </p>
   </div>
   <div class='ocr_carea' id='block_1_47' title="bbox 487 3109 2113 3186">
    <p class='ocr_par' dir='ltr' id='par_1_47' title="bbox 487 3109 2113 3186">
     <span class='ocr_line' id='line_1_47' title="bbox 487 3109 2113 3186; baseline -0.004 -17"><span class='ocrx_word' id='word_1_324' title='bbox 487 3131 603 3186; x_wconf 90' lang='lat' dir='ltr'>quo</span> <span class='ocrx_word' id='word_1_325' title='bbox 642 3113 895 3170; x_wconf 88' lang='lat' dir='ltr'>Christus</span> <span class='ocrx_word' id='word_1_326' title='bbox 933 3111 1214 3182; x_wconf 88' lang='lat' dir='ltr'>loquatur.</span> <span class='ocrx_word' id='word_1_327' title='bbox 1256 3109 1399 3164; x_wconf 87' lang='lat' dir='ltr'>Alibi</span> <span class='ocrx_word' id='word_1_328' title='bbox 1441 3109 1714 3177; x_wconf 88' lang='lat' dir='ltr'>Christus,</span> <span class='ocrx_word' id='word_1_329' title='bbox 1754 3109 1890 3164; x_wconf 90' lang='lat' dir='ltr'>alibi</span> <span class='ocrx_word' id='word_1_330' title='bbox 1929 3111 2113 3176; x_wconf 90' lang='lat' dir='ltr'>Pater,</span> 
     </span>
    </p>
   </div>
   <div class='ocr_carea' id='block_1_48' title="bbox 487 3202 2114 3278">
    <p class='ocr_par' dir='ltr' id='par_1_48' title="bbox 487 3202 2114 3278">
     <span class='ocr_line' id='line_1_48' title="bbox 487 3202 2114 3278; baseline -0.002 -16"><span class='ocrx_word' id='word_1_331' title='bbox 487 3208 618 3262; x_wconf 83' lang='lat' dir='ltr'>alibi</span> <span class='ocrx_word' id='word_1_332' title='bbox 657 3205 896 3278; x_wconf 88' lang='lat' dir='ltr'>Spiritus</span> <span class='ocrx_word' id='word_1_333' title='bbox 933 3204 1189 3274; x_wconf 87' lang='lat' dir='ltr'>loquitur</span> <span class='ocrx_word' id='word_1_334' title='bbox 1227 3203 1422 3258; x_wconf 89' lang='lat' dir='ltr'>Patris.</span> <span class='ocrx_word' id='word_1_335' title='bbox 1466 3204 1587 3257; x_wconf 86' lang='lat' dir='ltr'>Non</span> <span class='ocrx_word' id='word_1_336' title='bbox 1634 3203 1952 3258; x_wconf 88' lang='lat' dir='ltr'>discordant</span> <span class='ocrx_word' id='word_1_337' title='bbox 1988 3202 2114 3270; x_wconf 87' lang='lat' dir='ltr'>ista,</span> 
     </span>
    </p>
   </div>
   <div class='ocr_carea' id='block_1_49' title="bbox 487 3295 2118 3370">
    <p class='ocr_par' dir='ltr' id='par_1_49' title="bbox 487 3295 2118 3370">
     <span class='ocr_line' id='line_1_49' title="bbox 487 3295 2118 3370; baseline -0.002 -15"><span class='ocrx_word' id='word_1_338' title='bbox 487 3300 583 3355; x_wconf 85' lang='lat' dir='ltr'>sed</span> <span class='ocrx_word' id='word_1_339' title='bbox 623 3300 964 3370; x_wconf 87' lang='lat' dir='ltr'>congruunt.</span> <span class='ocrx_word' id='word_1_340' title='bbox 1005 3296 1164 3361; x_wconf 85' lang='lat' dir='ltr'>Quod</span> <span class='ocrx_word' id='word_1_341' title='bbox 1215 3313 1360 3351; x_wconf 91' lang='lat' dir='ltr'>unus</span> <span class='ocrx_word' id='word_1_342' title='bbox 1405 3295 1675 3368; x_wconf 91' lang='lat' dir='ltr'>loquitur,</span> <span class='ocrx_word' id='word_1_343' title='bbox 1722 3301 1834 3352; x_wconf 87' lang='lat' dir='ltr'>tres</span> <span class='ocrx_word' id='word_1_344' title='bbox 1878 3298 2118 3368; x_wconf 88' lang='lat' dir='ltr'>loquun-</span> 
     </span>
    </p>
   </div>
   <div class='ocr_carea' id='block_1_50' title="bbox 487 3389 2116 3464">
    <p class='ocr_par' dir='ltr' id='par_1_50' title="bbox 487 3389 2116 3464">
     <span class='ocr_line' id='line_1_50' title="bbox 487 3389 2116 3464; baseline -0.003 -15"><span class='ocrx_word' id='word_1_345' title='bbox 487 3401 599 3460; x_wconf 84' lang='lat' dir='ltr'>tur;</span> <span class='ocrx_word' id='word_1_346' title='bbox 636 3393 768 3464; x_wconf 87' lang='lat' dir='ltr'>quia</span> <span class='ocrx_word' id='word_1_347' title='bbox 806 3407 909 3446; x_wconf 89' lang='lat' dir='ltr'>vox</span> <span class='ocrx_word' id='word_1_348' title='bbox 949 3407 1066 3446; x_wconf 89' lang='lat' dir='ltr'>una</span> <span class='ocrx_word' id='word_1_349' title='bbox 1109 3394 1195 3446; x_wconf 88' lang='lat' dir='ltr'>est</span> <span class='ocrx_word' id='word_1_350' title='bbox 1229 3390 1540 3446; x_wconf 87' lang='lat' dir='ltr'>Trinitatis.</span> <span class='ocrx_word' id='word_1_351' title='bbox 1577 3389 1712 3445; x_wconf 80' lang='lat' dir='ltr'>Huic</span> <span class='ocrx_word' id='word_1_352' title='bbox 1757 3390 1973 3458; x_wconf 90' lang='lat' dir='ltr'>victori,</span> <span class='ocrx_word' id='word_1_353' title='bbox 2019 3392 2116 3462; x_wconf 89' lang='lat' dir='ltr'>qui</span> 
     </span>
    </p>
   </div>
   <div class='ocr_carea' id='block_1_51' title="bbox 487 3483 2115 3557">
    <p class='ocr_par' dir='ltr' id='par_1_51' title="bbox 487 3483 2115 3557">
     <span class='ocr_line' id='line_1_51' title="bbox 487 3483 2115 3557; baseline -0.002 -14"><span class='ocrx_word' id='word_1_354' title='bbox 487 3505 588 3543; x_wconf 87' lang='lat' dir='ltr'>suo</span> <span class='ocrx_word' id='word_1_355' title='bbox 640 3487 855 3542; x_wconf 88' lang='lat' dir='ltr'>Goliam</span> <span class='ocrx_word' id='word_1_356' title='bbox 905 3485 1092 3556; x_wconf 89' lang='lat' dir='ltr'>gladio</span> <span class='ocrx_word' id='word_1_357' title='bbox 1143 3483 1470 3557; x_wconf 91' lang='lat' dir='ltr'>peremerit,</span> <span class='ocrx_word' id='word_1_358' title='bbox 1523 3485 1659 3539; x_wconf 90' lang='lat' dir='ltr'>dum</span> <span class='ocrx_word' id='word_1_359' title='bbox 1716 3489 1962 3540; x_wconf 91' lang='lat' dir='ltr'>mortem</span> <span class='ocrx_word' id='word_1_360' title='bbox 2012 3501 2115 3556; x_wconf 92' lang='lat' dir='ltr'>pro</span> 
     </span>
    </p>
   </div>
   <div class='ocr_carea' id='block_1_52' title="bbox 483 3577 2114 3652">
    <p class='ocr_par' dir='ltr' id='par_1_52' title="bbox 483 3577 2114 3652">
     <span class='ocr_line' id='line_1_52' title="bbox 483 3577 2114 3652; baseline -0.003 -16"><span class='ocrx_word' id='word_1_361' title='bbox 483 3580 705 3636; x_wconf 90' lang='lat' dir='ltr'>Christo</span> <span class='ocrx_word' id='word_1_362' title='bbox 753 3579 979 3652; x_wconf 86' lang='lat' dir='ltr'>excipit,</span> <span class='ocrx_word' id='word_1_363' title='bbox 1028 3579 1238 3650; x_wconf 91' lang='lat' dir='ltr'>fugatis</span> <span class='ocrx_word' id='word_1_364' title='bbox 1285 3577 1621 3650; x_wconf 87' lang='lat' dir='ltr'>allophylis,</span> <span class='ocrx_word' id='word_1_365' title='bbox 1675 3584 1980 3632; x_wconf 89' lang='lat' dir='ltr'>occurrunt</span> <span class='ocrx_word' id='word_1_366' title='bbox 2021 3578 2114 3649; x_wconf 91' lang='lat' dir='ltr'>ju-</span> 
     </span>
    </p>
   </div>
   <div class='ocr_carea' id='block_1_53' title="bbox 486 3671 2112 3743">
    <p class='ocr_par' dir='ltr' id='par_1_53' title="bbox 486 3671 2112 3743">
     <span class='ocr_line' id='line_1_53' title="bbox 486 3671 2112 3743; baseline -0.001 -15"><span class='ocrx_word' id='word_1_367' title='bbox 486 3675 771 3740; x_wconf 70' lang='lat' dir='ltr'>venculaa,</span> <span class='ocrx_word' id='word_1_368' title='bbox 837 3674 946 3728; x_wconf 75' lang='lat' dir='ltr'>illas</span> <span class='ocrx_word' id='word_1_369' title='bbox 1011 3673 1220 3727; x_wconf 91' lang='lat' dir='ltr'>scilicet</span> <span class='ocrx_word' id='word_1_370' title='bbox 1281 3671 1426 3726; x_wconf 86' lang='lat' dir='ltr'>sicut</span> <span class='ocrx_word' id='word_1_371' title='bbox 1493 3671 1730 3743; x_wconf 66' lang='lat' dir='ltr'>aquilae,</span> <span class='ocrx_word' id='word_1_372' title='bbox 1797 3671 2048 3726; x_wconf 89' lang='lat' dir='ltr'>dicentes</span> <span class='ocrx_word' id='word_1_373' title='bbox 2100 3689 2112 3726; x_wconf 89' lang='lat'>:</span> 
     </span>
    </p>
   </div>
   <div class='ocr_carea' id='block_1_54' title="bbox 489 3764 2112 3832">
    <p class='ocr_par' dir='ltr' id='par_1_54' title="bbox 489 3764 2112 3832">
     <span class='ocr_line' id='line_1_54' title="bbox 489 3764 2112 3832; baseline 0 -13"><span class='ocrx_word' id='word_1_374' title='bbox 489 3792 516 3819; x_wconf 90' lang='grc'><em>‹‹</em></span> <span class='ocrx_word' id='word_1_375' title='bbox 544 3770 822 3823; x_wconf 88' lang='lat' dir='ltr'>Percussit</span> <span class='ocrx_word' id='word_1_376' title='bbox 853 3767 982 3822; x_wconf 87' lang='lat' dir='ltr'>Saul</span> <span class='ocrx_word' id='word_1_377' title='bbox 1011 3767 1069 3820; x_wconf 93' lang='lat' dir='ltr'>in</span> <span class='ocrx_word' id='word_1_378' title='bbox 1099 3764 1369 3832; x_wconf 91' lang='lat' dir='ltr'>millibus,</span> <span class='ocrx_word' id='word_1_379' title='bbox 1405 3765 1574 3820; x_wconf 89' lang='lat' dir='ltr'>David</span> <span class='ocrx_word' id='word_1_380' title='bbox 1615 3765 1676 3819; x_wconf 92' lang='lat' dir='ltr'>in</span> <span class='ocrx_word' id='word_1_381' title='bbox 1717 3765 1915 3820; x_wconf 90' lang='lat' dir='ltr'>decem</span> <span class='ocrx_word' id='word_1_382' title='bbox 1945 3765 2112 3820; x_wconf 91' lang='lat' dir='ltr'>milli-</span> 
     </span>
    </p>
   </div>
   <div class='ocr_carea' id='block_1_55' title="bbox 485 3858 2117 3933">
    <p class='ocr_par' dir='ltr' id='par_1_55' title="bbox 485 3858 2117 3933">
     <span class='ocr_line' id='line_1_55' title="bbox 485 3858 2117 3933; baseline -0.002 -16"><span class='ocrx_word' id='word_1_383' title='bbox 485 3863 590 3917; x_wconf 89' lang='lat' dir='ltr'>bus</span> <span class='ocrx_word' id='word_1_384' title='bbox 634 3861 673 3933; x_wconf 92' lang='grc' dir='ltr'>(ι</span> <span class='ocrx_word' id='word_1_385' title='bbox 713 3865 865 3932; x_wconf 86' lang='lat' dir='ltr'>Reg.,</span> <span class='ocrx_word' id='word_1_386' title='bbox 913 3877 1062 3930; x_wconf 86' lang='lat' dir='ltr'>xvm,</span> <span class='ocrx_word' id='word_1_387' title='bbox 1104 3863 1180 3927; x_wconf 89' lang='lat'>‘7).</span> <span class='ocrx_word' id='word_1_388' title='bbox 1222 3882 1248 3909; x_wconf 83' lang='grc'><strong>››</strong></span> <span class='ocrx_word' id='word_1_389' title='bbox 1287 3859 1444 3924; x_wconf 88' lang='lat' dir='ltr'>Quod</span> <span class='ocrx_word' id='word_1_390' title='bbox 1483 3858 1692 3913; x_wconf 90' lang='lat' dir='ltr'>indicio</span> <span class='ocrx_word' id='word_1_391' title='bbox 1737 3862 1841 3926; x_wconf 90' lang='lat' dir='ltr'>est,</span> <span class='ocrx_word' id='word_1_392' title='bbox 1880 3858 2117 3914; x_wconf 87' lang='lat' dir='ltr'>victores</span> 
     </span>
    </p>
   </div>
   <div class='ocr_carea' id='block_1_56' title="bbox 487 3952 2112 4026">
    <p class='ocr_par' dir='ltr' id='par_1_56' title="bbox 487 3952 2112 4026">
     <span class='ocr_line' id='line_1_56' title="bbox 487 3952 2112 4026; baseline -0.002 -17"><span class='ocrx_word' id='word_1_393' title='bbox 487 3955 678 4011; x_wconf 70' lang='lat' dir='ltr'>saeculi</span> <span class='ocrx_word' id='word_1_394' title='bbox 721 3954 1069 4026; x_wconf 88' lang='lat' dir='ltr'>principibus</span> <span class='ocrx_word' id='word_1_395' title='bbox 1111 3952 1404 4008; x_wconf 87' lang='lat' dir='ltr'>anteferri.</span> <span class='ocrx_word' id='word_1_396' title='bbox 1449 3953 1704 4023; x_wconf 91' lang='lat' dir='ltr'>Denique</span> <span class='ocrx_word' id='word_1_397' title='bbox 1749 3952 1985 4007; x_wconf 88' lang='lat' dir='ltr'>mortuis</span> <span class='ocrx_word' id='word_1_398' title='bbox 2024 3969 2112 4006; x_wconf 91' lang='lat' dir='ltr'>re-</span> 
     </span>
    </p>
   </div>
   <div class='ocr_carea' id='block_1_57' title="bbox 489 4045 2116 4120">
    <p class='ocr_par' dir='ltr' id='par_1_57' title="bbox 489 4045 2116 4120">
     <span class='ocr_line' id='line_1_57' title="bbox 489 4045 2116 4120; baseline -0.003 -16"><span class='ocrx_word' id='word_1_399' title='bbox 489 4051 671 4120; x_wconf 85' lang='lat' dir='ltr'>gibus,</span> <span class='ocrx_word' id='word_1_400' title='bbox 694 4049 749 4102; x_wconf 91' lang='lat' dir='ltr'>in</span> <span class='ocrx_word' id='word_1_401' title='bbox 776 4053 1122 4119; x_wconf 90' lang='lat' dir='ltr'>perpetuum</span> <span class='ocrx_word' id='word_1_402' title='bbox 1144 4052 1424 4118; x_wconf 86' lang='lat' dir='ltr'>martyres</span> <span class='ocrx_word' id='word_1_403' title='bbox 1452 4063 1699 4117; x_wconf 88' lang='lat' dir='ltr'>regnum</span> <span class='ocrx_word' id='word_1_404' title='bbox 1726 4045 1965 4102; x_wconf 66' lang='lat' dir='ltr'>caelestis</span> <span class='ocrx_word' id='word_1_405' title='bbox 1993 4062 2116 4117; x_wconf 87' lang='lat' dir='ltr'>gra-</span> 
     </span>
    </p>
   </div>
   <div class='ocr_carea' id='block_1_58' title="bbox 486 4139 2114 4211">
    <p class='ocr_par' dir='ltr' id='par_1_58' title="bbox 486 4139 2114 4211">
     <span class='ocr_line' id='line_1_58' title="bbox 486 4139 2114 4211; baseline -0.002 -15"><span class='ocrx_word' id='word_1_406' title='bbox 486 4144 581 4196; x_wconf 60' lang='lat' dir='ltr'>tias</span> <span class='ocrx_word' id='word_1_407' title='bbox 628 4143 841 4197; x_wconf 87' lang='lat' dir='ltr'>honore</span> <span class='ocrx_word' id='word_1_408' title='bbox 889 4141 1227 4205; x_wconf 87' lang='lat' dir='ltr'>succedunt;</span> <span class='ocrx_word' id='word_1_409' title='bbox 1275 4144 1331 4196; x_wconf 92' lang='lat' dir='ltr'>et</span> <span class='ocrx_word' id='word_1_410' title='bbox 1379 4140 1460 4194; x_wconf 89' lang='lat' dir='ltr'>illi</span> <span class='ocrx_word' id='word_1_411' title='bbox 1509 4140 1654 4195; x_wconf 88' lang='lat' dir='ltr'>tiunt</span> <span class='ocrx_word' id='word_1_412' title='bbox 1704 4140 2003 4211; x_wconf 88' lang='lat' dir='ltr'>supplices,</span> <span class='ocrx_word' id='word_1_413' title='bbox 2057 4139 2114 4193; x_wconf 90' lang='lat' dir='ltr'>hi</span> 
     </span>
    </p>
   </div>
   <div class='ocr_carea' id='block_1_59' title="bbox 489 4235 732 4306">
    <p class='ocr_par' dir='ltr' id='par_1_59' title="bbox 489 4235 732 4306">
     <span class='ocr_line' id='line_1_59' title="bbox 489 4235 732 4306; baseline 0.004 -17"><span class='ocrx_word' id='word_1_414' title='bbox 489 4235 732 4306; x_wconf 88' lang='lat' dir='ltr'>patroni.</span> 
     </span>
    </p>
   </div>
   <div class='ocr_carea' id='block_1_60' title="bbox 527 4327 2113 4400">
    <p class='ocr_par' dir='ltr' id='par_1_60' title="bbox 527 4327 2113 4400">
     <span class='ocr_line' id='line_1_60' title="bbox 527 4327 2113 4400; baseline -0.001 -16"><span class='ocrx_word' id='word_1_415' title='bbox 527 4333 645 4385; x_wconf 57' lang='lat'>.13.</span> <span class='ocrx_word' id='word_1_416' title='bbox 695 4330 788 4384; x_wconf 86' lang='lat' dir='ltr'>Est</span> <span class='ocrx_word' id='word_1_417' title='bbox 833 4332 889 4384; x_wconf 92' lang='lat' dir='ltr'>et</span> <span class='ocrx_word' id='word_1_418' title='bbox 932 4328 1072 4382; x_wconf 89' lang='lat' dir='ltr'>alius</span> <span class='ocrx_word' id='word_1_419' title='bbox 1117 4328 1292 4384; x_wconf 52' lang='lat' dir='ltr'>Goliae</span> <span class='ocrx_word' id='word_1_420' title='bbox 1344 4327 1564 4400; x_wconf 88' lang='lat' dir='ltr'>gladius</span> <span class='ocrx_word' id='word_1_421' title='bbox 1606 4331 1644 4396; x_wconf 94' lang='lat' dir='ltr'>(I</span> <span class='ocrx_word' id='word_1_422' title='bbox 1692 4332 1842 4397; x_wconf 85' lang='lat' dir='ltr'>Reg.,</span> <span class='ocrx_word' id='word_1_423' title='bbox 1891 4346 1997 4399; x_wconf 70' lang='grc' dir='ltr'>χχι,</span> <span class='ocrx_word' id='word_1_424' title='bbox 2040 4333 2113 4399; x_wconf 88' lang='grc'>9),</span> 
     </span>
    </p>
   </div>
   <div class='ocr_carea' id='block_1_61' title="bbox 488 4422 2114 4490">
    <p class='ocr_par' dir='ltr' id='par_1_61' title="bbox 488 4422 2114 4490">
     <span class='ocr_line' id='line_1_61' title="bbox 488 4422 2114 4490; baseline -0.002 -11"><span class='ocrx_word' id='word_1_425' title='bbox 488 4424 636 4478; x_wconf 80' lang='lat' dir='ltr'>aliud</span> <span class='ocrx_word' id='word_1_426' title='bbox 685 4423 895 4477; x_wconf 90' lang='lat' dir='ltr'>diaboli</span> <span class='ocrx_word' id='word_1_427' title='bbox 945 4422 1148 4489; x_wconf 90' lang='lat' dir='ltr'>telum,</span> <span class='ocrx_word' id='word_1_428' title='bbox 1202 4438 1388 4477; x_wconf 90' lang='lat' dir='ltr'>sermo</span> <span class='ocrx_word' id='word_1_429' title='bbox 1435 4422 1644 4477; x_wconf 90' lang='lat' dir='ltr'>scilicet</span> <span class='ocrx_word' id='word_1_430' title='bbox 1689 4423 2114 4490; x_wconf 84' lang='lat' dir='ltr'>haereticorum,</span> 
     </span>
    </p>
   </div>
   <div class='ocr_carea' id='block_1_62' title="bbox 2139 3153 2192 3226">
    <p class='ocr_par' dir='ltr' id='par_1_62' title="bbox 2139 3153 2192 3226">
     <span class='ocr_line' id='line_1_62' title="bbox 2139 3153 2192 3226; baseline 0 0"><span class='ocrx_word' id='word_1_431' title='bbox 2139 3153 2192 3226; x_wconf 89' lang='lat' dir='ltr'>C</span> 
     </span>
    </p>
   </div>
   <div class='ocr_carea' id='block_1_63' title="bbox 2219 1888 3804 1963">
    <p class='ocr_par' dir='ltr' id='par_1_63' title="bbox 2219 1888 3804 1963">
     <span class='ocr_line' id='line_1_63' title="bbox 2219 1888 3804 1963; baseline -0.006 -15"><span class='ocrx_word' id='word_1_432' title='bbox 2219 1911 2317 1948; x_wconf 89' lang='lat' dir='ltr'>nes</span> <span class='ocrx_word' id='word_1_433' title='bbox 2373 1895 2609 1948; x_wconf 89' lang='lat' dir='ltr'>virtutes</span> <span class='ocrx_word' id='word_1_434' title='bbox 2664 1892 2992 1963; x_wconf 84' lang='lat' dir='ltr'>exsequitur</span> <span class='ocrx_word' id='word_1_435' title='bbox 3044 1891 3177 1962; x_wconf 89' lang='lat'>(38),</span> <span class='ocrx_word' id='word_1_436' title='bbox 3232 1888 3497 1961; x_wconf 88' lang='lat' dir='ltr'>psallenti</span> <span class='ocrx_word' id='word_1_437' title='bbox 3546 1892 3720 1942; x_wconf 89' lang='lat' dir='ltr'>mente</span> <span class='ocrx_word' id='word_1_438' title='bbox 3761 1891 3804 1940; x_wconf 87' lang='lat' dir='ltr'>et</span> 
     </span>
    </p>
   </div>
   <div class='ocr_carea' id='block_1_64' title="bbox 2217 1979 3805 2058">
    <p class='ocr_par' dir='ltr' id='par_1_64' title="bbox 2217 1979 3805 2058">
     <span class='ocr_line' id='line_1_64' title="bbox 2217 1979 3805 2058; baseline -0.006 -17"><span class='ocrx_word' id='word_1_439' title='bbox 2217 1987 2441 2058; x_wconf 89' lang='lat' dir='ltr'>spiritu,</span> <span class='ocrx_word' id='word_1_440' title='bbox 2472 1986 2837 2041; x_wconf 89' lang='lat' dir='ltr'>novissimam</span> <span class='ocrx_word' id='word_1_441' title='bbox 2871 1985 3170 2040; x_wconf 90' lang='lat' dir='ltr'>destruens</span> <span class='ocrx_word' id='word_1_442' title='bbox 3201 1987 3484 2050; x_wconf 86' lang='lat' dir='ltr'>mortem;</span> <span class='ocrx_word' id='word_1_443' title='bbox 3525 1987 3652 2035; x_wconf 89' lang='lat' dir='ltr'>tunc</span> <span class='ocrx_word' id='word_1_444' title='bbox 3677 1979 3805 2034; x_wconf 88' lang='lat' dir='ltr'>enim</span> 
     </span>
    </p>
   </div>
   <div class='ocr_carea' id='block_1_65' title="bbox 2218 2075 3804 2149">
    <p class='ocr_par' dir='ltr' id='par_1_65' title="bbox 2218 2075 3804 2149">
     <span class='ocr_line' id='line_1_65' title="bbox 2218 2075 3804 2149; baseline -0.005 -14"><span class='ocrx_word' id='word_1_445' title='bbox 2218 2081 2366 2149; x_wconf 85' lang='lat' dir='ltr'>finis,</span> <span class='ocrx_word' id='word_1_446' title='bbox 2396 2097 2524 2135; x_wconf 90' lang='lat' dir='ltr'>cum</span> <span class='ocrx_word' id='word_1_447' title='bbox 2565 2079 2863 2135; x_wconf 88' lang='lat' dir='ltr'>tradiderit</span> <span class='ocrx_word' id='word_1_448' title='bbox 2896 2079 2952 2133; x_wconf 93' lang='lat' dir='ltr'>in</span> <span class='ocrx_word' id='word_1_449' title='bbox 2987 2095 3053 2149; x_wconf 85' lang='lat' dir='ltr'>eo</span> <span class='ocrx_word' id='word_1_450' title='bbox 3089 2077 3343 2132; x_wconf 90' lang='lat' dir='ltr'>Christus</span> <span class='ocrx_word' id='word_1_451' title='bbox 3375 2089 3609 2147; x_wconf 90' lang='lat' dir='ltr'>regnum</span> <span class='ocrx_word' id='word_1_452' title='bbox 3638 2075 3736 2129; x_wconf 91' lang='lat' dir='ltr'>Deo</span> <span class='ocrx_word' id='word_1_453' title='bbox 3763 2077 3804 2127; x_wconf 85' lang='lat' dir='ltr'>et</span> 
     </span>
    </p>
   </div>
   <div class='ocr_carea' id='block_1_66' title="bbox 2217 2166 3806 2245">
    <p class='ocr_par' dir='ltr' id='par_1_66' title="bbox 2217 2166 3806 2245">
     <span class='ocr_line' id='line_1_66' title="bbox 2217 2166 3806 2245; baseline -0.007 -15"><span class='ocrx_word' id='word_1_454' title='bbox 2217 2175 2386 2245; x_wconf 89' lang='lat' dir='ltr'>Patri,</span> <span class='ocrx_word' id='word_1_455' title='bbox 2427 2175 2713 2244; x_wconf 90' lang='lat' dir='ltr'>fueritque</span> <span class='ocrx_word' id='word_1_456' title='bbox 2751 2173 2851 2229; x_wconf 88' lang='lat' dir='ltr'>iste</span> <span class='ocrx_word' id='word_1_457' title='bbox 2897 2172 3184 2243; x_wconf 89' lang='lat' dir='ltr'>subjectus</span> <span class='ocrx_word' id='word_1_458' title='bbox 3228 2171 3278 2225; x_wconf 94' lang='lat' dir='ltr'>ei</span> <span class='ocrx_word' id='word_1_459' title='bbox 3321 2171 3419 2241; x_wconf 88' lang='lat' dir='ltr'>qui</span> <span class='ocrx_word' id='word_1_460' title='bbox 3459 2169 3560 2223; x_wconf 89' lang='lat' dir='ltr'>sibi</span> <span class='ocrx_word' id='word_1_461' title='bbox 3603 2166 3806 2237; x_wconf 84' lang='lat' dir='ltr'>subjecit</span> 
     </span>
    </p>
   </div>
   <div class='ocr_carea' id='block_1_67' title="bbox 2218 2264 3806 2338">
    <p class='ocr_par' dir='ltr' id='par_1_67' title="bbox 2218 2264 3806 2338">
     <span class='ocr_line' id='line_1_67' title="bbox 2218 2264 3806 2338; baseline -0.007 -15"><span class='ocrx_word' id='word_1_462' title='bbox 2218 2269 2434 2338; x_wconf 90' lang='lat' dir='ltr'>omnia,</span> <span class='ocrx_word' id='word_1_463' title='bbox 2478 2274 2541 2322; x_wconf 89' lang='lat' dir='ltr'>ut</span> <span class='ocrx_word' id='word_1_464' title='bbox 2571 2267 2641 2322; x_wconf 91' lang='lat' dir='ltr'>sit</span> <span class='ocrx_word' id='word_1_465' title='bbox 2684 2269 2828 2322; x_wconf 90' lang='lat' dir='ltr'>Deus</span> <span class='ocrx_word' id='word_1_466' title='bbox 2864 2266 3057 2321; x_wconf 89' lang='lat' dir='ltr'>omnia</span> <span class='ocrx_word' id='word_1_467' title='bbox 3091 2267 3148 2320; x_wconf 92' lang='lat' dir='ltr'>in</span> <span class='ocrx_word' id='word_1_468' title='bbox 3189 2264 3453 2320; x_wconf 87' lang='lat' dir='ltr'>omnibus</span> <span class='ocrx_word' id='word_1_469' title='bbox 3493 2265 3534 2334; x_wconf 86' lang='grc' dir='ltr'>(Ι</span> <span class='ocrx_word' id='word_1_470' title='bbox 3575 2265 3704 2322; x_wconf 68' lang='grc' dir='ltr'>ϐοτη</span> <span class='ocrx_word' id='word_1_471' title='bbox 3733 2275 3806 2324; x_wconf 84' lang='lat' dir='ltr'>xv,</span> 
     </span>
    </p>
   </div>
   <div class='ocr_carea' id='block_1_68' title="bbox 2214 2353 3806 2433">
    <p class='ocr_par' dir='ltr' id='par_1_68' title="bbox 2214 2353 3806 2433">
     <span class='ocr_line' id='line_1_68' title="bbox 2214 2353 3806 2433; baseline -0.007 -16"><span class='ocrx_word' id='word_1_472' title='bbox 2214 2364 2416 2431; x_wconf 67' lang='lat'>24-28).</span> <span class='ocrx_word' id='word_1_473' title='bbox 2447 2363 2512 2416; x_wconf 90' lang='lat' dir='ltr'>Et</span> <span class='ocrx_word' id='word_1_474' title='bbox 2549 2361 2956 2433; x_wconf 67' lang='lat' dir='ltr'>praedicabitur</span> <span class='ocrx_word' id='word_1_475' title='bbox 2991 2359 3365 2431; x_wconf 88' lang='lat' dir='ltr'>Evangelium</span> <span class='ocrx_word' id='word_1_476' title='bbox 3411 2373 3511 2428; x_wconf 92' lang='lat' dir='ltr'>per</span> <span class='ocrx_word' id='word_1_477' title='bbox 3537 2371 3719 2410; x_wconf 91' lang='lat' dir='ltr'>omnes</span> <span class='ocrx_word' id='word_1_478' title='bbox 3744 2353 3806 2407; x_wconf 92' lang='lat' dir='ltr'>ci-</span> 
     </span>
    </p>
   </div>
   <div class='ocr_carea' id='block_1_69' title="bbox 2217 2449 3810 2524">
    <p class='ocr_par' dir='ltr' id='par_1_69' title="bbox 2217 2449 3810 2524">
     <span class='ocr_line' id='line_1_69' title="bbox 2217 2449 3810 2524; baseline -0.006 -16"><span class='ocrx_word' id='word_1_479' title='bbox 2217 2457 2432 2524; x_wconf 88' lang='lat' dir='ltr'>vitates,</span> <span class='ocrx_word' id='word_1_480' title='bbox 2483 2455 2539 2509; x_wconf 92' lang='lat' dir='ltr'>id</span> <span class='ocrx_word' id='word_1_481' title='bbox 2581 2461 2684 2522; x_wconf 92' lang='lat' dir='ltr'>est,</span> <span class='ocrx_word' id='word_1_482' title='bbox 2725 2455 2981 2509; x_wconf 90' lang='lat' dir='ltr'>civitates</span> <span class='ocrx_word' id='word_1_483' title='bbox 3003 2455 3213 2509; x_wconf 65' lang='lat' dir='ltr'>Iudaeas</span> <span class='ocrx_word' id='word_1_484' title='bbox 3244 2470 3256 2507; x_wconf 93' lang='lat'>:</span> <span class='ocrx_word' id='word_1_485' title='bbox 3289 2474 3316 2502; x_wconf 88' lang='grc'>‹‹</span> <span class='ocrx_word' id='word_1_486' title='bbox 3350 2454 3523 2509; x_wconf 76' lang='lat' dir='ltr'>Notus</span> <span class='ocrx_word' id='word_1_487' title='bbox 3549 2449 3732 2522; x_wconf 84' lang='lat' dir='ltr'>(enim)</span> <span class='ocrx_word' id='word_1_488' title='bbox 3765 2450 3810 2500; x_wconf 78' lang='lat' dir='ltr'>in</span> 
     </span>
    </p>
   </div>
   <div class='ocr_carea' id='block_1_70' title="bbox 2214 2542 3814 2619">
    <p class='ocr_par' dir='ltr' id='par_1_70' title="bbox 2214 2542 3814 2619">
     <span class='ocr_line' id='line_1_70' title="bbox 2214 2542 3814 2619; baseline -0.008 -15"><span class='ocrx_word' id='word_1_489' title='bbox 2214 2551 2404 2604; x_wconf 73' lang='lat' dir='ltr'>Judaea</span> <span class='ocrx_word' id='word_1_490' title='bbox 2450 2553 2586 2605; x_wconf 83' lang='lat' dir='ltr'>Deus</span> <span class='ocrx_word' id='word_1_491' title='bbox 2626 2551 2792 2619; x_wconf 87' lang='lat' dir='ltr'>(Psal.</span> <span class='ocrx_word' id='word_1_492' title='bbox 2838 2565 2992 2616; x_wconf 82' lang='lat' dir='ltr'>Lxxv,</span> <span class='ocrx_word' id='word_1_493' title='bbox 3036 2549 3106 2617; x_wconf 91' lang='lat'>1).</span> <span class='ocrx_word' id='word_1_494' title='bbox 3151 2570 3175 2597; x_wconf 72' lang='lat' dir='ltr'><em>n</em></span> <span class='ocrx_word' id='word_1_495' title='bbox 3211 2548 3373 2601; x_wconf 90' lang='lat' dir='ltr'>Tunc</span> <span class='ocrx_word' id='word_1_496' title='bbox 3417 2545 3568 2600; x_wconf 90' lang='lat' dir='ltr'>enim</span> <span class='ocrx_word' id='word_1_497' title='bbox 3597 2542 3814 2597; x_wconf 86' lang='lat' dir='ltr'>civitates</span> 
     </span>
    </p>
   </div>
   <div class='ocr_carea' id='block_1_71' title="bbox 2219 2637 3816 2714">
    <p class='ocr_par' dir='ltr' id='par_1_71' title="bbox 2219 2637 3816 2714">
     <span class='ocr_line' id='line_1_71' title="bbox 2219 2637 3816 2714; baseline -0.007 -16"><span class='ocrx_word' id='word_1_498' title='bbox 2219 2643 2570 2698; x_wconf 77' lang='lat' dir='ltr'>aedificantur</span> <span class='ocrx_word' id='word_1_499' title='bbox 2600 2642 2831 2710; x_wconf 67' lang='lat' dir='ltr'>Iudaeae,</span> <span class='ocrx_word' id='word_1_500' title='bbox 2877 2642 3106 2714; x_wconf 91' lang='lat' dir='ltr'>quando</span> <span class='ocrx_word' id='word_1_501' title='bbox 3152 2641 3429 2696; x_wconf 90' lang='lat' dir='ltr'>virtutum</span> <span class='ocrx_word' id='word_1_502' title='bbox 3480 2637 3816 2693; x_wconf 84' lang='lat' dir='ltr'>fundamenta</span> 
     </span>
    </p>
   </div>
   <div class='ocr_carea' id='block_1_72' title="bbox 2217 2741 3813 2809">
    <p class='ocr_par' dir='ltr' id='par_1_72' title="bbox 2217 2741 3813 2809">
     <span class='ocr_line' id='line_1_72' title="bbox 2217 2741 3813 2809; baseline -0.002 -17"><span class='ocrx_word' id='word_1_503' title='bbox 2217 2741 2530 2809; x_wconf 90' lang='lat' dir='ltr'>ponuntur.</span> <span class='ocrx_word' id='word_1_504' title='bbox 3812 2786 3813 2789; x_wconf 44' lang='grc' dir='ltr'><strong>η</strong></span> 
     </span>
    </p>
   </div>
   <div class='ocr_carea' id='block_1_73' title="bbox 2290 2827 3818 2902">
    <p class='ocr_par' dir='ltr' id='par_1_73' title="bbox 2290 2827 3818 2902">
     <span class='ocr_line' id='line_1_73' title="bbox 2290 2827 3818 2902; baseline -0.009 -15"><span class='ocrx_word' id='word_1_505' title='bbox 2290 2833 2462 2902; x_wconf 88' lang='lat' dir='ltr'>(Vers.</span> <span class='ocrx_word' id='word_1_506' title='bbox 2502 2834 2611 2902; x_wconf 79' lang='lat'><strong>20.)</strong></span> <span class='ocrx_word' id='word_1_507' title='bbox 2659 2832 2792 2886; x_wconf 82' lang='lat' dir='ltr'>Cum</span> <span class='ocrx_word' id='word_1_508' title='bbox 2832 2833 3078 2886; x_wconf 75' lang='lat' dir='ltr'>videritis</span> <span class='ocrx_word' id='word_1_509' title='bbox 3123 2830 3461 2886; x_wconf 74' lang='lat' dir='ltr'>circumdari</span> <span class='ocrx_word' id='word_1_510' title='bbox 3504 2829 3570 2881; x_wconf 83' lang='lat' dir='ltr'>ub</span> <span class='ocrx_word' id='word_1_511' title='bbox 3613 2827 3818 2880; x_wconf 61' lang='lat' dir='ltr'>exercitu</span> 
     </span>
    </p>
   </div>
   <div class='ocr_carea' id='block_1_74' title="bbox 2215 2927 2528 2981">
    <p class='ocr_par' dir='ltr' id='par_1_74' title="bbox 2215 2927 2528 2981">
     <span class='ocr_line' id='line_1_74' title="bbox 2215 2927 2528 2981; baseline -0.003 0"><span class='ocrx_word' id='word_1_512' title='bbox 2215 2927 2528 2981; x_wconf 81' lang='lat' dir='ltr'>Jerusalem.</span> 
     </span>
    </p>
   </div>
   <div class='ocr_carea' id='block_1_75' title="bbox 2292 3016 3821 3080">
    <p class='ocr_par' dir='ltr' id='par_1_75' title="bbox 2292 3016 3821 3080">
     <span class='ocr_line' id='line_1_75' title="bbox 2292 3016 3821 3080; baseline -0.007 -6"><span class='ocrx_word' id='word_1_513' title='bbox 2292 3023 2374 3074; x_wconf 76' lang='lat'>15.</span> <span class='ocrx_word' id='word_1_514' title='bbox 2422 3021 2562 3074; x_wconf 90' lang='lat' dir='ltr'>Vere</span> <span class='ocrx_word' id='word_1_515' title='bbox 2611 3018 2926 3074; x_wconf 84' lang='lat' dir='ltr'>Jerusalem</span> <span class='ocrx_word' id='word_1_516' title='bbox 2973 3018 3044 3073; x_wconf 90' lang='lat' dir='ltr'>ab</span> <span class='ocrx_word' id='word_1_517' title='bbox 3087 3018 3339 3072; x_wconf 87' lang='lat' dir='ltr'>exercitu</span> <span class='ocrx_word' id='word_1_518' title='bbox 3385 3016 3604 3071; x_wconf 86' lang='lat' dir='ltr'>obsessa</span> <span class='ocrx_word' id='word_1_519' title='bbox 3644 3019 3736 3080; x_wconf 83' lang='lat' dir='ltr'>est,</span> <span class='ocrx_word' id='word_1_520' title='bbox 3775 3017 3821 3063; x_wconf 86' lang='lat' dir='ltr'>et</span> 
     </span>
    </p>
   </div>
   <div class='ocr_carea' id='block_1_76' title="bbox 2224 3107 3821 3185">
    <p class='ocr_par' dir='ltr' id='par_1_76' title="bbox 2224 3107 3821 3185">
     <span class='ocr_line' id='line_1_76' title="bbox 2224 3107 3821 3185; baseline -0.008 -17"><span class='ocrx_word' id='word_1_521' title='bbox 2224 3117 2555 3185; x_wconf 86' lang='lat' dir='ltr'>expugnata</span> <span class='ocrx_word' id='word_1_522' title='bbox 2579 3130 2614 3167; x_wconf 89' lang='lat' dir='ltr'>a</span> <span class='ocrx_word' id='word_1_523' title='bbox 2638 3115 2894 3168; x_wconf 82' lang='lat' dir='ltr'>Romano</span> <span class='ocrx_word' id='word_1_524' title='bbox 2921 3112 3084 3167; x_wconf 90' lang='lat' dir='ltr'>duce.</span> <span class='ocrx_word' id='word_1_525' title='bbox 3118 3111 3276 3166; x_wconf 88' lang='lat' dir='ltr'>Unde</span> <span class='ocrx_word' id='word_1_526' title='bbox 3302 3110 3483 3166; x_wconf 77' lang='lat' dir='ltr'>Judaei</span> <span class='ocrx_word' id='word_1_527' title='bbox 3510 3107 3821 3180; x_wconf 86' lang='lat' dir='ltr'>putaverunt</span> 
     </span>
    </p>
   </div>
   <div class='ocr_carea' id='block_1_77' title="bbox 2218 3195 3822 3272">
    <p class='ocr_par' dir='ltr' id='par_1_77' title="bbox 2218 3195 3822 3272">
     <span class='ocr_line' id='line_1_77' title="bbox 2218 3195 3822 3272; baseline -0.008 -10"><span class='ocrx_word' id='word_1_528' title='bbox 2218 3214 2353 3262; x_wconf 89' lang='lat' dir='ltr'>tunc</span> <span class='ocrx_word' id='word_1_529' title='bbox 2382 3208 2594 3262; x_wconf 86' lang='lat' dir='ltr'>factam</span> <span class='ocrx_word' id='word_1_530' title='bbox 2632 3206 3116 3261; x_wconf 89' lang='lat' dir='ltr'>abominationem</span> <span class='ocrx_word' id='word_1_531' title='bbox 3164 3203 3561 3272; x_wconf 87' lang='lat' dir='ltr'>desolationis,</span> <span class='ocrx_word' id='word_1_532' title='bbox 3601 3217 3667 3256; x_wconf 89' lang='lat' dir='ltr'>eo</span> <span class='ocrx_word' id='word_1_533' title='bbox 3693 3195 3822 3270; x_wconf 90' lang='lat' dir='ltr'>quod</span> 
     </span>
    </p>
   </div>
   <div class='ocr_carea' id='block_1_78' title="bbox 2219 3289 3820 3373">
    <p class='ocr_par' dir='ltr' id='par_1_78' title="bbox 2219 3289 3820 3373">
     <span class='ocr_line' id='line_1_78' title="bbox 2219 3289 3820 3373; baseline -0.009 -17"><span class='ocrx_word' id='word_1_534' title='bbox 2219 3307 2390 3373; x_wconf 86' lang='lat' dir='ltr'>caput</span> <span class='ocrx_word' id='word_1_535' title='bbox 2418 3300 2575 3372; x_wconf 91' lang='lat' dir='ltr'>porci</span> <span class='ocrx_word' id='word_1_536' title='bbox 2602 3302 2663 3355; x_wconf 88' lang='lat' dir='ltr'>in</span> <span class='ocrx_word' id='word_1_537' title='bbox 2696 3299 2972 3370; x_wconf 90' lang='lat' dir='ltr'>templum</span> <span class='ocrx_word' id='word_1_538' title='bbox 2995 3298 3248 3370; x_wconf 88' lang='lat' dir='ltr'>jecerint</span> <span class='ocrx_word' id='word_1_539' title='bbox 3278 3297 3586 3352; x_wconf 89' lang='lat' dir='ltr'>illudentes</span> <span class='ocrx_word' id='word_1_540' title='bbox 3610 3289 3820 3348; x_wconf 81' lang='lat' dir='ltr'>Romani</span> 
     </span>
    </p>
   </div>
   <div class='ocr_carea' id='block_1_79' title="bbox 2216 3387 3824 3461">
    <p class='ocr_par' dir='ltr' id='par_1_79' title="bbox 2216 3387 3824 3461">
     <span class='ocr_line' id='line_1_79' title="bbox 2216 3387 3824 3461; baseline -0.009 -11"><span class='ocrx_word' id='word_1_541' title='bbox 2216 3394 2459 3450; x_wconf 73' lang='lat' dir='ltr'>Iudaicae</span> <span class='ocrx_word' id='word_1_542' title='bbox 2491 3395 2708 3449; x_wconf 91' lang='lat' dir='ltr'>rituum</span> <span class='ocrx_word' id='word_1_543' title='bbox 2750 3392 3145 3448; x_wconf 70' lang='lat' dir='ltr'>observantiae.</span> <span class='ocrx_word' id='word_1_544' title='bbox 3183 3391 3346 3455; x_wconf 87' lang='lat' dir='ltr'>Quod</span> <span class='ocrx_word' id='word_1_545' title='bbox 3382 3405 3491 3461; x_wconf 90' lang='lat' dir='ltr'>ego</span> <span class='ocrx_word' id='word_1_546' title='bbox 3519 3405 3618 3443; x_wconf 92' lang='lat' dir='ltr'>nec</span> <span class='ocrx_word' id='word_1_547' title='bbox 3653 3387 3824 3441; x_wconf 87' lang='lat' dir='ltr'>furens</span> 
     </span>
    </p>
   </div>
   <div class='ocr_carea' id='block_1_80' title="bbox 2221 3476 3824 3552">
    <p class='ocr_par' dir='ltr' id='par_1_80' title="bbox 2221 3476 3824 3552">
     <span class='ocr_line' id='line_1_80' title="bbox 2221 3476 3824 3552; baseline -0.009 -9"><span class='ocrx_word' id='word_1_548' title='bbox 2221 3487 2479 3544; x_wconf 91' lang='lat' dir='ltr'>dixerim.</span> <span class='ocrx_word' id='word_1_549' title='bbox 2510 3487 2869 3542; x_wconf 87' lang='lat' dir='ltr'>Abominatio</span> <span class='ocrx_word' id='word_1_550' title='bbox 2896 3486 3047 3540; x_wconf 92' lang='lat' dir='ltr'>enim</span> <span class='ocrx_word' id='word_1_551' title='bbox 3077 3484 3470 3552; x_wconf 90' lang='lat' dir='ltr'>desolationis,</span> <span class='ocrx_word' id='word_1_552' title='bbox 3500 3476 3824 3537; x_wconf 85' lang='lat' dir='ltr'>exsecrabilis</span> 
     </span>
    </p>
   </div>
   <div class='ocr_carea' id='block_1_81' title="bbox 2217 3573 3825 3650">
    <p class='ocr_par' dir='ltr' id='par_1_81' title="bbox 2217 3573 3825 3650">
     <span class='ocr_line' id='line_1_81' title="bbox 2217 3573 3825 3650; baseline -0.008 -13"><span class='ocrx_word' id='word_1_553' title='bbox 2217 3581 2490 3637; x_wconf 88' lang='lat' dir='ltr'>adventus</span> <span class='ocrx_word' id='word_1_554' title='bbox 2521 3581 2846 3638; x_wconf 84' lang='lat' dir='ltr'>Antichristi</span> <span class='ocrx_word' id='word_1_555' title='bbox 2885 3584 3000 3646; x_wconf 91' lang='lat' dir='ltr'>est;</span> <span class='ocrx_word' id='word_1_556' title='bbox 3042 3596 3109 3634; x_wconf 91' lang='lat' dir='ltr'>eo</span> <span class='ocrx_word' id='word_1_557' title='bbox 3140 3579 3292 3650; x_wconf 89' lang='lat' dir='ltr'>quod</span> <span class='ocrx_word' id='word_1_558' title='bbox 3324 3578 3615 3649; x_wconf 87' lang='lat' dir='ltr'>sacrilegis</span> <span class='ocrx_word' id='word_1_559' title='bbox 3643 3573 3825 3628; x_wconf 81' lang='lat' dir='ltr'>infaus-</span> 
     </span>
    </p>
   </div>
   <div class='ocr_carea' id='block_1_82' title="bbox 2218 3666 3825 3746">
    <p class='ocr_par' dir='ltr' id='par_1_82' title="bbox 2218 3666 3825 3746">
     <span class='ocr_line' id='line_1_82' title="bbox 2218 3666 3825 3746; baseline -0.007 -16"><span class='ocrx_word' id='word_1_560' title='bbox 2218 3676 2288 3730; x_wconf 90' lang='lat' dir='ltr'>tis</span> <span class='ocrx_word' id='word_1_561' title='bbox 2318 3676 2600 3730; x_wconf 89' lang='lat' dir='ltr'>mentium</span> <span class='ocrx_word' id='word_1_562' title='bbox 2630 3675 2905 3730; x_wconf 91' lang='lat' dir='ltr'>interiora</span> <span class='ocrx_word' id='word_1_563' title='bbox 2935 3671 3192 3746; x_wconf 79' lang='grc'>1508</span> <span class='ocrx_word' id='word_1_564' title='bbox 3225 3672 3621 3740; x_wconf 82' lang='lat' dir='ltr'>contaminet;</span> <span class='ocrx_word' id='word_1_565' title='bbox 3649 3666 3825 3722; x_wconf 87' lang='lat' dir='ltr'>sedens</span> 
     </span>
    </p>
   </div>
   <div class='ocr_carea' id='block_1_83' title="bbox 2211 3760 3826 3840">
    <p class='ocr_par' dir='ltr' id='par_1_83' title="bbox 2211 3760 3826 3840">
     <span class='ocr_line' id='line_1_83' title="bbox 2211 3760 3826 3840; baseline -0.009 -16"><span class='ocrx_word' id='word_1_566' title='bbox 2211 3770 2373 3840; x_wconf 84' lang='lat' dir='ltr'>juxta</span> <span class='ocrx_word' id='word_1_567' title='bbox 2414 3769 2707 3824; x_wconf 89' lang='lat' dir='ltr'>historiam</span> <span class='ocrx_word' id='word_1_568' title='bbox 2747 3769 2806 3823; x_wconf 90' lang='lat' dir='ltr'>in</span> <span class='ocrx_word' id='word_1_569' title='bbox 2844 3768 3081 3839; x_wconf 90' lang='lat' dir='ltr'>templo,</span> <span class='ocrx_word' id='word_1_570' title='bbox 3114 3771 3179 3821; x_wconf 91' lang='lat' dir='ltr'>ut</span> <span class='ocrx_word' id='word_1_571' title='bbox 3219 3767 3328 3822; x_wconf 86' lang='lat' dir='ltr'>sibi</span> <span class='ocrx_word' id='word_1_572' title='bbox 3371 3767 3579 3820; x_wconf 69' lang='lat' dir='ltr'>divinis</span> <span class='ocrx_word' id='word_1_573' title='bbox 3616 3760 3826 3818; x_wconf 84' lang='lat' dir='ltr'>vindicet</span> 
     </span>
    </p>
   </div>
   <div class='ocr_carea' id='block_1_84' title="bbox 2218 3858 3826 3933">
    <p class='ocr_par' dir='ltr' id='par_1_84' title="bbox 2218 3858 3826 3933">
     <span class='ocr_line' id='line_1_84' title="bbox 2218 3858 3826 3933; baseline -0.007 -16"><span class='ocrx_word' id='word_1_574' title='bbox 2218 3863 2421 3918; x_wconf 87' lang='lat' dir='ltr'>solium</span> <span class='ocrx_word' id='word_1_575' title='bbox 2478 3862 2792 3933; x_wconf 88' lang='lat' dir='ltr'>potestatis.</span> <span class='ocrx_word' id='word_1_576' title='bbox 2848 3862 3012 3916; x_wconf 82' lang='lat' dir='ltr'>Juxta</span> <span class='ocrx_word' id='word_1_577' title='bbox 3070 3859 3616 3932; x_wconf 87' lang='lat' dir='ltr'>interpretationem</span> <span class='ocrx_word' id='word_1_578' title='bbox 3661 3858 3826 3909; x_wconf 88' lang='lat' dir='ltr'>autem</span> 
     </span>
    </p>
   </div>
   <div class='ocr_carea' id='block_1_85' title="bbox 2219 3935 3841 4029">
    <p class='ocr_par' dir='ltr' id='par_1_85' title="bbox 2219 3935 3841 4029">
     <span class='ocr_line' id='line_1_85' title="bbox 2219 3935 3841 4029; baseline -0.007 -18"><span class='ocrx_word' id='word_1_579' title='bbox 2219 3957 2535 4029; x_wconf 89' lang='lat' dir='ltr'>spiritalem</span> <span class='ocrx_word' id='word_1_580' title='bbox 2589 3956 2821 4027; x_wconf 89' lang='lat' dir='ltr'>pulchre</span> <span class='ocrx_word' id='word_1_581' title='bbox 2870 3954 3162 4009; x_wconf 89' lang='lat' dir='ltr'>inducitur</span> <span class='ocrx_word' id='word_1_582' title='bbox 3214 3957 3411 4021; x_wconf 84' lang='lat' dir='ltr'>stare,</span> <span class='ocrx_word' id='word_1_583' title='bbox 3471 3970 3539 4008; x_wconf 89' lang='lat' dir='ltr'>eo</span> <span class='ocrx_word' id='word_1_584' title='bbox 3596 3949 3736 4022; x_wconf 91' lang='lat' dir='ltr'>quod</span> <span class='ocrx_word' id='word_1_585' title='bbox 3781 3935 3841 3997; x_wconf 38' lang='lat' dir='ltr'>in.</span> 
     </span>
    </p>
   </div>
   <div class='ocr_carea' id='block_1_86' title="bbox 2217 4047 3830 4120">
    <p class='ocr_par' dir='ltr' id='par_1_86' title="bbox 2217 4047 3830 4120">
     <span class='ocr_line' id='line_1_86' title="bbox 2217 4047 3830 4120; baseline -0.008 -15"><span class='ocrx_word' id='word_1_586' title='bbox 2217 4050 2512 4106; x_wconf 75' lang='lat' dir='ltr'>affectibus</span> <span class='ocrx_word' id='word_1_587' title='bbox 2551 4049 2911 4120; x_wconf 89' lang='lat' dir='ltr'>singulorum</span> <span class='ocrx_word' id='word_1_588' title='bbox 2943 4048 3244 4119; x_wconf 90' lang='lat' dir='ltr'>vestigium</span> <span class='ocrx_word' id='word_1_589' title='bbox 3275 4047 3539 4120; x_wconf 73' lang='lat' dir='ltr'>perfidiae</span> <span class='ocrx_word' id='word_1_590' title='bbox 3573 4059 3684 4099; x_wconf 64' lang='lat' dir='ltr'>suae</span> <span class='ocrx_word' id='word_1_591' title='bbox 3721 4055 3830 4094; x_wconf 91' lang='lat' dir='ltr'>con-</span> 
     </span>
    </p>
   </div>
   <div class='ocr_carea' id='block_1_87' title="bbox 2217 4141 3828 4213">
    <p class='ocr_par' dir='ltr' id='par_1_87' title="bbox 2217 4141 3828 4213">
     <span class='ocr_line' id='line_1_87' title="bbox 2217 4141 3828 4213; baseline -0.006 -14"><span class='ocrx_word' id='word_1_592' title='bbox 2217 4145 2448 4200; x_wconf 83' lang='lat' dir='ltr'>ﬁrmare</span> <span class='ocrx_word' id='word_1_593' title='bbox 2489 4143 2788 4212; x_wconf 87' lang='lat' dir='ltr'>desideret,</span> <span class='ocrx_word' id='word_1_594' title='bbox 2828 4160 2894 4197; x_wconf 91' lang='lat' dir='ltr'>ex</span> <span class='ocrx_word' id='word_1_595' title='bbox 2939 4142 3248 4213; x_wconf 90' lang='lat' dir='ltr'>Scripturis</span> <span class='ocrx_word' id='word_1_596' title='bbox 3289 4141 3592 4212; x_wconf 86' lang='lat' dir='ltr'>disputans</span> <span class='ocrx_word' id='word_1_597' title='bbox 3631 4151 3740 4191; x_wconf 84' lang='lat' dir='ltr'>esse</span> <span class='ocrx_word' id='word_1_598' title='bbox 3781 4147 3828 4184; x_wconf 75' lang='lat' dir='ltr'>se</span> 
     </span>
    </p>
   </div>
   <div class='ocr_carea' id='block_1_88' title="bbox 2216 4239 3784 4299">
    <p class='ocr_par' dir='ltr' id='par_1_88' title="bbox 2216 4239 3784 4299">
     <span class='ocr_line' id='line_1_88' title="bbox 2216 4239 3784 4299; baseline -0.011 -5"><span class='ocrx_word' id='word_1_599' title='bbox 2216 4239 2526 4294; x_wconf 88' lang='lat' dir='ltr'>Christum.</span> <span class='ocrx_word' id='word_1_600' title='bbox 3778 4293 3784 4299; x_wconf 89' lang='lat'><strong>_</strong></span> 
     </span>
    </p>
   </div>
   <div class='ocr_carea' id='block_1_89' title="bbox 2293 4326 3828 4403">
    <p class='ocr_par' dir='ltr' id='par_1_89' title="bbox 2293 4326 3828 4403">
     <span class='ocr_line' id='line_1_89' title="bbox 2293 4326 3828 4403; baseline -0.008 -15"><span class='ocrx_word' id='word_1_601' title='bbox 2293 4337 2377 4388; x_wconf 85' lang='lat'>16.</span> <span class='ocrx_word' id='word_1_602' title='bbox 2426 4334 2579 4387; x_wconf 89' lang='lat' dir='ltr'>Tunc</span> <span class='ocrx_word' id='word_1_603' title='bbox 2625 4331 3109 4403; x_wconf 88' lang='lat' dir='ltr'>appropinquabit</span> <span class='ocrx_word' id='word_1_604' title='bbox 3153 4331 3454 4396; x_wconf 89' lang='lat' dir='ltr'>desolatio,</span> <span class='ocrx_word' id='word_1_605' title='bbox 3509 4326 3765 4399; x_wconf 88' lang='lat' dir='ltr'>quoniam</span> <span class='ocrx_word' id='word_1_606' title='bbox 3803 4336 3828 4370; x_wconf 85' lang='lat' dir='ltr'>a</span> 
     </span>
    </p>
   </div>
   <div class='ocr_carea' id='block_1_90' title="bbox 2221 4419 3828 4496">
    <p class='ocr_par' dir='ltr' id='par_1_90' title="bbox 2221 4419 3828 4496">
     <span class='ocr_line' id='line_1_90' title="bbox 2221 4419 3828 4496; baseline -0.011 -14"><span class='ocrx_word' id='word_1_607' title='bbox 2221 4444 2354 4482; x_wconf 89' lang='lat' dir='ltr'>vera</span> <span class='ocrx_word' id='word_1_608' title='bbox 2411 4425 2687 4496; x_wconf 90' lang='lat' dir='ltr'>religione</span> <span class='ocrx_word' id='word_1_609' title='bbox 2754 4424 3012 4496; x_wconf 84' lang='lat' dir='ltr'>plerique</span> <span class='ocrx_word' id='word_1_610' title='bbox 3072 4424 3211 4496; x_wconf 89' lang='lat' dir='ltr'>lapsi</span> <span class='ocrx_word' id='word_1_611' title='bbox 3271 4440 3471 4480; x_wconf 91' lang='lat' dir='ltr'>errore</span> <span class='ocrx_word' id='word_1_612' title='bbox 3527 4419 3828 4477; x_wconf 84' lang='lat' dir='ltr'>desciscant.</span> 
     </span>
    </p>
   </div>
   <div class='ocr_carea' id='block_1_91' title="bbox 485 4507 3828 4598">
    <p class='ocr_par' dir='ltr' id='par_1_91' title="bbox 485 4507 3828 4598">
     <span class='ocr_line' id='line_1_91' title="bbox 485 4507 3828 4598; baseline -0.002 -26"><span class='ocrx_word' id='word_1_613' title='bbox 485 4534 654 4589; x_wconf 89' lang='lat' dir='ltr'>quem</span> <span class='ocrx_word' id='word_1_614' title='bbox 702 4517 787 4571; x_wconf 91' lang='lat' dir='ltr'>vir</span> <span class='ocrx_word' id='word_1_615' title='bbox 830 4517 1069 4588; x_wconf 90' lang='lat' dir='ltr'>psallere</span> <span class='ocrx_word' id='word_1_616' title='bbox 1114 4516 1294 4570; x_wconf 92' lang='lat' dir='ltr'>sciens</span> <span class='ocrx_word' id='word_1_617' title='bbox 1338 4516 1573 4588; x_wconf 90' lang='lat' dir='ltr'>arripit,</span> <span class='ocrx_word' id='word_1_618' title='bbox 1622 4522 1686 4571; x_wconf 91' lang='lat' dir='ltr'>ut</span> <span class='ocrx_word' id='word_1_619' title='bbox 1726 4516 2370 4598; x_wconf 82' lang='lat' dir='ltr'>adversariumDTunc</span> <span class='ocrx_word' id='word_1_620' title='bbox 2402 4520 2511 4574; x_wconf 90' lang='lat' dir='ltr'>erit</span> <span class='ocrx_word' id='word_1_621' title='bbox 2558 4518 2783 4574; x_wconf 91' lang='lat' dir='ltr'>Domini</span> <span class='ocrx_word' id='word_1_622' title='bbox 2815 4518 2953 4586; x_wconf 90' lang='lat' dir='ltr'>dies,</span> <span class='ocrx_word' id='word_1_623' title='bbox 3000 4518 3150 4590; x_wconf 91' lang='lat' dir='ltr'>quod</span> <span class='ocrx_word' id='word_1_624' title='bbox 3190 4518 3368 4572; x_wconf 90' lang='lat' dir='ltr'>etiam</span> <span class='ocrx_word' id='word_1_625' title='bbox 3411 4515 3708 4588; x_wconf 84' lang='lat' dir='ltr'>Apostolus</span> <span class='ocrx_word' id='word_1_626' title='bbox 3734 4507 3828 4562; x_wconf 52' lang='lat' dir='ltr'>eviv</span> 
     </span>
    </p>
   </div>
   <div class='ocr_carea' id='block_1_92' title="bbox 486 4599 3831 4685">
    <p class='ocr_par' dir='ltr' id='par_1_92' title="bbox 486 4599 3831 4685">
     <span class='ocr_line' id='line_1_92' title="bbox 486 4599 3831 4685; baseline -0.003 -21"><span class='ocrx_word' id='word_1_627' title='bbox 486 4612 695 4679; x_wconf 89' lang='lat' dir='ltr'>vincat,</span> <span class='ocrx_word' id='word_1_628' title='bbox 727 4609 968 4663; x_wconf 89' lang='lat' dir='ltr'>audiens</span> <span class='ocrx_word' id='word_1_629' title='bbox 996 4609 1085 4663; x_wconf 90' lang='lat' dir='ltr'>hic</span> <span class='ocrx_word' id='word_1_630' title='bbox 1115 4609 1287 4678; x_wconf 89' lang='lat' dir='ltr'>bella,</span> <span class='ocrx_word' id='word_1_631' title='bbox 1318 4626 1434 4664; x_wconf 91' lang='lat' dir='ltr'>non</span> <span class='ocrx_word' id='word_1_632' title='bbox 1467 4609 1713 4680; x_wconf 90' lang='lat' dir='ltr'>patiens,</span> <span class='ocrx_word' id='word_1_633' title='bbox 1743 4626 1846 4664; x_wconf 90' lang='lat' dir='ltr'>nec</span> <span class='ocrx_word' id='word_1_634' title='bbox 1878 4609 2114 4681; x_wconf 88' lang='lat' dir='ltr'>alicujus</span> <span class='ocrx_word' id='word_1_635' title='bbox 2221 4615 2423 4671; x_wconf 80' lang='lat' dir='ltr'>denter</span> <span class='ocrx_word' id='word_1_636' title='bbox 2457 4613 2722 4685; x_wconf 79' lang='lat' dir='ltr'>exposuit</span> <span class='ocrx_word' id='word_1_637' title='bbox 2757 4613 2968 4678; x_wconf 72' lang='lat' dir='ltr'>dicens,</span> <span class='ocrx_word' id='word_1_638' title='bbox 3009 4629 3121 4667; x_wconf 81' lang='lat' dir='ltr'>non</span> <span class='ocrx_word' id='word_1_639' title='bbox 3169 4611 3501 4667; x_wconf 67' lang='lat' dir='ltr'>timendum</span> <span class='ocrx_word' id='word_1_640' title='bbox 3540 4623 3658 4664; x_wconf 71' lang='lat' dir='ltr'>esse</span> <span class='ocrx_word' id='word_1_641' title='bbox 3693 4599 3831 4659; x_wconf 84' lang='lat' dir='ltr'>nobis</span> 
     </span>
    </p>
   </div>
   <div class='ocr_carea' id='block_1_93' title="bbox 484 4703 2111 4774">
    <p class='ocr_par' dir='ltr' id='par_1_93' title="bbox 484 4703 2111 4774">
     <span class='ocr_line' id='line_1_93' title="bbox 484 4703 2111 4774; baseline 0.001 -17"><span class='ocrx_word' id='word_1_642' title='bbox 484 4707 650 4757; x_wconf 86' lang='lat' dir='ltr'>vento</span> <span class='ocrx_word' id='word_1_643' title='bbox 681 4703 952 4757; x_wconf 80' lang='lat' dir='ltr'>doctrinae</span> <span class='ocrx_word' id='word_1_644' title='bbox 993 4703 1220 4756; x_wconf 89' lang='lat' dir='ltr'>mobilis</span> <span class='ocrx_word' id='word_1_645' title='bbox 1265 4703 1552 4774; x_wconf 89' lang='lat' dir='ltr'>inquietus</span> <span class='ocrx_word' id='word_1_646' title='bbox 1600 4704 1840 4774; x_wconf 86' lang='lat' dir='ltr'>(Ephes.,</span> <span class='ocrx_word' id='word_1_647' title='bbox 1888 4720 1959 4771; x_wconf 87' lang='lat' dir='ltr'>1v,</span> <span class='ocrx_word' id='word_1_648' title='bbox 2003 4706 2111 4772; x_wconf 78' lang='grc'><strong>14),</strong></span> 
     </span>
    </p>
   </div>
   <div class='ocr_carea' id='block_1_94' title="bbox 482 4795 2112 4869">
    <p class='ocr_par' dir='ltr' id='par_1_94' title="bbox 482 4795 2112 4869">
     <span class='ocr_line' id='line_1_94' title="bbox 482 4795 2112 4869; baseline 0 -17"><span class='ocrx_word' id='word_1_649' title='bbox 482 4796 740 4852; x_wconf 89' lang='lat' dir='ltr'>nesciens</span> <span class='ocrx_word' id='word_1_650' title='bbox 781 4796 994 4851; x_wconf 89' lang='lat' dir='ltr'>famem</span> <span class='ocrx_word' id='word_1_651' title='bbox 1024 4795 1175 4850; x_wconf 89' lang='lat' dir='ltr'>verbi</span> <span class='ocrx_word' id='word_1_652' title='bbox 1204 4796 1410 4865; x_wconf 81' lang='lat' dir='ltr'>(Amos,</span> <span class='ocrx_word' id='word_1_653' title='bbox 1439 4813 1546 4862; x_wconf 81' lang='lat' dir='ltr'>vni,</span> <span class='ocrx_word' id='word_1_654' title='bbox 1579 4797 1684 4867; x_wconf 90' lang='lat'>11),</span> <span class='ocrx_word' id='word_1_655' title='bbox 1713 4800 1770 4851; x_wconf 91' lang='lat' dir='ltr'>et</span> <span class='ocrx_word' id='word_1_656' title='bbox 1810 4798 2112 4869; x_wconf 77' lang='lat' dir='ltr'>Scripturae</span> 
     </span>
    </p>
   </div>
   <div class='ocr_carea' id='block_1_95' title="bbox 481 4964 2115 5033">
    <p class='ocr_par' dir='ltr' id='par_1_95' title="bbox 481 4964 2115 5033">
     <span class='ocr_line' id='line_1_95' title="bbox 481 4964 2115 5033; baseline 0 -15"><span class='ocrx_word' id='word_1_657' title='bbox 481 4970 596 5033; x_wconf 89' lang='lat' dir='ltr'>ipsa</span> <span class='ocrx_word' id='word_1_658' title='bbox 645 4973 752 5017; x_wconf 88' lang='lat' dir='ltr'>tam</span> <span class='ocrx_word' id='word_1_659' title='bbox 799 4966 999 5015; x_wconf 87' lang='lat' dir='ltr'>misere</span> <span class='ocrx_word' id='word_1_660' title='bbox 1035 4964 1381 5025; x_wconf 88' lang='lat' dir='ltr'>devastabat,</span> <span class='ocrx_word' id='word_1_661' title='bbox 1424 4966 1581 5028; x_wconf 88' lang='lat' dir='ltr'>signo</span> <span class='ocrx_word' id='word_1_662' title='bbox 1625 4968 1810 5017; x_wconf 89' lang='lat' dir='ltr'>crucis</span> <span class='ocrx_word' id='word_1_663' title='bbox 1852 4966 2115 5018; x_wconf 83' lang='lat' dir='ltr'>facillime</span> 
     </span>
    </p>
   </div>
   <div class='ocr_carea' id='block_1_96' title="bbox 480 5035 2112 5103">
    <p class='ocr_par' dir='ltr' id='par_1_96' title="bbox 480 5035 2112 5103">
     <span class='ocr_line' id='line_1_96' title="bbox 480 5035 2112 5103; baseline -0.001 -13"><span class='ocrx_word' id='word_1_664' title='bbox 480 5038 771 5103; x_wconf 87' lang='lat' dir='ltr'>depulsam</span> <span class='ocrx_word' id='word_1_665' title='bbox 798 5037 967 5087; x_wconf 85' lang='lat' dir='ltr'>fuisse</span> <span class='ocrx_word' id='word_1_666' title='bbox 1008 5036 1364 5086; x_wconf 83' lang='lat' dir='ltr'>IIermannus</span> <span class='ocrx_word' id='word_1_667' title='bbox 1399 5035 1494 5086; x_wconf 92' lang='lat' dir='ltr'>lib.</span> <span class='ocrx_word' id='word_1_668' title='bbox 1533 5050 1588 5098; x_wconf 75' lang='grc' dir='ltr'>ιι,</span> <span class='ocrx_word' id='word_1_669' title='bbox 1627 5050 1747 5101; x_wconf 86' lang='lat' dir='ltr'>cap.</span> <span class='ocrx_word' id='word_1_670' title='bbox 1786 5039 1846 5088; x_wconf 76' lang='lat'>12</span> <span class='ocrx_word' id='word_1_671' title='bbox 1881 5037 2022 5089; x_wconf 67' lang='lat' dir='ltr'>Vim</span> <span class='ocrx_word' id='word_1_672' title='bbox 2055 5038 2112 5088; x_wconf 90' lang='lat' dir='ltr'>S.</span> 
     </span>
    </p>
   </div>
   <div class='ocr_carea' id='block_1_97' title="bbox 479 5107 2113 5173">
    <p class='ocr_par' dir='ltr' id='par_1_97' title="bbox 479 5107 2113 5173">
     <span class='ocr_line' id='line_1_97' title="bbox 479 5107 2113 5173; baseline -0.001 -13"><span class='ocrx_word' id='word_1_673' title='bbox 479 5109 758 5160; x_wconf 82' lang='lat' dir='ltr'>Ambrosii</span> <span class='ocrx_word' id='word_1_674' title='bbox 791 5108 1052 5159; x_wconf 84' lang='lat' dir='ltr'>observat</span> <span class='ocrx_word' id='word_1_675' title='bbox 1093 5119 1166 5157; x_wconf 88' lang='lat' dir='ltr'>ex</span> <span class='ocrx_word' id='word_1_676' title='bbox 1210 5107 1462 5157; x_wconf 88' lang='lat' dir='ltr'>Baronio.</span> <span class='ocrx_word' id='word_1_677' title='bbox 1497 5108 1698 5158; x_wconf 89' lang='lat' dir='ltr'>Nititur</span> <span class='ocrx_word' id='word_1_678' title='bbox 1735 5112 1918 5160; x_wconf 88' lang='lat' dir='ltr'>autem</span> <span class='ocrx_word' id='word_1_679' title='bbox 1961 5123 2113 5173; x_wconf 84' lang='lat' dir='ltr'>mag-</span> 
     </span>
    </p>
   </div>
   <div class='ocr_carea' id='block_1_98' title="bbox 477 5177 2112 5243">
    <p class='ocr_par' dir='ltr' id='par_1_98' title="bbox 477 5177 2112 5243">
     <span class='ocr_line' id='line_1_98' title="bbox 477 5177 2112 5243; baseline 0.002 -15"><span class='ocrx_word' id='word_1_680' title='bbox 477 5193 584 5229; x_wconf 90' lang='lat' dir='ltr'>nus</span> <span class='ocrx_word' id='word_1_681' title='bbox 640 5178 936 5230; x_wconf 88' lang='lat' dir='ltr'>cardinalis</span> <span class='ocrx_word' id='word_1_682' title='bbox 995 5177 1201 5243; x_wconf 87' lang='lat' dir='ltr'>Ecloga</span> <span class='ocrx_word' id='word_1_683' title='bbox 1257 5177 1383 5229; x_wconf 88' lang='lat' dir='ltr'>Sev.</span> <span class='ocrx_word' id='word_1_684' title='bbox 1447 5178 1756 5231; x_wconf 86' lang='lat' dir='ltr'>Endelechi</span> <span class='ocrx_word' id='word_1_685' title='bbox 1813 5180 2112 5232; x_wconf 84' lang='lat' dir='ltr'>Christiani</span> 
     </span>
    </p>
   </div>
   <div class='ocr_carea' id='block_1_99' title="bbox 481 5249 1614 5314">
    <p class='ocr_par' dir='ltr' id='par_1_99' title="bbox 481 5249 1614 5314">
     <span class='ocr_line' id='line_1_99' title="bbox 481 5249 1614 5314; baseline -0.002 -12"><span class='ocrx_word' id='word_1_686' title='bbox 481 5257 679 5314; x_wconf 65' lang='lat' dir='ltr'>poetae,</span> <span class='ocrx_word' id='word_1_687' title='bbox 708 5251 804 5302; x_wconf 88' lang='lat' dir='ltr'>ubi</span> <span class='ocrx_word' id='word_1_688' title='bbox 833 5253 977 5303; x_wconf 89' lang='lat' dir='ltr'>inter</span> <span class='ocrx_word' id='word_1_689' title='bbox 1000 5254 1200 5302; x_wconf 63' lang='lat' dir='ltr'>catera</span> <span class='ocrx_word' id='word_1_690' title='bbox 1231 5251 1312 5302; x_wconf 87' lang='lat' dir='ltr'>sic</span> <span class='ocrx_word' id='word_1_691' title='bbox 1340 5249 1576 5301; x_wconf 85' lang='lat' dir='ltr'>habetur</span> <span class='ocrx_word' id='word_1_692' title='bbox 1604 5267 1614 5300; x_wconf 87' lang='lat'><strong>:</strong></span> 
     </span>
    </p>
   </div>
   <div class='ocr_carea' id='block_1_100' title="bbox 723 5347 1624 5411">
    <p class='ocr_par' dir='ltr' id='par_1_100' title="bbox 723 5347 1624 5411">
     <span class='ocr_line' id='line_1_100' title="bbox 723 5347 1624 5411; baseline 0.001 -14"><span class='ocrx_word' id='word_1_693' title='bbox 723 5348 1093 5399; x_wconf 78' lang='lat' dir='ltr'>Bucuws.....</span> <span class='ocrx_word' id='word_1_694' title='bbox 1126 5348 1251 5407; x_wconf 92' lang='lat' dir='ltr'>Dic,</span> <span class='ocrx_word' id='word_1_695' title='bbox 1283 5359 1402 5411; x_wconf 86' lang='lat' dir='ltr'>age,</span> <span class='ocrx_word' id='word_1_696' title='bbox 1436 5347 1624 5410; x_wconf 86' lang='lat' dir='ltr'>Tityre</span> 
     </span>
    </p>
   </div>
   <div class='ocr_carea' id='block_1_101' title="bbox 724 5418 1845 5482">
    <p class='ocr_par' dir='ltr' id='par_1_101' title="bbox 724 5418 1845 5482">
     <span class='ocr_line' id='line_1_101' title="bbox 724 5418 1845 5482; baseline 0.001 -14"><span class='ocrx_word' id='word_1_697' title='bbox 724 5419 865 5481; x_wconf 88' lang='lat' dir='ltr'>Quis</span> <span class='ocrx_word' id='word_1_698' title='bbox 892 5425 945 5469; x_wconf 89' lang='lat' dir='ltr'>te</span> <span class='ocrx_word' id='word_1_699' title='bbox 969 5418 1248 5482; x_wconf 85' lang='lat' dir='ltr'>subripuit</span> <span class='ocrx_word' id='word_1_700' title='bbox 1276 5418 1534 5468; x_wconf 88' lang='lat' dir='ltr'>cladibus</span> <span class='ocrx_word' id='word_1_701' title='bbox 1560 5418 1648 5468; x_wconf 91' lang='lat' dir='ltr'>his</span> <span class='ocrx_word' id='word_1_702' title='bbox 1678 5419 1845 5470; x_wconf 92' lang='lat' dir='ltr'>Deus.</span> 
     </span>
    </p>
   </div>
   <div class='ocr_carea' id='block_1_102' title="bbox 723 5487 1833 5553">
    <p class='ocr_par' dir='ltr' id='par_1_102' title="bbox 723 5487 1833 5553">
     <span class='ocr_line' id='line_1_102' title="bbox 723 5487 1833 5553; baseline 0.004 -16"><span class='ocrx_word' id='word_1_703' title='bbox 723 5488 789 5538; x_wconf 87' lang='lat' dir='ltr'>Ut</span> <span class='ocrx_word' id='word_1_704' title='bbox 818 5491 985 5553; x_wconf 89' lang='lat' dir='ltr'>pestis</span> <span class='ocrx_word' id='word_1_705' title='bbox 1009 5487 1290 5552; x_wconf 90' lang='lat' dir='ltr'>pecudum</span> <span class='ocrx_word' id='word_1_706' title='bbox 1317 5501 1445 5553; x_wconf 63' lang='lat' dir='ltr'>quas</span> <span class='ocrx_word' id='word_1_707' title='bbox 1470 5490 1730 5553; x_wconf 82' lang='lat' dir='ltr'>populata</span> <span class='ocrx_word' id='word_1_708' title='bbox 1763 5492 1833 5541; x_wconf 91' lang='lat' dir='ltr'>sit</span> 
     </span>
    </p>
   </div>
   <div class='ocr_carea' id='block_1_103' title="bbox 908 5560 1634 5622">
    <p class='ocr_par' dir='ltr' id='par_1_103' title="bbox 908 5560 1634 5622">
     <span class='ocr_line' id='line_1_103' title="bbox 908 5560 1634 5622; baseline 0.003 -14"><span class='ocrx_word' id='word_1_709' title='bbox 908 5561 1158 5622; x_wconf 84' lang='lat' dir='ltr'>Vicinos,</span> <span class='ocrx_word' id='word_1_710' title='bbox 1195 5560 1295 5610; x_wconf 89' lang='lat' dir='ltr'>tibi</span> <span class='ocrx_word' id='word_1_711' title='bbox 1331 5560 1489 5610; x_wconf 87' lang='lat' dir='ltr'>nulla</span> <span class='ocrx_word' id='word_1_712' title='bbox 1522 5561 1634 5610; x_wconf 78' lang='lat' dir='ltr'>sit?</span> 
     </span>
    </p>
   </div>
   <div class='ocr_carea' id='block_1_104' title="bbox 538 5629 2110 5696">
    <p class='ocr_par' dir='ltr' id='par_1_104' title="bbox 538 5629 2110 5696">
     <span class='ocr_line' id='line_1_104' title="bbox 538 5629 2110 5696; baseline 0.006 -19"><span class='ocrx_word' id='word_1_713' title='bbox 538 5629 807 5680; x_wconf 72' lang='lat' dir='ltr'>&#39;l‘rrvaus.</span> <span class='ocrx_word' id='word_1_714' title='bbox 842 5629 1074 5694; x_wconf 87' lang='lat' dir='ltr'>Signum</span> <span class='ocrx_word' id='word_1_715' title='bbox 1109 5632 1258 5696; x_wconf 90' lang='lat' dir='ltr'>quod</span> <span class='ocrx_word' id='word_1_716' title='bbox 1299 5631 1595 5696; x_wconf 89' lang='lat' dir='ltr'>perhibent</span> <span class='ocrx_word' id='word_1_717' title='bbox 1629 5645 1752 5684; x_wconf 89' lang='lat' dir='ltr'>esse</span> <span class='ocrx_word' id='word_1_718' title='bbox 1783 5635 1964 5685; x_wconf 86' lang='lat' dir='ltr'>crucis</span> <span class='ocrx_word' id='word_1_719' title='bbox 1991 5635 2110 5688; x_wconf 88' lang='lat' dir='ltr'>Dei.</span> 
     </span>
    </p>
   </div>
   <div class='ocr_carea' id='block_1_105' title="bbox 702 5733 1876 5753">
    <p class='ocr_par' dir='ltr' id='par_1_105' title="bbox 702 5733 1876 5753">
     <span class='ocr_line' id='line_1_105' title="bbox 702 5733 1876 5753; baseline 0.006 -7"><span class='ocrx_word' id='word_1_720' title='bbox 702 5733 714 5746; x_wconf 72' lang='grc' dir='ltr'><strong>ο</strong></span> <span class='ocrx_word' id='word_1_721' title='bbox 787 5735 798 5746; x_wconf 76' lang='grc' dir='ltr'><strong>Ι</strong></span> <span class='ocrx_word' id='word_1_722' title='bbox 869 5736 882 5748; x_wconf 75' lang='grc' dir='ltr'><strong>ο</strong></span> <span class='ocrx_word' id='word_1_723' title='bbox 953 5736 965 5749; x_wconf 68' lang='grc' dir='ltr'><strong><em>ι</em></strong></span> <span class='ocrx_word' id='word_1_724' title='bbox 1035 5738 1045 5748; x_wconf 72' lang='lat' dir='ltr'><strong>I</strong></span> <span class='ocrx_word' id='word_1_725' title='bbox 1120 5739 1130 5750; x_wconf 76' lang='grc' dir='ltr'><strong>ο</strong></span> <span class='ocrx_word' id='word_1_726' title='bbox 1201 5740 1210 5750; x_wconf 83' lang='lat' dir='ltr'><strong>I</strong></span> <span class='ocrx_word' id='word_1_727' title='bbox 1285 5739 1295 5751; x_wconf 66' lang='grc' dir='ltr'><strong>ι</strong></span> <span class='ocrx_word' id='word_1_728' title='bbox 1365 5741 1377 5752; x_wconf 72' lang='grc' dir='ltr'><strong><em>ο</em></strong></span> <span class='ocrx_word' id='word_1_729' title='bbox 1451 5740 1461 5752; x_wconf 77' lang='grc' dir='ltr'><strong><em>ο</em></strong></span> <span class='ocrx_word' id='word_1_730' title='bbox 1534 5741 1543 5751; x_wconf 74' lang='grc' dir='ltr'><strong><em>ο</em></strong></span> <span class='ocrx_word' id='word_1_731' title='bbox 1615 5741 1626 5753; x_wconf 72' lang='grc' dir='ltr'>ι</span> <span class='ocrx_word' id='word_1_732' title='bbox 1698 5742 1707 5752; x_wconf 70' lang='grc' dir='ltr'><strong>ο</strong></span> <span class='ocrx_word' id='word_1_733' title='bbox 1781 5741 1790 5752; x_wconf 73' lang='grc' dir='ltr'>α</span> <span class='ocrx_word' id='word_1_734' title='bbox 1866 5742 1876 5753; x_wconf 71' lang='grc' dir='ltr'><strong><em>ο</em></strong></span> 
     </span>
    </p>
   </div>
   <div class='ocr_carea' id='block_1_106' title="bbox 693 5768 1892 5833">
    <p class='ocr_par' dir='ltr' id='par_1_106' title="bbox 693 5768 1892 5833">
     <span class='ocr_line' id='line_1_106' title="bbox 693 5768 1892 5833; baseline 0.008 -17"><span class='ocrx_word' id='word_1_735' title='bbox 693 5768 813 5817; x_wconf 88' lang='lat' dir='ltr'>Hoc</span> <span class='ocrx_word' id='word_1_736' title='bbox 841 5770 1064 5833; x_wconf 89' lang='lat' dir='ltr'>signum</span> <span class='ocrx_word' id='word_1_737' title='bbox 1091 5771 1290 5821; x_wconf 89' lang='lat' dir='ltr'>mediis</span> <span class='ocrx_word' id='word_1_738' title='bbox 1319 5773 1600 5824; x_wconf 81' lang='lat' dir='ltr'>frontibus</span> <span class='ocrx_word' id='word_1_739' title='bbox 1622 5774 1892 5833; x_wconf 86' lang='lat' dir='ltr'>additum,</span> 
     </span>
    </p>
   </div>
   <div class='ocr_carea' id='block_1_107' title="bbox 694 5834 1844 5904">
    <p class='ocr_par' dir='ltr' id='par_1_107' title="bbox 694 5834 1844 5904">
     <span class='ocr_line' id='line_1_107' title="bbox 694 5834 1844 5904; baseline 0.008 -18"><span class='ocrx_word' id='word_1_740' title='bbox 694 5834 1033 5889; x_wconf 79' lang='lat' dir='ltr'>Cunctarum</span> <span class='ocrx_word' id='word_1_741' title='bbox 1063 5841 1345 5904; x_wconf 87' lang='lat' dir='ltr'>pecudum</span> <span class='ocrx_word' id='word_1_742' title='bbox 1371 5849 1519 5900; x_wconf 79' lang='lat' dir='ltr'>certe</span> <span class='ocrx_word' id='word_1_743' title='bbox 1546 5846 1697 5897; x_wconf 87' lang='lat' dir='ltr'>salus</span> <span class='ocrx_word' id='word_1_744' title='bbox 1724 5846 1844 5897; x_wconf 90' lang='lat' dir='ltr'>fuit.</span> 
     </span>
    </p>
   </div>
   <div class='ocr_carea' id='block_1_108' title="bbox 2215 4694 3830 4782">
    <p class='ocr_par' dir='ltr' id='par_1_108' title="bbox 2215 4694 3830 4782">
     <span class='ocr_line' id='line_1_108' title="bbox 2215 4694 3830 4782; baseline -0.011 -18"><span class='ocrx_word' id='word_1_745' title='bbox 2215 4709 2378 4782; x_wconf 89' lang='lat' dir='ltr'>quasi</span> <span class='ocrx_word' id='word_1_746' title='bbox 2420 4709 2591 4762; x_wconf 88' lang='lat' dir='ltr'>instet</span> <span class='ocrx_word' id='word_1_747' title='bbox 2624 4707 2742 4761; x_wconf 91' lang='lat' dir='ltr'>dies</span> <span class='ocrx_word' id='word_1_748' title='bbox 2780 4705 3030 4774; x_wconf 87' lang='lat' dir='ltr'>Domini;</span> <span class='ocrx_word' id='word_1_749' title='bbox 3063 4723 3132 4760; x_wconf 89' lang='lat' dir='ltr'>ne</span> <span class='ocrx_word' id='word_1_750' title='bbox 3173 4705 3300 4777; x_wconf 91' lang='lat' dir='ltr'>quis</span> <span class='ocrx_word' id='word_1_751' title='bbox 3341 4722 3446 4759; x_wconf 90' lang='lat' dir='ltr'>nos</span> <span class='ocrx_word' id='word_1_752' title='bbox 3485 4703 3708 4758; x_wconf 82' lang='lat' dir='ltr'>seducet</span> <span class='ocrx_word' id='word_1_753' title='bbox 3735 4694 3830 4750; x_wconf 92' lang='lat' dir='ltr'>ullo</span> 
     </span>
    </p>
   </div>
   <div class='ocr_carea' id='block_1_109' title="bbox 2218 4790 3832 4873">
    <p class='ocr_par' dir='ltr' id='par_1_109' title="bbox 2218 4790 3832 4873">
     <span class='ocr_line' id='line_1_109' title="bbox 2218 4790 3832 4873; baseline -0.007 -15"><span class='ocrx_word' id='word_1_754' title='bbox 2218 4804 2425 4870; x_wconf 89' lang='lat' dir='ltr'>modo;</span> <span class='ocrx_word' id='word_1_755' title='bbox 2456 4802 2728 4873; x_wconf 88' lang='lat' dir='ltr'>quoniam</span> <span class='ocrx_word' id='word_1_756' title='bbox 2773 4801 2878 4855; x_wconf 90' lang='lat' dir='ltr'>nisi</span> <span class='ocrx_word' id='word_1_757' title='bbox 2919 4800 3136 4855; x_wconf 79' lang='lat' dir='ltr'>venerit</span> <span class='ocrx_word' id='word_1_758' title='bbox 3170 4799 3444 4855; x_wconf 90' lang='lat' dir='ltr'>discessio</span> <span class='ocrx_word' id='word_1_759' title='bbox 3485 4797 3750 4869; x_wconf 89' lang='lat' dir='ltr'>primum,</span> <span class='ocrx_word' id='word_1_760' title='bbox 3785 4790 3832 4841; x_wconf 70' lang='lat' dir='ltr'>et</span> 
     </span>
    </p>
   </div>
   <div class='ocr_carea' id='block_1_110' title="bbox 2217 4959 3834 5035">
    <p class='ocr_par' dir='ltr' id='par_1_110' title="bbox 2217 4959 3834 5035">
     <span class='ocr_line' id='line_1_110' title="bbox 2217 4959 3834 5035; baseline -0.011 -12"><span class='ocrx_word' id='word_1_761' title='bbox 2217 4971 2496 5023; x_wconf 66' lang='lat' dir='ltr'>themm</span> <span class='ocrx_word' id='word_1_762' title='bbox 2525 4983 2654 5035; x_wconf 66' lang='lat' dir='ltr'>quas</span> <span class='ocrx_word' id='word_1_763' title='bbox 2689 4968 3018 5020; x_wconf 87' lang='lat' dir='ltr'>Ambrosius</span> <span class='ocrx_word' id='word_1_764' title='bbox 3060 4967 3129 5018; x_wconf 92' lang='lat' dir='ltr'>de</span> <span class='ocrx_word' id='word_1_765' title='bbox 3168 4967 3588 5018; x_wconf 86' lang='lat' dir='ltr'>dissensionum</span> <span class='ocrx_word' id='word_1_766' title='bbox 3626 4961 3732 5035; x_wconf 80' lang='lat' dir='ltr'>fine</span> <span class='ocrx_word' id='word_1_767' title='bbox 3771 4959 3834 5005; x_wconf 80' lang='lat' dir='ltr'>at-</span> 
     </span>
    </p>
   </div>
   <div class='ocr_carea' id='block_1_111' title="bbox 2215 5033 3834 5108">
    <p class='ocr_par' dir='ltr' id='par_1_111' title="bbox 2215 5033 3834 5108">
     <span class='ocr_line' id='line_1_111' title="bbox 2215 5033 3834 5108; baseline -0.006 -16"><span class='ocrx_word' id='word_1_768' title='bbox 2215 5056 2324 5108; x_wconf 90' lang='lat' dir='ltr'>que</span> <span class='ocrx_word' id='word_1_769' title='bbox 2347 5033 2858 5093; x_wconf 49' lang='lat' dir='ltr'>animo—relaxando</span> <span class='ocrx_word' id='word_1_770' title='bbox 2888 5041 3173 5104; x_wconf 86' lang='lat' dir='ltr'>superiore</span> <span class='ocrx_word' id='word_1_771' title='bbox 3214 5038 3360 5088; x_wconf 88' lang='lat' dir='ltr'>libro</span> <span class='ocrx_word' id='word_1_772' title='bbox 3404 5033 3834 5108; x_wconf 46' lang='lat' dir='ltr'>memorabat}:</span> 
     </span>
    </p>
   </div>
   <div class='ocr_carea' id='block_1_112' title="bbox 2215 5100 3834 5175">
    <p class='ocr_par' dir='ltr' id='par_1_112' title="bbox 2215 5100 3834 5175">
     <span class='ocr_line' id='line_1_112' title="bbox 2215 5100 3834 5175; baseline -0.013 -12"><span class='ocrx_word' id='word_1_773' title='bbox 2215 5100 2326 5163; x_wconf 77' lang='lat' dir='ltr'>non</span> <span class='ocrx_word' id='word_1_774' title='bbox 2357 5113 2594 5163; x_wconf 89' lang='lat' dir='ltr'>obscure</span> <span class='ocrx_word' id='word_1_775' title='bbox 2633 5111 2868 5175; x_wconf 87' lang='lat' dir='ltr'>probant</span> <span class='ocrx_word' id='word_1_776' title='bbox 2901 5100 3057 5162; x_wconf 75' lang='lat' dir='ltr'>illum</span> <span class='ocrx_word' id='word_1_777' title='bbox 3094 5110 3164 5160; x_wconf 90' lang='lat' dir='ltr'>de</span> <span class='ocrx_word' id='word_1_778' title='bbox 3203 5109 3376 5161; x_wconf 88' lang='lat' dir='ltr'>rebus</span> <span class='ocrx_word' id='word_1_779' title='bbox 3415 5112 3530 5172; x_wconf 87' lang='lat' dir='ltr'>jam</span> <span class='ocrx_word' id='word_1_780' title='bbox 3576 5100 3834 5168; x_wconf 70' lang='lat' dir='ltr'>pmteritis</span> 
     </span>
    </p>
   </div>
   <div class='ocr_carea' id='block_1_113' title="bbox 2215 5184 3738 5250">
    <p class='ocr_par' dir='ltr' id='par_1_113' title="bbox 2215 5184 3738 5250">
     <span class='ocr_line' id='line_1_113' title="bbox 2215 5184 3738 5250; baseline 0.009 -14"><span class='ocrx_word' id='word_1_781' title='bbox 2215 5186 2309 5236; x_wconf 90' lang='lat' dir='ltr'>hic</span> <span class='ocrx_word' id='word_1_782' title='bbox 2336 5184 2625 5235; x_wconf 87' lang='lat' dir='ltr'>disserere.</span> <span class='ocrx_word' id='word_1_783' title='bbox 3531 5247 3544 5250; x_wconf 79' lang='lat'><strong><em>_</em></strong></span> <span class='ocrx_word' id='word_1_784' title='bbox 3675 5242 3704 5250; x_wconf 92' lang='grc'>-.</span> <span class='ocrx_word' id='word_1_785' title='bbox 3729 5241 3738 5250; x_wconf 92' lang='grc'><strong>.</strong></span> 
     </span>
    </p>
   </div>
   <div class='ocr_carea' id='block_1_114' title="bbox 2277 5242 3831 5319">
    <p class='ocr_par' dir='ltr' id='par_1_114' title="bbox 2277 5242 3831 5319">
     <span class='ocr_line' id='line_1_114' title="bbox 2277 5242 3831 5319; baseline -0.017 -6"><span class='ocrx_word' id='word_1_786' title='bbox 2277 5256 2378 5317; x_wconf 86' lang='grc'>(37)</span> <span class='ocrx_word' id='word_1_787' title='bbox 2446 5256 2758 5319; x_wconf 77' lang='lat' dir='ltr'>Allegorice</span> <span class='ocrx_word' id='word_1_788' title='bbox 2815 5255 3105 5305; x_wconf 87' lang='lat' dir='ltr'>Trinitatis</span> <span class='ocrx_word' id='word_1_789' title='bbox 3167 5252 3452 5304; x_wconf 84' lang='lat' dir='ltr'>confessio</span> <span class='ocrx_word' id='word_1_790' title='bbox 3515 5242 3831 5298; x_wconf 77' lang='lat' dir='ltr'>describitur-</span> 
     </span>
    </p>
   </div>
   <div class='ocr_carea' id='block_1_115' title="bbox 2215 5319 3831 5392">
    <p class='ocr_par' dir='ltr' id='par_1_115' title="bbox 2215 5319 3831 5392">
     <span class='ocr_line' id='line_1_115' title="bbox 2215 5319 3831 5392; baseline -0.002 -14"><span class='ocrx_word' id='word_1_791' title='bbox 2215 5329 2382 5378; x_wconf 85' lang='lat' dir='ltr'>Porro</span> <span class='ocrx_word' id='word_1_792' title='bbox 2417 5339 2583 5378; x_wconf 88' lang='lat' dir='ltr'>voces</span> <span class='ocrx_word' id='word_1_793' title='bbox 2625 5327 2753 5388; x_wconf 64' lang='lat' dir='ltr'>illas,</span> <span class='ocrx_word' id='word_1_794' title='bbox 2781 5327 2979 5392; x_wconf 75' lang='lat' dir='ltr'>triplici</span> <span class='ocrx_word' id='word_1_795' title='bbox 3015 5331 3200 5391; x_wconf 82' lang='lat' dir='ltr'>sparto</span> <span class='ocrx_word' id='word_1_796' title='bbox 3234 5321 3490 5387; x_wconf 78' lang='lat' dir='ltr'>jacutum</span> <span class='ocrx_word' id='word_1_797' title='bbox 3535 5319 3831 5392; x_wconf 60' lang='grc' dir='ltr'>ἰηιονιζῑιθπξξ</span> 
     </span>
    </p>
   </div>
   <div class='ocr_carea' id='block_1_116' title="bbox 2214 5377 3833 5463">
    <p class='ocr_par' dir='ltr' id='par_1_116' title="bbox 2214 5377 3833 5463">
     <span class='ocr_line' id='line_1_116' title="bbox 2214 5377 3833 5463; baseline -0.012 -14"><span class='ocrx_word' id='word_1_798' title='bbox 2214 5377 2326 5449; x_wconf 87' lang='lat' dir='ltr'>non</span> <span class='ocrx_word' id='word_1_799' title='bbox 2352 5377 2568 5448; x_wconf 83' lang='lat' dir='ltr'>hastam</span> <span class='ocrx_word' id='word_1_800' title='bbox 2593 5377 2885 5463; x_wconf 58' lang='lat' dir='ltr'>designant</span> <span class='ocrx_word' id='word_1_801' title='bbox 2912 5377 3266 5455; x_wconf 67' lang='lat' dir='ltr'>amentatani,</span> <span class='ocrx_word' id='word_1_802' title='bbox 3287 5394 3391 5446; x_wconf 88' lang='lat' dir='ltr'>sed</span> <span class='ocrx_word' id='word_1_803' title='bbox 3419 5391 3656 5456; x_wconf 86' lang='lat' dir='ltr'>lapidem</span> <span class='ocrx_word' id='word_1_804' title='bbox 3682 5377 3833 5463; x_wconf 52' lang='lat' dir='ltr'>funda</span> 
     </span>
    </p>
   </div>
   <div class='ocr_carea' id='block_1_117' title="bbox 2213 5459 3834 5534">
    <p class='ocr_par' dir='ltr' id='par_1_117' title="bbox 2213 5459 3834 5534">
     <span class='ocr_line' id='line_1_117' title="bbox 2213 5459 3834 5534; baseline 0.001 -13"><span class='ocrx_word' id='word_1_805' title='bbox 2213 5483 2542 5530; x_wconf 87' lang='lat' dir='ltr'>excussum;</span> <span class='ocrx_word' id='word_1_806' title='bbox 2587 5459 2862 5534; x_wconf 68' lang='lat' dir='ltr'>quidquid</span> <span class='ocrx_word' id='word_1_807' title='bbox 2906 5470 3056 5520; x_wconf 91' lang='lat' dir='ltr'>enim</span> <span class='ocrx_word' id='word_1_808' title='bbox 3100 5469 3360 5532; x_wconf 81' lang='lat' dir='ltr'>jacimus,</span> <span class='ocrx_word' id='word_1_809' title='bbox 3410 5477 3524 5514; x_wconf 85' lang='lat' dir='ltr'>non</span> <span class='ocrx_word' id='word_1_810' title='bbox 3565 5459 3834 5534; x_wconf 62' lang='grc' dir='ltr'>ίηιρτοξπξῗ</span> 
     </span>
    </p>
   </div>
   <div class='ocr_carea' id='block_1_118' title="bbox 2208 5530 3834 5604">
    <p class='ocr_par' dir='ltr' id='par_1_118' title="bbox 2208 5530 3834 5604">
     <span class='ocr_line' id='line_1_118' title="bbox 2208 5530 3834 5604; baseline -0.01 -12"><span class='ocrx_word' id='word_1_811' title='bbox 2208 5541 2457 5604; x_wconf 86' lang='lat' dir='ltr'>jaculum</span> <span class='ocrx_word' id='word_1_812' title='bbox 2489 5530 2844 5591; x_wconf 76' lang='lat' dir='ltr'>nominamus</span> <span class='ocrx_word' id='word_1_813' title='bbox 2873 5556 2884 5589; x_wconf 93' lang='lat'>:</span> <span class='ocrx_word' id='word_1_814' title='bbox 2914 5530 3158 5603; x_wconf 69' lang='lat' dir='ltr'>spartum</span> <span class='ocrx_word' id='word_1_815' title='bbox 3186 5550 3320 5588; x_wconf 90' lang='lat' dir='ltr'>vero</span> <span class='ocrx_word' id='word_1_816' title='bbox 3348 5535 3576 5600; x_wconf 87' lang='lat' dir='ltr'>ponitur</span> <span class='ocrx_word' id='word_1_817' title='bbox 3607 5538 3699 5594; x_wconf 90' lang='lat' dir='ltr'>pro</span> <span class='ocrx_word' id='word_1_818' title='bbox 3734 5530 3834 5604; x_wconf 60' lang='grc' dir='ltr'>ἰρϐξ</span> 
     </span>
    </p>
   </div>
   <div class='ocr_carea' id='block_1_119' title="bbox 2214 5603 3832 5677">
    <p class='ocr_par' dir='ltr' id='par_1_119' title="bbox 2214 5603 3832 5677">
     <span class='ocr_line' id='line_1_119' title="bbox 2214 5603 3832 5677; baseline -0.01 -16"><span class='ocrx_word' id='word_1_819' title='bbox 2214 5603 2384 5663; x_wconf 81' lang='lat' dir='ltr'>funda</span> <span class='ocrx_word' id='word_1_820' title='bbox 2403 5629 2416 5672; x_wconf 89' lang='lat'><strong>;</strong></span> <span class='ocrx_word' id='word_1_821' title='bbox 2447 5627 2511 5663; x_wconf 89' lang='lat' dir='ltr'>eo</span> <span class='ocrx_word' id='word_1_822' title='bbox 2537 5612 2686 5677; x_wconf 88' lang='lat' dir='ltr'>quod</span> <span class='ocrx_word' id='word_1_823' title='bbox 2717 5611 2889 5661; x_wconf 84' lang='lat' dir='ltr'>funda</span> <span class='ocrx_word' id='word_1_824' title='bbox 2934 5615 3152 5662; x_wconf 87' lang='lat' dir='ltr'>texatur</span> <span class='ocrx_word' id='word_1_825' title='bbox 3187 5624 3216 5660; x_wconf 92' lang='lat' dir='ltr'>e</span> <span class='ocrx_word' id='word_1_826' title='bbox 3263 5605 3562 5662; x_wconf 86' lang='lat' dir='ltr'>funiculis,</span> <span class='ocrx_word' id='word_1_827' title='bbox 3607 5608 3740 5664; x_wconf 88' lang='lat' dir='ltr'>quos</span> <span class='ocrx_word' id='word_1_828' title='bbox 3771 5603 3832 5640; x_wconf 74' lang='lat' dir='ltr'>ex</span> 
     </span>
    </p>
   </div>
   <div class='ocr_carea' id='block_1_120' title="bbox 2215 5681 3262 5746">
    <p class='ocr_par' dir='ltr' id='par_1_120' title="bbox 2215 5681 3262 5746">
     <span class='ocr_line' id='line_1_120' title="bbox 2215 5681 3262 5746; baseline -0.003 -14"><span class='ocrx_word' id='word_1_829' title='bbox 2215 5683 2310 5734; x_wconf 86' lang='lat' dir='ltr'>illo</span> <span class='ocrx_word' id='word_1_830' title='bbox 2333 5683 2535 5734; x_wconf 81' lang='lat' dir='ltr'>frutice</span> <span class='ocrx_word' id='word_1_831' title='bbox 2565 5686 2782 5734; x_wconf 88' lang='lat' dir='ltr'>veteres</span> <span class='ocrx_word' id='word_1_832' title='bbox 2804 5681 3262 5746; x_wconf 88' lang='lat' dir='ltr'>contorquebant.</span> 
     </span>
    </p>
   </div>
   <div class='ocr_carea' id='block_1_121' title="bbox 2277 5747 3809 5817">
    <p class='ocr_par' dir='ltr' id='par_1_121' title="bbox 2277 5747 3809 5817">
     <span class='ocr_line' id='line_1_121' title="bbox 2277 5747 3809 5817; baseline -0.008 -14"><span class='ocrx_word' id='word_1_833' title='bbox 2277 5755 2371 5817; x_wconf 89' lang='lat'><strong>(38)</strong></span> <span class='ocrx_word' id='word_1_834' title='bbox 2401 5754 2568 5816; x_wconf 85' lang='lat' dir='ltr'>Edit.,</span> <span class='ocrx_word' id='word_1_835' title='bbox 2597 5759 2642 5803; x_wconf 81' lang='lat' dir='ltr'>et</span> <span class='ocrx_word' id='word_1_836' title='bbox 2669 5768 2845 5805; x_wconf 75' lang='lat' dir='ltr'>omnes</span> <span class='ocrx_word' id='word_1_837' title='bbox 2885 5754 3088 5817; x_wconf 77' lang='lat' dir='ltr'>formas</span> <span class='ocrx_word' id='word_1_838' title='bbox 3124 5751 3336 5802; x_wconf 70' lang='lat' dir='ltr'>virtutis</span> <span class='ocrx_word' id='word_1_839' title='bbox 3358 5765 3376 5812; x_wconf 76' lang='lat'>,&#39;</span> <span class='ocrx_word' id='word_1_840' title='bbox 3409 5761 3561 5808; x_wconf 68' lang='lat' dir='ltr'>mss,</span> <span class='ocrx_word' id='word_1_841' title='bbox 3594 5747 3637 5793; x_wconf 67' lang='lat' dir='ltr'>et</span> <span class='ocrx_word' id='word_1_842' title='bbox 3674 5747 3809 5790; x_wconf 60' lang='lat' dir='ltr'>om&quot;!</span> 
     </span>
    </p>
   </div>
   <div class='ocr_carea' id='block_1_122' title="bbox 2213 5827 2447 5879">
    <p class='ocr_par' dir='ltr' id='par_1_122' title="bbox 2213 5827 2447 5879">
     <span class='ocr_line' id='line_1_122' title="bbox 2213 5827 2447 5879; baseline -0.021 0"><span class='ocrx_word' id='word_1_843' title='bbox 2213 5827 2447 5879; x_wconf 77' lang='lat' dir='ltr'>virtutes.</span> 
     </span>
    </p>
   </div>
  </div>
