4022 6176
191 312 296 366 1901

1298 313 1760 370 EXPOSITIONIS
1800 316 1862 369 IN
1909 317 2128 371 LUCAM
2172 318 2297 371 LIB.
2341 320 2403 372 Χ.

3392 328 3411 378 1
3426 328 3526 382 902

185 433 447 488 revelatus
492 434 667 488 fuerit
719 435 896 490 homo
949 437 1182 507 peccati,
1236 438 1381 492 ﬁlius
1431 439 1790 509 perditionis,
1821 454 1926 524 Αα
1969 441 2067 512 qui
2097 442 2238 512 legit
2263 442 2815 514 inte]ligat(Mutth.,
2847 461 2989 510 xxxv,
3034 449 3140 514 tri);
3178 468 3200 494 ι)
3235 449 3332 518 qui
3362 449 3521 503 intel-

181 528 262 598 qui
295 526 648 596 adversatur,
681 533 739 583 et
766 531 1056 586 extollitur
1081 548 1252 602 supra
1283 549 1455 587 omne
1482 534 1634 604 quod
1665 534 1796 588 dici-

180 629 264 676 tur
289 621 452 688 deus,
480 628 576 677 aut
602 624 754 695 quod
793 625 1020 694 colitur,
1059 627 1138 680 ita
1162 632 1226 681 ut
1254 626 1309 680 in
1351 629 1564 697 templo
1591 628 1686 683 Dei
1715 645 1794 681 se-

179 715 317 783 deat,
339 716 649 771 ostendens
665 735 723 772 se
740 722 1009 790 tanquam
1029 720 1100 773 sit
1115 723 1258 775 Deus
1273 723 1336 790 (lI
1360 723 1555 786 Thess.,
1579 739 1638 790 ιι,
1654 725 1705 789 3,
1720 726 1791 792 4).

238 813 320 864 17.
351 812 498 880 Ergo
519 812 736 866 sedebit
763 813 819 866 in
844 813 1078 883 templo,
1107 821 1162 868 et
1189 815 1246 868 in
1278 817 1494 886 templo
1517 816 1793 870 interiore

172 903 506 971 ludasorum,
537 905 634 975 qui
665 906 950 961 Christum
980 907 1270 978 negabunt
1301 926 1312 962 :
1344 910 1402 962 in
1435 910 1650 980 templo
1678 927 1794 964 non

172 997 488 1065 inviolabili,
518 999 620 1053 sed
650 1001 991 1071 corruptela:
1033 1001 1303 1070 obnoxio,
1335 1004 1490 1074 quod
1530 1009 1626 1058 aut
1661 1021 1792 1074 per-

171 1090 307 1145 ﬁdiae
334 1093 580 1146 involvat
607 1094 791 1160 ruina,
823 1099 922 1149 aut
948 1095 1250 1150 iracundias
1287 1098 1368 1150 vis
1408 1098 1665 1164 subruat,
1697 1102 1796 1152 aut

169 1185 538 1255 cupiditatum
576 1188 725 1258 ignis
750 1194 968 1244 exurat.
1004 1190 1070 1244 Et
1106 1191 1252 1246 bene
1285 1197 1416 1245 tunc
1455 1193 1647 1246 veniet
1674 1193 1793 1246 dies

168 1280 406 1346 Domini,
425 1286 482 1336 et
502 1281 910 1337 hreviabuntur
927 1283 1044 1338 dies
1065 1289 1298 1355 propter
1319 1285 1527 1340 electos
1550 1287 1792 1348 (Matth.,

168 1389 302 1440 xxxv,
338 1375 459 1442 22);
501 1377 776 1446 quoniam
814 1377 958 1430 sicut
998 1378 1219 1448 primus
1255 1379 1532 1434 adventus
1576 1380 1791 1433 Domini

166 1473 392 1537 propter
419 1467 756 1523 redimenda
788 1474 1038 1541 peccata,
1067 1470 1145 1526 ita
1169 1478 1224 1526 et
1257 1473 1534 1526 secundus
1561 1478 1794 1542 propter

169 1560 533 1630 reprimenda
570 1563 776 1618 delicta
802 1565 936 1635 (39),
977 1580 1046 1619 ne
1085 1566 1274 1635 plures
1319 1565 1574 1637 pertidiaa
1601 1582 1792 1621 errore

165 1653 452 1709 labantur.

229 1751 315 1803 18.
365 1751 521 1804 Tunc
575 1751 1105 1823 pseudoprophetm,
1147 1759 1282 1808 tunc
1330 1754 1525 1808 fames.
1581 1755 1792 1823 Repete

160 1842 298 1897 mihi
358 1843 494 1898 Elia:
549 1848 837 1916 tempora,
895 1849 955 1900 et
998 1846 1247 1902 invenies
1296 1853 1430 1902 tunc
1485 1826 1869 1919 prophetasB

161 1923 526 2003 confusionis,
571 1944 703 1993 tunc
746 1940 989 2005 Iezabel,
1043 1944 1175 1994 tunc
1217 1941 1451 2001 famem,
1495 1945 1628 1995 tunc
1677 1943 1789 1994 ari-

161 2031 394 2086 ditatem
443 2036 629 2087 terrm.
672 2033 789 2096 Qua
834 2034 1095 2089 ratione?
1144 2055 1170 2081 ‹‹
1215 2035 1359 2098 Quia
1405 2035 1794 2089 abundaverat

161 2125 457 2197 iniquitas,
509 2126 807 2181 refrixerat
850 2127 1095 2182 charitas
1137 2128 1381 2199 (Matth,
1425 2146 1568 2194 xxiv,
1614 2132 1718 2199 12).
1767 2156 1790 2176 »ι

160 2219 418 2291 Denique
441 2220 629 2290 justus
658 2221 715 2275 in
747 2220 998 2287 deserto,
1029 2221 1260 2292 iniquus
1292 2223 1344 2277 in
1380 2239 1557 2294 regno
1582 2227 1683 2277 est.

229 2317 315 2368 19.
350 2314 445 2368 Est
482 2314 624 2368 alius
657 2315 1034 2370 Antichristus
1074 2319 1270 2369 auctor
1306 2317 1496 2387 hujus,
1536 2317 1793 2371 diabolus

161 2407 406 2473 scilicet,
461 2409 559 2478 qui
622 2425 809 2462 meam
873 2409 1208 2476 Jerusalem,
1267 2426 1454 2464 meam
1518 2409 1791 2476 animam,

159 2504 305 2554 certe
336 2503 592 2556 animam
636 2501 754 2571 Dei,
789 2503 1039 2557 animam
1075 2504 1368 2574 pacilicam
1408 2504 1666 2558 obsidere
1705 2503 1789 2557 ni-

163 2599 309 2649 tatur
358 2612 472 2650 suae
522 2596 768 2666 legionis
809 2597 1058 2651 exercitu
1102 2596 1232 2668 (40).
1284 2600 1463 2653 «Non
1512 2602 1596 2651 est
1641 2599 1792 2651 enim

160 2689 482 2744 colluctatio
525 2689 687 2743 nobis
726 2691 993 2745 adversus
1040 2706 1270 2744 carnem
1318 2696 1374 2744 et
1418 2691 1791 2761 sanguinem,

162 2782 250 2836 sed
300 2782 574 2837 adversus
625 2784 976 2854 principatus
1025 2787 1083 2837 et
1129 2787 1469 2854 potestates,
1527 2785 1793 2839 adversus

163 2875 365 2930 mundi
401 2876 571 2946 hujus
612 2882 877 2945 rectores,
911 2877 1280 2931 tenebrarum
1319 2878 1520 2932 harum
1554 2879 1792 2947 (Ephes.,

163 2984 229 3036 v1,
275 2971 390 3037 12).
436 2992 462 3019 υ
506 2971 662 3024 Tunc
705 2973 789 3024 est
829 2970 1094 3025 discessio
1136 2971 1227 3025 cui
1265 2970 1458 3026 anima
1497 2989 1530 3025 a
1573 2989 1631 3024 se
1676 2973 1796 3043 ipsa

156 3061 440 3130 desciscit,
480 3070 536 3118 et
575 3080 768 3119 rursus
807 3081 938 3119 cum
987 3065 1288 3119 Dominum
1337 3065 1566 3136 cogitat,
1603 3066 1796 3119 tremit

155 3160 326 3228 atque
386 3157 662 3212 turbatur.
715 3158 869 3212 Tunc
913 3174 1044 3212 cum
1090 3157 1362 3213 interiora
1414 3159 1870 3266 AntichristusC

154 3254 317 3305 tenet
363 3268 374 3304 :
428 3250 608 3306 donec
658 3251 730 3305 de
783 3252 978 3306 medio
1029 3253 1157 3321 ﬁat,
1217 3253 1494 3322 injustitia
1547 3253 1796 3307 exsultat

155 3345 286 3412 (41),
349 3344 621 3416 iniquitas
674 3352 892 3416 regnat.
949 3347 1101 3400 Tunc
1158 3345 1300 3400 fides
1352 3363 1504 3416 rara,
1561 3356 1619 3400 ut
1680 3346 1795 3418 ipse

154 3440 318 3508 quasi
359 3438 704 3494 addubitans
740 3439 1012 3494 Dominus
1045 3439 1250 3495 dixerit
1278 3457 1289 3494 :
1323 3460 1349 3491 (ι
1376 3441 1529 3494 Tunc
1561 3441 1794 3495 veniens

154 3531 329 3587 Filius
359 3533 632 3602 hominis,
663 3533 945 3605 numquid
985 3533 1236 3588 inveniet
1266 3534 1437 3588 ﬁdem
1467 3550 1638 3605 super
1675 3541 1792 3588 ter-

151 3642 271 3680 ram
337 3627 449 3695 (42)
497 3630 668 3697 (Luc.,
710 3644 863 3697 xvui,
915 3628 991 3696 8),
1037 3650 1063 3677 ››
1115 3628 1200 3682 vel
1246 3629 1302 3681 in
1351 3633 1546 3682 nostra
1603 3628 1795 3698 utique

151 3724 334 3787 terra,
367 3722 452 3773 vel
489 3721 549 3774 in
585 3721 719 3775 orbe
759 3723 1088 3776 terrarum?
1113 3721 1205 3776 Sic
1241 3725 1297 3775 et
1326 3721 1460 3776 alibi
1497 3738 1508 3775 :
1543 3741 1570 3770 ‹‹
1600 3722 1791 3776 1)οωὶ-

152 3829 257 3868 nus
287 3814 548 3885 respexit
572 3830 744 3884 super
761 3814 902 3868 ﬁlios
929 3815 1252 3883 hominum,
1276 3816 1320 3869 si
1351 3818 1434 3869 est
1464 3815 1794 3886 intelligens

151 3915 248 3960 aut
306 3909 603 3978 requirens
658 3908 837 3964 Deum
890 3910 1056 3979 (Psal.
1115 3927 1226 3976 xui,
1283 3911 1335 3979 2)
1379 3933 1425 3962 ››.
1485 3910 1604 3962 Non
1663 3911 1796 3980 quia

151 4001 383 4056 dubitet
429 4003 592 4067 Deus,
628 4002 723 4056 sed
763 4003 896 4072 quia
929 4002 1005 4056 ita
1048 4019 1175 4056 rara
1215 4003 1323 4056 erit
1363 4003 1419 4055 in
1465 4003 1795 4058 hominibus

151 4093 318 4159 ﬁdes,
358 4100 420 4150 ut
462 4095 774 4150 secundum
811 4096 1136 4166 opinionem
1173 4097 1469 4150 hominum
1504 4096 1796 4152 videretur

148 4204 268 4244 esse
303 4188 714 4244 dubitandum.

219 4285 313 4336 20.
363 4282 513 4352 Ergo
553 4283 778 4353 quando
825 4284 882 4337 in
919 4283 1106 4338 medio
1146 4283 1346 4354 templi
1389 4288 1474 4337 est
1514 4283 1792 4350 diabolus,

149 4375 436 4430 desolatio
487 4376 926 4430 abominationis
984 4381 1087 4446 est,
1135 4378 1448 4432 secundum
1502 4379 1794 4433 Danielem

150 4471 508 4542 prophetam
553 4474 738 4539 (Dan.,
780 4488 856 4538 ix,
902 4470 1031 4543 27):
1079 4487 1209 4525 cum
1251 4477 1442 4526 autem
1492 4472 1794 4543 unicuique

1897 535 2040 604 ligit,
2071 553 2180 590 non
2209 537 2531 606 seducatur,
2561 541 2624 592 ut
2655 537 2848 592 credat
2874 538 3009 593 falsa
3041 556 3139 610 pro
3167 541 3332 610 veris,
3367 558 3525 596 more

1899 630 2091 701 utique
2143 631 2492 688 Judaeorum.
2542 633 2637 703 qui
2699 649 2896 687 verum
2943 633 3232 688 Christum
3283 651 3520 706 negaVe-

1899 729 2049 787 runt,
2083 724 2232 778 unde
2272 742 2626 796 consequens
2661 727 2769 780 erit
2814 732 2872 781 ut
2911 727 3145 782 credant
3181 744 3375 782 verum
3409 746 3528 783 esse

1897 817 1991 887 qui
2024 818 2196 871 falsus
2234 822 2351 887 est;
2382 820 2460 872 sic
2498 824 2555 873 et
2592 820 2809 886 Ariani,
2842 822 2995 892 quod
3028 827 3241 891 negant
3283 822 3524 884 Christo,

1896 911 2240 966 Antichristo
2273 930 2385 966 non
2413 913 2727 983 negabunt.

1970 1035 2145 1092 (Vers.
2178 1033 2289 1096 ‘23.)
2332 1037 2423 1090 Va:
2453 1035 2564 1089 illis
2593 1051 2715 1103 qua?
2753 1039 2809 1088 in
2841 1043 2993 1089 utero
3033 1038 3250 1096 habent.
3280 1045 3326 1092 cl
3364 1041 3525 1092 uin-ru

1896 1127 2030 1180 dunt
2059 1130 2112 1180 in
2137 1129 2250 1182 illis
2274 1127 2491 1182 diebus!

1964 1247 2049 1297 ‘22.
2101 1245 2248 1313 Ergo
2298 1245 2596 1314 conceptio
2637 1246 2948 1300 criminosa
2989 1249 3108 1301 est?
3155 1249 3324 1317 Atqui
3367 1249 3528 1302 liberi

1897 1337 2131 1406 prtemia
2159 1338 2494 1408 nuptiarum
2525 1347 2674 1393 sunt.
2711 1341 2774 1393 Et
2801 1342 3088 1410 quomodo
3114 1341 3308 1395 Saram
3342 1343 3526 1396 Domi-

1897 1448 2000 1484 nus
2040 1431 2351 1496 benedixit,
2397 1436 2453 1486 et
2492 1433 2753 1503 peperit?
2790 1435 3086 1497 Quomodo
3123 1436 3284 1488 Anna
3325 1438 3525 1492 oravit.

1895 1528 1952 1578 et
1980 1525 2219 1594 genuit?
2246 1527 2543 1588 Quomodo
2582 1527 2793 1580 Rachel
2832 1527 2975 1581 filios
3003 1527 3307 1582 benedicta
3338 1546 3522 1582 susce-

1895 1619 2018 1688 pit?
2051 1619 2336 1689 Numquid
2373 1625 2708 1674 erraverunt
2745 1621 3059 1692 prophetae,
3103 1622 3372 1692 quoniam
3420 1624 3521 1675 Do—

1896 1711 2084 1766 minus
2113 1729 2306 1766 errare
2338 1729 2449 1766 non
2481 1715 2704 1784 potuit?
2738 1715 2846 1769 Sed
2877 1715 2931 1768 in
2961 1716 3260 1786 prophetis
3296 1733 3522 1786 quoque

1895 1806 2171 1860 Dominus
2217 1812 2300 1860 est
2335 1807 2580 1876 locutus,
2627 1814 2684 1861 et
2729 1809 2854 1862 ideo
2904 1825 3004 1863 nec
3053 1809 3132 1862 illi
3181 1825 3372 1862 errare
3421 1827 3520 1880 po-

1896 1904 2144 1954 tuerunt.
2179 1900 2284 1964 Qui
2331 1901 2506 1969 igitur
2543 1902 2820 1971 quadrare
2861 1902 3077 1973 poterit
3118 1903 3400 1957 discordia
3433 1904 3522 1958 lit-

1896 1998 2146 2047 terarum
2180 1995 2286 2063 (43)
2300 1995 2325 2046 ?

1967 2111 2054 2163 23.
2113 2109 2226 2164 Sed
2270 2110 2403 2180 quia
2457 2111 2533 2164 ibi
2579 2111 2788 2166 bellum
2842 2117 2956 2176 est,
3009 2118 3410 2168 convertamur
3457 2116 3523 2167 ad

1895 2202 2152 2274 spiritum
2206 2203 2386 2273 pacis;
2449 2205 2552 2258 Pax
2608 2205 2762 2260 enim
2816 2206 2957 2260 dixit
3011 2223 3022 2260 :
3081 2229 3107 2257 α
3157 2208 3352 2262 Mulier
3399 2224 3524 2261 cum

1895 2296 2153 2366 parturit,
2184 2296 2473 2350 tristitiam
2503 2297 2694 2364 habet,
2718 2299 2848 2370 quia
2871 2300 3029 2352 venit
3053 2300 3188 2353 hora
3217 2301 3370 2369 ejus;
3396 2317 3524 2354 cum

1893 2395 2084 2444 autem
2125 2391 2431 2460 pepererit,
2457 2391 2578 2460 jam
2607 2409 2718 2445 non
2761 2392 3023 2446 meminit
3054 2393 3294 2446 tristitia-3
3325 2394 3524 2462 (10am,

1896 2499 2004 2547 XVI,
2035 2485 2146 2552 ‘21).
2181 2507 2206 2531 η
2241 2484 2466 2537 Habetis
2506 2485 2712 2540 iterum
2744 2486 2899 2554 quod
2939 2485 3182 2555 subjecit
3211 2487 3315 2552 (44)
3351 2503 3362 2539 :
3400 2508 3427 2533 «
3461 2489 3524 2540 Et

1896 2594 1989 2630 vos
2018 2577 2187 2630 modo
2217 2577 2451 2648 quidem
2492 2578 2776 2632 tristitiam
2816 2579 3056 2646 habetis,
3089 2579 3302 2632 iterum
3335 2583 3524 2633 autem

1894 2671 2098 2724 videbo
2134 2687 2248 2739 vos,
2283 2676 2339 2726 et
2373 2672 2648 2742 gaudebit
2689 2689 2787 2727 cor
2827 2676 3072 2726 vestrum
3117 2673 3302 2740 (Ibid.,
3340 2674 3462 2740 22);
3500 2697 3526 2720 ››

1894 2768 1959 2818 ut
1995 2765 2321 2819 ostenderet
2356 2767 2740 2836 perfectorum
2781 2781 2900 2819 esse
2950 2766 3147 2830 laetari,
3192 2771 3392 2820 nutare
3443 2766 3526 2819 in-

1897 2859 2215 2926 ﬁrmorum,
2257 2859 2419 2929 quasi
2459 2859 2645 2913 adhuc
2689 2859 2909 2913 incerta
2959 2858 3364 2912 metuentium.
3417 2859 3527 2914 Sed

1896 2959 1950 3005 et
1982 2952 2070 3006 hic
2097 2953 2154 3005 in
2188 2952 2570 3023 superioribus
2597 2952 2736 3006 dixit
2763 2969 2775 3006 :
2811 2973 2836 2999 ‹‹
2866 2951 3120 3006 Edebant
3139 2957 3196 3006 et
3224 2952 3525 3010 bibebant.

1897 3045 2208 3114 nubebant,
2255 3051 2312 3098 et
2366 3061 2570 3100 uxores
2618 3045 2905 3100 ducebant
2950 3047 3117 3112 (Luc.,
3166 3061 3298 3112 xvu,
3348 3049 3456 3115 27),
3504 3071 3526 3094 υ

1894 3139 2142 3210 ligantes
2183 3138 2389 3192 scilicet
2427 3155 2486 3192 se
2527 3138 2587 3192 in
2629 3139 2778 3193 hanc
2813 3138 3008 3206 vitam,
3043 3142 3100 3192 et
3143 3138 3532 3194 sollicitudini-

1896 3233 2000 3286 bus
2038 3232 2399 3287 saecularibus
2441 3231 2770 3286 vincientes.
2812 3233 2909 3286 Hae
2949 3239 3081 3287 sunt
3124 3233 3312 3304 itaque
3339 3249 3527 3303 praeg-

1898 3330 2096 3380 nantes
2122 3325 2327 3396 quibus
2357 3341 2438 3378 vas
2476 3324 2700 3392 dicitur,
2739 3341 2868 3396 quae
2899 3326 3158 3380 arvinam
3190 3341 3308 3380 sum
3337 3327 3530 3381 carnis

1895 3420 2219 3486 extendant,
2259 3423 2317 3472 et
2349 3419 2553 3490 quibus
2594 3419 2929 3473 intimorum
2977 3435 3201 3488 gressus
3243 3421 3529 3490 pigrescat

1896 3514 2239 3579 animorum,
2273 3511 2457 3566 elfetas
2485 3513 2778 3579 virtutum,
2800 3512 3045 3582 fetusque
3073 3513 3362 3567 vitiorum.

1971 3630 2055 3683 24.
2115 3627 2227 3682 Sed
2284 3644 2385 3680 nec
2441 3628 2551 3681 illae
2604 3633 2969 3697 praegnantes
3030 3629 3526 3683 condemnationis

1896 3725 2148 3777 exsortes
2184 3728 2336 3788 sunt,
2369 3737 2496 3791 quae
2542 3721 2602 3774 in
2631 3720 2915 3774 bonorum
2955 3726 3183 3774 actuum
3232 3722 3527 3776 molimine

1896 3816 2236 3879 constitutae,
2279 3815 2521 3870 necdum
2571 3814 2794 3884 aliquos
2832 3814 3077 3884 suscepti
3107 3814 3294 3884 operis
3318 3815 3526 3869 dedere

1896 3926 2211 3982 processus.
2241 3909 2385 3964 Sunt
2413 3908 2567 3962 enim
2596 3911 2652 3961 et
2693 3924 2820 3978 quas
2865 3908 2932 3961 de
2973 3907 3068 3961 Dei
3106 3908 3312 3962 timore
3340 3909 3528 3962 conci-

1895 4006 2077 4078 piunt,
2123 4020 2249 4074 quae
2285 4002 2484 4057 dicunt
2521 4021 2534 4056 :
2585 4027 2610 4049 α
2647 4003 2722 4055 De
2764 4002 2968 4056 timore
3020 4005 3115 4055 tuo
3167 4003 3527 4072 concepimus

1896 4105 1954 4155 et
1979 4097 2379 4170 parturivimus
2430 4099 2576 4164 (Isa.,
2606 4112 2758 4164 xxvr,
2809 4097 2916 4166 18).
2949 4117 2975 4144 »
3019 4095 3127 4150 Sed
3167 4112 3284 4150 non
3326 4112 3527 4150 omnes

1895 4193 2148 4265 pariunt,
2181 4209 2295 4246 non
2341 4207 2544 4245 omnes
2581 4189 2837 4261 perfecti,
2883 4205 2996 4243 non
3046 4205 3249 4244 omnes
3293 4195 3529 4260 possunt

1897 4287 2080 4342 dicere
2133 4304 2144 4340 :
2198 4308 2223 4334 ‹‹
2279 4285 2609 4356 Peperimus
2659 4283 2924 4354 spiritum
2983 4284 3182 4338 salutis
3248 4285 3307 4337 in
3376 4290 3522 4338 terra

1897 4382 2113 4453 (Ibid),
2146 4403 2170 4427 η
2207 4397 2321 4434 non
2350 4396 2549 4433 omnes
2575 4378 2778 4443 Marica,
2811 4393 2939 4448 quas
2967 4378 3036 4430 de
3079 4377 3294 4447 Spiritu
3332 4383 3528 4432 sancto

1896 4476 2182 4532 Christum
2227 4474 2566 4544 concipiant,
2613 4471 2860 4525 Verbum
2899 4471 3143 4540 pariant.
3185 4470 3333 4524 Sunt
3368 4472 3522 4524 enim

149 4563 448 4618 laboranti
484 4563 688 4618 Christi
735 4565 1037 4634 praesentia
1076 4565 1344 4635 spiritalis
1385 4565 1652 4635 illuxerit,
1687 4567 1791 4620 tol-
1815 4567 1873 4638 Ι)
1897 4587 2026 4642 quae,
2065 4569 2383 4623 abortivum
2423 4566 2724 4620 excludant
2766 4564 3036 4628 Verbum,
3067 4567 3384 4634 antequam
3422 4582 3520 4635 pa-

149 4655 289 4711 titur
351 4657 583 4728 iniquus
626 4674 655 4712 e
702 4659 911 4726 medio,
959 4665 1014 4714 et
1055 4658 1260 4730 incipit
1301 4675 1543 4730 regnare
1577 4660 1795 4730 justitia

148 4768 280 4822 qua!
295 4767 540 4806 omnem
562 4751 820 4806 fidelium
834 4752 1120 4808 mentibus
1137 4758 1372 4808 evacuat
1387 4755 1789 4824 principatum.

223 4849 321 4898 '21.
373 4845 471 4898 Est
529 4845 700 4898 etiam
756 4847 954 4901 tertius
1007 4847 1411 4914 Antichristus,
1458 4851 1556 4901 aut
1609 4848 1790 4913 Arius,

149 4936 422 5010 1509
461 4943 558 4992 aut
590 4939 899 5009 Sabellius;
929 4940 1047 4994 imo
1078 4957 1271 4996 omnes
1303 4946 1434 4995 sunt
1471 4941 1795 4995 Antichristi

146 5033 251 5101 qui
308 5049 479 5102 prava
533 5049 636 5087 nos
686 5033 1157 5105 interpretatione
1203 5035 1498 5089 seducunt.
1550 5036 1618 5088 Et
1667 5035 1793 5089 ideo

215 5177 324 5238 (39)
353 5177 502 5228 Edit.
533 5178 757 5228 Amerb.
785 5183 839 5229 et
869 5179 1026 5229 Rom.
1058 5193 1184 5229 cum
1215 5181 1406 5242 paucis
1450 5193 1603 5240 mss.,
1631 5195 1791 5245 prop-

147 5252 232 5296 ter
253 5248 574 5298 redimenda
604 5249 812 5300 delicta.
847 5251 1030 5300 Minus
1060 5251 1368 5301 commode.

209 5319 321 5380 (40)
353 5320 481 5372 Mss.
520 5320 633 5371 fere
670 5320 738 5370 ad
776 5334 972 5382 unum,
1012 5335 1120 5371 sum
1159 5321 1282 5385 legis
1317 5321 1561 5372 exercitu.
1596 5323 1792 5373 Melius

149 5395 350 5440 tamen
395 5395 617 5442 cunctas
666 5392 818 5454 edit.,
860 5406 968 5442 sum
1015 5392 1235 5454 legionis
1285 5394 1536 5443 exercitu.
1594 5393 1793 5444 Facilis

145 5464 370 5526 quippe
393 5464 726 5527 scriptorum
751 5464 941 5527 lapsus
979 5465 1143 5514 trium
1179 5464 1581 5516 elementorum
1621 5467 1792 5515 emis-

146 5545 237 5583 310
245 5570 259 5581 .

216 5605 328 5666 (41)
359 5605 475 5655 Vet.
503 5607 634 5656 edit.
663 5620 727 5656 ac
765 5609 926 5670 pauci
976 5620 1128 5667 mss.,
1181 5608 1321 5657 Tunc
1360 5621 1476 5655 cuni
1518 5607 1610 5656 ista
1649 5608 1794 5656 Auti-

142 5677 389 5726 εὰν-ἰδίω
426 5682 558 5728 tenet
594 5695 610 5727 :
643 5679 806 5729 donec
850 5682 916 5730 de
957 5680 1126 5730 medio
1167 5680 1278 5742 ﬁat,
1309 5679 1528 5742 justitia
1564 5679 1791 5729 exsulat.

143 5745 329 5796 Rom.
372 5749 507 5798 Tunc
542 5749 896 5799 Antichristus
929 5755 1063 5800 tenet
1101 5766 1116 5798 :
1159 5751 1283 5800 dum
1315 5750 1526 5813 justitia
1565 5750 1788 5800 swsulat.

143 5816 389 5879 Reliqui
441 5832 572 5869 mss.
627 5833 824 5885 magno
867 5834 1143 5871 consensu
1191 5821 1489 5872 nobiscum
1537 5822 1790 5880 faciunt;

140 5890 264 5938 nisi
307 5890 453 5952 quod
483 5903 581 5954 pro
611 5892 889 5951 interiora,
925 5893 977 5941 in
1022 5892 1354 5956 quibusdam
1397 5896 1613 5942 tantum
1652 5893 1792 5955 legi-

1897 4665 2088 4718 riant:
2134 4668 2262 4716 sunt
2303 4677 2430 4732 quas
2473 4660 2528 4712 in
2576 4664 2735 4712 utero
2777 4658 3069 4713 Christum
3121 4658 3389 4726 habeant,
3423 4660 3523 4714 sed

1897 4775 2030 4813 eum
2073 4757 2328 4811 nondum
2373 4755 2779 4819 formaverunt,
2823 4752 3028 4823 quibus
3074 4751 3281 4806 dicitur
3320 4770 3332 4806 :
3373 4775 3398 4802 «
3435 4754 3519 4806 Fi-

1898 4852 2015 4906 lioli
2064 4851 2196 4916 mei,
2244 4865 2383 4919 quos
2429 4849 2637 4902 iterum
2682 4847 2960 4917 parturio,
3010 4846 3189 4900 donec
3243 4847 3525 4900 formetur

1895 4945 2151 5001 Christus
2187 4945 2243 4997 in
2277 4942 2434 4996 vobis
2465 4941 2694 5007 (Galat.,
2727 4957 2800 5006 iv,
2832 4944 2939 5007 19).
2973 4964 2996 4987 »ι
3028 4941 3176 5010 Ergo
3213 4940 3313 5012 qui
3337 4939 3520 4994 adhuc

1899 5041 1954 5093 in
1983 5044 2142 5092 utero
2183 5042 2334 5102 sunt,
2379 5034 2770 5105 parturiuntur
2809 5035 2967 5104 quasi
3010 5033 3330 5103 imperfecti
3362 5050 3374 5087 :
3400 5034 3518 5103 jam

1895 5192 1984 5234 tur
2011 5186 2066 5232 in
2099 5187 2165 5241 te,
2191 5196 2302 5231 non
2335 5194 2505 5244 pravo
2536 5193 2721 5229 sensu.

1957 5255 2051 5314 (4‘2)
2080 5253 2205 5303 Mss.
2242 5251 2516 5311 nonnulli,
2547 5251 2773 5300 inveniet
2794 5264 2974 5314 pacem
2999 5263 3157 5313 super
3188 5255 3402 5298 terram.

1956 5327 2052 5386 (43)
2101 5326 2248 5375 Edit.
2301 5325 2422 5373 Era.
2473 5328 2526 5372 et
2567 5323 2693 5374 Gil].
2744 5325 2796 5372 in
2841 5324 3106 5384 margine,
3149 5336 3213 5372 ac
3260 5322 3418 5372 Rom.
3469 5325 3521 5371 in

1895 5401 2049 5447 textu
2090 5409 2218 5445 cum
2264 5409 2394 5444 mss.
2439 5393 2744 5452 nonnullis,
2787 5392 2922 5454 Quid
2959 5388 3136 5454 ergo?
3181 5393 3388 5440 Errare
3433 5406 3524 5456 po-

1894 5471 2014 5518 terit
2042 5467 2310 5516 discordia
2342 5465 2643 5515 litterarum
2665 5460 2695 5514 Ρ
2721 5463 2945 5513 Eaedem
2977 5463 3108 5511 edit.
3145 5462 3268 5512 Era.
3299 5467 3352 5512 et
3391 5463 3517 5514 Gil].

1894 5541 1950 5590 in
1981 5543 2137 5589 textu
2181 5553 2307 5589 cum
2354 5536 2576 5587 Amerb.
2605 5536 2958 5597 maximaque
2999 5537 3151 5596 parte
3190 5547 3344 5593 mss.,
3388 5535 3523 5596 Quid

1893 5615 2044 5672 (mss.
2078 5610 2309 5672 aliquot,
2337 5608 2475 5671 quis)
2504 5605 2781 5668 quadrare
2807 5603 2996 5666 poterit
3028 5603 3351 5654 discordiam
3389 5603 3522 5654 lme-

1893 5677 2130 5731 rarum?
2153 5680 2480 5743 Elegantius
2506 5690 2635 5726 vero
2676 5675 2837 5725 Corb.
2873 5680 2926 5724 et
2965 5674 3058 5723 alii
3101 5675 3349 5739 quidam,
3382 5689 3523 5740 quos

1894 5753 2068 5803 secuti
2099 5763 2312 5801 sumus.

1957 5825 2052 5885 (44)
2079 5822 2223 5872 Edit.
2255 5826 2309 5871 et
2334 5821 2498 5884 pauci
2541 5832 2694 5878 mss.,
2726 5831 2833 5867 non
2876 5817 3109 5866 meminit
3144 5829 3421 5882 pressura.
3463 5818 3524 5866 Et

1893 5891 2110 5954 subjecit
2133 5907 2153 5953 ;
2183 5889 2276 5940 alii
2307 5902 2509 5954 magno
2540 5900 2818 5940 consensu
2848 5892 2911 5937 ut
2934 5901 3036 5939 nos
3067 5888 3122 5937 in
3148 5893 3318 5939 textu.
