4022 6176
548 316 561 366 1
576 314 678 365 903

537 437 615 491 illi
665 434 1053 507 perfectiores,
1108 430 1315 502 quibus
1365 430 1574 485 dicitur
1624 448 1634 483 :

537 528 912 600 Evangelium
944 524 1118 597 genui
1148 524 1187 595 (Ι
1220 527 1362 586 Cor.,
1398 541 1471 593 iv,
1504 527 1610 594 15).
1648 546 1675 573 ››

612 627 700 679 25.
731 621 889 677 Multi
930 623 1126 692 patres
1170 635 1274 690 per
1316 618 1705 690 Evangelium,
1735 623 1793 672 et
1828 616 2025 671 multa
2054 632 2175 671 ma-

543 725 661 773 tres
688 732 818 788 qua
839 714 1128 770 Christum
1155 712 1407 784 pariunt.
1439 712 1574 776 Quis
1603 711 1745 766 mihi
1772 710 1948 782 igitur
1973 709 2177 765 Christi

541 814 823 867 monstret
846 808 1156 880 parentes?
1181 808 1306 877 Ipse
1335 805 1687 875 monstravit,
1715 805 1905 859 dicens
1934 822 1949 859 :
1986 826 2011 854 (ι
2039 803 2179 868 Qua

542 904 683 960 mihi
731 908 815 959 est
860 905 1065 969 mater,
1110 905 1209 956 aut
1260 900 1358 971 qui
1410 900 1770 955 fratres?.....
1821 898 1927 963 Qui
1978 897 2181 953 fecerit

545 998 896 1053 voluntatem
923 996 1103 1051 Patris
1131 994 1245 1049 mei
1272 995 1371 1067 qui
1400 994 1459 1048 in
1487 994 1638 1048 calis
1668 998 1770 1059 est,
1798 992 1922 1064 ipse
1951 991 2093 1046 mihi
2123 994 2181 1045 et

547 1094 747 1160 frater,
779 1095 836 1146 et
862 1106 1041 1156 soror,
1070 1092 1128 1144 et
1155 1092 1341 1144 mater
1371 1091 1457 1143 est
1480 1088 1726 1158 (Matth.,
1762 1103 1858 1151 xu,
1889 1087 1977 1153 48,
2006 1087 2115 1155 50).
2152 1110 2176 1133 ››

548 1188 651 1241 Fac
683 1186 1034 1241 voluntatem
1070 1184 1267 1250 Patris,
1301 1188 1360 1237 ut
1388 1181 1591 1239 Christi
1632 1186 1816 1236 mater
1856 1180 1950 1234 sis.
1998 1179 2182 1236 Multa

549 1283 938 1350 conceperunt
988 1277 1295 1344 Christum,
1352 1282 1408 1331 et
1464 1292 1577 1330 non
1634 1279 1975 1346 genuerunt.
2035 1274 2181 1345 Ergo

553 1370 809 1447 1510
838 1388 966 1443 qua
1007 1371 1157 1442 parit
1186 1370 1491 1441 justitiam,
1521 1369 1812 1425 Christum
1841 1368 2022 1439 parit;
2055 1384 2183 1438 qua

549 1467 701 1539 parit
726 1465 1085 1537 sapientiam,
1115 1464 1402 1520 Christum
1432 1464 1611 1535 parit;
1638 1479 1765 1534 qua
1798 1461 2039 1534 parturit
2068 1477 2184 1514 ver-

548 1562 705 1627 bum,
733 1559 1022 1616 Christum
1050 1557 1323 1630 parturit.

621 1659 709 1709 26.
744 1654 838 1708 Est
864 1653 1037 1708 etiam
1063 1668 1192 1724 qua
1224 1650 1523 1723 parturivit
1548 1649 1902 1722 injustitiam,
1930 1653 1986 1704 et
2015 1665 2185 1721 pepe-

2011 302 2066 353 S.
2107 299 2423 355 AMBROSII

1696 452 1721 477 «ι
1772 430 1888 495 Ego
1934 444 2029 482 vos
2077 444 2177 497 per
2201 428 2645 513 Afeminarum,
2691 429 2843 500 quod
2892 430 3113 483 etiamsi
3155 430 3277 499 jam
3319 435 3499 499 partus
3538 431 3705 487 dolore
3744 437 3831 490 sint

3720 315 3829 366 Nili

2277 522 2569 590 absoluta,
2618 523 2800 578 adhuc
2853 529 3048 577 tamen
3095 521 3535 577 conﬂtendorum
3576 526 3832 596 pignorum

2280 616 2390 688 (46)
2418 622 2573 671 metu
2603 620 2838 687 nutent;
2864 617 3000 688 quia
3031 633 3132 688 per
3160 616 3546 672 temulentiam
3576 621 3835 675 nutrientis

2279 726 2513 765 somnus
2545 710 2804 782 obrepat,
2832 710 3135 782 parvulum
3175 713 3364 764 mater
3387 710 3669 781 opprimat,
3695 721 3837 784 neget

2281 821 2472 875 suum,
2501 811 2723 876 quarat
2746 804 3000 860 alienum
3031 822 3045 859 :
3072 803 3177 859 sed
3209 807 3268 859 et
3302 803 3394 858 illa
3419 821 3537 876 qua
3564 805 3723 860 tilium
3748 824 3837 861 non

2281 900 2545 970 peremit,
2575 899 2927 970 periclitatur
2956 915 3076 967 suo,
3107 898 3241 970 quia
3258 897 3455 969 judicii
3481 898 3645 954 haret
3662 899 3839 954 incerto

2286 994 2369 1061 (Ill
2398 996 2550 1063 Περ..
2588 1010 2666 1061 Ill,
2700 995 2808 1062 25).

2354 1091 2441 1142 31.
2472 1089 2620 1157 Ergo
2649 1092 2707 1142 et
2734 1103 2854 1156 nos,
2888 1103 2959 1143 ne
2997 1086 3154 1158 quasi
3197 1087 3645 1158 imperfectorum
3676 1103 3843 1157 paren-

2285 1186 2367 1235 tes
2411 1198 2651 1253 operum
2694 1187 2791 1236 aut
2825 1181 3027 1252 judicii
3070 1181 3209 1247 dies,
3256 1184 3354 1235 aut
3396 1180 3580 1235 mortis
3619 1180 3842 1248 inveniat,

2285 1276 2543 1347 parvulos
2580 1280 2806 1331 nostros
2847 1275 3132 1331 ablactare
3162 1290 3547 1347 properemus.
3575 1273 3847 1329 Ablactatus

2286 1371 2433 1425 Isaac
2481 1387 2598 1425 non
2647 1371 2752 1424 fuit
2804 1386 3006 1424 somno
3055 1370 3252 1424 matris
3303 1367 3600 1436 obnoxius;
3653 1374 3703 1422 et
3746 1367 3848 1422 ideo

2286 1466 2519 1536 epulum
2552 1480 2824 1536 magnum
2866 1462 3121 1519 exhibuit
3157 1463 3463 1531 Abraham,
3492 1462 3702 1533 quando
3727 1460 3848 1516 abla-

2284 1558 2455 1613 ctavit
2484 1558 2667 1612 ﬁlium
2700 1558 2876 1627 (Gem,
2916 1574 3025 1625 χχι,
3059 1559 3132 1627 8).
3174 1557 3500 1612 Ablactatus
3531 1555 3689 1610 David
3718 1555 3851 1609 retri-

2285 1653 2585 1708 butionem
2622 1652 2828 1706 anima
2869 1668 2985 1707 sua
3026 1654 3220 1723 sperat
3263 1651 3428 1721 (Psal.
3476 1666 3626 1718 cxxx,
3653 1648 3727 1719 2);
3764 1663 3853 1701 non

553 1751 626 1804 rit
656 1748 1037 1819 iniquitatem.
1068 1745 1191 1801 lstis
1214 1761 1297 1799 va
1328 1744 1775 1817 praegnantibus,
1801 1760 1928 1814 qua
1948 1759 2183 1814 corpore
2206 1815 2247 1819 _
2289 1746 2442 1800 enim
2470 1752 2531 1800 ut
2570 1744 2893 1802 Corinthius
2928 1745 2988 1799 in
3018 1744 3332 1816 primordio
3362 1742 3515 1810 ﬁdei,
3552 1758 3680 1797 esca
3705 1740 3853 1795 adhuc

555 1815 777 1914 graves,
823 1839 895 1894 ad
934 1838 1294 1894 evadendum
1329 1815 1653 1910 periculum
1695 1838 1973 1909 pigriores
2018 1838 2181 1892 sunt!
2206 1815 2263 1886 B
2289 1840 2568 1895 invalidus
2607 1839 2852 1906 fortiori,
2882 1815 3285 1909 lactepotatur
3328 1838 3371 1909 (Ι
3414 1840 3555 1900 Cor.,
3584 1838 3753 1903 ui,2);
3781 1834 3854 1887 sed

554 1938 681 1992 Istis
727 1951 825 2005 va,
878 1933 1083 2005 quibus
1132 1932 1304 1988 futuri
1351 1936 1564 2004 partus,
1610 1949 1724 2005 quo
1770 1949 1974 2003 corpus
2016 1948 2185 1987 omne

556 2030 897 2094 concutitur,
951 2026 1111 2081 dolor
1166 2027 1442 2097 ingeritur
1488 2028 1619 2097 (45).
1667 2026 1759 2079 His
1804 2026 1978 2081 futuri
2024 2026 2187 2097 signa

550 2123 752 2195 judicii
776 2120 941 2176 initia
965 2127 1096 2175 sunt
1123 2120 1386 2175 dolorum
1416 2121 1659 2190 (Matth.,
1690 2136 1834 2188 xxiv,
1865 2122 1941 2191 8).

628 2221 716 2273 27.
747 2214 947 2271 Docuit
977 2214 1151 2270 etiam
1180 2216 1395 2286 Moyses
1425 2230 1543 2270 esse
1573 2217 1982 2285 pragnantem,
2013 2230 2186 2285 quam

559 2312 604 2365 si
664 2311 778 2366 duo
829 2308 1287 2364 conculcaverint
1334 2306 1644 2379 litigantes,
1706 2307 2027 2363 abortivum
2080 2308 2188 2363 cito

557 2404 774 2459 incidat
798 2403 1019 2473 (Emod.,
1049 2418 1158 2471 xxx,
1195 2403 1305 2471 22).
1338 2402 1405 2457 Et
1440 2402 1569 2457 ideo
1601 2401 1755 2457 bona
1780 2401 1992 2457 femina
2031 2401 2188 2457 litem

556 2497 761 2569 fugiat,
811 2512 1010 2568 pacem
1057 2499 1350 2567 sequatur,
1398 2501 1459 2550 ut
1504 2499 1734 2567 partum
1778 2495 1955 2567 possit
2004 2495 2185 2551 absol-

554 2604 686 2646 vere
711 2608 723 2645 :
755 2604 857 2644 nec
886 2605 1094 2644 novem
1120 2588 1404 2643 mensium
1430 2594 1659 2661 tempus
1687 2592 2002 2660 exspectet,
2031 2588 2188 2645 verbi

556 2689 750 2756 partus
786 2699 904 2738 non
940 2683 1001 2737 in
1042 2686 1321 2754 tempore,
1356 2682 1455 2737 sed
1492 2682 1802 2753 diligentia
1835 2682 2190 2754 plenitudine

557 2784 659 2835 est.
704 2778 1140 2834 Consummatus
1185 2782 1379 2831 autem
1420 2777 1479 2831 in
1518 2776 1677 2831 brevi
1716 2777 1907 2848 justus
1944 2776 2192 2848 explevit

557 2878 822 2943 tempora
852 2870 1037 2925 multa
1062 2870 1241 2941 (Sap.,
1274 2887 1346 2938 iv,
1385 2873 1491 2939 13).
1534 2873 1601 2925 At
1639 2877 1836 2925 contra
1864 2870 1976 2925 cito
2001 2871 2192 2925 anima

558 2965 893 3037 imperfecta
917 2964 1179 3033 calcatur,
1205 2967 1262 3018 et
1291 2964 1526 3019 verbum
1548 2964 1699 3035 quod
1728 2964 2006 3037 concepit,
2030 2965 2192 3019 amit-

560 3060 646 3115 tit.
678 3059 787 3116 Sed
821 3073 902 3112 va
929 3056 1010 3111 illi
1039 3057 1139 3128 qui
1166 3056 1635 3112 scandalizaverit
1667 3074 1847 3112 unum
1879 3058 1949 3113 de
1976 3058 2192 3129 pusillis

558 3154 681 3208 istis
707 3153 921 3222 (Mare,
963 3168 1000 3219 ι,
1037 3150 1157 3221 41)!
1187 3151 1280 3204 Va
1317 3150 1397 3205 illi
1428 3150 1527 3222 qui
1568 3155 1968 3222 pragnantem
2008 3154 2186 3208 calca-
2212 3183 2266 3256 Ο

557 3246 733 3303 verit!
787 3246 927 3299 Nam
978 3244 1021 3298 si
1080 3243 1321 3300 informe
1369 3245 1554 3300 adhuc
1602 3246 1811 3317 pignus
1861 3246 2187 3316 excluserit,

562 3338 818 3413 pecunia
838 3339 1061 3409 jactura
1093 3340 1204 3408 est;
1233 3338 1281 3392 si
1317 3355 1448 3394 vero
1474 3339 1811 3410 formatum,
1841 3340 2041 3396 reddet
2065 3342 2189 3396 ani-

565 3445 726 3489 mam
769 3448 872 3505 pro
910 3432 1119 3499 anima,
1168 3432 1394 3487 oculum
1438 3449 1542 3505 pro
1582 3433 1769 3502 oculo,
1808 3435 2044 3490 dentem
2086 3452 2191 3506 pro

562 3529 754 3595 dente,
784 3541 1026 3581 manum
1053 3541 1156 3597 pro
1184 3542 1361 3580 manu
1386 3525 1607 3598 (Emod.,
1634 3543 1741 3598 xxI,
1762 3530 1975 3600 22-24).

634 3624 724 3677 28.
766 3619 876 3677 Sed
918 3635 1020 3675 cur
1056 3620 1284 3674 oculum
1321 3624 1420 3675 aut
1453 3636 1711 3689 manum,
1747 3637 1877 3676 cum
1907 3622 2193 3679 abortivus

564 3722 620 3771 et
646 3730 881 3770 manum
924 3713 1151 3780 habeat,
1181 3718 1237 3769 et
1273 3713 1502 3771 oculum
1545 3714 1767 3783 habeat,
1795 3716 1893 3787 qui
1918 3717 2043 3786 jam
2072 3717 2192 3773 for-

564 3814 753 3863 matus
799 3822 1064 3862 excussus
1102 3807 1224 3861 est?
1266 3806 1425 3862 Unde
1476 3812 1714 3879 apparet
1752 3824 1857 3880 pro
1903 3825 1972 3864 eo
2019 3810 2193 3866 modo

565 3916 680 3974 quo
723 3901 938 3969 nocuit,
986 3915 1457 3972 unumquemque
1495 3900 1907 3957 damnandum.
1942 3904 1999 3958 Si
2039 3905 2193 3959 enim

562 3996 1038 4051 catechumenum
1076 3993 1201 4065 quis
1239 3994 1325 4049 vel
1352 3993 1655 4050 hareticus
1683 3996 1772 4050 vel
1798 3996 2195 4054 schismaticus

563 4095 842 4161 tanquam
884 4087 952 4143 de
992 4090 1157 4143 utero
1190 4088 1278 4142 vel
1316 4087 1526 4143 anima
1567 4089 1651 4143 vel
1696 4090 1957 4145 Ecclesia
1997 4098 2193 4163 partu-

564 4182 762 4236 rientis
801 4181 1126 4249 excusserit,
1171 4181 1346 4236 levius
1380 4182 1617 4252 punitur
1653 4199 1666 4237 :
1697 4184 1741 4236 si
1774 4183 2025 4252 fidelem,
2062 4202 2192 4257 gra-

563 4276 706 4331 vius.
741 4275 808 4330 Et
854 4274 986 4330 ideo
1030 4273 1346 4330 cavendum
1382 4291 1455 4330 ne
1497 4291 1627 4330 cum
1666 4276 1875 4332 talibus
1914 4278 2197 4351 litigando

522 4412 525 4415 μ
564 4368 871 4425 Ecclesiam
907 4368 1118 4437 calces;
1162 4368 1362 4424 stultas
1401 4368 1556 4424 enim
1594 4386 1818 4442 pugnas
1845 4371 1907 4441 (ll
1943 4375 2103 4438 Tim.,
2134 4390 2195 4444 u,

570 4466 673 4534 16),
735 4470 791 4517 et
845 4462 964 4518 sine
1019 4461 1315 4534 disciplina
1364 4463 1704 4535 quastiones
1756 4465 1965 4533 devita,
2015 4467 2197 4523 sciens

2282 1934 2401 2004 jam
2429 1949 2575 2005 pane
2614 1933 2797 1988 solido
2824 1932 3084 1987 firmatus
3110 1932 3168 1987 in
3205 1930 3617 2003 plenitudinem
3642 1927 3855 2001 perfecte

2289 2027 2470 2082 atatis
2513 2027 2838 2082 adoleverat
2880 2026 3118 2097 (Ephes.,
3180 2042 3250 2093 IV,
3302 2027 3409 2097 13).
3464 2021 3696 2095 1511
3744 2021 3859 2090 Ergo

2288 2138 2402 2176 non
2431 2121 2564 2176 satis
2592 2126 2678 2176 est
2702 2137 2840 2176 cura
2869 2119 3205 2191 generandi,
3238 2119 3346 2174 nisi
3376 2119 3637 2189 suppetat
3659 2113 3858 2171 efﬁcacia

2288 2215 2603 2270 nutriendi.

2360 2312 2449 2365 32.
2492 2312 2688 2379 Itaque
2733 2312 2791 2363 et
2832 2308 2933 2363 tibi
2988 2312 3261 2379 tanquam
3309 2306 3499 2363 Maria
3541 2303 3753 2360 verbum
3790 2300 3860 2354 Dei

2290 2407 2523 2470 crescat,
2563 2402 2840 2473 sapientia
2887 2407 2944 2457 et
2976 2407 3138 2457 atate
3186 2401 3466 2473 proﬁciat.
3513 2397 3665 2463 Quod
3702 2395 3768 2451 ita
3801 2393 3863 2457 ﬁt,

2290 2498 2335 2552 si
2373 2497 2567 2551 omnia
2610 2496 2761 2551 dicta
2794 2496 3032 2567 justitia
3060 2495 3119 2550 in
3153 2496 3322 2550 corde
3355 2492 3644 2559 custodias,
3669 2506 3761 2544 nec
3797 2503 3863 2539 se-

2292 2591 2532 2646 nectutis
2584 2593 2810 2662 tempus
2863 2592 3182 2661 exspectes;
3238 2589 3337 2644 sed
3401 2590 3459 2643 in
3512 2585 3687 2658 prima
3734 2586 3865 2638 atate

2291 2685 2630 2756 desponsata
2676 2685 2771 2739 alii
2801 2685 2922 2739 viro
2951 2684 3108 2754 justo
3149 2682 3486 2753 sapientiam
3526 2681 3640 2734 sine
3674 2691 3866 2744 corrup-

2290 2779 2407 2834 tela
2445 2779 2695 2850 corporis
2748 2779 2828 2833 tui
2875 2778 2986 2832 cito
3036 2775 3345 2847 concipias,
3397 2775 3508 2831 cito
3558 2772 3749 2846 parias,
3787 2766 3868 2823 cito

2294 2874 2528 2927 nutrias.
2561 2873 2693 2927 Vide
2718 2872 2859 2927 mihi
2888 2872 3123 2926 Paulum
3152 2871 3424 2926 hesterno
3453 2865 3868 2942 persequentem,

2292 2966 2463 3022 hodie
2501 2967 2851 3033 credentem,
2894 2966 2985 3021 die
3023 2965 3273 3020 crastina
3318 2956 3869 3036 pradicantem(Act..

2292 3077 2365 3128 Ix,
2391 3062 2562 3131 1-20).

2363 3157 2451 3209 33.
2487 3176 2514 3203 ‹‹
2557 3154 2726 3209 Orate
2767 3170 2837 3209 ne
2876 3154 2977 3208 ﬁat
3004 3155 3144 3225 fuga
3181 3161 3370 3207 vestra
3411 3153 3615 3219 hieme,
3655 3147 3733 3203 vel
3761 3142 3871 3201 Sab-

2291 3247 2421 3303 bato
2454 3248 2694 3318 (Matth.,
2724 3263 2871 3315 xxiv,
2903 3250 3015 3317 20).
3055 3269 3082 3295 ››
3115 3249 3254 3306 Cum
3280 3246 3488 3318 judicii
3528 3245 3615 3299 die
3638 3246 3871 3296 venturus

2292 3342 2363 3397 sit
2389 3342 2682 3411 Dominus,
2716 3346 2848 3397 ante
2886 3357 3060 3415 quem
3090 3342 3240 3414 ignis
3267 3340 3529 3410 ardebit;
3555 3337 3699 3410 ignis
3721 3337 3872 3390 autem

2292 3436 2373 3490 vis
2415 3442 2514 3492 aut
2550 3453 2779 3508 semper
2824 3437 3046 3505 eadem,
3086 3441 3182 3491 aut
3222 3435 3394 3490 citius
3440 3434 3638 3489 adurat
3674 3430 3871 3485 astate:

2296 3531 2583 3603 quomodo
2617 3530 2901 3586 orandum
2936 3530 3073 3585 dicit
3096 3545 3169 3583 ne
3192 3529 3337 3599 fuga
3362 3532 3561 3584 nostra
3586 3526 3761 3581 hieme
3782 3520 3873 3575 ﬁat.
3952 3520 3953 3597 ξ

2294 3625 2402 3680 nisi
2446 3624 2594 3680 forte
2649 3624 2784 3695 quia
2826 3624 2874 3677 is
2916 3624 3015 3695 qui
3062 3623 3121 3678 in
3169 3630 3395 3678 montes
3440 3621 3608 3693 fugit,
3652 3618 3809 3687 frigus
3835 3614 3873 3663 et

2296 3718 2559 3791 glaciem,
2591 3717 2865 3788 procellas
2892 3722 2949 3771 et
2972 3715 3318 3787 grandinem
3350 3714 3685 3770 delictorum
3715 3708 3874 3763 timere

2296 3813 2494 3878 debet,
2546 3815 2603 3867 et
2652 3815 2848 3883 optare
2906 3810 3012 3881 (47)
3071 3810 3279 3865 astiva
3336 3809 3477 3864 lucis
3531 3804 3875 3861 serenitatem,
3950 3812 3951 3859 ξ

2296 3922 2367 3963 ne
2394 3906 2612 3961 lubrico
2638 3904 2889 3975 corporis
2912 3904 3144 3975 vestigia
3173 3903 3410 3958 infirma
3439 3901 3695 3957 labantur
3712 3897 3738 3951 τ

2364 4002 2451 4055 34.
2485 3998 2643 4055 Unde
2674 4001 2731 4053 et
2754 3999 2849 4053 illa
2882 3998 2993 4068 jam
3030 4013 3231 4052 secura
3272 4012 3571 4069 processu,
3597 3995 3714 4065 jam
3738 3985 3879 4043 ﬁrmis

2296 4093 2579 4150 radicibus
2628 4092 2759 4147 nixa
2810 4092 3064 4160 latatur,
3121 4090 3318 4146 dicens
3371 4108 3386 4146 :
3446 4110 3474 4140 ι(
3516 4088 3699 4143 Hiems
3747 4079 3877 4139 abiit.

2296 4194 2519 4260 tempus
2549 4186 2776 4241 secandi
2805 4184 3035 4241 advenit
3065 4185 3272 4256 (Cant,
3306 4202 3368 4252 ιι,
3408 4189 3495 4252 11,
3530 4184 3648 4253 12);
3677 4202 3702 4230 ››
3728 4176 3879 4232 hieme

2296 4281 2446 4338 enim
2473 4280 2697 4335 arbores
2726 4286 2929 4336 ventus
2955 4295 3057 4333 suo
3090 4280 3307 4334 honore
3336 4276 3640 4350 despoliat,
3672 4277 3724 4329 et
3749 4280 3879 4339 aspe-

2297 4376 2436 4431 ritas
2472 4375 2705 4446 frigoris
2734 4380 2958 4430 teneras
2997 4373 3224 4429 frondes
3263 4373 3320 4428 in
3350 4373 3598 4445 speciem
3627 4363 3801 4423 mortis
3820 4361 3883 4413 in-

2299 4468 2534 4538 terﬁcit;
2564 4485 2696 4523 vere
2732 4473 2924 4523 autem
2961 4473 3272 4540 resurgunt
3305 4466 3551 4534 semina,
3579 4469 3633 4518 et
3658 4466 3881 4529 tanquam

565 4557 698 4631 quia
745 4559 1026 4628 generant
1066 4555 1214 4627 lites,
1256 4556 1465 4629 quibus
1507 4558 1747 4613 Ecclesia
1794 4561 1958 4632 quasi
2004 4568 2193 4632 partu-
2216 4555 2276 4626 D
2298 4580 2439 4618 nova
2466 4566 2628 4618 astas
2658 4565 2878 4618 natura
2903 4562 3195 4617 viridantis
3222 4560 3516 4616 adolescit.
3548 4558 3684 4611 Vere
3712 4546 3881 4607 Pascha

567 4650 719 4705 riens
742 4650 915 4705 totius
941 4651 1193 4721 corporis
1213 4651 1638 4707 conculcatione
1664 4656 1910 4709 vexetur.

639 4746 728 4799 29.
759 4745 907 4816 Ergo
943 4744 1052 4799 cito
1092 4744 1246 4815 reple
1274 4748 1535 4800 ventrem
1562 4749 1748 4814 tuum,
1782 4751 1843 4801 ut
1872 4748 2035 4803 citius
2066 4765 2193 4821 pos-

565 4839 641 4895 sis
665 4842 892 4910 partum
920 4837 1112 4893 edere.
1138 4838 1282 4894 Audi
1317 4839 1607 4911 quomodo
1634 4842 1873 4912 repleas,
1907 4848 1965 4897 et
1992 4844 2199 4914 quibus

566 4932 826 5004 repleas:
859 4950 887 4983 α
917 4931 992 4986 Ex
1031 4931 1243 4999 fructu,
1282 4932 1488 5004 inquit,
1530 4934 1642 4988 oris
1691 4934 1777 4989 sui
1822 4936 1904 4990 vir
1946 4936 2198 5009 implevit

564 5029 826 5081 ventrem
853 5041 1022 5081 suum
1053 5042 1066 5080 :
1099 5025 1377 5080 fructibus
1411 5033 1604 5083 autem
1647 5028 1930 5085 labiorum
1959 5046 2194 5087 suorum

563 5119 866 5176 satiabitur
892 5121 1091 5189 (Prov.,
1127 5135 1274 5187 xvm,
1306 5121 1420 5190 20).
1450 5143 1477 5171 ››

637 5215 722 5269 30.
756 5214 836 5269 De
862 5213 1244 5269 nutrientibus
1281 5230 1508 5287 quoque
1548 5215 1739 5271 docuit
1778 5235 1869 5273 me
1914 5219 2055 5274 illud
2096 5220 2192 5275 Sa-

564 5308 811 5365 lomonis
833 5307 1078 5363 sublime
1098 5306 1408 5379 judicium,
1438 5312 1495 5363 et
1520 5308 1615 5364 illa
1639 5311 1880 5366 duarum
1907 5315 2195 5368 contentio

629 5442 724 5504 (45)
755 5440 991 5492 Cuncta
1021 5439 1153 5491 edit.
1182 5443 1238 5490 et
1265 5440 1518 5505 plerique
1543 5455 1672 5493 mss.
1702 5445 1922 5507 partim,
1942 5445 2095 5496 dator
2118 5447 2197 5496 in-

565 5518 719 5578 teger.
749 5513 857 5563 Alii
888 5526 1017 5562 mss.
1056 5513 1272 5577 partim,
1300 5512 1453 5563 dolor
1485 5514 1817 5579 ingreditur;
1846 5518 2062 5581 partim,
2094 5519 2196 5569 do-

567 5582 648 5630 lor
673 5584 954 5645 ingeritur.
989 5582 1056 5632 Et
1083 5582 1190 5633 hoc
1222 5584 1481 5634 ultimum
1511 5585 1836 5648 elegantius.
1868 5588 2072 5638 Iterum
2098 5589 2195 5640 ubi

567 5661 762 5699 omnes
809 5651 965 5711 edit,
1007 5653 1303 5702 abortirum
1352 5655 1452 5703 cito
1502 5655 1777 5715 inducant,
1820 5671 1948 5707 mss.
2002 5664 2196 5710 contra

566 5730 735 5789 prope
765 5719 833 5768 ad
866 5734 1040 5771 unum
1078 5723 1304 5783 habent,
1340 5726 1637 5775 abortivum
1670 5728 1769 5776 cito
1810 5729 2027 5789 incidat,
2064 5730 2196 5781 sub-

566 5786 815 5851 intellige
856 5802 1067 5864 corpus,
1111 5794 1199 5843 vel
1240 5797 1427 5857 potius
1462 5799 1675 5859 pignus,
1724 5813 1851 5864 qua
1900 5786 2021 5852 vox—
2056 5804 2195 5853 infra

568 5868 684 5908 non
710 5858 881 5906 semel
913 5857 1221 5912 adhibetur.

2299 4662 2400 4727 est,
2442 4656 2671 4729 quando
2708 4660 2961 4712 servatus
3001 4672 3127 4711 sum
3159 4673 3172 4711 :
3215 4660 3414 4711 astate
3453 4658 3538 4709 est
3571 4644 3880 4707 Pentecomi

2300 4751 2529 4823 quando
2552 4750 2978 4807 resurrectionis
2999 4750 3237 4821 gloriam
3267 4749 3631 4805 celebramus
3649 4742 3715 4798 ad
3740 4738 3882 4792 instar

2300 4845 2473 4901 futuri
2487 4890 2495 4899 .

2370 4943 2457 4995 35.
2494 4939 2787 4995 Orandum
2829 4939 3001 4995 etiam
3043 4955 3114 4995 ne
3155 4938 3405 4996 Sabbato
3445 4944 3523 5003 te,
3569 4936 3674 4989 hoc
3709 4932 3800 4994 est,
3831 4921 3882 4976 ab

2300 5034 2568 5106 operibus
2600 5034 2873 5090 otiantem
2916 5035 3147 5089 veniens
3188 5033 3470 5089 Dominus
3514 5020 3881 5101 deprehendat.

2301 5130 2365 5183 Et
2400 5128 2528 5182 ideo
2557 5128 2721 5199 juxta
2759 5129 2947 5201 legem
2987 5144 3224 5200 operare
3269 5126 3425 5183 diem
3461 5127 3518 5181 in
3561 5124 3669 5187 die,
3711 5123 3761 5172 et
3789 5115 3881 5168 esto

2299 5221 2501 5293 spiritu
2548 5222 2810 5290 ferventi,
2856 5227 2914 5278 et
2961 5223 3153 5279 labore
3196 5221 3486 5294 pervigili.
3533 5220 3640 5273 Nec
3681 5212 3883 5268 otiosum

2297 5314 2459 5383 illud,
2512 5315 2646 5388 quia
2695 5317 2969 5389 scriptum
3026 5323 3112 5372 est
3162 5335 3175 5371 :
3228 5340 3251 5365 υ
3304 5314 3552 5371 Sabbato
3608 5296 3881 5364 ΙιιιιιιὶΙὶεῘ)Β

2364 5451 2462 5513 (46)
2490 5450 2682 5502 Plures
2713 5465 2845 5502 mss.
2875 5456 3044 5517 atque
3078 5462 3270 5501 omnes
3311 5449 3472 5511 edit.,
3503 5441 3738 5507 exceptis

2299 5504 2405 5571 mis
2434 5504 2625 5584 Paria,
2652 5504 3470 5586 praferunt'conﬁrmandorum'
3489 5504 3767 5583 pignorum.
3798 5504 3878 5553 P0-

2302 5594 2407 5643 tior
2436 5597 2622 5645 tamen
2651 5595 2757 5645 alia
2783 5596 2963 5645 lectio.

2364 5664 2461 5728 (47)
2508 5665 2626 5716 Vet.
2682 5664 2810 5717 edit.
2867 5679 2994 5717 cum
3044 5665 3323 5730 plerisque
3381 5675 3535 5721 mss.,
3586 5657 3755 5730 timent
3794 5652 3876 5730 ξιοξ

2297 5714 2461 5794 debet,
2504 5714 2607 5786 sea,
2635 5714 2841 5801 optare.
2876 5714 3245 5788 *ἠοίηξὲώῖ
3272 5714 3420 5789 aliis.
3466 5714 3641 5783 timere
3682 5718 3808 5774 debet
3844 5714 3877 5761 εί

2296 5811 2500 5873 optare.
