4022 6176
200 282 314 335 19θὸ

1306 290 1782 346 EXPUSITIONIS
1823 292 1884 346 ΙΝ
1928 292 2149 347 LUCAM
2192 293 2317 347 LIB.
2364 294 2426 345 Χ.

3408 301 3541 354 1906

192 404 423 500 animam
457 407 610 460 tuam
642 406 810 477 (Lev.,
847 426 954 471 xvi,
985 410 1109 481 31);
1142 434 1167 460 ››
1200 415 1257 466 et
1281 414 1417 485 quia
1443 415 1809 487 septuaginta
1830 428 1889 500 Α
1913 414 2262 486 plenitudine
2303 414 2615 471 divinitatis
2658 416 2888 488 propius
2931 434 2988 472 se
3029 419 3369 477 infundente
3420 438 3539 478 mo-

190 496 342 552 annis
384 500 630 572 populus
673 500 731 557 in
773 505 1100 577 captivitate
1142 506 1385 577 duravit,
1425 513 1562 563 tunc
1604 496 2165 565 violatauveantur.

187 590 395 662 religio,
440 593 649 651 obtrita
689 596 938 665 libertas,
980 600 1252 670 pudicitia
1299 602 1610 657 vulnerata.
1658 604 1806 675 Ergo

188 688 312 739 tunc
338 687 439 742 tibi
470 688 876 759 emigrandum
904 709 967 748 ex
1008 694 1113 749 hac
1151 696 1280 762 vita,
1310 696 1543 768 quando
1571 698 1805 753 virtutes

183 779 385 852 vigent,
415 781 549 837 vitia
587 785 810 855 captiva
854 794 1006 855 sunt,
1047 805 1158 843 non
1203 791 1433 861 quando
1466 792 1681 863 captiva
1718 799 1801 847 est

180 873 383 944 anima,
425 876 591 949 vigor
633 884 689 934 et
730 880 904 935 virtus
949 888 1109 938 vacat
1156 884 1426 955 corporis,
1474 891 1532 939 et
1578 890 1803 957 peccata

183 967 569 1026 dominantur.

250 1084 421 1154 (Vers.
481 1089 595 1145 ‘23.)
645 1094 713 1145 Et
765 1098 921 1147 erunt
974 1096 1134 1162 signa
1193 1097 1249 1149 in
1304 1098 1412 1151 sole
1464 1104 1513 1151 et
1567 1098 1697 1152 [una
1751 1105 1800 1153 et

176 1181 358 1235 stellis.

239 1297 323 1350 36.
374 1297 443 1351 Et
490 1299 804 1369 prophetia
844 1317 975 1357 vera
1024 1303 1217 1370 series,
1269 1308 1327 1358 et
1366 1304 1588 1376 integra
1632 1323 1798 1360 causa

174 1389 424 1458 mysterii
450 1392 601 1463 quod
638 1398 695 1447 et
730 1394 938 1464 captivi
978 1395 1157 1451 Judai
1193 1397 1446 1452 secundo
1479 1398 1535 1453 in
1566 1397 1799 1470 Babylo.

171 1482 323 1537 niam
364 1486 761 1559 Assyriamque
794 1488 1090 1556 ducentur,
1132 1491 1337 1562 captivi
1380 1492 1436 1547 in
1480 1497 1599 1548 toto
1631 1497 1799 1548 erunt

170 1577 327 1642 orbe,
357 1579 496 1650 quia
523 1587 875 1652 negaverunt
905 1584 1221 1652 Christum;
1248 1591 1304 1641 et
1327 1586 1641 1641 Jerusalem
1669 1604 1796 1658 qua

169 1669 410 1738 videtur,
461 1673 531 1727 ab
574 1675 761 1729 hostili
803 1678 1053 1733 exercitu
1093 1679 1421 1747 calcabitur,
1462 1680 1797 1736 cadentibus

166 1764 371 1819 Judais
401 1766 458 1820 in
499 1784 596 1822 ore
634 1770 841 1840 gladii;
876 1776 935 1826 et
967 1772 1163 1828 Judaa
1192 1773 1377 1828 omnis
1404 1791 1437 1828 a
1468 1774 1795 1830 nationibus

165 1858 461 1913 credituris
493 1862 822 1933 subjiciatur
845 1865 905 1919 in
938 1882 1033 1920 ore
1067 1866 1237 1937 gladii
1264 1866 1551 1938 spiritalis,
1582 1869 1679 1939 qui
1709 1872 1796 1923 est

164 1969 352 2007 sermo
380 1953 467 2008 bis
496 1959 693 2010 acutus
730 1975 741 2011 :
773 1963 828 2012 et
862 1958 1004 2013 ﬁent
1037 1960 1203 2031 signa
1234 1961 1456 2016 diversa
1488 1962 1545 2016 in
1586 1963 1703 2016 sole
1738 1968 1794 2017 et

165 2047 298 2101 luna
330 2051 385 2102 et
414 2049 608 2104 stellis.

239 2163 324 2214 37.
364 2162 500 2225 Qua
538 2162 704 2233 signa
749 2164 1063 2220 secundum
1105 2167 1433 2222 Matthaum
1477 2167 1792 2222 evidentius

166 2253 561 2323 exprimuntur
610 2274 623 2310 :
674 2280 701 2307 ‹‹
755 2260 927 2325 Tunc,
980 2260 1189 2331 inquit,
1239 2261 1324 2317 sol
1375 2260 1787 2329 obscurabitur,

165 2351 225 2401 et
259 2348 393 2402 luna
436 2366 553 2404 non
598 2351 757 2406 dabit
798 2354 988 2408 lumen
1033 2370 1219 2419 suum,
1264 2359 1321 2411 et
1364 2355 1540 2409 stella
1581 2354 1791 2410 cadent

164 2444 406 2509 (Matth,
442 2460 586 2511 χειν,
623 2448 734 2517 29).
769 2467 796 2496 n
827 2447 1089 2502 Plurimis
1116 2449 1271 2503 enim
1310 2468 1343 2503 a
1372 2449 1652 2521 religione
1688 2450 1787 2503 de-

164 2538 501 2606 ﬁcientibus,
537 2539 687 2595 clara
728 2541 865 2596 ﬁdes
902 2542 1295 2598 obscurabitur
1324 2544 1473 2598 nube
1514 2543 1786 2615 perﬁdia,

166 2634 299 2704 quia
339 2633 481 2687 mihi
521 2636 605 2689 sol
648 2635 743 2690 ille
780 2635 1019 2691 caelestis
1046 2653 1176 2691 mea
1210 2637 1320 2691 ﬁde
1361 2637 1449 2691 vel
1492 2637 1786 2705 minuitur,

166 2728 249 2781 vel
316 2734 577 2798 augetur.
641 2730 1140 2793 Quemadmodum
1206 2732 1253 2785 si
1321 2730 1550 2802 plurimi
1606 2731 1789 2786 radios

166 2820 437 2877 mundani
489 2824 624 2877 solis
673 2823 970 2894 aspiciant,
1022 2840 1127 2896 pro
1181 2831 1344 2896 captu
1402 2825 1639 2880 videntis
1690 2828 1789 2879 aut

170 2915 426 2983 pallidior
451 2917 532 2970 sol
568 2916 807 2986 videtur,
836 2923 934 2972 aut
972 2918 1197 2985 clarior,
1242 2919 1318 2973 ita
1356 2935 1459 2990 pro
1492 2919 1786 2974 devotione

163 3008 443 3063 credentis
482 3010 785 3082 unicuique
824 3011 1071 3082 spiritale
1116 3013 1309 3067 lumen
1342 3012 1678 3067 infunditur.
1725 3014 1788 3067 Et

160 3102 649 3172 quemadmodum
695 3106 999 3160 menstruis
1034 3105 1288 3160 cursibus
1327 3106 1461 3161 luna
1496 3107 1583 3159 vel
1622 3111 1787 3160 terra

158 3196 412 3266 opposita
452 3212 581 3250 cum
625 3197 794 3252 fuerit
829 3214 859 3251 e
901 3200 1139 3269 regione
1187 3198 1339 3266 solis,
1385 3199 1635 3253 vanescit
1667 3215 1681 3253 :
1711 3196 1862 3268 sicC

156 3293 213 3343 et
241 3293 438 3344 sancta
466 3291 729 3360 Ecclesia,
763 3309 894 3346 cum
936 3292 1152 3347 lumine
1193 3292 1404 3347 calesti
1438 3292 1572 3346 vitia
1602 3292 1786 3347 carnis

156 3383 455 3451 obsistunt,
494 3384 744 3455 fulgores
778 3385 955 3440 divini
992 3385 1223 3439 luminis
1267 3385 1335 3439 de
1372 3385 1579 3440 Christi
1614 3385 1786 3441 radiis

156 3476 419 3551 1512
452 3494 566 3533 ιιοιι
596 3482 781 3549 potest
808 3478 1078 3533 mutuari.
1112 3480 1252 3533 Nam
1288 3480 1344 3533 in
1374 3480 1781 3550 persecutioni-

154 3573 257 3626 bus
296 3573 485 3626 lucem
530 3572 627 3627 Dei
667 3575 821 3627 solus
866 3573 1208 3644 plerumque
1248 3589 1414 3628 amor
1445 3572 1573 3627 vita
1618 3574 1787 3645 hujus

157 3666 428 3722 excludit.

226 3782 314 3836 38.
367 3802 393 3828 ‹‹
442 3780 629 3835 Stella
672 3781 899 3847 cadent,
935 3802 961 3827 ››
1003 3781 1080 3834 illi
1119 3780 1317 3852 utique
1357 3780 1784 3836 resurrectionis

157 3874 337 3943 gloria
377 3875 499 3944 jam
550 3874 846 3941 micantes,
895 3873 976 3928 illi
1024 3873 1130 3928 viri
1179 3874 1323 3929 sicut
1368 3873 1674 3929 luminaria
1724 3874 1784 3929 in

156 3969 358 4021 saeculo
389 3967 627 4022 verbum
663 3968 788 4022 vita
816 3967 1193 4033 continentes,
1225 3967 1304 4021 illi
1342 3967 1449 4021 viri
1480 3967 1550 4022 de
1579 3967 1785 4039 quibus

152 4061 395 4116 Abrahae
450 4061 663 4116 dictum
713 4064 816 4128 est,
864 4062 1000 4133 quia
1052 4060 1197 4116 sicut
1244 4063 1446 4117 calum
1497 4062 1680 4132 fulget
1729 4067 1783 4117 et

153 4155 345 4222 stella,
382 4155 461 4209 sic
490 4162 547 4210 et
573 4170 768 4210 semen
811 4155 933 4226 ejus
973 4156 1146 4225 (Gem,
1191 4171 1307 4222 xm,
1354 4156 1459 4224 16).
1511 4154 1786 4210 Excident

151 4266 289 4317 ergo
318 4249 651 4305 hominibus
688 4249 1042 4320 patriarcha,
1081 4249 1346 4304 excident
1390 4249 1704 4320 propheta,
1734 4248 1781 4303 si

152 4344 561 4413 persecutionis
608 4343 886 4399 acerbitas
929 4343 1286 4398 convalescat
1330 4360 1343 4397 :
1388 4359 1516 4414 qua
1558 4345 1781 4413 oportet

149 4437 294 4505 ﬁeri,
326 4438 510 4493 donec
544 4436 805 4492 Ecclesia
836 4436 894 4491 in
928 4436 1192 4493 omnibus
1228 4437 1524 4504 virtutum,
1560 4438 1619 4491 in
1659 4437 1777 4491 sin-

1978 605 2064 658 40.
2104 604 2250 659 Sunt
2292 606 2469 659 etiam
2515 606 2750 660 virtutes
2794 606 3067 661 calorum
3106 621 3236 678 qua
3271 615 3541 665 enarrant

1907 698 2147 770 gloriam
2187 699 2287 755 Dei
2332 700 2499 770 (Psal.
2544 716 2692 766 xvm,
2730 700 2808 767 2),
2853 715 2982 772 qua
3028 700 3287 771 pleniore
3331 702 3537 757 Christi

1906 791 2190 849 infusione
2236 796 2595 862 moveantur,
2644 794 2880 849 virtutes
2927 794 3230 865 spiritales,
3283 812 3412 867 qua
3465 797 3539 849 vi-
3640 826 3641 829 η

1903 887 2042 941 dent
2088 887 2399 942 Christum.
2441 889 2642 943 Docuit
2679 905 2783 943 nos
2826 887 2997 943 David
3045 888 3536 960 quemadmodum

1904 981 1992 1035 ha
2042 986 2381 1036 moveantur
2423 982 2679 1051 virtutes,
2723 982 2961 1037 dicens:
2992 970 3241 1038 Accedite
3283 984 3359 1038 ad
3394 999 3532 1048 eum,

1902 1082 1950 1129 et
1989 1076 2384 1130 illuminamini
2414 1078 2582 1133 (Psal.
2625 1093 2809 1143 χχχιιι,
2848 1078 2924 1147 6).
2959 1076 3156 1132 Docuit
3190 1077 3362 1132 etiam
3396 1079 3538 1132 Pau-

1901 1170 1986 1223 lus
2030 1169 2098 1240 (Il
2147 1172 2290 1235 Con,
2340 1186 2417 1236 ιιι,
2468 1170 2549 1229 l6)
2592 1170 3077 1241 quemadmodum
3128 1171 3414 1226 Christum
3457 1173 3535 1226 vi-

1900 1263 2068 1329 deas;
2113 1280 2246 1319 cum
2298 1264 2453 1319 enim
2502 1280 2806 1319 conversus
2856 1264 3030 1319 fuerit
3074 1264 3144 1319 ad
3198 1266 3565 1341 Dominum,_

1899 1358 2151 1413 aufertur
2173 1360 2457 1424 velamen,
2487 1362 2547 1413 et
2576 1359 2728 1413 vides
2752 1358 3062 1414 Christum.

1970 1455 2059 1506 41.
2091 1452 2260 1506 Vides
2300 1452 2463 1507 illum
2504 1452 2562 1506 in
2606 1452 2871 1507 nubibus.
2915 1453 3034 1507 Non
3078 1453 3346 1524 equidem
3390 1458 3527 1525 puto

1897 1545 2048 1617 quod
2106 1546 2164 1599 in
2226 1546 2472 1618 caligine
2537 1547 2837 1601 tenebrosa
2886 1551 2944 1602 et
3004 1547 3244 1602 horrore
3296 1548 3528 1619 pluviali

1897 1639 2147 1695 Christus
2196 1640 2485 1705 adveniat;
2535 1640 2717 1695 nubes
2766 1640 2918 1695 enim
2973 1641 3202 1712 quando
3240 1640 3525 1709 videntur,

1897 1733 2098 1787 coelum
2131 1733 2324 1804 utique
2360 1734 2625 1804 caliganti
2655 1735 2899 1788 horrore
2931 1733 3257 1789 subtexunt.
3285 1735 3353 1789 Et
3381 1750 3521 1807 quo-

1818 1810 2071 1881 Bmodo
2122 1827 2179 1881 in
2232 1828 2347 1882 sole
2398 1827 2587 1899 posuit
2645 1827 3072 1883 tabernaculum
3128 1844 3295 1883 suum
3348 1829 3519 1899 (Psal.

1897 1937 2045 1987 xvur,
2077 1922 2153 1988 6),
2184 1921 2227 1976 si
2261 1921 2521 1992 pluvialis
2546 1922 2658 1976 erit
2684 1922 2809 1991 ejus
2834 1921 3154 1976 adventus?

1966 2016 2054 2070 42.
2082 2015 2195 2070 Sed
2220 2020 2355 2070 sunt
2382 2015 2560 2071 nubes
2589 2031 2738 2087 qua,
2772 2015 2907 2087 quia
2937 2015 3018 2070 sic
3045 2020 3295 2088 oportet,
3323 2015 3520 2071 cales-

1893 2109 1966 2165 tis
1993 2109 2271 2165 obtexunt
2305 2109 2565 2181 mysterii
2592 2109 2919 2164 claritatem
2961 2132 2971 2162 :
3005 2114 3137 2165 sunt
3179 2109 3357 2165 nubes
3396 2126 3523 2183 qua

1893 2220 2023 2259 rore
2055 2203 2255 2273 gratia
2282 2203 2552 2275 spiritalis
2590 2204 2947 2259 humescant.
2978 2203 3179 2275 Aspice
3218 2204 3431 2260 nubem
3461 2204 3521 2259 in

1896 2298 2081 2352 Veteri
2124 2299 2483 2352 Testamento
2520 2314 2532 2352 :
2573 2320 2599 2345 ‹‹
2658 2299 2716 2351 In
2762 2297 3047 2364 columna,
3100 2298 3305 2369 inquit,
3356 2297 3524 2353 nubis

1892 2392 2231 2464 loquebatur
2271 2392 2345 2446 ad
2387 2408 2485 2446 eos
2527 2392 2695 2463 (Psal.
2744 2408 2925 2459 xcvm,
2965 2395 3038 2457 7).
3085 2412 3112 2441 »
3155 2393 3265 2447 Per
3294 2392 3519 2463 Moysen

1891 2486 2093 2557 utique
2125 2485 2478 2557 loquebatur,
2508 2500 2612 2556 per
2634 2487 2828 2540 Jesum
2864 2486 3032 2552 Nave,
3068 2484 3167 2557 qui
3196 2485 3374 2541 solem
3404 2489 3516 2539 sta-

1891 2580 1997 2633 tuit
2033 2583 2224 2648 (Iosue,
2273 2596 2325 2645 x,
2378 2580 2484 2643 l2);
2533 2583 2593 2633 ut
2642 2579 2916 2649 plenioris
2960 2578 3194 2632 luminis
3235 2577 3519 2650 acciperet

1891 2673 2232 2728 claritatem.
2257 2674 2407 2744 Ergo
2435 2673 2649 2743 Moyses
2674 2675 2731 2726 et
2756 2674 2918 2727 Jesus
2944 2673 3125 2727 nubes
3150 2677 3300 2727 sunt.
3322 2672 3519 2743 Aspice

1892 2766 2026 2837 quia
2056 2766 2159 2821 viri
2197 2766 2374 2821 sancti
2408 2765 2587 2821 nubes
2621 2771 2775 2833 sunt,
2806 2766 2903 2839 qui
2934 2766 3078 2820 sicut
3103 2765 3282 2822 nubes
3308 2766 3515 2832 volant,

1889 2865 1944 2915 et
1981 2860 2142 2931 quasi
2183 2859 2468 2915 columba
2506 2875 2638 2914 cum
2680 2859 2850 2931 pullis
2897 2861 3051 2931 (Isa.,
3092 2875 3182 2926 Lx,
3216 2859 3293 2929 8).
3334 2858 3521 2930 Super

1889 2970 1982 3007 me
2020 2953 2203 3008 nubes
2232 2958 2366 3008 sunt
2396 2953 2585 3021 Isaias,
2623 2952 2900 3020 Ezechiel,
2930 2953 3031 3024 qui
3070 2952 3212 3008 mihi
3239 2968 3339 3025 per
3368 2953 3517 3009 Che-

1890 3047 2075 3102 rubim
2128 3052 2184 3102 et
2230 3046 2524 3119 Seraphim
2570 3047 2929 3103 sanctitatem
2980 3047 3185 3102 divina
3228 3046 3518 3102 Trinitatis

1890 3141 2216 3196 ostendunt.
2264 3140 2451 3195 Nubes
2489 3144 2624 3196 sunt
2673 3157 2875 3196 omnes
2920 3140 3215 3213 propheta
3266 3159 3277 3194 :
3319 3139 3379 3195 in
3428 3140 3518 3195 his

1890 3234 2137 3290 nubibus
2171 3235 2327 3290 venit
2367 3235 2639 3290 Christus.
2680 3235 2848 3290 Venit
2881 3235 2942 3290 in
2984 3234 3136 3289 nube
3172 3234 3232 3289 in
3271 3234 3516 3290 Canticis

1888 3330 2256 3395 canticorum,
2288 3344 2488 3385 serena
2524 3328 2693 3399 nube,
2723 3333 2781 3383 et
2818 3328 3022 3400 Sponsi
3052 3328 3345 3400 refulgens
3370 3328 3515 3384 lati-

1888 3421 1969 3477 tia
2004 3422 2204 3493 (Cant.,
2238 3439 2312 3489 ιιι,
2348 3422 2457 3491 11).
2490 3423 2658 3477 Venit
2686 3426 2744 3477 et
2770 3422 2829 3477 in
2861 3422 3012 3477 nube
3048 3422 3158 3477 levi
3186 3423 3517 3477 incarnatus

1888 3533 1951 3571 ex
1978 3515 2239 3587 Virgine;
2269 3516 2409 3570 vidit
2431 3515 2583 3571 enim
2611 3516 2893 3587 propheta
2917 3515 3064 3570 sicut
3084 3515 3299 3570 nubem
3323 3517 3515 3572 venire

1884 3609 1955 3664 ab
2006 3608 2239 3664 Oriente
2286 3611 2440 3675 (Isa.,
2484 3625 2594 3677 nx,
2653 3610 2724 3677 1).
2776 3610 2845 3664 Et
2883 3608 3031 3664 bene
3074 3609 3257 3664 levem
3296 3609 3510 3665 nubem

1888 3702 2051 3773 dixit,
2089 3719 2260 3775 quam
2296 3707 2521 3759 terrena
2550 3703 2683 3758 vitia
2726 3719 2843 3758 non
2875 3705 3198 3774 gravarent.
3229 3702 3367 3758 Vide
3405 3720 3513 3758 nu-

1884 3796 2037 3863 bem,
2066 3795 2126 3851 in
2153 3812 2328 3868 quam
2354 3796 2595 3868 Spiritus
2623 3798 2854 3852 sanctus
2880 3796 3229 3868 supervenit,
3261 3800 3318 3851 et
3338 3796 3514 3851 virtus

1885 3890 2156 3945 Altissimi
2182 3890 2544 3946 obumbravit
2570 3890 2741 3961 (Luc,
2776 3908 2814 3958 ι,
2843 3889 2957 3959 35).

1956 3987 2043 4040 43.
2098 3985 2240 4040 Cum
2292 4000 2428 4055 ergo
2477 3984 2812 4057 apparuerit
2859 3984 3112 4039 Christus
3156 3984 3213 4038 in
3267 3981 3513 4037 nubibus

1889 4080 2130 4148 (Matt/1.,
2184 4094 2334 4144 xxiv,
2386 4080 2498 4147 30),
2554 4076 2812 4151 1513
2863 4078 3166 4133 concident
3220 4094 3281 4131 se
3332 4075 3514 4131 tribtis

1884 4176 2083 4240 terra;
2116 4176 2202 4227 est
2241 4172 2397 4227 enim
2435 4172 2664 4244 quidam
2708 4172 2849 4227 ordo
2888 4171 3219 4239 criminum,
3249 4175 3307 4227 et
3343 4170 3512 4226 series

1884 4269 2267 4339 peccatorum,
2299 4282 2428 4337 qua
2452 4265 2658 4322 Christi
2683 4265 2985 4322 dirimatur
3013 4266 3279 4321 adventu.

1959 4361 2131 4425 (Vers.
2175 4363 2262 4426 29,
2296 4362 2406 4430 30.)
2443 4361 2629 4416 Videte
2665 4362 2949 4429 ﬁculneam
2979 4365 3030 4415 et
3065 4375 3240 4416 omnes
3274 4360 3511 4419 arbores.

1883 4471 2002 4510 cum
2035 4456 2348 4525 producunt
2369 4455 2491 4523 jam
2530 4470 2596 4509 ea:
2628 4470 2685 4509 se
2712 4456 2973 4521 fructum,
3005 4455 3151 4509 scitis
3185 4455 3319 4522 quia
3342 4468 3513 4522 prope

149 4531 295 4599 gulis
357 4530 652 4603 plenitudo
704 4531 1061 4599 cumuletur;
1121 4530 1199 4585 sic
1254 4531 1408 4587 enim
1466 4529 1961 4636 probanturDm
1985 4554 2163 4604 ωειαε,

148 4625 304 4695 boni,
345 4625 427 4680 sic
466 4625 785 4697 produntur
814 4624 1043 4679 inﬁrmi.
1086 4625 1235 4695 Ergo
1274 4623 1417 4679 varii
1457 4624 1777 4679 animorum

147 4723 320 4775 astus
350 4719 432 4774 ita
473 4735 675 4792 graves
714 4724 904 4787 erunt,
942 4724 1006 4773 ut
1042 4718 1382 4774 delictorum
1412 4717 1779 4773 multitudine

149 4814 301 4869 male
345 4812 607 4879 consciis,
652 4812 824 4868 futuri
864 4812 1068 4883 judicii
1115 4815 1293 4879 metu,
1337 4811 1475 4866 sacri
1514 4811 1573 4866 in
1618 4811 1781 4866 nobis

147 4923 235 4961 ros
272 4907 451 4962 fontis
485 4912 739 4975 arescat;
781 4911 905 4962 aret
942 4906 1097 4961 enim
1136 4904 1391 4977 perﬁdia,
1428 4904 1571 4959 ﬁdes
1601 4911 1777 4960 rorat.

214 5004 403 5069 (Vers.
450 5004 540 5069 26,
588 5002 704 5071 27.)
752 5003 893 5058 Nam
934 5004 1166 5055 virtutes
1208 5003 1270 5054 in
1317 5000 1443 5055 calo
1492 5014 1781 5054 commove-

145 5097 375 5159 buntur,
421 5104 471 5151 et
516 5102 642 5151 tunc
678 5096 935 5151 videbunt
975 5095 1168 5150 Filium
1215 5094 1443 5148 hominis
1485 5095 1782 5149 venientem

145 5193 197 5244 in
230 5191 496 5246 nubibus.

212 5306 308 5358 39.
353 5304 612 5357 Fortasse
652 5302 1136 5373 quemadmodum
1176 5300 1393 5357 Domini
1429 5303 1784 5373 exspectatur

140 5398 461 5463 adventus;
504 5403 565 5451 ut
604 5396 727 5466 ejus
764 5394 1070 5467 praesentia
1106 5395 1165 5449 in
1202 5399 1316 5450 toto
1346 5395 1445 5449 ﬁat
1476 5394 1562 5449 vel
1594 5394 1781 5449 homi-

140 5491 227 5545 nis
260 5491 412 5546 orbe
437 5491 525 5544 vel
550 5488 774 5556 mundi,
803 5505 933 5561 qua
965 5490 1028 5542 ﬁt
1054 5488 1248 5560 utique
1277 5489 1335 5542 in
1364 5488 1623 5559 singulis,
1652 5503 1782 5542 cum

138 5585 423 5639 omnibus
464 5582 758 5638 affectibus
794 5581 1115 5653 receperint
1140 5582 1455 5650 Christum;
1498 5581 1577 5635 sic
1609 5582 1783 5635 etiam

136 5679 385 5734 Virtutes
423 5678 695 5732 caelorum
733 5676 981 5732 adventu
1020 5675 1246 5730 Domini
1291 5675 1557 5731 Salutaris
1586 5691 1651 5727 ac
1692 5691 1782 5728 re-

132 5774 297 5836 ditu;
344 5777 439 5826 est
470 5772 623 5826 enim
666 5771 937 5826 virtutum
979 5769 1252 5825 Dominus
1282 5769 1454 5838 (Psal.
1486 5784 1641 5833 xxm,
1675 5767 1783 5834 l0),

1954 4643 2041 4697 44.
2077 4641 2304 4696 Diverso
2338 4642 2574 4713 quidem
2611 4640 2801 4707 modo,
2833 4640 2888 4695 in
2926 4610 3109 4694 imum
3148 4642 3341 4694 tamen
3372 4655 3510 4694 con-

1881 4752 2107 4791 currere
2161 4736 2382 4791 videtur
2446 4734 2932 4807 Evangelistarum
2987 4734 3307 4800 sententia;
3371 4734 3507 4788 Mat-

1881 4830 2064 4884 thaus
2099 4829 2253 4886 enim
2286 4829 2357 4885 de
2396 4829 2511 4884 sola
2545 4828 2686 4884 dixit
2726 4828 2967 4885 ﬁculnea
3002 4844 3135 4883 cum
3166 4844 3357 4883 ramus
3392 4826 3512 4897 ejus

1882 4929 2043 4978 tener
2079 4923 2251 4979 fuerit
2304 4924 2551 4991 (Mutila,
2599 4939 2751 4990 xxiv,
2805 4922 2917 4991 32);
2964 4921 3058 4978 hic
3102 4922 3173 4977 de
3216 4920 3511 4976 arboribus

1883 5017 2167 5072 omnibus.
2203 5018 2411 5071 Verum
2447 5018 2565 5072 sive
2603 5034 2733 5072 cum
2775 5018 2991 5072 fructus
3029 5018 3087 5071 in
3124 5015 3394 5071 omnibus
3428 5014 3509 5068 vi-

1884 5111 2053 5167 rescit
2077 5111 2395 5179 arboribus,
2428 5118 2485 5167 et
2521 5111 2769 5166 ﬁculnea
2806 5111 3048 5166 fecunda
3080 5111 3199 5181 jam
3236 5112 3422 5175 tloret,
3450 5114 3514 5162 ut

1885 5206 2071 5261 omnis
2100 5205 2299 5277 lingua
2325 5205 2665 5260 conﬁteatur
2692 5206 2831 5272 Deo,
2872 5205 3174 5260 conﬁtente
3205 5203 3374 5258 etiam
3409 5219 3510 5273 po—

1886 5302 2019 5371 pulo
2049 5300 2416 5367 Judaorum;
2447 5315 2674 5371 sperare
2716 5298 2941 5353 Domini
2982 5297 3260 5353 debemus
3295 5296 3510 5351 adven-

1886 5397 2030 5463 tum,
2070 5411 2183 5465 quo
2221 5400 2491 5465 tanquam
2536 5392 2885 5465 temporibus
2915 5391 3118 5447 aestivis
3152 5390 3516 5445 resurrectio-

1884 5488 1972 5542 nis
2004 5488 2219 5542 fructus
2249 5491 2567 5551 metentur;
2601 5488 2715 5541 sive
2751 5502 2880 5541 cum
2923 5486 3105 5541 levem
3135 5483 3513 5555 fragilemque

1879 5582 2216 5651 jactantiam
2264 5582 2436 5637 homo
2484 5580 2796 5653 iniquitatis
2849 5582 3119 5650 tanquam
3160 5577 3293 5633 folia
3336 5577 3513 5649 Syna-

1889 5692 2052 5747 goga
2098 5692 2312 5745 ramus,
2362 5674 2630 5742 induerit,
2664 5672 2950 5743 conjicere
2989 5672 3262 5728 debemus
3304 5688 3514 5744 appro-

1886 5769 2165 5839 pinquare
2188 5768 2469 5840 judicium
2494 5785 2510 5837 ;
2546 5785 2683 5822 nam
2724 5783 3098 5823 remunerare
3126 5767 3302 5823 ﬁdem
3334 5764 3519 5821 Domi-

131 5870 538 5939 augmcntum
587 5865 781 5937 gratia
823 5866 1246 5936 consequantur
1291 5878 1516 5918 necesse
1566 5866 1678 5927 est,
1731 5865 1787 5916 et
1889 5878 2015 5932 nus,
2051 5868 2109 5919 et
2134 5862 2507 5932 delinquendi
2535 5862 2712 5919 ﬁnem
2739 5860 2939 5919 afferre
2964 5861 3214 5918 festinat.
