4022 6176
561 234 574 285 1
592 233 692 285 907

2031 239 2083 291 S.
2129 235 2443 292 AMBROSII

3642 216 3824 307 71908

622 357 710 411 45.
742 355 1036 427 Duplicem
1065 356 1243 428 igitur
1272 358 1442 412 habet
1478 357 1720 430 figuram
1763 361 1883 414 haec
1914 360 2176 428 ﬁculnea,
2206 373 2263 447 Α
2294 377 2420 432 quae
2448 362 2864 416 sacramentum
2893 359 3099 417 Christi
3127 374 3245 414 esse
3283 361 3543 433 meruisti,
3578 382 3687 437 qua:
3708 370 3827 426 lavas

552 450 643 505 vel
692 466 822 506 cum
870 451 1015 506 dura
1056 451 1384 521 mitescunt,
1431 453 1521 507 vel
1569 470 1700 508 cum
1746 457 1972 525 peccata
2012 456 2179 511 luxu-

550 544 718 601 riant.
773 546 917 599 Nam
970 562 1073 616 per
1128 545 1299 600 ﬁdem
1368 546 1719 603 credentium
1772 565 1898 619 qua:
1946 549 2183 604 arebant

553 645 707 709 ante,
741 638 1057 707 ﬂorebunt;
1103 645 1160 695 et
1202 656 1309 712 per
1338 641 1579 711 gratiam
1619 640 1951 698 delictorum
1980 659 2177 715 pecca-

555 737 702 789 tores
742 733 1182 804 gloriabuntur:
1216 734 1291 789 ibi
1336 734 1553 789 fructus
1595 742 1679 790 est
1722 736 1876 804 ﬁdei,
1919 736 2011 792 hic
2055 753 2181 809 per-

554 828 704 884 ﬁdia
757 827 998 883 lascivia.
1067 830 1336 883 Fructum
1398 828 1539 883 mihi
1606 828 1865 886 ﬁculneae
1914 831 2179 902 agricolae

552 921 877 993 Evangelici
915 923 1138 977 cultura
1176 922 1461 994 promittit
1498 922 1671 994 (Luc.,
1710 941 1824 991 xm,
1866 926 1941 993 9),
1976 925 2176 997 despe-

554 1033 679 1071 rare
707 1033 825 1071 non
864 1016 1159 1083 debemus,
1201 1016 1245 1070 si
1284 1016 1436 1071 foliis
1473 1016 1727 1073 ﬁculneae
1767 1023 2089 1089 peccatores
2120 1036 2178 1075 se

553 1114 825 1181 tanquam
872 1109 1084 1164 fraudis
1124 1113 1276 1164 veste
1324 1113 1612 1177 texerunt,
1660 1114 1725 1164 ut
1773 1112 2178 1167 conscientiam

551 1205 840 1273 volarent;
895 1219 1032 1275 ergo
1080 1202 1217 1258 folia
1273 1210 1537 1275 suspecta
1590 1204 1708 1261 sine
1763 1206 1970 1261 fructu.
2022 1207 2179 1263 Tales

518 1285 525 1292 ’
552 1300 733 1353 vestes
756 1297 1002 1369 paradisi
1028 1297 1251 1352 exsules
1278 1297 1495 1353 habent
1523 1300 1696 1369 (Gen.,
1730 1316 1810 1367 ιιι,
1841 1300 1913 1371 7).

621 1392 780 1462 (Cap.
822 1392 972 1446 XXII.
1004 1422 1070 1431 -—
1099 1393 1255 1446 Vers.
1304 1392 1409 1461 10.)
1439 1396 1568 1449 Ecce
1605 1396 2001 1451 introeuntibus
2032 1397 2179 1451 vobis

550 1491 609 1540 in
652 1488 947 1548 civitatem,
997 1493 1238 1541 occurret
1278 1487 1428 1542 vobis
1470 1487 1622 1542 homo
1669 1490 1985 1558 amphoram
2024 1506 2180 1560 aqua

541 1586 795 1651 portans.

617 1677 705 1731 46.
743 1676 955 1729 Bonum
986 1678 1070 1729 est
1106 1673 1469 1729 considerare
1511 1674 1605 1730 ubi
1646 1676 1925 1732 Dominus
1969 1679 2179 1733 Pascha

2283 455 2497 523 omnia,
2531 471 2634 510 nec
2678 455 2910 510 lavaris!
2952 456 3034 509 'l‘u
3078 454 3278 526 incipis
3318 456 3507 525 prima,
3540 461 3593 513 tu
3625 466 3829 535 comples

2281 550 2533 620 perfecta
2576 549 2864 620 mysteria.
2910 552 2951 603 A
3005 556 3059 604 te
3110 548 3472 620 principium,
3512 551 3564 606 in
3613 556 3660 609 te
3698 556 3829 628 linis;

2281 642 2369 698 vel
2411 643 2600 714 potius
2638 648 2699 697 tu
2740 642 2878 698 facis
2920 647 2982 698 ut
3010 644 3184 698 tinem
3215 643 3533 699 nesciamus.
3564 648 3658 702 Per
3683 653 3730 704 te
3755 651 3830 706 tce-

2280 740 2369 791 tor
2410 736 2617 792 tabidas
2666 737 2850 792 carnis
2884 737 3165 805 aboletur,
3210 741 3268 791 et
3307 739 3579 807 pereuntia
3616 740 3710 795 situ
3747 745 3832 799 vis-

2280 847 2409 885 cera
2437 830 2546 902 (52)
2569 847 2800 903 asperso
2821 831 2961 899 sale,
2990 830 3050 886 in
3075 831 3316 885 multam
3341 836 3613 888 servantur
3632 839 3836 893 etatem.

2282 926 2384 978 Per
2408 928 2464 978 te
2490 924 2784 979 arentibus
2810 927 2950 979 aestu
2982 924 3317 994 corporibus
3343 924 3512 980 dulcis
3532 927 3597 982 ad
3621 929 3837 999 gratiam,

2281 1017 2540 1071 salutaris
2571 1018 2641 1072 ad
2674 1017 2869 1087 vitam,
2902 1016 3090 1072 suavis
3128 1018 3198 1072 ad
3238 1018 3572 1089 voluptatem
3600 1025 3743 1091 potus
3771 1024 3837 1078 in-

2281 1111 2554 1166 funditur.
2597 1112 2678 1165 Tu
2722 1128 2934 1165 nomen
2974 1111 3269 1183 prophetis
3306 1114 3361 1166 et
3395 1112 3661 1183 apostolis,
3684 1122 3737 1169 tu
3764 1133 3840 1171 no-

2280 1221 2412 1259 men
2450 1204 2725 1260 Salvatori
2757 1203 2998 1273 dedisti;
3034 1204 3116 1258 illi
3148 1204 3329 1259 nubes
3365 1206 3481 1260 caeli
3512 1208 3652 1277 (15a,
3680 1224 3754 1275 1.x,
3783 1212 3843 1279 8),

2282 1298 2362 1352 illi
2397 1298 2476 1353 sal
2511 1298 2709 1353 mundi
2741 1299 2985 1368 (Matth.,
3019 1315 3070 1365 v,
3104 1300 3212 1368 i3),
3242 1299 3348 1354 iste
3376 1299 3496 1353 fons
3520 1299 3639 1355 vitae
3662 1307 3735 1356 est
3760 1304 3843 1371 (53)

2281 1396 2481 1463 (Joan.,
2514 1408 2604 1460 vu,
2649 1392 2760 1459 38).
2799 1393 2935 1456 Quae
2975 1392 3269 1447 montibus
3300 1409 3485 1465 pressa
3525 1411 3633 1449 non
3663 1396 3847 1451 claude-

2282 1486 2375 1553 ris,
2422 1502 2551 1557 quae
2594 1485 2837 1557 scopulis
2885 1486 3031 1540 illisa
3073 1503 3188 1541 non
3227 1486 3522 1559 frangeris,
3566 1505 3681 1560 qua:
3719 1490 3850 1545 terris

2280 1580 2464 1634 infusa
2510 1596 2625 1634 non
2677 1579 2910 1635 deﬁcis:
2942 1580 3039 1634 sed
3086 1579 3307 1635 intimis
3356 1581 3651 1636 scaturiens
3694 1583 3849 1653 venis,
3962 1579 3963 1657 (

2280 1680 2377 1729 aut
2421 1674 2683 1746 spiritum
2732 1674 2947 1729 inclusa
2986 1674 3213 1729 vitalem
3258 1674 3496 1745 inhalas,
3534 1684 3625 1730 aut
3663 1693 3852 1733 succum
3962 1680 3963 1739 ἲ

546 1769 713 1825 faciat
772 1769 898 1839 (48).
950 1768 1276 1823 Secundum
1330 1769 1659 1824 Matthaaum
1718 1770 1892 1826 habes
1934 1789 1946 1826 ;
1992 1775 2073 1828 Ite
2122 1748 2253 1827 inB
2278 1767 2466 1822 infusa
2506 1767 2755 1823 fertilem
2801 1773 3060 1839 praestas,
3110 1772 3208 1822 aut
3256 1768 3446 1840 rigatu
3492 1769 3762 1841 superfusa
3800 1771 3854 1826 ad

546 1865 819 1918 civitatem
863 1863 937 1916 ad
969 1863 1256 1932 quemdam
1298 1862 1539 1931 (Matth,
1582 1880 1727 1931 xxvr,
1764 1865 1873 1937 18).
1918 1866 2174 1922 Primum

548 1957 904 2028 majestatem
946 1955 1253 2010 divinitatis
1289 1956 1541 2011 adverte.
1572 1958 1714 2013 Cum
1758 1959 2047 2031 discipulis
2087 1961 2169 2015 lo-

547 2052 759 2123 quitur,
786 2053 843 2106 et
860 2051 979 2121 jam
1010 2050 1168 2106 novit
1200 2049 1338 2121 quid
1374 2049 1508 2105 alibi
1539 2051 1610 2106 sit
1649 2052 1924 2109 futurum.
1959 2054 2173 2111 Deinde

547 2144 943 2218 dignationem
975 2144 1097 2215 ejus
1135 2144 1396 2211 intuere;
1441 2144 1576 2216 quia
1611 2162 1728 2201 non
1771 2163 2010 2218 persona
2040 2149 2174 2204 divi-

548 2240 617 2293 tis
664 2244 762 2294 aut
806 2238 1055 2309 potentis
1100 2237 1348 2309 eligitur,
1397 2238 1493 2293 sed
1543 2255 1762 2311 pauper
1808 2241 2076 2310 ambitur,
2116 2248 2174 2299 et

546 2339 852 2405 angustum
916 2331 1227 2403 hospitium
1297 2332 1563 2405 pauperis
1627 2333 1831 2406 amplis
1897 2336 2171 2393 nobilium

545 2427 759 2484 aedibus
800 2426 1135 2482 antefertur.
1186 2448 1215 2474 «
1257 2428 1360 2493 Ite,
1405 2426 1612 2499 inquit,
1663 2428 1733 2484 ad
1774 2431 2098 2502 quemdam.
2142 2454 2169 2483 ››

546 2522 788 2591 Sciebas,
819 2520 1080 2589 Domine,
1112 2536 1327 2576 nomen
1358 2521 1501 2591 ejus,
1535 2522 1695 2594 cuius
1724 2524 1934 2580 sciebas
1970 2525 2169 2581 minis-

545 2616 753 2672 terium
813 2616 923 2686 (49)
945 2657 960 2683 ,
1026 2614 1237 2670 sciebas
1293 2613 1678 2671 ministerium
1734 2617 1893 2689 cujus
1955 2620 2172 2677 sciebas

544 2726 868 2780 occursum;
920 2709 1018 2765 sed
1070 2709 1202 2764 ideo
1255 2708 1377 2764 sine
1431 2711 1665 2768 nomine
1706 2711 2061 2785 designatur,
2110 2717 2172 2770 ut

542 2804 810 2878 ignobilis
832 2802 1169 2859 testimetur.
1198 2802 1348 2858 Nihil
1379 2803 1473 2858 hic
1500 2805 1899 2877 compositum,
1931 2807 2027 2863 ubi
2051 2824 2170 2865 non

540 2898 884 2972 exprimitur
933 2913 1205 2971 persona,
1259 2898 1357 2953 sed
1405 2914 1595 2954 causa.
1646 2900 1971 2957 Secundum
2022 2904 2166 2958 Mar-

541 3009 672 3051 cum
699 2996 915 3063 autem,
955 3013 985 3042 ις
1019 2992 1314 3065 Lagenam
1343 3008 1505 3064 aqua:
1546 2996 1775 3065 portans
1811 2994 2021 3066 (Marc.,
2059 3014 2165 3069 XIV,

545 3091 654 3158 13).
684 3111 711 3137 ››
744 3087 842 3142 Hic
871 3102 1010 3158 ergo
1041 3085 1310 3157 apostolis
1341 3086 1653 3142 mandatur
1678 3090 2020 3160 sequendus.

611 3147 700 3237 b7.
750 3147 1227 3251 (νθτεῘιιξιξ.)
1274 3180 1341 3234 Et
1379 3180 1670 3251 quomodo
1714 3147 2245 3253 paterfamilias‘tc

545 3277 618 3332 Ut
644 3290 917 3346 agnoscas
948 3271 1259 3328 sanctitatis
1291 3272 1681 3330 deﬁnitionem
1713 3293 1856 3346 esse,
1890 3295 2003 3334 non
2033 3297 2168 3335 cen-

544 3387 656 3426 sus.
687 3367 987 3435 Quomodo
1027 3367 1087 3422 in
1123 3367 1510 3439 superioribus
1550 3369 1650 3439 (50)
1685 3371 1900 3427 habens
1928 3377 2170 3431 stratum

542 3463 859 3537 magnum?
893 3465 962 3519 Ut
1006 3477 1285 3534 magnum
1325 3462 1600 3519 meritum
1638 3463 1760 3535 ejus
1794 3466 2074 3536 advertas,
2109 3471 2169 3525 in

542 3573 655 3629 quo
692 3555 970 3612 Dominus
1010 3572 1142 3610 cum
1187 3555 1478 3628 discipulis
1517 3557 1850 3614 sublimium
1896 3560 2170 3618 virtutum

542 3652 666 3724 ejus
708 3650 1085 3707 delectatione
1124 3650 1525 3721 requiesceret.
1571 3652 1796 3709 Utinam
1840 3672 1978 3728 ergo
2025 3657 2166 3713 mihi

540 3746 835 3819 contingat
893 3744 1233 3817 amphoram
1298 3762 1461 3817 aquae
1525 3750 1752 3818 portare
1782 3792 1796 3816 ,
1867 3751 2169 3824 contingat

542 3839 590 3913 1
608 3838 723 3913 51
739 3838 799 3911 4
827 3839 1088 3911 lagenam
1111 3854 1274 3910 aqua:
1297 3844 1546 3910 portare,
1577 3858 1750 3912 quam
1773 3846 1963 3914 portat
1986 3850 2169 3916 pater-

539 3933 798 4001 familias,
827 3933 1049 3988 habens
1079 3931 1139 3987 in
1171 3932 1559 4004 superioribus
1596 3939 1838 3991 stratum
1871 3954 2165 4011 magnum.

538 4027 680 4092 Quid
725 4031 810 4081 est
845 4027 1000 4081 enim
1034 4026 1335 4098 amphora,
1376 4027 1483 4082 nisi
1525 4045 1790 4085 mensura
1829 4032 2168 4103 perfectior?

538 4122 662 4176 Non
690 4119 1006 4176 mediocres
1030 4120 1127 4192 qui
1155 4137 1481 4177 mensuram
1509 4122 1727 4179 habent
1751 4124 1885 4197 (51).
1914 4127 2168 4199 Denique

541 4214 816 4271 Dominus
844 4231 857 4269 :
893 4236 919 4264 «
950 4215 1291 4281 Mansuram,
1319 4216 1526 4288 inquit,
1556 4217 1763 4273 bonam
1792 4227 2161 4293 commotam,

538 4308 985 4382 superfluentem
1013 4308 1233 4363 dabunt
1258 4309 1419 4364 vobis
1447 4311 1619 4381 (Luc.,
1651 4329 1721 4382 vr,
1749 4314 1862 4386 38).
1895 4335 1922 4364 ››

609 4405 696 4461 48.
746 4405 883 4458 Nam
931 4403 999 4458 de
1050 4419 1203 4474 aqua
1253 4403 1392 4475 quid
1438 4404 1678 4476 loquar?
1724 4406 1911 4478 Super
1956 4425 2165 4481 aquam

2276 1863 2636 1917 commodum
2673 1861 3086 1930 subministras;
3118 1879 3193 1917 ne
3223 1861 3444 1918 siccatis
3471 1862 3738 1918 exinanita
3770 1864 3853 1934 (54)

2276 1954 2555 2025 vitalibus,
2585 1956 2871 2010 solemnes
2896 1961 3073 2027 neget
3100 1959 3254 2012 terra
3281 1963 3603 2029 proventus.
3630 1957 3855 2013 Omnium

2275 2049 2687 2105 elementorum
2742 2050 3086 2119 substantia,
3140 2051 3382 2119 caelum,
3440 2067 3554 2118 aer,
3603 2067 3771 2119 mare,
3816 2053 3858 2105 et

2275 2145 2427 2197 terra
2465 2147 2519 2198 te
2550 2143 2817 2199 reddunt.
2855 2145 2930 2199 Te
2965 2144 3297 2216 prophetico
3336 2160 3596 2217 percussa
3630 2148 3783 2214 tactu,
3807 2148 3853 2199 ut

2275 2236 2585 2291 sitientium
2628 2237 2847 2309 rigares
2884 2238 3059 2293 corda
3098 2240 3469 2310 populorum,
3498 2237 3708 2294 vomuit
3733 2242 3859 2310 petra

2276 2331 2492 2393 (’Ewodu
2546 2348 2685 2398 xvu,
2742 2333 2827 2402 6);
2897 2336 2980 2399 te,
3038 2349 3167 2387 cum
3224 2333 3296 2387 de
3360 2332 3537 2388 latere
3599 2332 3861 2388 Salvatoris

2273 2441 2606 2497 erumperes
2657 2427 2858 2495 (Joan.,
2899 2442 3009 2495 nx,
3060 2427 3170 2495 34),
3211 2443 3574 2500 percussores
3618 2426 3862 2490 viderunt,

2272 2524 2329 2574 et
2367 2518 2770 2589 crediderunt;
2813 2525 2871 2575 et
2905 2520 3035 2576 ideo
3081 2520 3546 2593 regenerationis
3585 2524 3775 2576 nostris
3808 2518 3863 2573 de

2272 2612 2452 2667 tribus
2477 2629 2594 2668 una
2622 2628 2681 2668 es
2708 2613 2972 2684 testibus;
3000 2618 3116 2670 tres
3142 2614 3301 2670 enim
3331 2619 3507 2672 testes
3541 2619 3687 2683 sunt,
3712 2629 3864 2686 aqua,

2273 2706 2521 2778 sanguis,
2564 2711 2617 2762 et
2650 2708 2878 2779 spiritus
2923 2710 2963 2779 (l
3002 2711 3186 2773 Jama,
3231 2723 3280 2779 v,
3316 2710 3395 2779 8).
3439 2713 3602 2782 Aqua
3634 2708 3704 2764 ad
3740 2707 3865 2762 lava-

2271 2817 2453 2868 crum,
2484 2801 2716 2874 sanguis
2754 2802 2825 2857 ad
2864 2803 3137 2874 pretium,
3167 2802 3407 2875 spiritus
3433 2803 3507 2860 ad
3536 2801 3869 2860 resurrectio-

2272 2911 2427 2951 nem.

2343 2992 2517 3061 (Vers.
2575 2992 2686 3059 29.)
2742 2993 2811 3046 Et
2857 3006 2951 3061 ego
3002 2994 3222 3062 quidem
3265 2994 3499 3065 dispono
3551 2995 3713 3055 vobis,
3759 2993 3873 3047 sicut

2268 3084 2532 3156 disposuit
2558 3086 2696 3141 mihi
2717 3087 2882 3141 Pater
2908 3101 3055 3141 meus
3082 3102 3334 3155 regnum.

2342 3179 2428 3232 49.
2473 3179 2736 3251 Regnum
2775 3179 2873 3234 Dei
2926 3196 3044 3235 non
3091 3186 3176 3235 est
3225 3180 3299 3237 de
3346 3182 3459 3237 hoc
3506 3181 3734 3237 mundo.
3778 3180 3874 3233 Non

2271 3289 2406 3343 ergo
2434 3272 2772 3345 aequalitatis
2798 3274 3022 3329 homini
3052 3274 3126 3329 ad
3157 3275 3361 3347 Deum,
3392 3275 3496 3331 sed
3526 3271 3877 3331 similitudinis

2271 3365 2559 3421 aemulatio
2586 3368 2701 3435 est;
2745 3366 2895 3421 solus
2924 3366 3078 3422 enim
3105 3367 3368 3423 Christus
3406 3372 3493 3424 est
3520 3368 3687 3440 plena
3712 3367 3877 3437 imago

2271 3459 2391 3527 Dei,
2426 3462 2664 3533 propter
2698 3477 3021 3534 expressam
3062 3461 3123 3516 in
3162 3477 3222 3517 se
3265 3465 3529 3535 paternae
3559 3458 3881 3517 claritudinis

2268 3554 2578 3623 unitatem;
2613 3555 2803 3626 justus
2848 3560 3042 3611 autem
3084 3556 3260 3612 homo
3311 3556 3388 3612 ad
3439 3556 3755 3628 imaginem
3801 3553 3878 3608 Dei

2270 3653 2372 3718 est,
2429 3649 2474 3703 si
2521 3652 2757 3721 propter
2806 3649 3145 3705 imitandam
3196 3649 3412 3706 divinae
3457 3646 3879 3707 conversationis

2270 3742 2697 3799 similitudinem
2738 3743 3017 3799 mundum
3058 3744 3209 3799 hunc
3251 3746 3352 3800 Dei
3403 3746 3730 3819 cognitione
3765 3759 3877 3798 con-

2268 3841 2507 3905 temnat,
2549 3839 2983 3910 voluptatesque
3026 3844 3282 3894 terrenas
3323 3840 3492 3896 verbi
3540 3840 3639 3896 Dei
3683 3852 3884 3912 percep-

2270 3931 2425 3986 tione
2461 3931 2754 4004 despiciat,
2790 3948 2903 4003 quo
2933 3932 3144 3987 alimur
3179 3933 3238 3988 in
3276 3934 3491 4005 vitam;
3525 3934 3678 3989 unde
3707 3935 3761 3987 et
3785 3946 3883 3986 cor-

2267 4042 2371 4097 pus
2395 4025 2603 4082 Christi
2637 4025 2858 4081 edimus
2896 4027 2989 4096 (De
3016 4043 3224 4098 conseq.
3263 4027 3401 4082 dist.
3446 4030 3505 4099 2,
3537 4045 3662 4101 cap.
3693 4029 3756 4082 In
3790 4024 3886 4096 qui-

2271 4121 2384 4183 bus,
2413 4120 2446 4192 §
2473 4119 2721 4191 Corpus),
2752 4125 2813 4175 ut
2834 4119 2965 4175 vitae
2994 4125 3226 4176 aeternae
3255 4121 3558 4193 possimus
3585 4137 3706 4177 esse
3733 4119 3883 4191 parti-

2268 4213 2439 4285 cipes.
2470 4215 2589 4268 Non
2626 4213 2779 4269 enim
2818 4214 3000 4270 victus
3035 4217 3094 4269 et
3130 4220 3303 4287 potus
3334 4215 3514 4271 nobis
3543 4213 3762 4288 praemii
3788 4213 3887 4267 loco

2267 4307 2583 4379 spondetur
2631 4313 2689 4363 et
2740 4308 3003 4379 honoris,
3056 4309 3156 4365 sed
3207 4309 3669 4365 communicatio
3718 4304 3887 4379 gratia!

2266 4401 2503 4457 caelestis
2531 4406 2588 4457 et
2620 4401 2749 4457 vitae
2782 4419 2796 4457 :
2827 4418 3017 4475 neque
3053 4402 3365 4458 duodecim
3402 4403 3605 4459 throni
3643 4407 3888 4474 tanquam

537 4503 670 4555 ante
702 4498 851 4571 ipsos
894 4496 1092 4552 mundi
1118 4497 1343 4591 ‘natales
1380 4504 1626 4569 sanctus,
1667 4504 1728 4554 ut
1765 4501 1997 4572 legitur,
2037 4504 2162 4574 Spi-
2182 4530 2243 4603 D
2267 4496 2457 4568 aliqua
2495 4496 2803 4569 corporalis
2845 4501 2979 4551 sunt
3016 4498 3384 4568 receptacula
3430 4496 3706 4553 sessionis
3740 4496 3885 4564 (vers.

538 4593 675 4648 ritus
714 4592 999 4648 ferebatur
1035 4585 1209 4661 (Gen,
1250 4609 1284 4660 l,
1330 4592 1405 4663 2).
1443 4592 1485 4647 Ο
1529 4610 1692 4665 aqua,
1738 4611 1865 4667 qua:
1908 4585 2239 4653 humano"
2264 4590 2376 4660 30);
2427 4590 2524 4644 sed
2569 4589 2703 4663 quia
2746 4590 2891 4645 sicut
2934 4591 3248 4646 secundum
3290 4591 3558 4647 divinam
3594 4585 3890 4647 similitudi-

535 4703 831 4760 aspersum
868 4685 1170 4756 sanguine,
1202 4691 1263 4741 ut
1299 4688 1670 4759 praesentium
1708 4690 2060 4745 lavacrorum
2098 4692 2161 4745 ti-

537 4799 681 4853 gura
712 4780 1078 4853 praecederet,
1112 4779 1311 4835 orbem
1342 4785 1625 4837 terrarum
1656 4782 1870 4838 lavisti!
1908 4785 1951 4839 Ο
1993 4802 2160 4857 aqua,

598 4900 695 4964 (48)
747 4896 874 4948 Mss.
923 4896 1200 4959 nonnulli,
1251 4897 1324 4947 ad
1367 4897 1571 4961 pascha
1612 4900 1794 4963 (unus,
1845 4901 1901 4949 in
1944 4901 2159 4965 pascha)

534 4970 725 5021 veniat.

592 5041 690 5102 149)
718 5041 798 5091 Ita
830 5039 1027 5090 decem
1066 5050 1197 5088 mss.
1236 5038 1485 5089 melioris
1518 5042 1683 5090 notae.
1728 5041 1859 5103 Alii,
1906 5046 1962 5093 et
2004 5043 2162 5105 edit.,

530 5114 678 5174 cujus
705 5109 906 5161 sciebas
929 5109 1302 5171 ministerium,
1330 5111 1485 5172 cujus
1506 5110 1704 5162 sciebas
1734 5125 2024 5163 occursum.

590 5183 685 5248 (50)
745 5182 934 5232 innuit
995 5181 1322 5233 Ambrosius
1383 5186 1628 5233 veterem
1695 5182 2160 5234 consuetudinem

528 5254 788 5308 canendi
832 5254 889 5304 in
930 5252 1135 5304 aedium
1178 5255 1331 5317 parte
1373 5252 1679 5317 superiori;
1715 5253 1866 5304 unde
1907 5266 2161 5305 caenacu-

529 5330 643 5378 lnm
671 5327 874 5386 Marco,
902 5339 1025 5387 xxv,
1053 5326 1130 5388 15,
1166 5324 1373 5375 dicitur
1396 5324 1605 5385 ἀνώγεον
1634 5340 1646 5373 :
1683 5339 1793 5390 qua
1818 5325 1887 5375 de
1930 5339 1988 5375 re
2025 5339 2159 5376 con-

526 5401 646 5450 sule
692 5400 916 5450 criticos
959 5411 1146 5448 sacros
1187 5397 1244 5446 in
1297 5410 1427 5446 eum
1475 5396 1680 5457 locum,
1738 5410 1955 5447 necnon
2000 5396 2159 5447 Stru-

525 5472 719 5522 chium
744 5472 920 5535 Antiq.
948 5470 1151 5520 concio.
1185 5468 1279 5519 lib.
1307 5480 1364 5530 ιι,
1396 5482 1514 5532 cap.
1546 5469 1622 5518 H.

590 5543 687 5604 (51)
717 5541 927 5593 Omnes
960 5539 1363 5606 propemodum
1399 5554 1550 5601 mss.,
1574 5552 1825 5590 mensura
1857 5540 2155 5603 perfectior,

529 5624 635 5659 non
679 5612 989 5662 mediocrem
1040 5625 1340 5663 mensuram
1396 5610 1641 5661 habens?
1688 5611 1932 5662 Potiores
1974 5614 2156 5662 tamen

530 5679 636 5728 hoc
660 5680 784 5729 loco
810 5681 1068 5731 videntur
1099 5683 1226 5732 edit.

594 5748 687 5819 (52)
721 5748 862 5797 Cum
885 5763 952 5799 ex
978 5752 1086 5802 hoc
1111 5753 1256 5813 loco,
1290 5757 1407 5803 tum
1440 5767 1509 5803 ex
1540 5753 1813 5818 Origenis,
1841 5754 2155 5819 Augustini,

531 5821 585 5866 et
619 5816 853 5866 aliorum
888 5821 1216 5871 testimoniis
1249 5816 1811 5890 antiquitatem—ritus
1842 5816 2015 5887 illius,
2044 5840 2155 5889 quo

2266 4701 2397 4740 nem
2429 4684 2649 4756 judicat
2687 4684 2942 4741 Christus
2977 4684 3313 4757 cognitione
3355 4686 3649 4754 cordium,
3675 4699 3783 4739 non
3816 4681 3887 4734 in-

2265 4779 2650 4850 terrogatione
2688 4780 2990 4846 factorum,
3035 4777 3289 4852 1515
3336 4779 3619 4835 virtutem
3648 4790 3893 4833 remune-

2264 4896 2344 4946 sal
2374 4895 2788 4947 catechumenis
2816 4895 2870 4944 in
2902 4908 2964 4946 os
2995 4895 3276 4957 inseritur,
3311 4895 3569 4948 ostendit
3604 4897 3718 4946 Jos.
3755 4892 3895 4940 Vica.

2264 4978 2452 5016 comes
2484 4964 2547 5015 de
2581 4966 2756 5029 Antiq.
2788 4966 2940 5029 Bapt.
2974 4966 3065 5015 rit.
3102 4979 3165 5015 ac
3191 4978 3426 5024 carem”
3458 4966 3560 5018 lib.
3589 4979 3645 5027 ιι,
3675 4977 3792 5028 cap.
3826 4958 3893 5010 ﬂ.

2329 5037 2425 5099 (53)
2452 5036 2709 5102 Plerique
2749 5050 2903 5098 mss.,
2930 5036 3020 5087 ille
3052 5036 3138 5088 sat
3160 5038 3474 5101 (nonnulli,
3517 5037 3611 5087 ille
3646 5032 3892 5089 Salvator)

2261 5108 2447 5158 mundi
2476 5123 2492 5156 :
2525 5112 2583 5158 tu
2610 5107 2729 5171 fons
2754 5108 2879 5159 vitae
2900 5120 2971 5166 es,
2999 5121 3135 5173 quae,
3166 5112 3268 5160 etc.

2328 5180 2420 5243 (54)
2443 5180 2571 5229 Mss.
2602 5192 2710 5231 non
2754 5180 2937 5244 pauci,
2971 5184 3025 5230 et
3057 5183 3170 5229 ant.
3209 5177 3366 5240 edit.,
3415 5184 3515 5230 aut
3556 5181 3783 5242 rigatum
3816 5184 3893 5221 suo

2259 5250 2477 5314 perfusa
2516 5251 2589 5302 ad
2627 5253 2952 5303 commodum
2988 5251 3391 5309 subministras,
3433 5266 3503 5302 ne
3544 5250 3751 5302 siccatis
3783 5257 3894 5295 era-

2262 5323 2483 5381 minata,
2513 5326 2618 5373 etc.
2648 5322 2793 5373 Edit.
2821 5323 2978 5375 Rom.
3025 5322 3161 5374 hinc
3191 5326 3414 5374 tantum
3454 5321 3733 5389 expunxit
3764 5327 3891 5383 pm-

2262 5394 2611 5456 positionem,
2649 5408 2817 5458 quam
2852 5395 2990 5444 forte
3032 5394 3231 5444 melius
3267 5407 3407 5444 cum
3451 5396 3732 5459 adjectivo
3771 5401 3891 5441 cono

2252 5468 2546 5530 junxisset,
2592 5470 2653 5517 ut
2691 5469 2837 5517 esset
2879 5465 3292 5524 adcommodum,
3343 5479 3451 5529 pro
3492 5461 3890 5516 accommodant.

2260 5541 2321 5587 ut
2365 5552 2514 5591 nunc
2556 5538 2866 5590 scribimus.
2900 5539 3050 5588 ‘Mss.
3110 5552 3239 5590 vero
3287 5538 3493 5602 plures
3546 5553 3615 5591 ac
3671 5535 3893 5610 potiores

2258 5610 2551 5661 nobiscum
2583 5611 2809 5662 faciunt.
2838 5611 2912 5659 Ita
2942 5623 3105 5675 porro
3139 5609 3329 5662 locum
3367 5611 3736 5675 interpretare
3757 5618 3819 5656 ac
3844 5609 3887 5675 _sl

2258 5683 2487 5746 legeres,
2516 5687 2610 5732 aut
2638 5682 2817 5746 rigata
2858 5671 3143 5745 superfusa
3179 5680 3249 5730 ad
3277 5671 3575 5730 utilitatem
3614 5675 3749 5729 illud
3780 5671 3888 5725 sub-

2258 5754 2554 5811 ministras,
2586 5765 2650 5800 ne
2674 5751 2929 5809 videlicet,
2957 5756 3064 5803 etc.
