4022 6176
209 273 318 329 1909

1293 263 1750 318 ΕχνυδιτιυΝιδ
1791 261 1853 318 ΙΝ
1897 263 2122 320 LUCAM
2167 267 2289 320 LIB.
2337 267 2397 318 Χ.

3383 266 3518 316 1910

204 413 335 460 rans,
367 388 825 461 impietatemque
865 387 1281 454 condemnatis,
1334 390 1408 441 ita
1446 392 1502 441 et
1541 387 1777 458 apostoli
1801 400 1859 472 Α
1885 388 1950 442 tis
1979 390 2300 459 penetralia
2336 389 2673 444 vestiuntur.
2708 391 2804 443 Est
2843 389 3017 444 etiam
3048 389 3268 459 gladius
3301 389 3515 458 passio-

199 493 244 545 in
256 485 504 560 judicium
526 482 779 553 spiritale
802 483 1124 537 formantur
1144 482 1602 537 remuneratione
1622 482 1776 550 ﬁdei,

200 588 243 639 et
284 576 642 635 exsecratione
689 575 938 647 perﬁdiae
965 618 977 642 ,
1022 576 1227 630 virtute
1279 592 1530 631 errorem
1580 575 1775 630 redar-

198 677 416 747 guentes,
445 669 748 741 sacrilegos
782 670 912 724 odio
953 675 1383 741 persequentes.

253 771 326 824 50.
354 767 760 822 Convertamur
789 764 983 835 igitur,
1014 769 1069 818 et
1105 781 1401 818 caveamus
1440 782 1508 819 ne
1547 765 1605 819 in
1649 781 1773 835 per-

192 863 432 916 ditionem
459 857 650 928 aliqua
677 857 826 911 inter
856 873 961 912 nos
991 858 1059 912 de
1091 858 1414 928 prtelatione
1447 859 1620 929 possit
1656 874 1777 912 esse

191 953 466 1017 contentio;
495 951 540 1005 si
571 950 728 1006 enim
762 951 1186 1006 contendebant
1224 952 1482 1022 apostoli,
1527 969 1638 1007 non
1677 969 1773 1006 ex-

186 1046 428 1105 cusationi
471 1045 828 1110 obtenditur,
879 1046 973 1100 sed
1025 1045 1269 1100 cautioni
1319 1047 1676 1118 proponitur.
1720 1047 1776 1102 Si

185 1147 352 1198 Petrus
389 1140 692 1212 aliquando
723 1140 1094 1206 convertitur,
1141 1139 1240 1210 qui
1276 1140 1348 1194 ad
1380 1141 1624 1211 primam
1665 1143 1772 1196 Do-

182 1236 298 1292 mini
324 1238 542 1290 secutus
569 1239 654 1289 est
682 1251 877 1290 vocem
912 1235 1159 1304 (Matth,
1194 1251 1264 1302 iv,
1295 1236 1403 1304 20),
1439 1236 1565 1306 quis
1597 1241 1778 1306 potest

180 1332 340 1386 dicere
374 1329 480 1384 cito
511 1345 568 1384 se
604 1345 726 1383 esse
767 1330 1140 1384 conversum?
1186 1331 1328 1384 Cave
1373 1345 1510 1401 ergo
1549 1330 1774 1400 jactan-

179 1426 313 1492 tiam,
346 1439 470 1478 cave
501 1423 803 1492 saeculum;
851 1423 944 1478 ille
979 1424 1131 1478 enim
1168 1424 1509 1478 conﬁrmare
1540 1424 1778 1494 jubetur

175 1520 349 1574 fratres
381 1534 513 1572 suos
541 1517 639 1588 qui
675 1517 859 1572 dixit:
897 1538 923 1568 (ι
953 1518 1158 1573 Omnia
1200 1517 1545 1582 dimisimus,
1589 1524 1646 1572 et
1686 1535 1775 1572 se-

174 1613 269 1666 cuti
291 1627 478 1665 sumus
507 1614 564 1665 te
592 1611 760 1679 (Luc.,
793 1628 942 1679 xvm,
977 1614 1087 1681 28).
1122 1635 1143 1661 υ

229 1709 306 1760 51.
348 1705 558 1760 Deinde
596 1705 990 1761 contuendum
1019 1709 1106 1760 est
1138 1707 1273 1777 quia
1305 1723 1420 1760 non
1455 1707 1644 1760 omnis
1671 1706 1773 1759 ho-

1882 482 1986 549 nis,
2036 486 2098 536 ut
2135 500 2302 538 exuas
2339 500 2563 555 corpus,
2606 488 2662 538 et
2703 483 3017 538 immolata:
3065 483 3248 536 carnis
3297 482 3516 537 exuviis

1880 583 2108 632 ematur
2140 577 2239 632 tibi
2275 578 2418 632 sacri
2464 594 2679 632 corona
2718 576 3012 648 martyrii;
3045 575 3202 646 quod
3229 592 3295 630 ex
3337 575 3514 632 bene-

1881 670 2224 726 dictionibus
2253 659 2561 726 Dominicis
2589 671 2860 743 colligere
2887 673 3070 742 potes,
3100 671 3198 742 qui
3226 685 3515 724 summam

1879 765 2137 820 omnium
2179 781 2469 829 coronam,
2511 767 2556 819 si
2595 765 2724 836 quis
2762 765 3220 835 persecutionem
3266 764 3518 834 patiatur

1880 877 1981 930 pro
2003 860 2248 929 justitia,
2290 859 2639 930 praedicavit.
2681 859 2938 930 Denique
2981 865 3040 912 ut
3083 858 3226 912 scias
3271 858 3404 928 quia
3445 857 3516 910 de

1880 953 2136 1023 passione
2197 953 2416 1008 locutus
2482 957 2596 1018 est,
2655 970 2725 1007 ne
2786 953 3044 1007 turbaret
3106 952 3514 1022 discipulorum

1881 1046 1928 1119 1
1947 1045 2136 1119 516
2164 1047 2407 1113 animos,
2437 1047 2508 1101 de
2537 1064 2595 1101 se
2624 1047 2951 1118 exemplum
2981 1046 3238 1118 protulit,
3269 1045 3466 1100 dicens
3496 1061 3510 1099 :

1880 1144 2142 1209 Quoniam
2183 1144 2278 1196 hoc
2319 1143 2465 1211 quod
2500 1145 2763 1212 sm’ptum
2805 1147 2900 1203 est,
2953 1146 3161 1210 oportet
3201 1141 3420 1210 impleri
3455 1142 3515 1193 in

1879 1252 1977 1302 me,
2006 1237 2149 1305 quod
2178 1241 2227 1290 et
2255 1252 2374 1289 cum
2404 1235 2622 1304 injustis
2651 1235 2946 1304 deputatus
2985 1240 3083 1288 est.

1951 1334 2036 1384 55.
2084 1330 2283 1384 Movet.
2311 1335 2500 1383 tamen
2547 1329 2730 1383 adhuc
2775 1329 2928 1400 quod
2975 1328 3118 1382 duos
3149 1327 3373 1398 gladios
3404 1326 3515 1380 dis-

1880 1423 2050 1494 cipuli
2098 1425 2480 1494 protulerunt,
2529 1440 2599 1478 ne
2647 1423 2787 1477 forte
2839 1438 3017 1476 unum
3063 1421 3220 1485 Novi,
3265 1422 3513 1476 alterum

1883 1517 2092 1571 Veteris
2119 1517 2482 1583 Testamenti,
2513 1517 2720 1588 quibus
2755 1515 3024 1570 adversus
3065 1513 3274 1569 diaboli
3317 1531 3526 1572 arma».

1883 1627 2011 1664 mur
2048 1611 2318 1665 insidias?
2364 1611 2620 1682 Denique
2667 1610 2801 1665 dicit
2853 1609 3120 1664 Dominus
3164 1626 3176 1662 :
3219 1610 3367 1665 Satis
3409 1615 3511 1670 est,

1879 1705 2037 1776 quasi
2092 1705 2233 1759 nihil
2290 1706 2435 1760 desit
2485 1706 2535 1758 ei
2589 1722 2757 1776 quem
2816 1703 3114 1774 utriusque
3165 1701 3510 1758 Testamenti

171 1799 514 1855 noriﬁcentiaa
554 1799 744 1853 studio
785 1799 1077 1854 humilitas
1119 1800 1388 1855 delinitur
1431 1801 1571 1871 (355);
1621 1806 1778 1870 potes
1803 1778 1855 1846 Β
1883 1798 2142 1853 doctrina
2170 1799 2465 1853 munierit.

169 1895 299 1948 enim
327 1893 550 1948 deferre
576 1893 744 1948 alicui
777 1897 1012 1965 prOpter
1047 1894 1234 1948 saeculi
1267 1894 1530 1964 gratiam,
1574 1899 1775 1965 poten-

171 1988 248 2042 tiae
273 1991 503 2052 metum,
549 1986 925 2058 utilitatisque
953 1987 1291 2042 contuitum.
1327 1989 1440 2042 Tua
1477 1987 1776 2042 aediﬁcatio

167 2081 436 2151 quaeritur,
487 2098 607 2135 non
650 2080 880 2135 alterius
921 2083 1135 2146 honor;
1177 2085 1234 2135 et
1276 2081 1402 2136 ideo
1449 2097 1565 2136 una
1610 2082 1778 2136 datur

165 2174 402 2228 omnibus
449 2175 642 2228 forma
686 2174 1020 2242 sententiae,
1067 2179 1127 2229 ut
1170 2191 1282 2228 non
1329 2174 1398 2229 de
1442 2175 1775 2246 praelatione

159 2269 403 2337 jactantia
435 2269 533 2337 sit,
569 2268 664 2324 sed
695 2267 764 2322 de
803 2267 1125 2323 humilitate
1158 2268 1471 2337 contentio,
1503 2286 1688 2341 eoque
1716 2287 1774 2323 se

164 2363 413 2417 Dominus
441 2364 716 2433 proponit
746 2362 1107 2416 imitandum.
1141 2362 1461 2434 Egebamus
1492 2364 1772 2431 omnium,

162 2457 260 2526 ipse
315 2457 640 2523 nullorum;
691 2462 746 2510 et
795 2459 988 2511 tamen
1033 2455 1282 2527 praebuit
1332 2474 1388 2510 se
1441 2457 1776 2512 humilitatis

160 2554 448 2616 auctorem,
492 2567 630 2604 cum
657 2550 949 2622 discipulis
976 2550 1350 2605 ministraret.
1389 2551 1549 2615 Quod
1581 2551 1774 2623 utique

159 2659 255 2697 non
283 2643 532 2698 faciebat
558 2644 744 2698 studio
777 2643 1053 2708 utilitatis,
1085 2644 1184 2698 sed
1224 2643 1626 2698 exercitatione
1662 2645 1771 2698 vir-

162 2737 290 2790 tutis.

217 2834 291 2885 52.
323 2833 506 2896 (Vers.
546 2834 657 2900 3t.)
695 2834 890 2886 Petrus
917 2838 1110 2887 autem
1155 2833 1259 2886 etsi
1295 2832 1498 2903 spiritu
1540 2849 1772 2904 promp-

160 2928 252 2988 tus,
299 2927 563 2997 corporis
612 2931 809 2980 tamen
864 2926 1051 2980 adhuc
1106 2926 1365 2980 inﬁrmus
1416 2926 1620 2981 affectu
1675 2927 1774 2980 de-

154 3021 429 3074 nuntiatur
458 3020 770 3075 Dominum
796 3026 1138 3091 negaturus;
1162 3037 1345 3091 neque
1373 3021 1529 3074 enim
1553 3025 1778 3090 poterat

1949 1893 2126 1961 (Vers.
2157 1895 2245 1960 4‘2,
2285 1894 2396 1950 43.)
2429 1896 2608 1953 Pater,
2635 1896 2684 1946 si
2711 1893 2962 1962 possibile
2986 1897 3083 1954 est,
3110 1894 3350 1958 transfer
3369 1907 3404 1945 a
3429 1908 3511 1945 me

1879 1990 2097 2041 calicem
2124 1990 2309 2042 istum.

1950 2084 2038 2136 56.
2096 2083 2326 2136 Haerent
2373 2081 2629 2152 plerique
2684 2081 2788 2134 hoc
2841 2079 3001 2149 loco,
3063 2079 3161 2151 qui
3220 2079 3510 2135 tristitiam

1878 2175 2146 2230 Salutaris
2183 2176 2255 2229 ad
2293 2181 2697 2246 argumentum
2739 2174 2950 2229 inolitaa
2992 2173 3182 2245 potius
3221 2192 3254 2229 a
3291 2173 3510 2246 princi-

1881 2270 1972 2340 pio
2021 2270 2153 2339 (56),
2207 2286 2376 2340 quam
2427 2272 2701 2341 susceptae
2758 2252 3108 2339 ad.tempus
3160 2266 3512 2323 infirmitatis

1877 2363 2173 2430 inclinant,
2209 2366 2264 2416 et
2307 2361 2578 2416 naturalis
2615 2378 2840 2416 sensum
2881 2362 3116 2432 cupiunt
3162 2362 3508 2433 detorquere

1875 2456 2194 2511 sententiae.
2226 2459 2342 2528 Ego
2376 2461 2568 2511 autem
2611 2473 2727 2511 non
2765 2456 2949 2510 solum
2985 2455 3364 2510 excusandum
3395 2471 3508 2509 non

1878 2554 2032 2621 puto,
2062 2551 2157 2604 sed
2187 2551 2362 2606 etiam
2390 2566 2672 2622 nusquam
2703 2549 2885 2621 magis
2923 2549 3194 2620 pietatem
3233 2549 3357 2619 ejus
3385 2564 3506 2604 ma-

1869 2646 2253 2716 jestatemque
2283 2644 2568 2714 demiror;
2601 2645 2791 2698 minus
2819 2644 2975 2698 enim
3003 2643 3318 2698 contulerat
3347 2642 3507 2710 mihi,

1878 2738 1985 2792 nisi
2044 2753 2236 2793 meum
2299 2737 2637 2809 suscepisset
2699 2737 2983 2792 affectum.
3045 2737 3190 2806 Ergo
3257 2752 3360 2806 pro
3417 2753 3509 2791 me

1877 2832 2074 2901 doluit,
2124 2833 2220 2904 qui
2272 2849 2377 2904 pro
2424 2848 2483 2886 se
2530 2831 2673 2886 nihil
2719 2831 2921 2886 habuit
2971 2830 3118 2901 quod
3166 2830 3401 2898 doleret,
3453 2836 3511 2884 et

1877 2930 2224 2998 sequestrata
2265 2926 2635 2982 delectatione
2681 2925 2992 2980 divinitatis
3033 2926 3292 2992 interula,
3338 2921 3506 2979 taedio

1878 3036 2020 3075 meae
2058 3021 2400 3075 inﬁrmitatis
2436 3019 2699 3074 afﬁcitur.
2733 3019 2992 3090 Suscepit
3023 3018 3176 3073 enim
3218 3017 3509 3073 tristitiam

150 3111 332 3168 divina!
407 3115 798 3169 constantiam
869 3114 1198 3169 intentionis
1266 3130 1518 3185 aequare.
1587 3114 1774 3169 Passio
1797 3144 1851 3217 Ο
1879 3130 2091 3185 meam,
2122 3119 2182 3169 ut
2208 3115 2349 3169 mihi
2384 3131 2542 3168 suam
2574 3113 2829 3168 laetitiam
2866 3112 3207 3183 largiretur;
3250 3118 3305 3167 et
3345 3113 3510 3166 vesti-

150 3206 355 3261 Domini
401 3207 654 3262 aemulos
695 3208 887 3274 habet,
935 3224 1100 3278 pares
1144 3224 1253 3261 non
1303 3207 1493 3262 habet.
1542 3209 1618 3262 Ita
1659 3225 1770 3262 non

148 3301 499 3370 reprehendo
535 3302 689 3373 quod
723 3301 970 3373 negavit,
1001 3301 1172 3356 laudo
1210 3302 1363 3372 quod
1402 3301 1575 3356 ﬂevit.
1611 3301 1775 3356 Aliud

143 3410 435 3451 commune
479 3396 835 3451 conditionis
880 3399 995 3463 est,
1037 3396 1187 3449 aliud
1235 3395 1477 3466 speciale
1528 3395 1772 3450 virtutis.

143 3487 197 3540 Et
239 3489 369 3544 ideo
413 3489 725 3545 instruitur
769 3491 839 3544 ad
881 3490 1218 3556 cavendum,
1268 3506 1382 3544 non
1430 3489 1653 3560 cogitur
1703 3490 1774 3544 ad

141 3584 490 3654 negandum.

201 3677 366 3734 ('Vers.
427 3681 552 3744 36.)
608 3679 714 3744 Qui
770 3693 912 3732 nunc
969 3679 1152 3738 habet,
1210 3677 1426 3748 inquit,
1480 3678 1771 3742 sacculum,

139 3771 278 3824 tollat
311 3773 580 3826 similiter
620 3777 671 3825 et
705 3787 930 3840 peram;
962 3777 1013 3825 et
1051 3774 1150 3841 qui
1193 3787 1298 3826 non
1339 3771 1525 3832 habet,
1571 3771 1773 3825 vendat

138 3867 362 3920 tunicam
386 3881 582 3929 suam,
611 3872 660 3919 et
691 3870 833 3919 emat
863 3867 968 3920 sibi
989 3865 1256 3933 gladium.

194 3962 276 4012 53.
333 3961 379 4015 Ο
433 3959 716 4023 Domine,
765 3975 867 4013 cur
911 3975 1103 4013 emere
1156 3974 1246 4012 me
1280 3958 1451 4030 jubes
1499 3959 1772 4030 gladium,

133 4051 214 4120 qui
242 4054 416 4107 ferire
447 4070 547 4108 me
579 4052 888 4123 prohibes?
911 4052 1026 4107 Cur
1055 4052 1266 4107 habere
1295 4053 1579 4124 praecipis,
1602 4069 1774 4124 quem

131 4153 273 4200 vetas
299 4147 550 4218 promi?
579 4146 690 4201 Nisi
720 4146 864 4201 forte
901 4151 962 4200 ut
999 4147 1074 4199 sit
1112 4151 1305 4217 parata
1346 4146 1624 4213 defensio,
1659 4163 1774 4201 non

131 4239 258 4294 ultio
299 4239 674 4304 necessaria;
714 4244 773 4293 ut
807 4239 1003 4294 videar
1050 4239 1298 4309 potuisse
1346 4239 1646 4307 vindicari,
1676 4241 1774 4295 sed

128 4334 382 4389 noluisse.
445 4336 560 4388 Lex
615 4340 814 4388 tamen
863 4332 1095 4387 referire
1146 4350 1262 4388 non
1312 4337 1484 4400 vetat,
1542 4340 1599 4388 et
1648 4335 1774 4388 ideo

127 4425 355 4483 fortasse
385 4430 571 4484 Petro
599 4427 743 4482 duos
768 4427 984 4497 gladios
1013 4425 1270 4482 offerenti
1294 4444 1306 4480 :
1332 4429 1478 4484 Satis
1501 4434 1577 4484 est
1607 4430 1769 4497 (vers.

1879 3207 1986 3278 giis
2024 3208 2226 3262 nostris
2261 3208 2557 3263 descendit
2596 3224 2772 3279 usque
2814 3207 2883 3260 ad
2929 3206 3129 3261 mortis
3169 3222 3506 3273 aerumnam,

1879 3305 1940 3356 ut
1969 3319 2070 3357 nos
2097 3302 2210 3356 suis
2237 3301 2491 3374 vestigiis
2528 3306 2817 3356 revocaret
2860 3301 2931 3356 ad
2975 3301 3172 3356 vitam.
3211 3300 3511 3356 Conﬁden-

1877 3399 1966 3449 ter
1988 3412 2126 3466 ergo
2162 3396 2452 3451 tristitiam
2496 3395 2750 3459 nomino,
2782 3394 2913 3466 quia
2952 3411 3182 3450 crucem
3225 3395 3505 3465 praedico;

1876 3505 2064 3560 neque
2112 3490 2266 3544 enim
2322 3489 2570 3562 speciem
2623 3487 3035 3544 lncarnationis
3085 3489 3350 3558 suscepit,
3409 3490 3508 3544 sed

1875 3582 2195 3637 veritatem.
2241 3583 2445 3638 Debuit
2493 3599 2632 3654 ergo
2682 3589 2734 3637 et
2782 3582 3040 3637 dolorem
3087 3582 3397 3653 suscipere,
3448 3586 3511 3636 ut

1875 3677 2126 3732 vinceret
2170 3677 2491 3744 tristitiam,
2549 3693 2660 3730 non
2711 3677 3059 3730 excluderet.
3111 3676 3304 3746 Neque
3351 3677 3507 3730 enim

1878 3771 2088 3826 habent
2122 3769 2474 3826 fortitudinis
2526 3770 2788 3838 laudem,
2841 3769 2941 3840 qui
2987 3774 3278 3840 stuporem
3325 3771 3508 3840 magis

1877 3866 2174 3920 vulnerum
2220 3864 2453 3918 tulerint
2495 3880 2668 3935 quam
2717 3863 2971 3918 dolorem
3015 3883 3026 3917 :
3073 3863 3314 3917 «Homo
3353 3863 3506 3916 enim

1877 3960 1936 4014 in
1967 3961 2157 4030 plaga,
2189 3962 2247 4012 et
2281 3957 2477 4025 sciens,
2512 3957 2719 4029 inquit,
2764 3957 2913 4012 ferre
2948 3956 3312 4011 inﬁrmitates
3349 3955 3506 4026 (Isa.,

1876 4070 1990 4120 Lm,
2021 4054 2096 4122 3).
2134 4077 2160 4101 »

1947 4153 2035 4203 57.
2082 4148 2188 4201 Nos
2230 4148 2348 4200 vult
2391 4146 2636 4214 erudire,
2685 4151 2747 4200 ut
2775 4145 2908 4218 quia
2952 4146 3011 4200 in
3051 4146 3256 4217 Joseph
3299 4144 3511 4200 didice-

1876 4259 2066 4297 ramus
2109 4257 2395 4296 carcerem
2424 4240 2552 4309 [non
2595 4239 2817 4307 timere,
2851 4244 3092 4296 mortem
3138 4239 3360 4295 vincere
3401 4240 3510 4294 dis-

1876 4352 2135 4391 ceremus
2176 4335 2235 4390 in
2275 4334 2497 4390 Christo
2532 4351 2544 4388 :
2575 4341 2631 4389 et
2678 4335 2831 4406 quod
2873 4340 2958 4389 est
2995 4335 3262 4404 amplius,
3307 4351 3507 4405 quem-

1875 4430 2185 4485 admodum
2235 4429 2438 4484 futuraa
2493 4428 2694 4482 mortis
2751 4427 3080 4482 mcestitiam
3131 4426 3505 4482 vinceremus.

125 4523 223 4587 38:,
257 4522 430 4587 dicis,
478 4521 644 4594 quasi
679 4521 902 4576 licuerit
939 4537 1118 4591 usque
1159 4521 1227 4576 ad
1277 4521 1668 4593 Evangelium,
1715 4518 2174 4588 utDQnomodo
2215 4522 2371 4576 enim
2408 4527 2463 4574 te
2505 4521 2884 4586 imitaremur,
2935 4520 3167 4575 Domine
3206 4522 3359 4587 Jesu,
3401 4520 3504 4574 nisi

123 4616 182 4668 sit
207 4616 265 4671 in
293 4618 433 4688 lege
465 4615 754 4688 aequitatis
781 4615 1053 4681 eruditio,
1080 4615 1136 4668 in
1175 4616 1478 4687 Evangelio
1503 4615 1776 4671 bonitatis

128 4709 403 4776 perfectio
415 4752 428 4765 .

183 4804 263 4859 54.
304 4806 510 4872 (Vers.
553 4804 662 4870 3‘7.)
706 4803 891 4858 Multis
931 4803 1036 4857 hoc
1077 4804 1338 4875 iniquum
1377 4804 1634 4874 videtur;
1673 4805 1775 4859 sed

124 4912 224 4951 non
271 4899 529 4970 iniquus
574 4898 862 4963 Dominus,
907 4898 1004 4968 qui
1050 4914 1180 4951 cum
1227 4914 1284 4952 se
1328 4903 1519 4968 posset
1557 4899 1772 4967 ulcisci,

121 4991 317 5049 maluit
360 4991 693 5047 immolari.
746 4993 841 5045 Est
887 4991 1039 5046 enim
1095 4991 1322 5064 gladius
1373 4992 1660 5063 spiritalis,
1716 4997 1776 5048 ut

121 5087 322 5140 vendas
351 5085 804 5158 patrimonium,
827 5102 988 5140 emas
1017 5086 1272 5155 verbum,
1296 5103 1410 5156 quo
1439 5086 1593 5140 nuda
1620 5104 1776 5142 men-

174 5208 271 5273 (55)
332 5209 566 5261 Omnes
621 5208 772 5267 edit.,
819 5221 926 5257 non
970 5211 1139 5258 omnis
1194 5209 1601 5273 honoriﬁcentia:
1663 5215 1774 5260 stu-

119 5278 256 5327 dium
301 5278 647 5329 humilitatis
683 5278 883 5339 (Rom,
932 5278 1224 5340 humilitas)
1271 5279 1536 5342 deﬁnitur.
1572 5280 1772 5344 Seripti

119 5351 233 5401 cod.
266 5364 502 5418 magno
529 5363 779 5410 numero,
806 5355 868 5400 ut
893 5363 995 5400 nos
1024 5351 1081 5400 in
1111 5353 1282 5400 textu.
1319 5351 1446 5400 Post
1470 5364 1636 5402 voces
1675 5366 1774 5402 au-

120 5426 221 5472 tem
251 5437 371 5473 non
415 5423 601 5471 omnis
641 5421 1065 5484 honoriﬁcentia,
1105 5421 1635 5485 subintelligendum
1671 5428 1772 5484 est,

119 5491 233 5543 aliis
281 5492 648 5553 exhibendae;
695 5491 1168 5555 quemadmodum
1214 5492 1503 5555 sequentia
1546 5493 1773 5556 planum

117 5563 348 5616 faciunt.

173 5637 267 5695 :56)
292 5637 408 5686 His
440 5635 635 5685 verbis
664 5637 1004 5699 castigantur
1041 5634 1464 5698 Apollinaristae,
1497 5637 1592 5697 qui
1637 5640 1776 5687 teste

116 5705 446 5770 Epiphanio
495 5705 630 5757 har.
663 5708 742 5768 77,
771 5721 923 5758 num.
952 5708 1034 5769 33,
1074 5707 1436 5771 pervicaciter
1473 5706 1773 5757 contende-

115 5776 240 5826 bant
267 5780 444 5827 etiam
476 5777 811 5830 divinitatem
842 5779 1036 5831 Christi
1074 5791 1291 5843 passam
1314 5791 1452 5838 esse;
1478 5781 1574 5827 aut
1613 5777 1771 5836 forte,

117 5851 170 5894 ut
198 5851 289 5898 ait.
339 5851 403 5898 Β.
452 5847 565 5897 Th.
604 5851 658 5900 in
705 5850 1048 5911 Matthaaum,
1079 5864 1108 5898 a
1151 5849 1355 5913 quibus
1399 5848 1775 5899 afﬁrmabatur

1877 4633 2250 4690 sequeremur
2298 4619 2361 4669 ut
2399 4615 2717 4681 hominem,
2756 4615 2864 4668 nisi
2908 4621 3204 4669 mortuum
3241 4614 3503 4670 credere-

1879 4728 2036 4778 mus,
2105 4711 2210 4764 nisi
2278 4711 2515 4762 vulnera
2574 4708 2956 4763 vidissemus?
3011 4708 3506 4772 Quemadmodum

1878 4805 2133 4876 discipuli
2176 4803 2477 4858 crederent
2526 4801 2696 4857 fuisse
2742 4801 3121 4872 moriturum,
3176 4802 3281 4857 nisi
3327 4802 3502 4858 mori-

1880 4899 1992 4953 turi
2023 4897 2307 4954 tristitiam
2347 4896 2793 4968 comperissent?
2820 4896 2930 4952 Sed
2971 4897 3156 4952 adhuc
3193 4896 3504 4963 dormiunt,

1879 4996 1935 5047 et
1991 4992 2250 5046 nesciunt
2298 4991 2507 5058 dolere,
2551 5007 2654 5061 pro
2703 4991 2910 5063 quibus
2952 4991 3208 5045 Christus
3244 4990 3503 5057 dolebat;

1878 5087 1956 5141 ita
1989 5087 2142 5141 enim
2170 5086 2416 5157 legimus
2454 5102 2464 5138 :
2499 5107 2524 5133 ‹‹
2556 5085 2701 5148 Quia
2735 5091 2966 5156 peccata
2994 5089 3182 5139 nostra
3211 5088 3421 5155 portat,
3451 5092 3504 5139 et

1879 5211 1934 5260 in
1966 5208 2186 5260 Christo
2233 5208 2453 5260 Verbum
2491 5222 2596 5261 esse
2638 5209 2746 5260 loco
2791 5210 3040 5259 animas...
3078 5213 3134 5257 ut
3168 5209 3348 5258 omnia
3393 5223 3508 5273 quae

1877 5281 1947 5330 ad
1975 5280 2226 5342 defectum
2253 5282 2538 5346 pertinent,
2567 5281 2638 5332 ad
2672 5281 2891 5331 Verbum
2915 5279 3264 5343 referrentur.
3291 5281 3361 5330 Et
3400 5281 3507 5330 hoc

1878 5355 1990 5402 tota
2017 5353 2158 5402 serie
2179 5353 2444 5404 orationis
2472 5353 2849 5404 conﬁrmatur.
2877 5352 3074 5402 Falsus
3105 5354 3188 5400 est
3215 5364 3346 5415 ergo
3371 5352 3505 5402 Mal-

1876 5423 2112 5474 donatus
2141 5427 2185 5474 si
2230 5425 2297 5474 ad
2339 5426 2560 5476 huncce
2594 5425 2781 5475 locum
2811 5423 3071 5487 respexit,
3101 5436 3232 5472 cum
3278 5423 3334 5472 in
3383 5437 3500 5488 cap.

1878 5507 2024 5546 xxv:
2076 5497 2320 5547 Matthaai
2378 5498 2599 5561 scripsit
2656 5495 2934 5546 Ambrosii
2998 5495 3323 5545 auctoritate
3374 5495 3501 5545 olim

1877 5567 2152 5618 exstitisse
2179 5569 2273 5632 qui
2301 5573 2557 5632 negarent
2595 5580 2777 5616 veram
2816 5566 2873 5614 in
2908 5564 3115 5615 Christo
3143 5566 3310 5627 fuisse
3347 5566 3509 5615 tristi-

1878 5640 2024 5688 tiam.
2053 5640 2260 5690 Verum
2289 5640 2514 5705 quidem
2541 5643 2622 5690 est
2654 5639 2796 5688 infra
2827 5637 3052 5701 reperiri
3079 5637 3351 5688 nonnulla
3389 5638 3507 5703 qui-

1877 5709 1982 5758 bus
2008 5708 2297 5760 Manichaai
2327 5709 2609 5759 Christum
2652 5721 2779 5758 vere
2822 5721 3042 5773 passum
3080 5721 3202 5759 esse
3245 5713 3508 5773 negantes

1877 5781 2336 5843 perstringuntur,
2367 5779 2463 5830 sed
2490 5780 2595 5830 hoc
2619 5779 2816 5842 obiter,
2848 5794 2912 5831 ac
2939 5781 3048 5832 levi
3076 5793 3263 5832 manu.
