4022 6176
497 267 620 317 ltili

1987 258 2042 310 S.
2074 260 2163 313 AM
2174 256 2391 313 BROSII

3671 267 3778 319 ltili

490 405 593 460 pro
621 387 786 443 nobis
812 384 967 442 dolet
994 389 1146 457 (lsa.,
1180 402 1291 451 Llll,
1322 389 1392 455 i).
1428 407 1452 434 η
1483 385 1640 440 Doles
1670 402 1828 457 ergo,
1866 383 2120 451 Domine,
2146 395 2207 467 Α
2230 386 2343 437 tem
2376 386 2463 437 est
2488 399 2603 437 non
2636 383 2775 455 ipse,
2805 384 2899 437 sed
2932 382 3145 436 anima.
3174 381 3292 434 Non
3325 385 3403 435 est
3432 380 3587 437 tristis
3608 387 3786 456 sapien-

490 499 609 539 non
647 488 768 543 tua.
809 481 911 536 sed
954 497 1086 536 mea
1134 481 1372 535 vulnera
1419 498 1430 533 :
1481 496 1597 535 non
1645 485 1799 532 tuam
1848 482 2117 545 mortem,

489 576 590 632 sed
645 582 897 631 nostram
952 574 1385 643 inﬁrmitatem;
1446 578 1502 627 et
1554 590 1658 627 nos
1713 571 2121 627 mstimavimus

490 677 544 725 te
575 687 698 726 esse
734 670 794 725 in
832 668 1142 736 doloribus,
1182 684 1310 722 cum
1344 673 1406 722 tu
1448 683 1561 721 non
1599 684 1704 738 pro
1752 669 1829 733 te,
1875 665 1974 722 sed
2019 682 2122 736 pro

492 782 582 822 me
603 765 855 833 doleres;
886 763 1204 821 inﬁrmatus
1229 762 1386 817 enim
1411 772 1490 828 es‘,
1515 760 1611 816 sed
1639 763 1869 831 propter
1892 762 2122 831 peccata

494 865 685 914 nostra
724 858 911 929 (Ibid.,
953 856 1041 928 5);
1072 872 1187 910 non
1226 855 1359 927 quia
1392 855 1487 910 illa
1525 854 1628 909 tibi
1668 854 1966 909 inﬁrmitas
2001 856 2124 908 erat

490 969 561 1009 ex
586 954 747 1007 Patre
776 956 1087 1022 assumpta,
1119 949 1213 1003 sed
1246 966 1348 1020 pro
1378 966 1469 1003 me
1498 951 1789 1020 suscepta;
1819 948 1952 1019 quia
1978 947 2123 1001 mihi

494 1046 761 1119 proderat
803 1051 867 1099 ut
907 1043 1151 1100 eruditio
1195 1042 1346 1115 pacis
1390 1046 1601 1097 nostrae
1641 1046 1789 1096 esset
1829 1042 1888 1096 in
1938 1044 2021 1107 te,
2067 1043 2124 1096 et

492 1141 670 1196 livore
698 1145 796 1194 tuo
825 1140 1059 1194 vulnera
1089 1143 1285 1192 nostra
1315 1153 1562 1192 sanares.

565 1237 651 1289 58.
706 1234 817 1290 Sed
869 1232 1004 1304 quid
1058 1231 1273 1287 mirum
1326 1231 1369 1285 si
1427 1247 1530 1302 pro
1584 1229 1851 1285 omnibus
1905 1228 2120 1295 doluit,

490 1331 589 1402 qui
617 1346 720 1401 pro
749 1345 859 1383 uno
886 1326 1085 1381 ﬂevit?
1114 1328 1180 1381 Et
1206 1324 1343 1396 quid
1372 1325 1584 1379 mirum
1610 1324 1656 1379 si
1682 1323 1996 1379 moriturus
2021 1338 2124 1394 pro

493 1423 758 1479 omnibus
797 1422 1022 1487 taedeat,
1054 1420 1154 1491 qui
1194 1420 1468 1474 Lazarum
1512 1418 1973 1474 ressuscitaturus
2002 1414 2121 1471 illa-

488 1520 714 1589 crymat
753 1516 948 1585 (Joan.,
994 1532 1073 1582 x1,
1114 1513 1245 1582 35)?
1275 1513 1389 1569 Sed
1430 1516 1488 1568 et
1527 1512 1605 1567 ibi
1648 1512 1757 1584 piae
1800 1511 2007 1566 sororis
2043 1511 2121 1564 la-

490 1611 698 1683 crymis
723 1613 1132 1677 commovetur,
1162 1608 1298 1679 quia
1341 1610 1599 1661 mentem
1640 1606 1956 1660 humanam
1998 1608 2123 1658 tan-

2228 478 2341 544 tia,
2395 493 2511 532 non
2563 476 2753 531 divina
2800 475 3147 541 substantia,
3198 474 3297 529 sed
3336 474 3525 529 anima.
3574 477 3790 551 Suscepit

2223 588 2427 644 corpus
2458 587 2653 625 meum
2690 570 2831 640 (58);
2872 587 2985 624 non
3029 586 3119 624 me
3155 567 3372 636 fefellit,
3400 570 3461 622 ut
3485 569 3622 624 aliud
3649 575 3789 639 esset,

2222 666 2372 720 aliud
2418 665 2721 720 videretur.
2768 664 2961 719 Tristis
3008 662 3337 729 videbatur,
3387 666 3439 716 et
3477 662 3635 717 tristis
3674 669 3791 734 erat,

2226 776 2339 814 non
2383 777 2481 832 pro
2521 776 2623 813 sua
2658 759 2948 831 passione,
2977 757 3077 812 sed
3106 772 3210 827 pro
3252 760 3441 810 nostra
3474 756 3791 827 dispersione.

2227 853 2480 924 Denique
2509 854 2584 907 ait
2618 870 2631 906 :
2664 873 2690 902 ‹‹
2724 852 3038 907 Percutiam
3067 856 3381 922 pastorem,
3420 852 3474 903 et
3507 850 3792 922 dispergen-

2225 952 2317 1002 tur
2358 964 2490 1002 oves
2526 946 2717 1019 gregis
2755 947 2939 1018 (lbid.,
2985 945 3096 1015 3t).
3127 966 3153 993 ››
3182 943 3377 999 Tristis
3412 946 3542 1012 erat,
3571 944 3691 1016 quia
3714 961 3799 1000 nos

2225 1043 2483 1112 parvulos
2511 1040 2893 1113 relinquebat.
2925 1041 3205 1094 Caeterum
3229 1053 3400 1109 quam
3436 1042 3730 1093 constanter
3752 1056 3798 1094 se

2229 1136 2393 1190 morti
2446 1135 2745 1201 obtulerit,
2798 1134 3087 1205 Scriptura
3136 1133 3388 1187 declarat
3436 1132 3539 1201 (59)
3592 1132 3803 1202 quando-

2225 1230 2454 1300 quidem
2483 1228 2869 1301 quaerentibus
2893 1227 3157 1297 occurrit,
3185 1225 3441 1281 turbatos
3471 1225 3803 1291 conﬁrmavit,

2228 1324 2477 1395 trepidos
2519 1323 2856 1396 provocavit,
2902 1321 3254 1395 proditorem
3298 1319 3471 1375 osculi
3518 1319 3806 1390 dignatione

2227 1420 2473 1490 suscepit
2500 1420 2699 1489 (Joan.,
2730 1433 2878 1484 xvui,
2906 1418 3067 1483 4-10;
3093 1416 3319 1478 Matth"
3349 1430 3491 1481 xxvi,
3517 1415 3617 1483 t9).

2299 1516 2385 1567 62.
2438 1514 2547 1567 Nec
2593 1512 2729 1567 illud
2780 1512 2950 1566 distat
2989 1528 3022 1565 a
3066 1526 3219 1579 vero,
3273 1510 3319 1564 si
3366 1507 3535 1563 tristis
3577 1511 3686 1563 erat
3730 1523 3813 1578 pro

2227 1606 2683 1679 persecutoribus
2725 1606 2873 1673 suis,
2919 1622 3062 1677 quos
3108 1603 3320 1659 sciebat
3364 1601 3620 1657 immanis
3665 1601 3811 1655 sacri—

495 1706 733 1778 gebant;
778 1710 833 1760 et
873 1703 968 1757 hic
1019 1703 1132 1757 alto
1179 1706 1449 1772 Operatur
1499 1699 1727 1768 affectu,
1781 1702 1843 1753 ut
1890 1698 2025 1770 quia
2070 1698 2126 1751 in
2150 1768 2199 1778 ᾎ
2231 1701 2363 1773 legii
2390 1718 2585 1772 poenas
2611 1700 2863 1755 daturos.
2896 1701 2962 1753 Et
2990 1699 3119 1754 ideo
3144 1697 3287 1753 dixit
3315 1715 3329 1752 :
3366 1717 3393 1744 ‹‹
3419 1694 3668 1751 Transfer
3690 1695 3816 1749 hunc

494 1816 665 1856 carne
720 1816 822 1852 sua
881 1798 1112 1868 peccata
1166 1799 1355 1849 nostra
1414 1793 1763 1865 perimebat,
1826 1768 2462 1851 mmrorechalicem
2495 1812 2528 1849 a
2556 1812 2647 1850 me
2692 1797 2865 1864 (Lua,
2914 1810 3045 1862 xxu,
3082 1792 3205 1861 42);
3252 1813 3281 1842 ››
3322 1806 3432 1845 non
3472 1788 3597 1860 quia
3630 1779 3719 1844 Dei
3745 1788 3814 1842 Fi.

498 1909 728 1965 quoque
756 1890 805 1964 1
824 1890 936 1964 51
954 1889 1009 1961 ⁸7
1046 1889 1258 1943 animae
1286 1892 1515 1955 nostrae,
1546 1904 1663 1941 suae
1689 1887 1897 1941 animm
1922 1902 2147 1941 mceror-

498 1987 769 2041 aboleret.
828 1985 894 2038 Et
944 1985 1182 2039 fortasse
1235 1981 1366 2037 ideo
1414 1982 1585 2036 tristis
1643 1985 1760 2048 est,
1814 1980 1947 2053 quia
2005 1983 2134 2051 post

499 2079 637 2135 Adae
672 2080 893 2151 lapsum
924 2078 1022 2132 tali
1057 2077 1300 2131 transitu
1331 2076 1496 2131 nobis
1538 2082 1659 2130 erat
1697 2092 1764 2130 ex
1794 2075 1900 2129 hoc
1926 2075 2132 2129 saeculo

501 2172 901 2239 recedendum,
947 2176 1008 2227 ut
1049 2170 1195 2226 mori
1239 2176 1389 2226 esset
1424 2186 1647 2224 necesse
1678 2187 1691 2223 :
1727 2190 1752 2216 ‹‹
1796 2170 1940 2224 Deus
1975 2168 2129 2224 enim

502 2270 745 2323 mortem
778 2282 892 2322 non
921 2266 1073 2334 fecit,
1108 2281 1213 2319 nec
1249 2265 1474 2319 laetatur
1513 2263 1570 2318 in
1614 2262 1940 2335 perditione
1973 2262 2130 2318 vivo-

500 2377 631 2416 rum
662 2360 841 2430 (Sap.,
871 2376 907 2427 1,
948 2360 1061 2428 l3);
1098 2381 1125 2407 »
1154 2362 1210 2414 et
1250 2357 1374 2413 ideo
1402 2356 1618 2412 fastidit
1657 2357 1809 2429 quod
1852 2358 1973 2428 ipse
2019 2372 2133 2412 non

500 2454 656 2509 fecit.

572 2551 660 2602 59.
718 2547 970 2618 Denique
1013 2546 1090 2599 ait
1139 2562 1151 2599 :
1202 2547 1462 2613 Transfer
1499 2562 1531 2598 ιι
1567 2561 1648 2600 me
1689 2546 1905 2600 calicem
1948 2548 2133 2607 istum,

414 2709 422 2718 .
501 2642 659 2715 quasi
692 2641 864 2696 homo
900 2642 1152 2695 mortem
1195 2656 1485 2708 recusans,
1521 2639 1682 2711 quasi
1721 2640 1865 2694 Deus
1906 2644 2134 2695 senten-

502 2737 639 2793 tiam
666 2752 829 2791 suam
857 2751 1112 2803 servans;
1145 2736 1374 2808 oportet
1401 2732 1558 2789 enim
1589 2734 1739 2789 mori
1771 2750 1875 2788 nos
1903 2732 2133 2800 saeculo,

502 2834 562 2886 ut
600 2845 963 2901 resurgamus
1002 2828 1150 2897 Deo;
1195 2829 1260 2881 ut
1288 2827 1451 2898 juxta
1495 2826 1747 2881 divinam
1790 2826 2137 2882 sententiam

497 2926 588 2981 lex
642 2922 1077 2989 maledictionis,
1134 2921 1383 2977 resoluto
1433 2921 1543 2991 (57)
1600 2921 1661 2975 in
1715 2926 1883 2976 terra:
1934 2919 2138 2975 limum

502 3023 721 3075 natura:
754 3018 891 3085 ﬁne,
936 3017 1184 3071 solvatur
1223 3016 1397 3085 (Gem,
1447 3031 1527 3082 ιιι,
1587 3018 1690 3085 19).
1731 3014 1891 3079 Quod
1939 3018 2137 3069 autem

503 3113 584 3167 ait
623 3129 637 3166 :

575 3207 754 3277 (Vers.
784 3205 897 3273 42.)
929 3205 1048 3261 Non
1073 3217 1191 3257 mea
1219 3202 1493 3264 voluntas,
1524 3202 1617 3257 sed
1649 3208 1744 3257 tua
1769 3205 1885 3271 ﬁat.

575 3303 664 3355 60.
718 3298 891 3353 Suam
936 3296 1007 3351 ad
1057 3296 1351 3351 hominem
1402 3296 1598 3351 retulit
1639 3313 1652 3350 ε
1702 3296 1897 3365 Patris,
1946 3297 2016 3352 ad
2062 3297 2141 3351 di-

508 3393 839 3460 vinitatem;
870 3391 1134 3445 voluntas
1176 3389 1330 3444 enim
1372 3390 1618 3444 hominis
1658 3390 2008 3461 temporalis,
2053 3406 2142 3445 vo-

504 3490 693 3543 luntas
721 3484 1028 3540 divinitatis
1055 3486 1292 3539 aeterna.
1337 3485 1456 3539 Non
1499 3484 1610 3539 alia
1641 3484 1898 3539 voluntas
1939 3485 2137 3554 Patris,

507 3580 619 3637 alia
661 3578 819 3648 Filii;
864 3595 983 3634 una
1023 3577 1181 3632 enim
1221 3577 1502 3645 voluntas,
1553 3578 1649 3633 ubi
1698 3595 1810 3633 una
1850 3578 2138 3635 divinitas.

508 3675 667 3731 Disce
718 3680 910 3729 tamen
975 3673 1085 3727 Deo
1142 3688 1263 3727 esse
1328 3672 1644 3743 subjectus,
1701 3676 1762 3727 ut
1816 3689 1932 3728 non
1983 3674 2142 3746 quod

507 3771 632 3843 ipse
672 3768 757 3823 vis
803 3766 997 3839 eligas,
1045 3765 1143 3821 sed
1186 3765 1336 3837 quod
1384 3767 1503 3821 Deo
1549 3766 1689 3820 scias
1740 3782 1860 3821 esse
1911 3767 2144 3839 placitu-

508 3880 661 3919 rum.

581 3961 669 4012 6t.
699 3956 914 4012 Deinde
939 3955 1255 4010 verborum
1285 3954 1541 4025 ipsorum
1571 3955 1983 4025 proprietatem
2003 3973 2141 4011 con-

511 4053 830 4107 sideremus
853 4067 866 4105 :
894 4070 921 4098 ‹‹
942 4049 1142 4104 Tristis
1166 4052 1270 4118 est,
1301 4048 1507 4121 inquit,
1529 4048 1720 4103 anima
1747 4065 1874 4104 mea
1895 4049 2140 4122 (Matth.,

512 4162 656 4213 xxvi,
688 4144 796 4216 38).
842 4166 870 4194 »
901 4146 969 4199 Et
1001 4142 1137 4198 alibi
1185 4159 1198 4196 :
1243 4164 1271 4190 ‹‹
1311 4143 1469 4197 Nunc
1512 4142 1703 4197 anima
1742 4160 1868 4198 mea
1918 4144 2145 4199 turbata

513 4244 599 4295 est
632 4238 796 4293 valde
836 4238 1005 4309 (Psal.
1036 4253 1109 4304 v1,
1145 4236 1219 4308 4).
1256 4260 1282 4285 ››
1320 4237 1440 4291 Non
1487 4253 1625 4308 ergo
1668 4237 1999 4309 suscipiens,
2047 4238 2145 4293 sed

514 4338 771 4405 suscepta
818 4331 1108 4402 turbatur;
1148 4331 1341 4386 anima
1387 4330 1541 4385 enim
1586 4331 1830 4387 obnoxia
1870 4331 2143 4403 passioni-

513 4428 639 4496 bus,
670 4426 935 4482 divinitas
960 4426 1160 4481 libera.
1194 4425 1464 4497 Denique,
1497 4446 1527 4474 ‹‹
1553 4425 1796 4497 Spiritus
1825 4432 2143 4498 promptus,

2161 3138 2213 3212 C

2232 1890 2338 1945 lius
2382 1892 2629 1945 mortem
2677 1889 2944 1955 timebat,
2992 1887 3090 1943 sed
3139 1886 3273 1959 quia
3323 1885 3410 1939 vel
3459 1882 3628 1938 malos
3664 1882 3820 1954 perire

2232 1970 2478 2040 nolebat.
2515 1983 2764 2055 Denique
2803 1984 2916 2053 (60)
2956 1982 3035 2037 ait
3080 1999 3092 2036 :
3145 2002 3173 2033 (ι
3218 1979 3485 2044 Domine,
3534 1993 3603 2033 ne
3642 1979 3822 2030 statuas

2232 2078 2340 2133 illis
2376 2078 2483 2133 hoc
2520 2083 2815 2149 peccatum
2850 2078 3024 2147 (Luc.,
3052 2093 3202 2143 xxm,
3231 2077 3344 2145 34),
3378 2097 3405 2125 ››
3433 2076 3498 2127 ut
3536 2070 3711 2143 passio
3745 2084 3825 2124 sua

2235 2176 2385 2228 esset
2412 2172 2678 2228 omnibus
2709 2171 2988 2226 salutaris.

2307 2269 2477 2335 (Vers.
2508 2267 2621 2337 48.)
2647 2267 2815 2329 Iuda,
2844 2266 3022 2321 osculo
3049 2266 3247 2320 Filium
3275 2264 3504 2319 hominis
3530 2260 3729 2316 tradis?

2304 2364 2391 2417 63.
2432 2364 2631 2433 Magna
2668 2360 2878 2415 divina:
2913 2358 3253 2431 signiﬁcatio
3291 2354 3609 2429 potestatis,
3654 2367 3830 2423 magna

2236 2455 2530 2527 disciplina
2582 2454 2823 2511 virtutis.
2873 2455 2941 2508 Et
2992 2452 3287 2508 consilium
3340 2446 3677 2523 proditionis
3725 2461 3832 2516 ape-

2237 2550 2400 2615 ritur,
2433 2552 2490 2604 et
2519 2550 2704 2604 adhuc
2749 2547 3022 2620 patientia
3066 2562 3185 2602 non
3224 2548 3494 2617 negatur.
3536 2538 3831 2605 Ostendisti,

2238 2643 2494 2710 Domine,
2536 2659 2708 2715 quem
2749 2642 3033 2713 proderet,
3068 2640 3210 2695 dum
3251 2640 3474 2695 occulta
3512 2634 3834 2692 manifestas.

2236 2736 2543 2792 Ostendisti
2570 2737 2741 2791 etiam
2771 2752 2945 2808 quem
2985 2734 3255 2801 traderet,
3287 2732 3432 2789 dum
3460 2730 3597 2787 dicis
3625 2746 3639 2784 :
3667 2728 3837 2784 Filium

2236 2832 2493 2897 hominis;
2528 2830 2663 2902 quia
2692 2846 2843 2897 caro,
2876 2846 2989 2884 non
3030 2828 3294 2884 divinitas
3340 2822 3835 2899 comprehenditur.

2240 2924 2381 2979 lilud
2428 2930 2619 2980 tamen
2675 2924 2802 2995 plus
2854 2923 3103 2979 confutet
3155 2922 3479 2994 ingratum,
3532 2918 3680 2992 quod
3726 2930 3840 2970 eum

2239 3018 2561 3086 tradiderit,
2591 3019 2689 3090 qui
2728 3034 2858 3073 cum
2884 3022 3032 3073 esset
3062 3016 3161 3073 Dei
3187 3015 3235 3088 1
3253 3013 3451 3089 518
3481 3012 3665 3080 Filius,
3692 3023 3842 3083 prop-

2242 3116 2329 3167 ter
2368 3128 2468 3166 nos
2515 3117 2709 3167 tamen
2751 3111 2925 3167 Filius
2964 3109 3212 3166 hominis
3242 3126 3367 3165 esse
3397 3107 3676 3163 voluisset.
3700 3099 3843 3169 Quasi

2240 3205 2392 3261 dicat
2424 3226 2437 3262 :
2467 3207 2702 3277 Propter
2725 3210 2781 3261 te
2812 3206 3051 3277 suscepi,
3090 3205 3341 3275 ingrate,
3370 3202 3527 3276 quod
3569 3199 3751 3255 tradis.
3780 3197 3846 3250 En

2241 3299 2584 3372 hypocrisin.
2615 3300 2765 3371 Ergo
2791 3300 2901 3371 (61)
2931 3315 3035 3371 per
3066 3297 3588 3370 interrogationem
3624 3305 3845 3365 pronun-

2240 3393 2500 3449 tiandum
2529 3397 2689 3465 puto,
2717 3393 2875 3465 quasi
2905 3392 3151 3448 amantis
3180 3392 3393 3447 affectu
3440 3388 3707 3461 corripiat
3742 3400 3849 3458 pro-

2243 3487 2494 3543 ditorem
2524 3503 2538 3540 :
2582 3488 2750 3551 Iuda,
2786 3489 2960 3543 osculo
2988 3488 3187 3543 Filium
3225 3487 3465 3541 hominis
3510 3483 3720 3540 tradis?
3758 3480 3851 3534 [loc

2242 3584 2354 3651 est,
2400 3582 2612 3637 amoris
2656 3582 2895 3654 pignore
2946 3580 3150 3636 vulnus
3194 3580 3445 3653 inﬂigis,
3500 3584 3559 3635 et
3600 3571 3854 3632 charitatis

2242 3675 2425 3731 ofﬁcio
2451 3675 2792 3747 sanguinem
2820 3674 3031 3743 fundis,
3060 3680 3118 3730 et
3140 3674 3531 3729 instrumento
3563 3669 3713 3745 pacis
3732 3680 3855 3723 mor-

2243 3775 2361 3825 tem
2405 3770 2667 3841 irrogas?
2718 3769 2920 3825 Servus
2966 3768 3286 3836 dominum,
3331 3767 3644 3839 discipulus
3687 3759 3854 3835 prodis

2243 3864 2603 3935 magistrum,
2633 3863 2847 3919 electus
2875 3863 3207 3918 auctorem?
3234 3863 3350 3918 Hoc
3381 3865 3470 3918 est
3498 3860 3637 3916 illud
3663 3874 3677 3914 :
3709 3879 3734 3907 ‹‹
3765 3854 3856 3911 Uti-

2243 3957 2388 4013 liora
2417 3959 2655 4013 vulnera
2682 3957 2869 4027 amici,
2897 3973 3068 4029 quam
3095 3956 3414 4011 voluntaria
3442 3956 3637 4012 oscula
3669 3948 3857 4008 inimici

2245 4052 2447 4124 (Prov.,
2501 4068 2670 4120 xxvu,
2715 4055 2790 4122 6).
2843 4072 2870 4099 ››
2921 4049 3203 4106 Proditori
3238 4050 3352 4107 hoc
3404 4067 3417 4105 :
3463 4049 3694 4120 paciﬁco
3746 4059 3858 4101 vero

2244 4146 2381 4219 quid
2422 4146 2665 4201 dicitur?
2706 4165 2733 4195 ‹‹
2775 4145 3073 4200 Osculetur
3120 4161 3214 4200 me
3254 4144 3326 4200 ab
3382 4144 3593 4200 osculis
3638 4141 3745 4197 oris
3788 4135 3860 4192 sui

2246 4242 2452 4309 (Cant.,
2484 4257 2520 4307 ι,
2554 4240 2626 4309 l).
2657 4262 2685 4288 »

2317 4335 2406 4389 64.
2444 4354 2471 4387 ‹‹
2499 4334 2567 4388 Et
2595 4332 2879 4388 osculatus
2905 4338 3017 4400 est,
3046 4332 3263 4404 inquit,
3294 4349 3436 4388 eum
3468 4333 3712 4403 (Matth,
3739 4341 3859 4391 xm,

2245 4429 2360 4498 49).
2394 4448 2421 4477 ››
2461 4427 2581 4481 Non
2619 4443 2733 4498 quo
2766 4425 3037 4481 simulare
3066 4442 3173 4481 nos
3203 4426 3432 4497 doceat,
3473 4426 3576 4483 sed
3614 4427 3678 4481 ut
3703 4436 3864 4493 neque

516 4539 644 4577 caro
682 4527 875 4578 autem
902 4521 1131 4576 inﬁrma
1170 4520 1411 4590 (Matth..
1443 4535 1588 4587 xxvn,
1619 4520 1729 4589 41).
1761 4541 1787 4569 ››
1819 4520 2015 4575 Tristis
2045 4538 2142 4575 au-
2167 4515 2225 4585 D
2250 4521 2634 4593 proditionem
2683 4520 2950 4593 refugere
2996 4520 3312 4588 videretur,
3367 4524 3429 4577 et
3473 4523 3603 4592 plus
3642 4515 3864 4573 afﬁceret

583 4688 679 4752 (57)
724 4689 804 4737 Ita
852 4688 1043 4739 cuncti
1078 4700 1208 4737 mss.
1256 4699 1320 4738 ac
1365 4689 1473 4737 vet.
1518 4685 1671 4748 edit.,
1713 4687 1819 4736 nisi
1871 4686 2019 4751 quod
2060 4688 2149 4740 hm

517 4760 855 4824 illorumque
882 4758 1136 4808 nonnulli
1172 4759 1424 4824 legunt...
1457 4756 1542 4809 lea:
1583 4758 1967 4810 maledictionis
2006 4773 2151 4811 reso-

520 4832 647 4881 luta.
696 4831 765 4881 Et
808 4831 904 4880 alii
949 4829 1081 4891 duo,
1129 4829 1355 4880 resoluto
1404 4834 1556 4879 terra:
1594 4833 1781 4893 (unus,
1827 4830 1885 4879 in
1931 4832 2151 4891 terram)

521 4900 665 4953 limo.
694 4902 880 4953 Minus
919 4902 1227 4952 commode.
1263 4901 1421 4952 Rom.
1450 4914 1581 4952 vero
1614 4901 1799 4953 locum
1836 4902 2153 4953 immutavit

520 4974 574 5024 in
615 4974 769 5024 hunc
818 4972 1069 5035 modum,
1103 4977 1159 5023 ut
1200 4984 1419 5036 corpore
1455 4974 1616 5037 juxta
1664 4973 1906 5023 divinam
1951 4980 2153 5025 senten-

522 5048 671 5104 tiam,
702 5046 937 5095 interrae
964 5043 1147 5094 limum
1179 5049 1386 5094 naturae
1408 5042 1510 5105 ﬁne
1542 5044 1792 5103 resoluto,
1825 5044 2019 5109 spiritu
2060 5058 2151 5094 re-

516 5130 802 5181 surgamus
837 5117 961 5167 Deo.

583 5190 679 5251 (58)
729 5187 936 5240 Omnes
991 5186 1121 5238 edit.
1168 5200 1299 5239 cum
1345 5200 1457 5237 uno
1502 5191 1597 5238 aut
1640 5187 1811 5238 altero
1860 5201 2013 5250 mss.,
2062 5188 2153 5239 sed

520 5260 736 5323 anima;
763 5260 989 5324 suscepit
1017 5258 1154 5309 enim
1194 5258 1432 5309 animam
1473 5270 1661 5318 meam,
1696 5260 1926 5324 suscepit
1962 5272 2153 5323 corpus

520 5346 703 5384 meum.
751 5333 880 5384 Mss.
921 5345 1053 5383 vero
1090 5332 1275 5382 caeteri
1315 5335 1369 5380 et
1409 5330 1660 5394 synodus
1704 5331 1914 5396 Hispal.
1955 5345 2011 5394 ιι,
2055 5331 2153 5383 ubi

523 5406 612 5455 hic
660 5404 818 5454 locus
859 5403 1144 5467 allegatur,
1194 5404 1250 5452 in
1294 5406 1540 5453 nostram
1581 5403 1879 5454 lectionem
1922 5418 2154 5455 consen-

524 5478 699 5537 tiunt;
730 5480 965 5541 excepto
995 5475 1146 5539 quod
1177 5476 1232 5524 in
1259 5489 1390 5525 mss.
1421 5474 1877 5539 aliquammultis,
1909 5489 1973 5526 ac
2008 5491 2152 5527 mar-

522 5547 650 5610 gine
672 5550 991 5598 memorata
1020 5546 1221 5610 synodi
1243 5546 1464 5613 legitur,
1499 5546 1590 5598 sed
1613 5550 1818 5607 anima,
1845 5562 1962 5611 quae
1984 5562 2153 5599 susce-

522 5617 615 5678 pit,
645 5621 751 5667 etc.
785 5618 969 5668 Minus
1002 5619 1270 5682 apposite.

591 5686 686 5745 (59)
716 5687 839 5736 Vet.
876 5688 1029 5750 edit.,
1060 5690 1431 5753 consequentia
1466 5690 1765 5751 declarant,
1808 5691 1986 5753 Rom,
2030 5704 2153 5741 con-

525 5769 667 5804 nexa
691 5756 999 5825 declarant;
1029 5774 1181 5821 mss,
1214 5761 1492 5825 Scriptura
1514 5761 1767 5812 declarat.

588 5824 683 5885 (60)
715 5824 867 5876 Rom.
918 5829 1047 5878 edit.
1076 5830 1211 5893 sola,
1251 5824 1389 5881 unde
1424 5834 1502 5883 ait
1538 5849 1556 5881 .-
1594 5834 1769 5893 Pater,
1808 5833 2009 5885 dimitte
2048 5834 2155 5885 illis

2250 4691 2345 4742 hoc
2368 4695 2647 4756 peccatum.
2678 4691 2798 4741 Vet.
2840 4693 3025 4742 autem
3068 4704 3133 4741 ac
3173 4703 3303 4741 mss.
3338 4691 3453 4742 hoc
3495 4692 3705 4741 tantum
3744 4687 3867 4736 inter

2251 4778 2310 4814 se
2338 4763 2693 4823 dissentiunt,
2723 4762 2873 4827 quod
2906 4762 3129 4827 plurimi
3165 4776 3297 4813 mss.
3338 4762 3641 4814 nobiscum
3677 4757 3862 4822 legunt,

2254 4836 2487 4897 Domine,
2519 4836 2612 4885 alii
2638 4835 2851 4899 aliquot
2876 4838 2930 4885 et
2958 4833 3083 4885 edit.
3124 4836 3436 4898 praeferunt
3464 4837 3643 4886 Pater.
3670 4834 3738 4883 At
3758 4838 3869 4878 vero

2254 4907 2350 4957 ubi
2381 4920 2575 4958 omnes
2603 4906 2731 4958 edit.
2774 4906 2999 4967 habent,
3026 4914 3092 4955 ne
3112 4905 3352 4956 exitialis
3375 4912 3510 4957 esset
3550 4903 3739 4970 populo
3765 4911 3868 4964 pas-

2251 4980 2332 5030 sio
2359 4992 2482 5038 sua,
2510 4978 2699 5042 futura
2737 4977 2981 5029 omnibus
3022 4977 3315 5040 salutaris;
3357 4991 3494 5027 mss.
3542 4987 3732 5028 omnes
3765 4983 3867 5021 om-

2256 5050 2389 5100 nino
2419 5053 2664 5100 nostram
2694 5052 2951 5100 astruunt
2979 5050 3291 5101 lectionem.

2316 5122 2413 5184 (61)
2441 5121 2591 5171 Edit.
2613 5121 2743 5173 Gill.
2772 5124 2826 5171 et
2851 5120 3011 5172 Rom.
3039 5134 3168 5171 cum
3198 5120 3398 5185 paucis
3428 5133 3586 5181 mss.,
3616 5112 3750 5182 quod
3775 5117 3867 5185 traj

2253 5181 2333 5243 dis
2360 5181 2418 5242 in
2444 5193 2731 5257 hypocrisi.
2759 5193 2916 5256 Ergo,
2957 5196 3084 5254 etc.,
3116 5181 3383 5243 nimirum
3427 5194 3491 5242 ut
3532 5191 3590 5240 in
3627 5181 3866 5251 hypocrisi

2254 5263 2324 5314 ad
2348 5263 2741 5315 exsecrandum
2761 5264 2955 5329 perﬁdi
2982 5264 3133 5315 illius
3170 5263 3434 5329 discipuli
3475 5259 3864 5329 simulationem

2253 5336 2534 5387 referatur.
2576 5337 2821 5398 Amerb.,
2852 5337 2976 5388 Era.
3003 5350 3132 5388 cum
3170 5328 3387 5401 aliquot
3419 5348 3578 5394 mss.,
3611 5328 3747 5397 quod
3770 5331 3866 5405 ιτεις

2253 5408 2351 5459 dis.
2384 5410 2443 5458 In
2467 5395 2975 5472 hypocrisim(Era.,
3014 5410 3072 5458 in
3112 5395 3399 5475 hypocrisi)
3438 5421 3587 5470 προ»
3621 5395 3745 5475 ac?
3784 5395 3866 5475 φὶ

2256 5492 2351 5543 per
2374 5467 2681 5543 hypocrisin
2705 5467 2846 5531 nihil
2882 5467 3037 5531 aliud
3078 5467 3430 5544 signiﬁcatur
3453 5467 3622 5544 quam
3659 5467 3866 5544 ίωὶιειξο

2254 5541 2353 5600 seu
2404 5541 2602 5601 modus
2642 5551 2989 5615 exprimendi
3048 5541 3310 5602 aﬁ’éctum
3361 5541 3484 5616 quo
3534 5541 3865 5618 pronuntiata

2254 5624 2384 5672 sunt
2420 5621 2589 5673 verba
2628 5612 2965 5679 Servatoris;
3010 5621 3259 5687 ὑπόκρισις
3295 5612 3453 5673 enim
3495 5612 3866 5687 proprieqimf‘

2255 5693 2402 5743 tandi
2435 5694 2710 5744 actionem
2735 5697 2911 5743 sonat.
2940 5694 3010 5744 Et
3032 5679 3150 5746 hoc.
3170 5695 3335 5757 etiam
3368 5679 3541 5743 sensi:
3566 5679 3863 5750 accipienda

2256 5763 2475 5815 videtur
2517 5764 2682 5816 lectio
2725 5765 2887 5816 Corb.
2929 5770 2981 5816 et
3028 5767 3263 5818 aliorum
3308 5761 3683 5830 quorumdam
3730 5766 3861 5807 mss.

2258 5849 2425 5900 quam
2456 5837 2756 5903 sequimur.

3968 74 3977 155 ἰ

3964 160 3977 261 Ι

3972 568 3983 801 l

3970 912 3981 1093 ἱ

3970 1142 3977 1173 ι

3970 1186 3977 1229 l
