4022 6176
197 296 315 350 1913

1306 290 1760 347 EXPOSITIONIS
1802 290 1867 345 IN
1910 288 2302 344 LUCAM‘LIB.
2348 288 2407 341 Χ.

3400 292 3536 344 1914

191 418 544 491 proditorem,
579 418 667 473 cui
697 418 907 473 amoris
944 416 1125 471 ofﬁcia
1165 434 1277 471 non
1316 422 1586 488 negaret;
1629 415 1803 486 scrip-
1833 417 2035 501 Atant
2061 414 2194 483 (6'2),
2224 413 2322 484 qui
2358 411 2808 483 omnipotentem
2855 429 2969 467 non
3011 416 3372 469 conﬁtentur.
3401 415 3542 469 Mala

191 519 296 568 tum
344 516 427 567 est
474 512 630 568 enim
673 530 684 566 :
744 535 771 560 ‹‹
815 514 956 568 Cum
1013 511 1338 567 odientibus
1394 526 1591 581 pacem
1650 525 1807 563 eram

192 606 446 678 paciﬁcus
474 606 647 675 (Psal.
682 622 822 675 cxlx,
855 607 930 676 7).
970 630 996 656 ››

252 705 336 755 65.
367 703 435 757 Et
460 700 624 772 signo
650 701 805 767 dato,
843 700 1046 772 inquit,
1076 701 1146 755 ab
1182 700 1248 755 iis
1280 699 1382 771 qui
1411 715 1541 754 cum
1567 699 1808 753 fustibus

186 800 471 865 venerant,
510 794 1022 867 comprehenditur
1065 796 1311 861 (Matth.,
1351 811 1497 861 xxvr,
1538 793 1666 861 50);
1710 794 1806 849 sed

186 889 485 944 Dominum
512 890 770 944 omnium
811 890 1103 959 mysteria,
1132 905 1246 944 non
1286 905 1450 943 arma
1475 891 1802 943 tenuerunt.

186 982 433 1054 Denique
460 984 676 1038 locutus
701 989 807 1052 est,
831 988 888 1038 et
912 982 1240 1038 ceciderunt
1265 988 1577 1037 retrorsum
1602 984 1802 1049 (Jama,

181 1093 318 1143 xvm,
353 1078 429 1145 6).
460 1076 583 1141 Quo
612 1077 753 1131 mihi
780 1077 1039 1147 legiones
1065 1076 1427 1147 angelorum,
1456 1091 1569 1147 quo
1602 1075 1802 1130 coeles-

180 1171 243 1224 tis
270 1171 587 1226 exercitus?
613 1172 728 1225 Vox
759 1171 982 1225 Domini
1008 1170 1131 1225 sola
1158 1170 1282 1241 plus
1307 1174 1506 1225 terret.
1530 1170 1682 1223 Hanc
1711 1168 1805 1223 ille

177 1265 244 1318 ad
296 1264 816 1320 demonstrandum
867 1264 1070 1319 divine
1120 1264 1434 1334 majestatis
1485 1262 1802 1329 indicium,

175 1359 269 1429 qui
315 1359 374 1413 in
416 1363 645 1429 pectore
690 1358 893 1413 Christi
935 1357 1327 1425 recumbebat,
1368 1357 1546 1429 eligit.
1589 1356 1803 1411 Volenti

173 1468 312 1522 ergo
364 1452 544 1522 injicit
595 1468 797 1506 manus
856 1451 1049 1518 turba,
1100 1454 1404 1506 nectuntur
1458 1449 1704 1504 vincula.
1760 1450 1803 1504 Ο

170 1546 460 1601 amentes!
501 1547 544 1601 Ο
586 1544 818 1617 perﬁdi!
872 1562 984 1599 non
1032 1545 1113 1599 sic
1161 1543 1666 1615 comprehenditur
1712 1559 1800 1596 sa-

174 1640 410 1709 pientia,
443 1656 557 1694 non
584 1640 661 1694 sic
688 1644 919 1695 tenetur
937 1638 1178 1711 justitia.

247 1737 336 1788 66.
385 1735 556 1801 (Vers.
603 1733 818 1801 49-51.)
863 1735 973 1789 Nec
1017 1732 1426 1804 discipulorum
1471 1731 1654 1787 studia
1702 1730 1801 1785 de-

172 1830 425 1881 fuerunt.
462 1827 715 1899 Denique
752 1829 947 1882 Petrus
994 1802 1250 1881 eruditus
1290 1826 1347 1879 in
1390 1827 1537 1896 lege,
1572 1841 1804 1895 promp~
1828 1802 1883 1872 Β

174 1926 265 1976 tus
292 1922 517 1990 affectu,
556 1922 655 1993 qui
694 1921 863 1975 sciret
898 1921 1132 1975 Phinea?
1169 1923 1501 1992 reputatum
1540 1920 1608 1974 ad
1643 1919 1808 1988 justi-

174 2017 313 2070 tiam
345 2016 498 2087 quod
526 2016 830 2087 sacrilegos
857 2015 1208 2086 peremisset,
1234 2014 1511 2085 percussit
1536 2012 1807 2084 principis

173 2126 405 2164 servum
454 2112 620 2181 (Psal.
667 2125 749 2176 cv,
799 2111 886 2177 30,
940 2112 1046 2176 3|).
1099 2108 1209 2163 Sed
1258 2108 1528 2162 Dominus
1579 2107 1808 2161 vulnera

173 2206 413 2258 cruenta
454 2203 710 2271 detersit,
756 2202 1026 2275 mysteria
1066 2202 1255 2257 divina
1291 2201 1551 2271 subjecit,
1591 2203 1651 2254 ut
1687 2216 1804 2255 ser-

174 2315 275 2351 vus
317 2297 591 2369 principis
632 2297 855 2363 mundi,
890 2292 1013 2351 hoe'
1039 2300 1143 2364 est,
1195 2312 1307 2350 non
1353 2299 1571 2350 natura:
1609 2293 1805 2349 condi-

174 2392 354 2458 tione,
392 2392 491 2446 sed
526 2394 727 2463 culpae,
768 2390 1123 2446 saecularium
1162 2390 1404 2444 famulus
1438 2391 1805 2461 potestatum,

175 2486 331 2540 auris
383 2502 499 2539 sum
555 2486 758 2540 vulnus
812 2485 1133 2555 exciperet;
1191 2484 1323 2554 quia
1388 2500 1499 2538 non
1562 2482 1809 2537 audisset

176 2580 349 2634 verba
377 2580 668 2651 sapientia:
698 2597 710 2633 :
747 2601 775 2628 ‹‹
805 2579 1004 2634 Omnis
1034 2578 1282 2649 denique
1318 2578 1416 2649 qui
1450 2577 1584 2632 facit
1610 2592 1805 2648 pecca-

178 2682 322 2740 tum,
352 2691 544 2729 servus
572 2681 657 2729 est
683 2674 901 2745 peccati
931 2675 1134 2743 (Joan.,
1166 2689 1279 2741 vin,
1310 2672 1419 2739 34).
1458 2696 1483 2719 ι»
1509 2700 1577 2711 ——
1611 2693 1638 2719 ‹‹
1668 2672 1805 2725 Pec-

177 2765 335 2829 catis,
392 2764 596 2836 inquit,
653 2764 847 2819 vestris
895 2763 1113 2820 venditi
1163 2764 1294 2819 estis
1349 2765 1501 2829 (Isa.,
1550 2780 1598 2829 1.,
1664 2761 1733 2831 l).
1777 2783 1803 2809 ι)

184 2858 442 2913 Venditio
472 2862 708 2930 propter
734 2862 962 2929 peccata
990 2862 1201 2925 nostra,
1239 2862 1469 2929 propter
1493 2856 1808 2911 bonitatem

182 2957 370 3007 autem
429 2953 524 3007 Dei
569 2953 890 3023 redemptio
936 2956 1316 3023 peccatorum.
1364 2956 1471 3007 Aut
1515 2951 1561 3005 si
1611 2952 1809 3005 Petrus

179 3046 369 3101 volens
397 3048 508 3116 (24,
547 3052 749 3119 quaest.
782 3050 832 3113 l,
866 3063 914 3101 c.
949 3048 1010 3105 Si
1040 3046 1254 3116 Petrus)
1288 3044 1562 3117 percussit
1585 3060 1803 3109 aurem,

1910 506 2136 561 vincula
2184 506 2512 561 Judaéorum
2566 505 2773 578 quibus
2828 522 2944 560 nou
2996 506 3281 562 Christum
3337 507 3539 579 ligant,

1910 601 2008 655 sed
2046 602 2257 672 seipsos
2300 600 2555 672 alligant.
2590 601 2821 671 Ligatur
2862 603 3055 655 autem
3103 600 3162 655 in
3208 601 3378 657 domo
3421 619 3537 657 non

1909 695 1991 767 pii
2022 694 2259 765 alicujus
2300 700 2358 749 et
2392 695 2556 765 justi,
2594 695 2688 749 sed
2727 694 2786 750 in
2826 694 2997 749 domo
3021 693 3269 766 Caiphae,
3298 695 3409 751 hoc
3434 701 3540 764 est,

1908 789 1969 843 in
2000 788 2173 860 impia
2203 789 2407 859 domo;
2439 788 2537 844 ubi
2569 788 2743 843 etiam
2783 788 3097 845 moriturus
3138 805 3241 860 pro
3279 789 3544 845 omnibus

1909 884 2285 954 prophetatur
2329 887 2530 946 (Ιοαηη
2572 900 2646 953 xi,
2688 884 2798 951 50).
2847 885 3025 948 Quam
3068 886 3327 938 amentes
3368 883 3546 954 igitur

1906 977 2009 1049 qui
2057 976 2334 1032 beneﬁcia
2379 977 2571 1033 divina
2615 978 3005 1045 conﬁtentur,
3026 980 3083 1034 et
3125 978 3538 1033 beneﬁciorum

1908 1075 2199 1127 auctorem
2226 1073 2672 1143 persequuntur!

1977 1168 2067 1220 69.
2102 1165 2230 1221 ldeo
2258 1182 2455 1221 aurem
2497 1166 2763 1237 perdunt,
2789 1166 2922 1237 quia
2952 1166 3335 1238 perdiderunt
3371 1164 3537 1221 audi-

1906 1265 1995 1314 tus
2044 1261 2383 1331 profectum.
2436 1259 2707 1315 Auditum
2765 1260 2929 1314 multi
2983 1277 3096 1315 non
3147 1260 3387 1327 habent,
3444 1262 3543 1330 qui

1906 1352 2122 1408 habere
2150 1369 2207 1409 se
2235 1354 2496 1409 credunt.
2529 1357 2589 1409 In
2618 1355 2863 1409 Ecclesia
2893 1370 3091 1409 omnes
3122 1355 3355 1423 habent,
3384 1360 3542 1409 extra

1905 1447 2212 1503 Eeclesiam
2260 1463 2372 1502 non
2425 1447 2655 1503 habent.
2705 1452 2813 1503 Aut
2863 1449 3099 1503 fortasse
3158 1448 3285 1504 ideo
3340 1465 3539 1503 aurem

1907 1541 2054 1607 tulit,
2082 1558 2153 1597 ne
2187 1542 2427 1613 amplius
2456 1542 2857 1615 delinquerent
2878 1542 3194 1610 audientes,
3225 1543 3323 1614 qui
3348 1543 3542 1597 audita

1906 1650 2127 1690 servare
2194 1652 2306 1690 non
2355 1640 2607 1708 possent.
2664 1636 2755 1692 Sic
2804 1640 2863 1691 et
2912 1636 3215 1708 aliquando
3282 1635 3544 1691 confudit

1908 1730 2054 1784 Deus
2080 1729 2305 1801 linguas
2343 1731 2753 1786 exstruentium
2796 1734 3013 1786 turrem
3045 1732 3220 1794 (Gen.,
3252 1747 3327 1799 xi,
3359 1731 3436 1797 7),
3471 1747 3540 1785 ne

1908 1838 1967 1877 se
1993 1823 2276 1891 audirent,
2309 1828 2367 1878 et
2394 1840 2538 1894 opus
2562 1840 2679 1878 suae
2717 1824 3030 1895 impietatis
3057 1828 3360 1895 augerent.

1979 1920 2068 1971 70.
2099 1916 2556 1987 Comprehende,
2592 1918 2636 1971 si
2664 1923 2845 1988 potes,
2874 1918 3160 1989 quomodo
3189 1917 3257 1971 ad
3290 1918 3539 1973 dexterae

1908 2010 2176 2065 salutaris
2232 2014 2506 2066 attactum
2558 2011 2741 2082 fugiat
2789 2012 2967 2081 dolor,
3023 2015 3080 2066 et
3134 2011 3371 2066 vulnera
3423 2027 3542 2065 non

1910 2103 2331 2160 medicamento
2372 2120 2601 2175 aspersa
2647 2106 2780 2173 (63),
2830 2105 2927 2161 sed
2973 2109 3123 2160 tactu
3162 2105 3407 2160 obducta
3451 2121 3541 2158 sa-

1908 2203 2137 2253 nentur.
2166 2198 2534 2269 Operatorem
2575 2215 2739 2254 suum
2781 2199 2947 2254 limus
2986 2200 3267 2271 agnoscit,
3304 2204 3361 2254 et
3404 2214 3543 2270 ope-

1909 2292 2175 2348 ratricem
2208 2309 2370 2347 suam
2403 2293 2622 2348 Domini
2648 2310 2885 2349 manum
2925 2293 3183 2365 sequitur
3210 2310 3373 2362 caro;
3404 2310 3545 2364 quo-

1909 2386 2085 2441 modo
2116 2387 2272 2442 enim
2310 2388 2446 2456 vult,
2486 2403 2630 2459 opus
2668 2404 2833 2441 suum
2873 2393 3094 2442 creator
3127 2387 3423 2442 instaurat.
3456 2386 3544 2442 Sic

1909 2483 1965 2534 et
2023 2479 2158 2534 alibi
2210 2495 2359 2535 casco
2409 2480 2486 2534 illi
2529 2481 2712 2547 visus,
2760 2480 2880 2535 luto
2929 2497 3100 2552 supra
3152 2480 3346 2535 oculos
3401 2479 3545 2535 illita

1911 2575 2116 2643 (.Ῑοαηυ
2148 2591 2223 2642 ix,
2253 2574 2330 2642 6),
2362 2574 2523 2645 quasi
2566 2574 2622 2629 in
2664 2579 2927 2629 naturam
2966 2574 3221 2641 redierit,
3262 2573 3543 2629 reforma-

1909 2672 2020 2721 tur.
2059 2666 2266 2722 Jubere
2302 2667 2507 2739 potuit,
2542 2668 2639 2723 sed
2681 2669 2905 2739 operari
2942 2669 3175 2734 maluit;
3220 2671 3283 2723 ut
3322 2684 3541 2739 cogno-

1911 2776 2140 2815 scamus
2163 2760 2350 2832 ipsum
2381 2778 2501 2816 esse
2524 2762 2620 2833 qui
2649 2778 2680 2817 e
2712 2762 2851 2816 limo
2880 2767 3049 2817 terra:
3074 2761 3327 2833 corporis
3355 2778 3540 2816 mem-

1909 2854 2012 2908 bra
2053 2855 2233 2909 nostri
2279 2856 2447 2909 variis
2491 2859 2626 2926 apta
2668 2856 2935 2911 formavit
2977 2855 3197 2923 ofﬁciis,
3249 2860 3307 2911 et
3352 2855 3541 2910 infuso

1911 2947 2103 3019 vigore
2132 2948 2340 3003 mentis
2366 2949 2659 3003 animavit.

1980 3046 2067 3097 7t.
2127 3044 2418 3098 Venerunt
2462 3059 2597 3115 ergo
2648 3048 2699 3098 et
2760 3045 3321 3117 comprehenderunt
3376 3060 3541 3111 eum,

177 3140 373 3196 docuit
399 3140 552 3212 quod
581 3157 777 3196 aurem
806 3140 1018 3197 habere
1046 3140 1105 3195 in
1140 3140 1326 3212 specie
1358 3155 1473 3194 non
1507 3138 1804 3205 deberent,
1829 3170 1883 3243 Ο
1912 3136 2140 3208 gravius
2181 3137 2415 3208 perituri
2457 3137 2629 3193 studii
2670 3138 2756 3193 sui
2799 3139 2987 3193 fructu
3032 3156 3043 3193 :
3097 3155 3201 3194 nec
3249 3139 3543 3194 intellexe-

179 3252 353 3306 quam
381 3235 439 3290 in
476 3235 752 3307 mysterio
789 3251 903 3290 non
933 3234 1242 3290 habebant.
1271 3234 1380 3289 Sed
1406 3233 1589 3288 bonus
1618 3233 1805 3288 Domi-

179 3346 285 3384 nus
314 3333 374 3385 et
400 3329 505 3400 ipsi
534 3329 785 3385 refundit
814 3329 1099 3397 auditum,
1134 3327 1450 3384 secundum
1482 3326 1812 3398 prophetica

182 3423 331 3479 dicta
372 3424 767 3479 demonstrans
798 3426 949 3494 (lsa.,
987 3439 1147 3489 xxxv,
1183 3422 1268 3490 lO)
1298 3427 1354 3476 et
1388 3422 1560 3493 ipsos,
1589 3421 1635 3475 si
1674 3437 1808 3475 con-

183 3522 494 3585 vertantur,
546 3534 708 3588 posse
758 3518 964 3583 sanari,
1012 3516 1108 3587 qui
1164 3515 1220 3570 in
1276 3515 1537 3586 passione
1580 3514 1810 3569 Domini

184 3610 458 3665 vulnerati
486 3616 651 3678 sunt;
684 3626 749 3666 eo
775 3610 928 3682 quod
964 3625 1138 3665 omne
1174 3614 1467 3679 peceatum
1495 3606 1629 3662 ﬁdei
1657 3623 1808 3677 mys-

184 3704 339 3759 teriis
363 3703 651 3759 abluatur.

251 3803 340 3854 67.
397 3798 563 3853 Tollit
612 3814 748 3869 ergo
804 3800 998 3853 Petrus
1048 3811 1270 3852 aurem.
1324 3798 1509 3861 Quare
1568 3795 1811 3850 Petrus?

183 3894 324 3958 Quia
364 3894 485 3963 ipse
535 3898 620 3947 est
677 3893 775 3963 qui
825 3892 1041 3963 accepit
1090 3892 1272 3944 claves
1325 3890 1489 3961 regni
1540 3890 1811 3945 caelorum

184 3988 428 4056 (Munia,
458 4003 567 4055 xv1,
607 3988 731 4055 l9);
762 3985 856 4041 ille
898 3984 1053 4041 enim
1092 3985 1455 4051 condemnat,
1488 3984 1587 4055 qui
1629 3986 1685 4038 et
1712 3983 1808 4038 ab-

180 4081 363 4147 solvit,
390 4080 661 4152 quoniam
691 4080 844 4135 idem
874 4086 929 4134 et
958 4078 1170 4150 ligandi
1197 4084 1257 4132 et
1292 4078 1543 4133 solvendi
1572 4077 1813 4148 adeptus

178 4178 261 4229 est
310 4178 652 4246 potestatem
702 4173 909 4245 (Ibid)
957 4172 1123 4227 Tollit
1166 4177 1359 4228 autem
1409 4187 1606 4226 aurem
1666 4171 1813 4227 male

180 4268 502 4335 audientis;
549 4268 697 4323 tollit
739 4271 934 4322 autem
974 4266 1159 4338 gladio
1204 4266 1439 4338 spiritali
1489 4281 1689 4320 aurem
1726 4266 1810 4319 in-

181 4363 456 4418 teriorem
490 4363 639 4417 male
671 4361 1061 4433 intelligentis.

252 4455 515 4530 1519
547 4459 637 4512 68.
672 4458 977 4513 Caveamus
1018 4472 1092 4510 ne
1132 4455 1222 4510 cui
1263 4455 1497 4510 tollatur
1536 4453 1811 4508 auricula.

1910 3236 2071 3285 runt°
2092 3230 2340 3286 infelices
2389 3232 2745 3302 mysterium,
2788 3249 2894 3288 nec
2938 3232 3195 3288 venerati
3243 3237 3375 3288 sunt
3422 3236 3541 3287 tam

1910 3325 2253 3381 clementem
2316 3326 2541 3396 pietatis
2589 3326 2877 3395 affectum,
2928 3328 3080 3399 quod
3136 3328 3306 3383 etiam
3355 3328 3544 3382 hostes

1912 3435 2041 3473 suos
2090 3436 2206 3473 non
2250 3434 2450 3489 passus
2494 3423 2579 3474 est
2621 3420 2929 3475 vulnerari.
2982 3421 3061 3475 llli
3104 3422 3261 3491 justo
3299 3424 3543 3477 mortem

1914 3512 2237 3567 inferebant
2273 3528 2286 3566 :
2321 3518 2747 3583 persecutorum
2778 3514 3012 3568 vulnera
3046 3516 3147 3570 iste
3178 3515 3436 3570 sanabat.

1984 3607 2163 3675 (Vers.
2197 3607 2284 3673 54,
2314 3606 2426 3669 55.)
2460 3609 2649 3662 Petrus
2674 3623 2798 3662 vero
2837 3610 3163 3678 sequebatur
3190 3626 3225 3664 a
3265 3611 3435 3680 longe.

1984 3702 2071 3753 7'2.
2122 3700 2189 3753 Et
2231 3698 2378 3753 bene
2419 3716 2452 3753 a
2494 3699 2666 3771 longe
2712 3701 3080 3780 sequebatur,
3119 3702 3242 3773 jam
3287 3703 3545 3775 proxime

1914 3798 2227 3865 negatumS
2242 3810 2259 3862 ;
2282 3809 2472 3864 neque
2500 3794 2654 3849 enim
2681 3810 2899 3867 negare
2926 3796 3221 3866 potuisset,
3251 3795 3298 3850 si
3320 3796 3544 3853 Christo

1912 3887 2213 3958 proximus
2251 3888 2607 3943 adhaesisset.
2644 3888 2753 3943 Sed
2784 3889 3019 3944 fortasse
3054 3896 3110 3945 et
3145 3889 3202 3944 in
3246 3890 3353 3945 hoc
3384 3890 3548 3944 nobis

1916 3982 2164 4036 maxima
2208 3980 2280 4036 sit
2321 3982 2698 4037 admiratione
2742 3983 3113 4053 reverendus,
3157 3983 3310 4056 quod
3352 3983 3541 4038 Domi-

1914 4092 2055 4130 num
2079 4092 2196 4130 non
2224 4075 2472 4147 reliquit,
2502 4077 2675 4131 etiam
2703 4094 2832 4132 cum
2858 4077 3102 4134 timeret.
3126 4078 3303 4134 Metus
3323 4082 3545 4133 naturae

1916 4174 2023 4236 est,
2081 4186 2212 4223 cura
2262 4169 2507 4240 pietatis.
2564 4170 2851 4240 Alienum,
2900 4172 3053 4243 quod
3097 4172 3261 4229 timet
3302 4189 3314 4227 :
3357 4189 3544 4237 suum,

1914 4262 2070 4334 quod
2123 4278 2239 4317 non
2276 4262 2445 4334 fugit.
2487 4264 2647 4329 Quod
2686 4264 2962 4337 sequitur,
3010 4265 3357 4335 devotionis;
3398 4266 3548 4338 quod

1915 4358 2112 4427 negat,
2145 4355 2521 4428 obreptionis.
2564 4361 2898 4426 Commune,
2939 4360 3091 4431 quod
3125 4360 3354 4425 labitur,
3390 4359 3545 4426 ﬁdei,

1916 4450 2066 4522 quod
2105 4450 2361 4521 pmnitet.
2398 4452 2519 4505 Jam
2564 4452 2621 4505 in
2665 4452 2835 4507 domo
2875 4452 3147 4523 principis
3187 4453 3547 4507 sacerdotum

183 4552 421 4622 Legitur
454 4550 641 4623 passio
677 4550 940 4606 Domini:
991 4550 1036 4604 si
1081 4549 1149 4603 ad
1182 4548 1538 4603 divinitatem
1575 4547 1696 4618 ejus
1727 4563 1813 4602 re-
1836 4548 1895 4620 Ι)
1920 4543 2068 4615 ignis
2120 4543 2376 4609 ardebat,
2423 4546 2661 4599 accessit
2712 4547 2929 4612 Petrus,
2966 4549 3032 4599 ut
3074 4546 3413 4601 calefaceret
3458 4563 3548 4611 se;

181 4647 422 4701 ferimus
453 4644 847 4700 inﬁrmitatem
880 4659 1172 4715 corporeae
1212 4642 1507 4714 passionis,
1538 4640 1821 4695 exciditur

180 4741 461 4809 auricula,
489 4742 548 4794 et
586 4738 867 4793 exciditur
903 4754 936 4791 a
976 4738 1165 4806 Petro,
1218 4736 1317 4808 qui
1357 4752 1469 4790 non
1510 4751 1708 4806 passus
1735 4737 1821 4789 est

184 4835 474 4890 Christum
506 4832 848 4905 prophetam
874 4831 1143 4885 aestimari
1174 4846 1187 4883 :
1219 4829 1318 4885 sed
1353 4828 1451 4884 Dei
1482 4828 1685 4883 Filium
1713 4827 1817 4882 do-

184 4930 305 4984 cuit
339 4928 477 4983 ﬁdei
515 4926 872 4982 confessione
916 4924 1153 4995 signari:
1204 4925 1353 4995 Ergo
1399 4939 1528 4977 cum
1577 4921 1820 4993 legimus

185 5022 371 5079 teneri
396 5023 611 5087 Iesum,
655 5035 955 5075 caveamus
986 5036 1056 5073 ne
1090 5018 1160 5072 ab
1194 5018 1384 5089 aliquo
1423 5016 1737 5083 audiamus,
1763 5016 1821 5069 et

184 5120 458 5187 putemus
490 5130 624 5169 eum
666 5114 978 5168 secundum
1024 5110 1379 5167 divinitatem
1411 5109 1614 5176 teneri,
1642 5109 1822 5164 teneri

185 5210 453 5277 invitum,
491 5208 675 5263 teneri
718 5207 876 5279 quasi
920 5206 1236 5261 inﬁrmum.
1280 5206 1529 5260 Tenetur
1565 5203 1819 5274 quidem,

184 5308 260 5370 et,
290 5309 357 5358 ut
381 5303 520 5357 dixit
542 5304 804 5370 Joannes,
842 5301 1053 5372 ligatur
1091 5299 1402 5355 secundum
1447 5297 1704 5369 corporis
1729 5313 1827 5351 ve-

186 5398 419 5452 ritatem
463 5398 662 5466 (10am.
706 5411 861 5461 xvm,
913 5394 1030 5463 l2);
1080 5393 1178 5448 sed
1225 5409 1309 5446 vae
1360 5391 1467 5446 illis
1510 5392 1607 5463 qui
1644 5391 1826 5462 ligant

186 5489 471 5546 Verbum!
516 5490 717 5560 Ligant
758 5489 910 5544 enim
952 5488 1050 5559 qui
1094 5485 1499 5543 tantummodo
1536 5484 1825 5540 Christum

184 5584 487 5640 hominem
539 5586 763 5655 putant,
815 5582 996 5653 ligant
1048 5581 1144 5653 qui
1198 5580 1502 5653 praescium
1553 5594 1671 5633 non
1726 5595 1826 5649 pu-

247 5725 346 5787 (62)
385 5724 549 5774 Paris.
580 5722 838 5788 quadam
864 5722 1015 5785 edit.,
1042 5723 1136 5786 qui
1154 5724 1461 5785 praesentem
1480 5731 1588 5768 non
1615 5723 1821 5782 putant.

181 5797 354 5846 'l‘aur.
382 5795 528 5857 cod.,
560 5795 654 5860 qui
680 5794 966 5858 perfectum
996 5807 1105 5844 non
1130 5797 1339 5857 putant.

246 5868 349 5929 (63)
377 5866 472 5919 Sic
496 5871 605 5919 vet.
632 5866 762 5918 edit.
797 5870 850 5917 et
885 5879 1040 5928 mss.,
1069 5866 1265 5931 paucis
1291 5862 1557 5927 exceptis,
1591 5860 1686 5911 ubi
1724 5873 1824 5923 pro

1922 4637 2057 4709 quia
2099 4638 2292 4692 clauso
2342 4639 2583 4693 Domino
2634 4638 2786 4693 calor
2830 4639 3040 4694 mentis
3095 4639 3271 4695 etiam
3320 4639 3379 4693 in
3423 4640 3546 4711 ipso

1922 4731 2242 4786 refrixerat.

1994 4829 2080 4880 73.
2132 4826 2304 4895 (Vers.
2347 4827 2458 4895 56.)
2501 4826 2647 4890 Quid
2689 4825 2795 4882 sibi
2842 4827 2961 4883 vult
2998 4828 3151 4899 quod
3193 4827 3379 4900 prima
3418 4843 3552 4880 eum

1923 4918 2112 4990 prodit
2137 4919 2366 4987 ancilla,
2399 4918 2448 4994 1
2466 4918 2657 4993 520
2688 4937 2820 4976 cum
2850 4920 2950 4975 viri
2981 4921 3176 4994 utique
3203 4920 3387 4992 magis
3415 4937 3549 4976 eum

1923 5012 2222 5083 potuerint
2266 5029 2696 5086 recognoscere,
2731 5015 2837 5069 nisi
2878 5022 2938 5069 ut
2981 5020 3037 5070 et
3075 5016 3179 5070 iste
3220 5032 3383 5070 sexus
3423 5032 3553 5085 pec-

1924 5122 2074 5161 casse
2118 5106 2173 5160 in
2221 5123 2421 5162 necem
2464 5108 2574 5175 (64)
2614 5109 2840 5163 Domini
2882 5110 3186 5175 videretur,
3232 5114 3297 5163 ut
3342 5111 3397 5162 et
3450 5108 3553 5161 iste

1924 5215 2084 5254 sexus
2121 5200 2503 5255 redimeretur
2537 5217 2642 5272 per
2678 5202 2903 5257 Domini
2940 5204 3304 5273 passionem?
3330 5204 3397 5257 Et
3423 5202 3554 5256 ideo

1928 5293 2133 5348 mulier
2198 5294 2634 5349 resurrectionis
2698 5296 2904 5368 accipit
2967 5296 3156 5367 prima
3218 5296 3555 5368 mysterium

1928 5388 2125 5458 (Joan.,
2170 5404 2261 5453 xx,
2296 5388 2417 5455 ‘17),
2464 5393 2520 5442 et
2564 5390 2831 5444 mandata
2878 5390 3142 5457 custodit,
3194 5396 3254 5444 ut
3298 5396 3553 5445 veterem

1925 5480 2416 5551 prmvaricationis
2443 5482 2694 5536 aboleret
2720 5499 2997 5537 errorem.

1996 5575 2081 5628 74.
2122 5575 2299 5643 (Vers.
2340 5576 2450 5642 57.)
2491 5576 2689 5629 Petrus
2726 5592 2863 5647 ergo
2908 5576 3169 5647 proditus
3211 5583 3413 5649 negat;
3454 5596 3554 5649 po-

1924 5730 2145 5781 aspersa
2189 5718 2392 5781 legitur
2427 5729 2743 5780 conspersa;
2779 5718 2927 5769 unde
2973 5718 3131 5769 Rom.
3168 5720 3299 5770 edit.
3343 5721 3558 5772 videtur

1928 5788 2130 5840 fecisse
2159 5801 2353 5839 vocem
2379 5801 2697 5851 compressa.

1985 5858 2081 5920 (64)
2118 5859 2247 5909 Mss.
2279 5859 2509 5924 aliquot,
2537 5860 2860 5922 praecessisse
2886 5862 2944 5912 in
2970 5874 3110 5924 nece,
3132 5866 3234 5914 etc.
