4022 6176
479 199 606 250 1915

1934 199 1988 252 S.
2032 197 2343 253 AMBROSII

3664 205 3775 255 I9I6

472 337 670 373 ιιῖτιιηυε
700 319 853 374 enim
892 337 1134 392 negasse
1160 322 1411 390 Petrum,
1437 322 1570 394 quia
1600 321 1745 376 dixit
1777 322 2050 377 Dominus
2083 341 2094 376 :
2124 337 2181 406 Α
2275 321 2322 396 1
2342 321 2520 396 521
2555 326 2642 378 79.
2669 323 2817 388 Quid
2847 327 3038 378 tamen
3067 321 3380 395 negaverit,
3401 324 3688 380 considera.
3719 329 3776 382 Ex

469 435 494 461 ‹‹
534 415 641 470 Ter
668 430 758 470 me
789 414 1029 486 negabis
1057 417 1308 484 (Matth.,
1337 432 1488 484 xxvr,
1513 415 1640 484 34)?
1671 436 1697 467 ››
1732 418 1798 472 Et
1827 417 1977 471 malo
2004 434 2098 470 ne-

466 524 625 579 gasse
660 511 914 574 Petrum,
945 525 1115 580 quam
1155 510 1461 565 Dominum
1505 510 1788 566 fefellisse.
1817 512 1964 575 Quid
1997 528 2096 565 ne-

466 603 662 673 gavit?
694 603 854 667 Quod
881 603 1144 674 promisit
1172 603 1413 658 incaute.
1449 605 1815 660 Devotionem
1846 605 2098 660 conside-

467 696 636 761 ravit,
689 713 803 752 non
853 697 1096 769 respexit
1143 698 1547 753 conditionem.
1603 699 1916 768 Mulctatus,
1965 700 2100 770 quia

464 790 604 844 dixit
629 808 688 845 se
711 791 963 846 animam
993 809 1204 863 ponere
1239 795 1441 860 (leum.
1478 810 1594 861 xui,
1627 795 1714 860 37)
1753 810 1765 847 :
1796 794 1948 865 quod
1983 811 2098 848 non

465 885 732 939 humanae
786 885 1171 958 infirmitatis,
1231 887 1330 942 sed
1385 887 1588 941 divinae
1643 892 1728 942 est
1779 889 2094 959 potestatis.

464 982 605 1034 Cum
646 982 760 1032 tam
807 996 1035 1049 gravem
1083 981 1468 1051 imprudentis
1509 981 1784 1036 sermonis
1826 982 2097 1037 mulctam

458 1072 647 1138 luerit,
680 1077 893 1144 quanta
924 1079 1006 1128 est
1032 1091 1205 1145 poena
1239 1074 1523 1146 perﬁdiae!

539 1171 623 1221 75.
657 1167 758 1221 Ubi
791 1174 986 1223 tamen
1020 1173 1192 1238 negat
1233 1171 1466 1223 Petrus?
1494 1171 1608 1224 Non
1640 1172 1697 1224 in
1735 1174 1948 1237 monte,
1980 1187 2098 1225 non

467 1261 523 1314 in
569 1263 800 1333 templo,
835 1279 947 1316 non
995 1263 1053 1316 in
1094 1280 1197 1318 sua
1241 1263 1432 1331 domo,
1465 1265 1562 1318 sed
1606 1265 1663 1318 in
1694 1263 1957 1335 praetorio
1997 1266 2098 1319 Ju-

467 1355 737 1424 dzeorum,
772 1356 830 1410 in
867 1357 1040 1412 domo
1081 1358 1349 1429 principis
1387 1359 1765 1414 sacerdotum.
1795 1359 1874 1413 Ibi
1902 1362 2098 1432 negat,

465 1449 560 1502 ubi
589 1450 792 1504 veritas
823 1467 940 1506 non
967 1457 1083 1520 est;
1123 1451 1198 1506 ibi
1234 1458 1428 1523 negat,
1461 1453 1553 1507 ubi
1583 1452 1838 1508 Christus
1872 1456 2096 1524 captus,

467 1543 560 1596 ubi
613 1545 776 1598 Iesus
838 1545 1044 1616 ligatus
1093 1553 1200 1601 est.
1255 1547 1422 1614 Quid,
1479 1548 1586 1600 nisi
1635 1552 1868 1613 erraret,
1925 1563 2095 1618 quem

464 1636 771 1692 intromisit
795 1640 1045 1709 ostiaria,
1067 1641 1439 1710 interrogavit
1460 1641 1694 1696 ostiaria
1718 1644 1920 1711 (Joan.,
1943 1657 2094 1710 xvm,

2203 416 2310 470 illis
2335 416 2531 488 utique
2555 434 2613 472 se
2643 434 2784 485 esse,
2808 418 2902 489 qui
2936 434 3065 472 cum
3094 419 3221 473 Jesu
3254 417 3473 472 Galilaeo
3504 425 3667 487 erant,
3689 422 3778 486 vel,

2203 517 2262 566 ut
2299 513 2514 570 Marcus
2550 513 2740 582 posuit
2787 512 2968 582 (Ibid.,
3019 514 3129 580 67),
3172 527 3302 565 cum
3341 512 3465 566 Jesu
3503 513 3779 568 Nazarene.

2200 605 2482 677 Numquid
2510 605 2738 677 negavit
2763 622 2893 660 cum
2925 604 3020 660 Dei
3059 604 3230 659 fuisse
3273 620 3330 658 se
3358 603 3490 660 Filio
3519 605 3661 673 (67)?
3685 608 3782 662 Hoc

2201 703 2286 753 est
2325 700 2512 754 dicere
2559 723 2567 752 :
2611 699 2808 754 Nescio
2852 699 3165 764 Galilaeum,
3211 699 3394 753 nescio
3442 701 3782 770 Nazarenum,

2199 810 2371 865 quem
2417 794 2510 848 Dei
2550 794 2755 848 Filium
2791 794 2937 848 novi.
2975 793 3230 848 [labeant
3271 793 3528 848 homines
3556 794 3783 850 locorum

2201 889 2486 955 vocabula,
2536 889 2631 944 Dei
2686 889 2808 942 Filii
2857 888 3035 959 patria
3091 904 3201 942 non
3255 891 3433 959 potest
3484 891 3784 958 nuncupari,

2199 983 2359 1053 cujus
2388 984 2748 1054 majestatem
2779 983 2936 1037 locus
2981 982 3168 1036 nullus
3198 981 3453 1036 includit.
3486 983 3546 1035 Et
3575 985 3635 1035 ut
3667 982 3784 1036 scias

2201 1077 2303 1130 hoc
2359 1093 2554 1131 verum
2608 1093 2749 1144 esse,
2800 1077 2968 1131 etiam
3024 1075 3287 1146 exemplo
3344 1075 3631 1145 probatur;
3673 1091 3786 1128 nam

2200 1170 2335 1224 alibi
2365 1187 2494 1225 cum
2522 1171 2905 1240 interrogaret
2930 1170 3200 1224 Dominus
3223 1168 3520 1240 discipulos
3544 1185 3556 1222 :
3586 1169 3786 1232 «Quem

2199 1264 2397 1319 dicunt
2436 1281 2553 1318 esse
2583 1264 2851 1319 homines
2898 1264 3099 1318 Filium
3139 1262 3427 1318 hominis?
3468 1263 3572 1316 Alii
3614 1263 3787 1331 Eliam,

2200 1358 2293 1412 alii
2344 1359 2648 1413 .Ieremiam
2700 1359 2982 1426 dixerunt,
3037 1362 3133 1412 aut
3185 1373 3364 1412 unum
3416 1356 3484 1410 de
3533 1356 3791 1426 prophetis

2200 1453 2441 1518 (Matth.,
2475 1469 2584 1519 xw,
2635 1456 2718 1518 I3,
2768 1455 2882 1517 li);
2914 1475 2941 1502 »
2979 1454 3177 1506 Petrus
3217 1454 3413 1506 autem
3452 1450 3565 1504 ait:
3603 1452 3721 1504 «Tu
3745 1467 3792 1504 es

2196 1548 2448 1602 Christus
2494 1547 2664 1601 Filius
2713 1547 2804 1600 Dei
2852 1547 2958 1600 vivi
2998 1547 3183 1610 (Ibid.,
3228 1546 3336 1612 16).
3371 1570 3395 1592 ››
3439 1543 3710 1614 Numquid
3745 1548 3794 1597 et

2198 1641 2276 1695 ibi
2307 1641 2556 1711 negavit,
2590 1640 2722 1712 quia
2741 1641 3030 1697 Christum
3059 1658 3169 1695 non
3201 1639 3447 1694 hominis
3475 1639 3684 1704 Filium,
3713 1638 3792 1691 sed

467 1735 572 1798 I7),
603 1736 661 1785 et
685 1733 915 1788 ostiaria
943 1735 1315 1789 Iudaeorum?
1343 1737 1476 1789 Male
1507 1737 1619 1790 Eva
1641 1710 1865 1790 induxit
1889 1736 2090 1803 Adam,
2116 1710 2173 1781 B
2199 1736 2299 1790 Dei
2327 1710 2532 1790 maluit
2558 1710 2856 1790 confiteri?
2885 1735 3050 1790 Certe
3091 1734 3227 1805 quid
3272 1734 3365 1788 hic
3407 1736 3662 1802 putamus
3688 1748 3791 1785 am-

464 1826 607 1879 male
648 1828 880 1880 Petrum
913 1827 1226 1882 introduxit
1268 1829 1500 1883 femina.
1542 1830 1652 1884 Sed
1685 1829 1779 1884 ille
1825 1831 1880 1884 in
1925 1847 2088 1901 para-

463 1918 584 1972 diso
622 1919 849 1986 labitur,
883 1920 979 1974 ubi
1021 1938 1136 1976 non
1178 1923 1470 1976 veniabilis
1508 1925 1705 1994 culpa;
1741 1923 1832 1978 hic
1859 1924 1916 1978 in
1943 1941 2092 1995 pra:-

464 2012 605 2066 torio
634 2013 982 2082 Judaaorum,
1013 2015 1109 2069 ubi
1142 2016 1385 2070 difﬁcilis
1421 2017 1768 2072 innocentia.
1809 2017 1888 2072 Illi
1916 2017 2090 2072 inter-

464 2105 644 2159 dictus
678 2107 892 2178 lapsus,
925 2108 1056 2162 huic
1085 2110 1392 2180 praedictus
1431 2127 1607 2166 error.
1637 2113 1732 2166 llle
1763 2111 2094 2166 commissus

465 2198 598 2253 huic
628 2200 1035 2271 praejudicavit,
1068 2203 1158 2258 hic
1179 2203 1342 2259 illum
1372 2206 1626 2261 resolvit.

535 2297 620 2347 76.
679 2295 1124 2351 Consideremus
1177 2298 1349 2353 etiam
1414 2316 1526 2371 quo
1577 2300 1631 2354 in
1691 2304 1838 2354 statu
1902 2305 2090 2371 neget.

467 2409 493 2435 ‹‹
537 2387 758 2460 Frigus,
788 2390 996 2461 inquit,
1039 2399 1159 2447 erat
1199 2394 1382 2460 (Ibid.,
1417 2394 1522 2462 I8).
1555 2419 1580 2442 ››
1612 2395 1668 2450 Si
1710 2401 1933 2466 tempus
1959 2411 2092 2449 con-

463 2482 798 2553 sideremus,
829 2485 1011 2557 frigus
1041 2503 1159 2542 esse
1202 2504 1316 2541 non
1347 2491 1604 2559 poterat;
1635 2489 1732 2544 sed
1761 2489 1946 2561 frigus
1975 2493 2098 2545 erat

463 2574 563 2629 ubi
587 2577 748 2631 Jesus
775 2594 887 2632 non
910 2581 1350 2651 agnoscebatur,
1376 2582 1468 2636 ubi
1493 2599 1604 2637 non
1632 2587 1755 2638 erat
1779 2583 1876 2654 qui
1907 2585 2090 2638 lucem

462 2668 704 2738 videret,
723 2671 820 2726 ubi
849 2674 1166 2744 negabatur
1187 2674 1334 2746 ignis
1353 2692 1708 2732 consumens.
1741 2677 1937 2748 Frigus
1957 2694 2094 2748 ergo

463 2769 585 2818 erat
631 2766 859 2834 mentis,
901 2783 1017 2822 non
1062 2770 1332 2839 corporis.
1395 2771 1648 2842 Denique
1703 2772 1771 2825 ad
1825 2773 2095 2826 carbones

462 2859 644 2913 stabat
672 2861 867 2916 Petrus
900 2864 1119 2933 (Marc.,
1150 2879 1258 2930 xiv,
1301 2865 1414 2927 54),
1446 2866 1578 2934 quia
1605 2865 1836 2935 algebat
1868 2866 2092 2920 affectu.

463 2953 598 3007 Mala
640 2953 875 3009 ﬂamma
917 2956 1150 3010 Judaica
1197 2974 1209 3010 :
1252 2958 1385 3017 urit.
1432 2974 1544 3011 non
1595 2959 1871 3012 calefacit.
1923 2960 2094 3013 Malus

2194 1829 2458 1900 biguum,
2491 1829 2645 1900 quod
2673 1829 2844 1884 etiam
2873 1828 3126 1882 Christus
3159 1827 3460 1898 probavit?

2265 1927 2354 1978 80.
2400 1925 2466 1978 Et
2507 1923 2660 1978 aliud
2707 1924 2922 1994 accipe.
2969 1923 3357 1993 Interrogatus
3391 1921 3542 1976 enim
3583 1923 3790 1975 Petrus:

2199 2038 2226 2063 ‹‹
2279 2018 2344 2072 Et
2391 2021 2450 2071 tu
2499 2034 2561 2072 ex
2607 2017 2714 2071 illis
2768 2034 2846 2083 es,
2887 2017 2986 2088 qui
3032 2033 3159 2070 cum
3207 2017 3336 2071 Jesu
3383 2015 3608 2070 Galilaeo
3655 2019 3796 2068 erant

2199 2112 2443 2173 (Matth.,
2486 2127 2634 2179 xxvn,
2678 2112 2806 2178 69)?
2838 2133 2866 2160 »
2909 2110 3155 2164 Verbum
3199 2109 3532 2164 aeternitatis
3573 2107 3792 2177 refugit;

2196 2221 2312 2260 non
2335 2205 2491 2259 enim
2521 2209 2701 2271 erant,
2725 2205 2821 2276 qui
2855 2221 2974 2259 esse
3002 2209 3319 2274 cmperunt,
3350 2203 3461 2258 hoc
3487 2208 3569 2258 est
3595 2202 3794 2256 dicere:

2200 2299 2294 2353 Ille
2332 2299 2483 2353 solus
2519 2305 2660 2367 erat,
2700 2299 2797 2369 qui
2837 2299 2898 2353 in
2939 2297 3219 2370 principio
3261 2302 3390 2352 erat
3432 2299 3628 2368 (Joan.,
3671 2313 3704 2360 I,
3736 2299 3794 2356 li,

2197 2391 2448 2463 Denique
2477 2393 2556 2447 ait
2587 2410 2600 2446 :
2631 2396 2751 2450 Non
2779 2408 2895 2448 sum
2923 2409 3052 2462 ego;
3081 2391 3231 2447 illius
3256 2397 3344 2447 est
3370 2392 3526 2446 enim
3555 2406 3688 2454 esse,
3716 2390 3796 2460 qui

2196 2504 2419 2559 semper
2444 2490 2547 2542 est.
2579 2487 2739 2541 Unde
2765 2493 2821 2542 et
2848 2487 3060 2556 Moyses
3086 2485 3162 2540 ait
3185 2503 3196 2539 :
3227 2507 3252 2532 ‹‹
3285 2485 3398 2550 Qui
3418 2489 3521 2551 est,
3553 2484 3696 2539 misit
3721 2500 3796 2536 me

2199 2583 2416 2650 (Εωοάυ
2453 2598 2530 2648 ιιι,
2563 2582 2670 2648 14).
2704 2604 2728 2628 η

2267 2680 2354 2731 81.
2384 2677 2596 2731 Rursus
2619 2691 2750 2730 cum
2778 2679 3084 2745 urgeretur
3112 2675 3266 2746 quod
3293 2689 3362 2729 ex
3395 2675 3504 2729 illis
3537 2676 3696 2739 esset,
3723 2690 3794 2725 se-

2195 2771 2447 2826 cundum
2487 2771 2733 2825 Marcum
2776 2770 3006 2839 negavit
3033 2771 3251 2836 (Marc.,
3292 2785 3406 2835 x1v,
3449 2768 3565 2836 70);
3595 2774 3650 2822 ut
3677 2768 3798 2821 scias

2196 2863 2605 2935 evangelistam
2634 2862 2854 2918 veritati
2880 2879 3053 2934 quam
3086 2863 3282 2934 gratiae
3314 2863 3442 2934 plus
3460 2859 3796 2924 dedisse;sed

2197 2963 2394 3013 tamen
2426 2957 2657 3028 negavit
2692 2973 2759 3012 ex
2789 2957 2899 3011 illis
2925 2974 2984 3010 se
3013 2973 3156 3024 esse,
3185 2973 3301 3011 non
3334 2957 3618 3012 Christum
3647 2970 3798 3024 nega-

464 3046 639 3114 focus,
685 3048 783 3119 qui
832 3049 1142 3119 quamdam
1197 3049 1369 3104 etiam
1422 3055 1753 3105 sanctorum
1808 3053 2094 3107 mentibus
2115 3083 2168 3155 Ο
2197 3054 2292 3107 vit.
2327 3053 2561 3124 Negavit
2598 3053 2898 3106 hominum
2933 3052 3240 3117 consortia,
3272 3068 3389 3106 non
3420 3051 3520 3105 Dei
3557 3049 3796 3120 gratiam.

464 3140 764 3211 fuliginem
793 3143 1001 3196 erroris
1033 3143 1306 3213 aspergit,
1338 3143 1503 3214 juxta
1534 3161 1706 3215 quem
1738 3146 1904 3199 etiam
1941 3147 2095 3200 Petri
2121 3140 2168 3155 ν
2198 3146 2433 3216 Negavit
2457 3163 2522 3201 ex
2553 3146 2662 3199 illis
2691 3162 2750 3200 se
2776 3162 2919 3210 esse,
2949 3145 3044 3216 qui
3081 3161 3211 3199 cum
3239 3145 3472 3199 Galilaao
3499 3147 3677 3211 erant,
3705 3158 3798 3196 non

466 3233 759 3289 interiores
796 3235 945 3290 oculi
981 3237 1321 3306 caligarunt.
1363 3237 1444 3291 Illi
1489 3238 1630 3292 oculi
1674 3255 1789 3292 non
1833 3239 2015 3294 carnis
2040 3245 2097 3294 et

464 3327 774 3398 sanguinis,
795 3327 893 3384 sed
909 3330 1055 3385 oculi
1077 3330 1300 3397 mentis,
1321 3330 1525 3402 quibus
1541 3331 1826 3387 Christum
1844 3333 2090 3388 videbat.

537 3425 622 3474 77.
657 3421 807 3476 Dicet
837 3423 1080 3494 aliquis:
1117 3426 1194 3478 Tu
1242 3425 1570 3480 Iudaeorum
1609 3425 1781 3480 etiam
1812 3427 2095 3483 elementa

464 3515 855 3570 condemnas?
900 3518 1020 3571 Non
1071 3519 1392 3574 condemno
1441 3521 1744 3588 elementa,
1789 3521 1924 3592 quia
1977 3539 2091 3576 non

464 3612 598 3664 sunt
619 3610 969 3677 Iudaeorum,
999 3612 1096 3667 sed
1129 3613 1335 3669 Christi
1365 3615 1509 3684 (65);
1543 3615 1640 3669 sed
1669 3614 1780 3670 alia
1804 3621 1889 3671 est
1919 3633 2092 3687 quam

461 3703 802 3771 condemno,
837 3706 1068 3760 flamma
1107 3707 1379 3777 perfidiae.
1427 3710 1581 3764 Hanc
1622 3709 1916 3764 ﬂammam
1957 3727 2090 3764 con-

461 3797 669 3853 demno
717 3799 1067 3865 Iudaeorum,
1120 3800 1312 3856 divina
1372 3806 1597 3857 secutus
1652 3805 1910 3873 oracula;
1957 3804 2094 3859 dicit

461 3891 616 3945 enim
665 3892 930 3947 Dominus
979 3911 990 3948 :
1045 3917 1070 3942 ‹‹
1113 3896 1430 3966 Argentum
1480 3899 1728 3951 vestrum
1778 3898 2091 3969 reprobum

463 3989 545 4038 cst
574 3988 804 4054 (Jerem.,
840 4003 911 4052 γι,
943 3990 1052 4052 30).
1088 4011 1112 4037 ››
1137 3989 1195 4043 Si
1223 3994 1524 4060 argentum
1557 3990 1879 4046 Judaeorum
1902 4009 2092 4063 repro-

463 4078 599 4132 bum
631 4083 734 4145 est,
768 4086 824 4135 et
853 4081 1010 4136 focus
1036 4082 1308 4153 reprobus
1335 4083 1659 4139 Iudaeorum
1697 4089 1800 4139 est.
1833 4087 2091 4157 Denique

460 4171 585 4226 foco
625 4176 682 4226 et
723 4189 862 4227 auro
896 4175 1223 4230 Iudaeorum
1261 4181 1427 4247 caput
1466 4178 1627 4233 vituli
1666 4179 1979 4250 figuratum
2008 4183 2093 4234 est

462 4267 680 4334 (Emodu
712 4283 880 4337 xxxn,
909 4269 1022 4336 24),
1051 4269 1156 4324 hoc
1183 4273 1288 4338 est,
1325 4271 1607 4342 sacrilegii
1646 4273 2014 4345 principatus.

532 4363 618 4416 78.
649 4362 759 4418 Sed
789 4363 1082 4418 videamus
1123 4365 1372 4436 negandi
1417 4371 1697 4434 tenorem,
1735 4383 1907 4438 quem
1943 4368 2092 4422 inter

2198 3241 2428 3312 negavit
2453 3256 2583 3294 cum
2615 3240 2711 3294 Dei
2743 3240 2900 3294 Filio.

2266 3339 2354 3390 8'2.
2395 3335 2646 3404 Denique
2677 3333 2994 3388 secundum
3025 3335 3356 3388 Matthmum
3388 3333 3644 3403 proditus
3667 3327 3798 3400 quod

2197 3445 2327 3483 cum
2364 3431 2494 3484 Jesu
2528 3429 2812 3483 Nazareno
2841 3427 3053 3496 fuisset,
3085 3427 3165 3481 ait
3195 3443 3207 3481 :
3243 3449 3269 3475 ‹‹
3303 3427 3500 3482 Nescio
3527 3424 3798 3480 hominem

2198 3525 2438 3592 (Matth,
2481 3539 2626 3588 χχιιι,
2674 3523 2786 3590 7'2).
2819 3544 2846 3571 »
2896 3522 3010 3576 Hoc
3057 3520 3212 3576 idem
3263 3527 3322 3574 et
3375 3521 3435 3575 in
3480 3519 3643 3575 tertia
3685 3531 3798 3571 voce

2195 3620 2456 3687 uterque,
2487 3616 2558 3670 de
2594 3616 2800 3686 quibus
2835 3614 3250 3686 proposuimus,
3281 3613 3656 3685 evangelista;
3687 3625 3798 3664 cum

2187 3711 2516 3780 juramento
2567 3710 2725 3764 enim
2771 3709 3119 3780 respondisse
3164 3714 3495 3778 posuerunt,
3537 3706 3666 3778 quia
3710 3722 3795 3757 ne-

2194 3805 2362 3859 sciret
2395 3804 2711 3858 hominem.
2745 3804 2812 3858 Et
2847 3803 2994 3858 bene
3035 3801 3266 3872 negavit
3303 3802 3620 3868 hominem,
3646 3811 3796 3870 quem

2195 3899 2408 3953 sciebat
2433 3899 2629 3953 Deum.
2663 3897 2918 3967 Denique
2948 3895 3043 3950 ubi
3068 3895 3482 3966 jusjurandum
3513 3900 3613 3961 est,
3649 3894 3797 3947 cauta

2196 3993 2482 4063 responsio
2513 3995 2616 4046 est.
2652 3992 2793 4046 Nam
2822 3992 2922 4045 etsi
2965 3989 3196 4060 negavit
3223 3991 3450 4058 Petrus,
3485 4006 3599 4044 non
3627 3993 3796 4041 tamen

2195 4087 2486 4158 pejeravit,
2517 4085 2647 4156 quia
2676 4102 2779 4140 nec
2816 4085 3090 4140 Dominus
3118 4084 3508 4154 pejeraturum
3547 4099 3662 4137 esse
3702 4095 3798 4133 me—

2195 4185 2530 4236 moraverat.
2577 4179 2736 4243 Quod
2783 4179 2828 4232 si
2869 4179 2926 4232 in
2979 4180 3144 4232 Petro
3200 4177 3443 4232 dubium
3501 4182 3602 4243 est,
3647 4187 3795 4244 quam

2194 4274 2579 4345 periculosum
2609 4279 2694 4327 est
2712 4272 3148 4343 jusjurandum!

2262 4372 2350 4424 83.
2391 4371 2637 4423 Joannes
2675 4371 2868 4421 autem
2906 4367 2987 4420 sic
3026 4367 3232 4436 posuit.
3273 4367 3551 4437 quoniam
3580 4365 3792 4418 interro-

460 4457 839 4527 evangelistas
886 4457 1050 4513 video
1094 4475 1215 4514 esse
1249 4459 1552 4514 diversum.
1598 4463 1680 4516 Ita
1728 4478 1936 4516 novum
1985 4451 2168 4523 fuitD
2193 4470 2354 4535 gatus
2391 4462 2460 4516 ab
2504 4461 2711 4516 ancilla
2748 4461 2966 4527 Petrus,
3008 4463 3200 4514 utrum
3242 4477 3310 4514 ex
3351 4459 3639 4530 discipulis
3668 4456 3795 4510 esset

459 4551 690 4606 Petrum
729 4552 975 4621 potuisse
1019 4570 1280 4624 peccare,
1313 4559 1373 4608 ut
1408 4559 1704 4625 peccatum
1736 4556 1857 4626 ejus
1886 4572 1991 4610 nec
2019 4557 2088 4610 ab

461 4644 823 4714 evangelistis
855 4647 1109 4717 potuerit
1145 4647 1574 4718 comprehendi.
1621 4651 1813 4721 Itaque
1859 4651 2092 4704 Petrum

462 4739 726 4808 prodenti
755 4739 975 4794 ancilla:
1012 4740 1168 4811 quod
1205 4757 1274 4796 ex
1316 4741 1423 4796 illis
1466 4746 1611 4796 esset
1651 4743 1746 4814 qui
1790 4760 1922 4797 cum
1961 4745 2090 4798 Jesu

459 4832 689 4887 Galilteo
727 4837 892 4888 erant
932 4836 1176 4897 (Mutth.,
1210 4851 1354 4900 xxvi,
1397 4837 1508 4902 69),
1543 4836 1730 4906 prima
1773 4853 1907 4892 voce
1950 4838 2085 4892 Mat-

461 4927 641 4982 thazus
696 4928 886 4998 posuit
933 4929 1288 4999 respondisse
1347 4949 1360 4983 :
1422 4954 1447 4979 ‹‹
1499 4929 1696 4985 Nescio
1754 4931 1892 5002 quid
1939 4932 2090 4985 dicas

459 5022 706 5086 (Mutth.,
742 5037 887 5090 xxvi,
924 5026 1034 5082 70).
1067 5043 1093 5069 ι)
1129 5023 1237 5077 Hoc
1276 5023 1451 5077 etiam
1488 5025 1701 5078 Marcus
1731 5027 1948 5091 (Marc.,
1981 5040 2087 5090 xxv,

457 5117 566 5181 68),
597 5115 695 5188 qui
728 5120 951 5169 secutus
997 5121 1080 5170 est
1123 5117 1370 5181 Petrum,
1410 5121 1465 5170 et
1508 5135 1569 5170 ex
1615 5119 1739 5188 ipso
1772 5118 1957 5188 potuit
1991 5135 2088 5172 ve-

457 5209 573 5263 rius
607 5211 716 5276 (66)
743 5227 1106 5282 cognoscere.
1140 5209 1330 5264 Prima
1373 5227 1473 5265 vox
1507 5213 1771 5282 negantis
1801 5217 1887 5267 est
1917 5213 2086 5272 Petri.

458 5320 567 5374 qua
592 5307 786 5359 tamen
815 5321 930 5358 non
966 5320 1174 5376 negare
1213 5305 1540 5372 Dominum,
1573 5305 1666 5358 sed
1695 5321 1726 5357 a
1759 5306 2087 5374 proditione

459 5414 516 5450 se
545 5415 835 5468 separasse
869 5398 1125 5454 mulieris
1152 5398 1395 5454 videtur.

513 5565 707 5679 ΞίεὲρΠ
743 5578 871 5612 mss.
899 5578 1008 5614 non
1049 5567 1259 5629 paucis,
1290 5580 1395 5618 nec
1431 5567 1704 5616 inferioris
1736 5570 1900 5626 notas,
1933 5566 2091 5616 deest

609 5635 618 5652 '
653 5635 786 5679 riui.

459 5633 858 5773 “$3,333,,
884 5707 1191 5756 secundum
1223 5708 1512 5758 hominum
1531 5709 1822 5773 judicandi
1852 5721 2090 5760 consue-

467 5767 746 5828 tudinem;
779 5771 982 5832 alioqui
1012 5777 1158 5824 enim
1194 5791 1353 5841 seque
1393 5767 1685 5830 vera'sunt
1729 5781 1916 5832 omnia
1958 5793 2088 5845 quae

2192 4557 2344 4612 illius
2369 4554 2636 4621 hominis,
2669 4553 2856 4625 prima
2881 4570 3015 4607 voce
3046 4552 3409 4625 responderit
3439 4569 3452 4606 :
3487 4572 3514 4602 «
3543 4553 3656 4606 Non
3681 4562 3790 4603 sum

2193 4653 2392 4720 (λου-η..
2425 4664 2576 4717 xvm,
2612 4647 2721 4716 l7).
2755 4670 2782 4697 »
2814 4649 2931 4701 Non
2969 4648 3124 4702 enim
3154 4649 3272 4701 erat
3305 4645 3552 4701 hominis
3587 4647 3788 4714 aposto-

2193 4745 2297 4807 lus,
2340 4743 2442 4814 qui
2483 4749 2607 4797 erat
2647 4741 2876 4796 Christi.
2923 4740 3177 4810 Denique
3217 4744 3275 4794 et
3318 4740 3523 4794 Paulus
3567 4732 3790 4792 hominis

2193 4838 2516 4908 apostolum
2557 4852 2615 4890 se
2663 4851 2780 4889 esse
2823 4834 3068 4905 negavit,
3109 4835 3342 4889 dicens:
3386 4855 3412 4882 ι(
3445 4833 3641 4886 Paulus
3667 4843 3788 4898 apo-

2193 4931 2367 4984 stolus
2394 4945 2510 4985 non
2536 4929 2607 4982 ab
2634 4927 2981 4994 hominibus,
3018 4943 3204 4998 neque
3234 4944 3337 4998 per
3366 4927 3673 4981 hominem.
3703 4917 3787 4973 sed

2194 5041 2296 5095 per
2331 5025 2523 5078 Iesum
2565 5023 2874 5087 Christum,
2921 5027 2978 5075 et
3017 5021 3193 5076 Deum
3242 5022 3468 5075 Patrem
3513 5018 3720 5086 (Galut.,
3757 5027 3786 5072 ι,

2196 5119 2268 5180 1).
2313 5140 2338 5165 ››
2381 5116 2490 5172 Sed
2525 5132 2595 5170 ne
2639 5115 2934 5170 videretur
2975 5113 3312 5182 ambiguum
3350 5110 3581 5184 aliquod
3625 5111 3784 5162 incar-

2195 5211 2441 5265 nationis
2480 5209 2702 5274 atferre,
2743 5208 2982 5278 subjecit
3030 5223 3041 5260 :
3087 5229 3111 5255 α
3141 5207 3243 5270 Qui
3287 5205 3568 5260 suscitavit
3609 5215 3724 5255 eum
3758 5215 3784 5248 ιι

2193 5303 2435 5359 mortuis
2456 5304 2666 5373 (Ibid),
2695 5327 2719 5351 ››
2748 5307 2811 5357 ut
2831 5306 2888 5356 et
2908 5301 3206 5355 hominem
3233 5300 3454 5366 credas,
3479 5313 3601 5353 cum
3630 5295 3779 5347 Deum

2191 5403 2320 5453 ante
2361 5396 2684 5452 credideris.
2729 5396 2890 5460 Quod
2928 5395 3059 5450 alibi
3097 5410 3326 5466 quoque
3374 5393 3570 5447 eodem
3609 5396 3781 5442 tenore

2190 5567 2531 5630 scripserunt
2557 5564 2926 5629 evangelistae.
3311 5633 3314 5634 ν
3536 5631 3562 5634 _
3605 5628 3610 5634 ,
3654 5624 3669 5634 ,
3708 5622 3714 5629 .

2252 5624 2348 5699 (67)
2381 5638 2506 5688 Mss.
2536 5624 2809 5694 nonnulli,
2847 5634 3108 5699 numquid
3135 5633 3336 5698 negavit
3377 5645 3488 5682 eum
3525 5628 3610 5680 Dei
3644 5624 3781 5685 fuisse

2193 5709 2386 5759 Filium
2411 5709 2440 5758 Ρ
