3936 6158
201 259 304 311 1917

1249 247 1707 306 EXPOSITIONIS
1747 249 1815 305 IN
1858 251 2078 306 LUCAM
2121 253 2244 306 LIB.
2290 249 2348 302 Χ.

3343 252 3479 304 1918

191 377 407 438 custodit,
448 371 529 427 ubi
572 371 703 428 dicit
745 390 756 427 :
808 393 833 423 ‹‹
879 376 1032 428 Unus
1080 374 1235 428 enim
1289 377 1450 440 Deus,
1494 379 1549 429 et
1597 392 1744 430 unus
1768 388 1823 458 Α
1916 378 2002 428 86.
2048 376 2218 430 Lucas
2257 389 2481 446 quoque
2524 374 2748 446 scripsit
2787 376 3012 428 Petrum
3053 373 3471 444 interrogatum

190 471 420 527 mediator
466 466 550 521 Dei
599 471 657 521 et
708 468 1008 522 hominum
1055 468 1230 523 homo
1283 468 1538 526 Christus
1584 470 1743 524 Jesus

187 568 218 634 (Ι
243 568 372 623 Tz'm.,
401 578 450 630 ιι,
572 583 596 610 ››
619 563 783 616 Prius
813 562 1006 634 utique
1035 563 1415 619 mediatorem
1443 563 1542 618 Dei
1569 580 1742 634 quam

187 658 426 714 hominum
464 654 711 728 1522
755 656 1141 728 nuncupavit;
1184 674 1302 712 non
1337 657 1490 713 enim
1539 663 1621 712 sat
1663 662 1746 713 est

184 757 438 821 utrumque
463 750 708 817 credere,
740 750 850 804 nisi
878 751 1010 806 fidei
1047 751 1188 807 ordo
1221 756 1490 807 servetur.

234 847 304 900 84.
329 843 626 901 Concordat
665 844 840 916 igitur
866 845 1078 916 ubique
1112 847 1437 918 responsio;
1473 864 1604 902 nam
1645 847 1744 919 qui

179 940 330 993 dixit:
366 940 540 994 Nescio
582 939 848 993 hominem
894 941 1136 1009 (Matth.,
1185 956 1308 1009 xxv,
1351 941 1460 1012 7'2),
1512 958 1742 1012 aequum

175 1038 266 1088 erat
294 1035 344 1085 ut
379 1033 752 1103 interrogatus
792 1036 984 1087 utrum
1026 1040 1170 1090 esset
1208 1052 1274 1090 ex
1318 1035 1609 1106 discipulis
1650 1035 1744 1090 ho-

174 1125 326 1192 minis,
363 1125 562 1180 diceret
593 1143 604 1179 :
638 1128 758 1183 Non
804 1143 923 1182 sum
962 1128 1164 1199 (Joan.,
1202 1146 1354 1195 xvm,
1402 1130 1508 1197 l7).
1548 1131 1743 1201 Itaque

171 1238 258 1274 non
303 1219 490 1275 Christi
535 1219 875 1292 discipulum
933 1239 991 1276 se
1044 1223 1292 1295 negavit,
1342 1224 1440 1278 sed
1493 1223 1745 1279 hominis

167 1313 354 1385 negavit
381 1330 493 1369 esse
519 1314 880 1385 discipulum.
915 1319 1110 1388 Itaque
1139 1323 1196 1373 et
1223 1320 1417 1373 Petrus
1455 1322 1510 1372 et
1539 1319 1744 1373 Paulus

166 1409 419 1462 hominem
443 1416 816 1480 negaverunt,
841 1427 1014 1482 quem
1047 1412 1141 1466 Dei
1173 1413 1372 1467 Filium
1400 1413 1742 1468 fatebantur.

164 1502 293 1566 Quod
315 1503 473 1557 sensit
500 1505 723 1573 Petrus,
759 1510 815 1560 et
841 1506 1045 1560 Paulus
1072 1508 1380 1578 expressit;
1411 1509 1544 1562 hinc
1571 1515 1626 1563 et
1652 1508 1745 1562 ille

161 1598 374 1667 profecit.
407 1599 572 1652 Error
590 1599 765 1667 Petri,
797 1599 1353 1672 doctrinajustorum
1384 1606 1500 1670 est;
1534 1606 1594 1657 et
1615 1603 1745 1657 titu-

160 1691 283 1745 batio
307 1692 463 1758 Petri,
486 1693 747 1748 omnium
775 1698 938 1766 petra
960 1699 1062 1749 est.
1087 1697 1344 1769 Denique
1366 1713 1539 1768 super
1563 1698 1746 1754 undas

1851 477 2042 525 utrum
2078 487 2143 524 ex
2188 470 2293 524 illis
2336 473 2502 536 esset,
2538 467 2892 540 respondisse
2930 469 3112 538 prima
3146 484 3278 522 voce
3309 485 3322 522 :
3352 470 3475 524 Non

1849 568 1974 620 novt
1993 566 2168 619 illum.
2200 567 2266 618 Et
2293 564 2434 618 bene
2463 562 2626 617 dixit.
2657 561 3046 618 Temerarium
3081 561 3292 632 quippe
3328 564 3470 627 erat,

1849 663 1909 713 ut
1946 658 2155 714 diceret
2187 658 2316 729 quia
2354 660 2587 712 noverat
2617 672 2770 726 eum,
2803 671 2976 728 quem
3018 670 3178 709 mens
3218 654 3474 709 humana

1849 770 1962 808 non
2016 757 2204 824 potest
2257 751 2762 823 comprehendere.
2827 770 2853 797 «
2893 750 3069 804 Nemo
3119 748 3269 803 enim
3318 747 3474 802 novit

1849 848 2069 914 Filium,
2092 846 2198 902 nisi
2227 848 2394 902 Pater
2415 846 2661 917 (Matth.,
2691 862 2764 913 χι,
2797 845 2904 914 27).
2932 866 2957 893 ››
2987 844 3200 899 Rursus
3227 841 3475 896 secunda

1848 958 2000 1007 voce,
2032 941 2347 997 secundum
2378 941 2584 994 Lucam
2611 939 2764 994 idem
2791 941 2989 992 Petrus
3014 937 3128 992 ait:
3155 957 3182 986 «
3207 937 3330 990 Non
3348 951 3475 991 sum

1847 1053 1974 1108 ego.
2010 1059 2036 1084 »
2070 1036 2268 1092 Maluit
2302 1035 2566 1090 videlicet
2599 1051 2658 1088 se
2689 1050 2922 1106 negare,
2950 1048 3124 1104 quam
3165 1029 3473 1086 Christum.

1847 1135 1955 1188 Aut
1982 1131 2113 1202 quia
2147 1129 2446 1184 videbatur
2485 1144 2696 1199 negare
2734 1127 2942 1184 Christi
2979 1126 3326 1193 societatem,
3367 1122 3473 1178 uti-

1847 1242 1955 1298 que
2003 1242 2061 1280 se
2109 1223 2353 1295 negavit.
2395 1226 2556 1279 Certe
2607 1239 2735 1276 cum
2783 1221 2851 1276 de
2898 1220 3134 1276 homine
3178 1221 3374 1290 negat,
3413 1217 3474 1271 in

1851 1320 2050 1375 Filium
2096 1318 2348 1390 peccavit
2396 1317 2665 1383 hominis,
2709 1323 2770 1370 ut
2809 1314 3196 1370 remitteretur
3237 1313 3308 1381 ei,
3357 1329 3472 1368 non

1849 1417 1906 1470 in
1947 1413 2222 1486 Spiritum
2258 1417 2532 1466 sanctum.
2571 1410 2759 1465 Tertio
2797 1425 3023 1481 quoque
3067 1408 3473 1484 interrogatus,

1848 1510 1926 1565 ait
1959 1528 1971 1564 :
2006 1531 2032 1561 (ι
2060 1507 2254 1563 Nescio
2276 1507 2412 1578 quid
2438 1505 2608 1571 dicas,
2642 1528 2665 1552 ι»
2699 1506 2806 1559 hoc
2832 1507 2935 1571 est,
2969 1501 3265 1572 sacrilegia
3291 1505 3476 1556 vestra

1846 1604 2058 1658 nescio.

1920 1702 2006 1753 87.
2043 1697 2154 1753 Sed
2193 1712 2297 1751 nos
2334 1711 2683 1762 excusamus,
2716 1694 2833 1764 ipse
2871 1708 2987 1746 non
3017 1689 3300 1746 excusavit
3329 1688 3470 1761 (70);

158 1785 341 1852 titubat,
371 1786 462 1840 sed
513 1761 809 1842 dexteram
844 1788 1088 1861 porrigit
1133 1761 1358 1846 Christo
1396 1761 1510 1846 z'in
1551 1797 1744 1846 monte
1768 1761 1826 1831 Β
1851 1810 1964 1848 non
2013 1791 2165 1847 enim
2211 1790 2342 1844 satis
2391 1792 2477 1843 est
2515 1761 2768 1842 involuta
2816 1785 3107 1857 responsio
3151 1783 3475 1839 confitentis

158 1878 310 1945 cadit,
360 1881 450 1935 sed
499 1881 720 1936 levatur
776 1900 809 1936 a
873 1883 1116 1938 Christo.
1175 1885 1454 1940 Titubavit
1517 1887 1747 1956 quidem

155 1973 314 2027 Petrus
368 1975 422 2028 in
467 1976 633 2042 mari,
681 1976 780 2031 sed
826 1977 1137 2033 ambulavit
1181 1981 1419 2048 (Matth,
1469 1997 1580 2050 xn',
1629 1982 1743 2044 30).

155 2066 361 2122 Firmior
392 2068 655 2125 titubatio
688 2071 860 2138 Petri,
901 2089 1075 2143 quam
1115 2079 1310 2128 nostra
1337 2080 1423 2129 est
1449 2075 1746 2130 ﬁrmitudo

167 2163 250 2228 68).
292 2163 362 2215 lbi
403 2163 576 2233 cadit,
620 2181 733 2235 quo
777 2165 965 2220 nullus
997 2167 1272 2234 ascendit,
1317 2168 1396 2223 ibi
1436 2173 1620 2237 nutat,
1649 2170 1747 2225 ubi

151 2271 286 2309 nemo
313 2257 588 2313 ambulat.
621 2261 686 2314 Et
727 2267 918 2314 tamen
956 2261 1107 2316 inter
1146 2262 1321 2316 undas
1357 2261 1490 2317 licet
1521 2264 1745 2331 titubet,

147 2366 233 2404 non
261 2350 490 2420 labitur;
524 2357 712 2422 nutat,
745 2371 860 2409 non
891 2356 1070 2424 cadit;
1101 2356 1303 2424 fluitat,
1336 2374 1449 2412 non
1480 2359 1746 2428 praecipi-

149 2446 283 2497 tatur.
323 2447 384 2499 Et
427 2447 473 2500 si
519 2448 744 2515 cecidit,
797 2448 855 2504 in
905 2455 1097 2505 monte
1144 2454 1334 2505 tamen
1379 2452 1612 2521 cecidit;
1646 2452 1747 2506 sed

142 2538 320 2592 felicius
367 2540 466 2595 ille
524 2541 734 2598 cecidit
775 2560 946 2614 quam
999 2545 1094 2599 alii
1143 2548 1420 2601 steterunt
1472 2565 1482 2598 :
1528 2545 1746 2600 felicius

143 2631 324 2699 occidit,
353 2651 530 2705 quem
564 2636 817 2691 Christus
853 2638 1068 2693 levavit.

190 2728 265 2780 85.
305 2729 522 2784 lterum
571 2733 761 2786 autem
803 2731 1220 2804 interrogatum
1266 2734 1420 2804 quod
1465 2751 1528 2788 ex
1578 2732 1746 2788 disci-

143 2820 255 2886 pulis
295 2823 414 2894 ejus
465 2829 644 2891 esset,
693 2827 936 2882 Joannes
989 2827 1211 2898 scripsit
1257 2843 1491 2900 negasse
1548 2829 1746 2897 (Joan.,

137 2930 254 2980 xvm,
280 2919 390 2988 25).
431 2920 503 2974 Et
547 2918 698 2974 bene
729 2921 976 2992 negavit,
1017 2921 1154 2993 quia
1192 2938 1259 2977 ex
1295 2922 1418 2993 ejus
1457 2922 1749 2978 dicebatur

137 3024 232 3063 esse
255 3011 573 3084 discipulis,
596 3029 770 3084 quem
791 3013 1088 3070 hominem
1116 3015 1176 3071 in
1203 3016 1596 3088 superioribus
1619 3022 1750 3072 sunt

132 3101 292 3206 locuti.
321 3107 468 3162 Nam
500 3112 569 3162 et
596 3109 764 3164 tertio
795 3109 949 3181 quod
975 3126 1106 3164 cum
1138 3110 1230 3165 illo
1272 3111 1418 3166 visus
1445 3116 1610 3180 esset,
1643 3129 1744 3166 ne-
1769 3139 1823 3210 Ο

134 3200 256 3265 gavit
282 3202 411 3270 (69),
450 3207 510 3257 et
549 3203 663 3258 hoc
711 3203 781 3258 de
819 3203 1201 3275 superioribus
1232 3205 1558 3262 derivatur:
1605 3207 1746 3262 Cum

130 3290 206 3346 illo
228 3311 394 3365 quem
438 3296 750 3352 hominem
782 3299 1137 3370 nuncupatis,
1171 3316 1282 3354 non
1306 3300 1386 3355 fui
1411 3318 1423 3367 ;
1453 3300 1554 3356 sed
1584 3318 1617 3355 a
1645 3301 1744 3355 Dei
1787 3307 1791 3310 ’

131 3385 241 3441 Filio
265 3406 380 3444 non
413 3391 653 3447 recessi.

173 3550 254 3610 (68)
317 3553 540 3604 Omnes
607 3553 761 3612 edit,
808 3553 895 3602 sed
965 3553 1256 3602 ambulavit
1314 3553 1536 3616 ﬁrmior.
1602 3557 1744 3605 Titu-

127 3619 246 3671 batio
283 3623 426 3674 Petri
473 3629 669 3674 nostra
720 3629 792 3674 est
834 3623 1120 3687 ﬁrmitudo.
1169 3624 1296 3675 Mss.
1351 3630 1537 3676 autem
1586 3632 1648 3676 ut
1687 3629 1745 3676 in

123 3697 266 3744 textu.

167 3766 252 3826 (69)
279 3768 442 3818 Rom.
478 3768 620 3818 edit.
650 3781 779 3818 cum
823 3767 1000 3818 tribus
1039 3781 1191 3827 mss.,
1230 3769 1365 3818 Nam
1407 3771 1549 3833 quod
1595 3772 1748 3821 tertio

122 3847 214 3884 tum
240 3837 332 3888 illo
359 3854 416 3889 se
440 3840 618 3902 fuisse
639 3839 870 3903 negavit.

166 3909 253 3969 (70)
303 3911 528 3962 Omnes
587 3911 740 3969 edit.,
803 3911 1056 3960 Dominus
1120 3911 1227 3974 ipse
1291 3924 1399 3961 non
1458 3915 1746 3963 excusavit.

119 3978 173 4025 At
210 3980 263 4030 in
308 3996 446 4032 mss.
510 3981 789 4032 omittitur
843 3981 1112 4039 Dominus,
1159 3985 1218 4031 ut
1262 3983 1368 4046 ipse
1410 3983 1480 4033 ad
1523 3984 1749 4036 Petrum

117 4048 401 4126 referatur:
435 4053 604 4119 quod
646 4053 822 4118 magis
865 4052 1004 4126 scite
1045 4053 1301 4126 congruit
1339 4067 1468 4104 cum
1507 4068 1751 4119 sequen-

113 4120 254 4191 tibus.
309 4125 614 4176 Caeterum
657 4127 788 4174 sunt
836 4124 932 4188 qui
982 4123 1272 4175 Ambrosio
1325 4130 1543 4187 nostro,
1599 4127 1749 4191 quod

115 4188 233 4241 Petri
262 4202 583 4256 peccatum
614 4197 781 4246 nimis
804 4195 1023 4246 elevare
1052 4200 1287 4246 conatus
1317 4197 1406 4256 sit,
1448 4197 1583 4246 vitio
1621 4188 1751 4247 ver-

111 4264 234 4338 tant;
276 4267 335 4316 in
376 4268 607 4330 quibus
651 4267 945 4338 reperitur;
963 4265 1131 4316 Guill.
1179 4267 1384 4327 Estius,
1424 4269 1508 4317 vir
1549 4269 1751 4332 pietate

109 4335 242 4410 iuxta
269 4351 338 4387 ac
364 4338 637 4390 doctrina
676 4338 878 4410 clarus.
912 4335 1008 4387 Sic
1050 4340 1238 4388 autem
1274 4338 1370 4410 ille
1413 4354 1422 4386 :
1471 4341 1546 4389 De
1580 4353 1752 4404 nega-

113 4407 250 4465 tione,
304 4409 540 4475 inquit,
595 4409 761 4459 multa
810 4413 1196 4458 commentatur
1249 4409 1658 4461 Ambrosius.....
1708 4417 1754 4461 et

111 4479 168 4522 Ita
196 4477 443 4543 loquitur
490 4482 659 4545 quasi
692 4481 877 4530 Petrus
913 4479 1154 4542 negando
1198 4479 1461 4529 Christum
1501 4494 1609 4530 non
1636 4494 1753 4544 pec-

111 4553 306 4609 tureri't,
351 4553 560 4604 saltem
595 4551 910 4602 mortaliter.
954 4552 1054 4601 Sed
1089 4551 1298 4601 videtur
1339 4551 1642 4602 Ambrosius
1677 4567 1756 4602 re-

113 4629 215 4688 fero
237 4635 473 4685 peccare
507 4625 572 4673 in
613 4625 725 4683 hoc,
757 4624 896 4688 quod
925 4627 1201 4686 peccatum
1242 4623 1380 4673 Petri
1405 4637 1505 4687 pro
1530 4637 1634 4688 quo
1673 4623 1759 4674 ille

107 4687 221 4740 fierit
260 4709 487 4754 amare,
535 4687 779 4745 nimiumi
800 4699 1052 4744 extenuet.
1093 4695 1352 4744 Fatemur
1394 4687 1622 4758 quidem
1657 4709 1758 4745 ca-

109 4763 331 4816 vendum
379 4781 519 4818 esse
568 4780 636 4816 ne
672 4766 807 4815 dum
842 4766 896 4814 in
935 4765 1254 4816 excusando
1291 4765 1484 4816 eodem
1527 4771 1756 4829 peccato

111 4846 316 4896 operam
395 4839 545 4903 plus
608 4841 756 4902 justo
821 4838 1040 4887 anxiam
1109 4837 1398 4902 ponimus,
1475 4837 1756 4889 Christum

112 4909 433 4960 mendacem
478 4910 587 4974 qui
625 4908 761 4958 illud
804 4908 1063 4973 praedixit
1106 4923 1116 4955 :
1159 4907 1381 4958 Petrum
1427 4922 1558 4958 vero
1607 4910 1758 4975 inep-

114 4979 214 5026 tum
242 4981 344 5044 qui
378 4981 460 5030 ob
494 4979 643 5030 illud
678 4981 862 5044 ipsum
903 4979 1245 5029 amarissime
1286 4978 1454 5039 flevit,
1497 4981 1757 5031 ostenda-

109 5062 230 5099 mus.
277 5052 538 5114 Verum,
578 5065 712 5116 pace
755 5051 903 5102 docti
939 5052 1042 5101 viri
1089 5049 1410 5113 dixerimus,
1442 5053 1538 5115 qui
1587 5057 1755 5104 totam

112 5119 233 5172 hanc
279 5123 588 5174 Ambrosii
635 5123 1162 5173 commentationem
1221 5123 1486 5172 attentius
1543 5123 1755 5188 legerit,

110 5191 229 5242 nihil
278 5196 391 5260 ipsi
442 5199 730 5255 occurret,
781 5193 930 5244 unde
969 5195 1092 5257 jure
1141 5197 1310 5258 queat
1355 5194 1561 5259 colligi,
1614 5196 1755 5246 Petri

109 5271 389 5322 peccatum
447 5270 656 5316 sancto
716 5265 927 5315 doctori
979 5279 1091 5314 non
1144 5265 1248 5314 nisi
1299 5266 1515 5317 veniale
1574 5268 1755 5317 visum

110 5333 277 5385 fuisse.
310 5338 562 5388 Etenim
603 5338 747 5387 inter
785 5335 1037 5385 mortalia
1076 5335 1307 5386 crimina
1345 5337 1497 5387 aliud
1531 5337 1638 5388 alio
1676 5339 1756 5388 le-

110 5406 214 5459 vius
258 5414 348 5460 est
397 5425 411 5458 :
469 5408 631 5458 unde
680 5408 899 5472 putavit
942 5405 1269 5457 Ambrosius
1314 5408 1420 5458 sibi
1466 5409 1653 5471 licere,
1697 5413 1758 5461 ut

109 5479 318 5530 honoris
369 5494 564 5532 causa
607 5479 878 5545 quidquid
920 5477 988 5527 ad
1037 5478 1402 5529 minuendum
1448 5480 1580 5528 tanti
1629 5493 1758 5543 apo-

110 5550 217 5599 stoli
258 5557 588 5616 peccatum
631 5553 811 5602 facere
858 5555 1064 5614 posset,
1105 5550 1161 5600 id
1207 5551 1445 5600 oratorio
1488 5550 1656 5600 modo
1701 5552 1754 5600 in

108 5623 341 5675 medium
376 5623 642 5674 afferret.
668 5623 734 5673 Et
766 5627 914 5674 certe
949 5635 1016 5672 ex
1058 5622 1180 5672 aliis
1221 5621 1474 5671 Patribus
1513 5635 1623 5671 non
1659 5621 1754 5670 de-

105 5693 316 5745 fuerth
340 5697 450 5760 qui
486 5695 636 5745 Petri
665 5695 1043 5745 defensionem
1073 5693 1255 5743 adhuc
1282 5696 1540 5758 urgerent
1565 5693 1758 5743 arden-

110 5764 221 5826 tius,
249 5781 385 5816 cum
419 5779 556 5816 non
583 5766 751 5817 semel
774 5768 986 5830 justum
1030 5767 1196 5816 etiam
1244 5768 1366 5829 post
1406 5765 1756 5830 negationem

107 5849 290 5887 vocare
319 5843 781 5903 perseverantes.
811 5837 952 5887 Vide
993 5836 1250 5888 eumdem
1292 5834 1526 5888 Estium.
1563 5835 1752 5885 Adnot.

1775 4508 1834 4579 D

1846 1889 2060 1953 lesum,
2107 1884 2204 1938 sed
2251 1886 2450 1954 aperta
2496 1882 2796 1937 confessio.
2839 1880 2980 1945 Quid
3030 1878 3260 1950 prodest
3303 1875 3478 1932 verba

1851 1982 2154 2048 involvere,
2197 1979 2241 2033 si
2283 1978 2460 2033 videri
2500 1977 2583 2031 vis
2625 1974 2976 2048 denegasse?
3019 1974 3086 2028 Et
3124 1972 3251 2027 ideo
3282 1972 3476 2025 Petrus

1849 2094 1964 2132 non
2016 2076 2084 2130 de
2141 2075 2422 2130 industria
2465 2073 2541 2127 sic
2584 2070 2940 2142 respondisse
2992 2066 3297 2132 inducitur,
3344 2063 3479 2135 quia

1849 2177 2042 2241 postea
2071 2169 2406 2224 recordatus
2445 2170 2550 2233 est,
2588 2171 2644 2220 et
2670 2170 2863 2220 tamen
2906 2162 3077 2218 ﬂevit.
3108 2159 3297 2215 Maluit
3326 2156 3480 2212 enim

1851 2268 1970 2337 ipse
1995 2281 2160 2319 suum
2204 2277 2469 2318 accusare
2507 2263 2825 2332 peccatum,
2863 2263 2922 2312 ut
2955 2255 3369 2327 justiﬁcaretur
3394 2252 3477 2306 fa-

1849 2359 2046 2428 tendo,
2086 2374 2257 2429 quam
2296 2359 2630 2427 gravaretur
2670 2352 2931 2423 negando
2979 2367 2991 2403 :
3033 2371 3059 2398 ‹‹
3097 2349 3287 2402 Justus
3326 2345 3479 2399 enim

1850 2454 1906 2507 in
1942 2452 2219 2525 principio
2249 2454 2547 2506 accusator
2570 2452 2654 2503 est
2682 2445 2764 2500 sui
2802 2447 3005 2515 (Prom,
3035 2458 3184 2505 xvm,
3217 2440 3332 2510 l7);
3369 2459 3395 2489 ι)
3425 2441 3480 2493 et

1851 2548 1978 2602 ideo
2010 2546 2184 2602 ﬂevit.

1920 2644 2008 2697 88.
2053 2641 2240 2705 Quare
2283 2638 2484 2694 ﬂevit?
2527 2636 2672 2701 Quia
2713 2635 2876 2705 culpa
2919 2632 3168 2703 obrepsit
3214 2631 3266 2684 ei
3313 2646 3324 2684 :
3369 2645 3477 2701 ego

1850 2737 2000 2791 soleo
2030 2736 2184 2802 ﬂere,
2217 2733 2263 2788 si
2299 2733 2468 2804 culpa
2495 2730 2638 2786 mihi
2680 2728 2845 2796 desit,
2885 2728 2996 2783 hoc
3031 2729 3135 2793 est,
3165 2724 3210 2780 si
3243 2739 3360 2780 non
3386 2739 3478 2778 me

1852 2829 2154 2896 vindicem,
2193 2828 2239 2883 si
2288 2843 2402 2881 non
2447 2824 2739 2880 obtineam
2778 2822 2929 2894 quod
2983 2818 3240 2891 improbe
3287 2817 3476 2889 cupio.

1853 2922 2110 2997 1523
2160 2924 2357 2978 Petrus
2408 2919 2592 2975 doluit
2645 2921 2702 2972 et
2757 2915 2929 2982 ﬂevit,
2981 2914 3113 2986 quia
3157 2911 3364 2968 erravit
3420 2914 3482 2965 ut

1850 3021 2046 3074 homo.
2081 3019 2198 3072 Non
2230 3015 2458 3071 invenio
2501 3013 2641 3086 quid
2672 3011 2896 3079 dixerit,
2928 3007 3154 3065 invenio
3185 3007 3334 3078 quod
3373 3005 3477 3060 ﬂe-

1849 3113 1991 3169 verit
2025 3129 2036 3165 :
2071 3113 2346 3183 lacrymas
2387 3110 2510 3180 ejus
2552 3108 2679 3178 lego
2720 3108 2854 3176 (7t),
2883 3102 3323 3159 satisfactionem
3365 3116 3477 3154 non

1847 3209 1997 3280 lego,
2045 3207 2143 3261 sed
2190 3205 2343 3276 quod
2387 3201 2612 3259 defendi
2663 3217 2778 3255 non
2825 3203 3032 3271 potest,
3081 3195 3234 3250 ablui
3275 3197 3479 3266 potest.

1848 3303 2058 3357 Lavent
2102 3302 2370 3371 lacrymas
2414 3297 2721 3362 delictum,
2773 3294 2922 3367 quod
2977 3308 3109 3347 voce
3160 3290 3345 3362 pudor
3398 3290 3484 3342 est

1849 3395 2126 3451 confiteri.
2158 3395 2222 3448 Et
2260 3393 2439 3448 venias
2465 3391 2557 3460 (cf.
2597 3394 2742 3460 Aug.
2776 3390 2872 3442 lib.
2905 3405 2918 3440 ι
2949 3391 3019 3442 De
3052 3387 3235 3454 gratia
3260 3383 3480 3439 Christi.

1848 3558 1904 3606 in
1929 3557 2199 3619 praecipua
2237 3568 2301 3604 ac
2338 3552 2538 3615 difﬁcit.
2589 3551 2641 3600 S.
2682 3550 2876 3612 Script.
2915 3548 3028 3598 loca
3070 3547 3124 3596 in
3169 3557 3287 3606 cap.
3338 3554 3480 3592 xxv:

1850 3627 2062 3687 Matth,
2088 3639 2227 3677 vers.
2258 3625 2336 3675 70.

1913 3699 2007 3762 (7t)
2040 3698 2186 3749 Nihil
2222 3701 2412 3761 agunt,
2452 3696 2548 3760 qui
2587 3695 2694 3745 hoc
2737 3693 3042 3743 abutuntur
3081 3690 3223 3762 loco,
3264 3690 3326 3736 ut
3365 3698 3482 3762 pm-

1849 3757 2101 3822 nitentias
2163 3757 2609 3827 sacramentalis,
2661 3765 2730 3817 de
2780 3779 2890 3829 qua
2951 3762 3046 3813 hic
3102 3759 3259 3810 nullo
3315 3757 3482 3808 modo

1851 3843 2050 3907 agitur,
2094 3841 2482 3892 necessitatem
2530 3841 2807 3890 conentur
2845 3835 3082 3907 elevare.
3121 3829 3344 3907 Etenim
3385 3840 3482 3891 per

1850 3899 2257 3974 satisfactionem
2309 3923 2667 3975 nequaquam
2723 3905 3021 3973 signiﬁcari
3073 3899 3480 3975 confessionem

1852 3967 2128 4042 nostram,
2183 3985 2277 4031 aut
2318 3967 2534 4045 partem
2583 3983 2702 4044 ejus
2758 3967 3093 4036 extremam,
3139 3973 3326 4045 aperte
3362 3967 3480 4045 _de-

1851 4039 2162 4107 monstrant
2226 4039 2352 4120 quas
2408 4039 2740 4117 sequuntur.
2803 4052 2944 4101 Nam
2971 4120 2981 4122 ξ
3009 4039 3481 4122 quemadmodum

1852 4129 2054 4189 verba,
2102 4119 2258 4178 ablui,
2311 4131 2500 4191 potest,
2560 4125 2874 4176 referuntur
2919 4120 2988 4171 ad
3051 4119 3342 4191 tacrymas.
3369 4119 3484 4191 ejus

1855 4201 1986 4266 lego,
2019 4185 2100 4251 sic
2135 4201 2255 4259 ista,
2288 4185 2378 4249 sed
2416 4197 2558 4262 quod
2590 4195 2800 4259 defendi
2846 4207 2956 4266 non
2990 4195 3176 4266 potest,
3206 4185 3484 4266 pertinent

1854 4257 1923 4321 ad
1971 4257 2388 4331 satis/octiens";
2423 4257 2538 4317 non
2581 4257 2691 4331 legio
2736 4281 2753 4314 :
2799 4264 2946 4315 unde
2994 4257 3354 4331 manifestum
3405 4257 3485 4304 est

1852 4329 2266 4404 satisfactionem
2297 4340 2390 4390 hic
2421 4337 2571 4389 aliud
2608 4329 2720 4388 non
2752 4350 2891 4395 esse,
2923 4334 3028 4384 nisi
3063 4329 3442 4404 defensionem
3469 4340 3481 4404 _:

1855 4399 2168 4478 quo'pacto
2211 4411 2529 4462 satisfacere
2569 4409 2800 4472 objectis
2838 4399 3356 4478 criminibus,_idem
3374 4401 3485 4478 “est

1857 4465 2026 4548 ﬁtque
2079 4485 2294 4546 objecta
2341 4483 2573 4533 crimina
2623 4465 2852 4541 diluere,
2901 4491 3000 4529 seu
3052 4472 3320 4548 refellere.
3373 4465 3483 4548 Sed

1860 4539 1966 4606 nec
2010 4539 2176 4604 etiam
2222 4555 2533 4618 sequentia,
2583 4563 2782 4614 nempe
2829 4539 3028 4598 Lavent
3072 4543 3198 4608 (vel,
3242 4546 3324 4618 ut
3352 4539 3483 4618 edit.

1860 4626 1987 4678 Gill.
2020 4640 2086 4677 ac
2117 4626 2272 4677 Rom.
2301 4611 2358 4676 et
2387 4638 2487 4675 ms.
2518 4611 2674 4687 Reg,
2703 4611 2906 4682 lavant)
2936 4619 3186 4692 lacrymae
3218 4611 3482 4692 delictum,

1859 4697 2001 4762 quod
2052 4711 2174 4747 noce
2223 4697 2399 4760 pudor
2448 4700 2519 4746 est
2570 4684 2833 4758 confiteri,
2878 4691 3130 4742 vocalem
3183 4684 3485 4762 confessio:

1860 4751 1986 4820 nem
2027 4751 2235 4820 saltem.
2260 4772 2530 4819 secretam
2577 4751 2923 4825 excludunt;
2968 4761 3110 4813 nihil
3145 4760 3294 4809 enim
3333 4751 3484 4803 aliud

1859 4841 1950 4891 hic
1980 4839 2304 4899 ostenditur,
2337 4840 2443 4890 nisi
2469 4853 2598 4890 eum
2629 4839 2724 4904 qui
2759 4851 2924 4902 grave
2963 4835 3172 4886 crimen
3202 4829 3483 4904 perpetra-

1860 4913 2013 4972 verit,
2057 4927 2088 4961 a
2125 4911 2388 4974 lacrymis
2431 4910 2598 4961 ordiri
2641 4909 2842 4961 debere
2883 4904 3300 4976 conversionem
3345 4906 3484 4976 {-81.0

1858 4997 2100 5047 namque
2146 4972 2383 5032 tacuisse
2421 4983 2662 5041 Petrum,
2693 4996 2757 5030 ne
2802 4985 2911 5029 tam
2955 4980 3056 5028 cito
3099 4974 3263 5047 veniae
3304 4972 3483 5047 petitio

1857 5053 1976 5118 plus
2010 5039 2315 5119 offenderet.
2360 5056 2491 5104 Ante
2527 5039 2772 5116 ﬂendum,
2817 5056 2923 5102 etc.
2965 5051 3156 5112 Itaque
3199 5039 3485 5119 adhecc‘le-

1859 5112 2135 5175 siasticam
2180 5126 2440 5189 temporis
2477 5112 2562 5174 sui
2601 5123 2973 5187 disciplinam,
3005 5131 3117 5183 qua
3155 5112 3485 5189 pcenitentes

1859 5195 2060 5246 delicta
2090 5179 2345 5259 privatim
2385 5197 2538 5259 prius
2582 5179 2785 5245 deflere
2825 5179 3179 5258 jubebantur,
3208 5197 3400 5259 quam‘
3416 5179 3485 5259 ad

1858 5252 2152 5332 petendam
2195 5252 2699 5317 reconciliationem
2741 5252 3084 5322 accederent,
3118 5256 3330 5332 alludit.
3363 5252 3486 5304 Oris

1859 5330 2045 5389 autem
2098 5339 2507 5390 confessionem
2557 5340 2613 5388 in
2661 5338 2820 5388 Petro
2877 5336 3098 5387 disertis
3145 5330 3329 5382 verbis
3373 5340 3483 5378 non

1859 5411 2031 5460 semel
2079 5413 2332 5474 agnoscit
2373 5414 2599 5461 sanctus
2641 5410 2862 5469 doctor,
2909 5421 3038 5458 cum
3082 5418 3278 5470 supra,
3330 5414 3480 5449 num.

1859 5495 2040 5546 super.
2077 5483 2260 5546 inquit
2285 5497 2298 5533 :
2325 5482 2515 5533 Maluit
2541 5483 2679 5531 enim
2707 5482 2814 5546 ipse
2842 5493 2995 5530 suum
3019 5488 3271 5529 accusare
3297 5485 3484 5538 pecca—

1860 5558 1986 5610 tum,
2027 5557 2084 5601 ut
2109 5554 2499 5618 justificaretur
2533 5552 2768 5614 fatendo,
2813 5564 2977 5616 quam
3022 5550 3352 5615 gravaretur
3393 5557 3484 5618 ne-

1858 5623 2064 5686 gando;
2091 5629 2143 5673 et
2180 5624 2339 5685 infra,
2373 5637 2526 5673 num.
2557 5624 2620 5673 90
2648 5639 2657 5672 :
2694 5624 2751 5672 Si
2779 5626 2835 5672 in
2865 5622 3050 5687 aliquo
3075 5621 3296 5684 fortasse
3328 5617 3486 5668 laba—

1858 5695 1935 5744 ris
1974 5696 2284 5758 νεβρίδων..
2314 5701 2370 5745 ut
2405 5694 2697 5745 recorderis
2735 5701 2780 5745 et
2817 5694 3041 5759 fatearis
3078 5706 3331 5743 errorem.
3367 5690 3488 5739 lmi—

1859 5773 1974 5815 tare
2004 5769 2232 5829 Petrum,
2261 5773 2368 5818 etc.
2398 5767 2591 5818 Aﬁerri
2620 5774 2857 5834 possunt
2883 5772 2940 5819 et
2965 5767 3086 5818 aliae
3119 5767 3357 5830 hujusce
3381 5762 3488 5834 loci

1859 5839 2164 5889 solutiones
2211 5854 2351 5904 quas
2400 5840 2589 5892 videre
2626 5833 2727 5892 festi
2776 5839 2925 5907 apud
2971 5839 3184 5904 Magist.
3239 5833 3488 5888 Sentent.
