4022 6176
442 231 578 283 1919

1895 234 1948 287 S.
1993 231 2303 289 AMBROSII
3630 234 3735 289 1920

435 369 555 422 cap.
622 352 711 423 4-5)
779 352 945 408 ﬂetus
1006 354 1345 423 consulunt,
1400 360 1456 409 et
1519 355 1897 411 verecundiae.
1964 356 2065 409 La-
2092 353 2429 439 A1524
2464 353 2682 420 ﬂevisti,
2726 352 2938 409 electus
2973 368 3031 406 es
3072 354 3134 406 ut
3173 347 3306 405 alios
3335 366 3554 422 regeres,
3589 355 3739 425 quite

432 461 643 517 crymae
692 446 814 501 sine
864 448 1104 502 horrore
1149 450 1369 520 culpam
1410 450 1757 522 loquuntur:
1803 450 2070 520 lacrymaa

433 538 653 594 crimen
708 539 831 594 sine
883 540 1202 597 offensione
1256 543 1611 598 verecundiae
1666 544 2009 597 confitentur
2052 561 2064 597 :

433 633 700 704 lacrymaa
749 634 977 689 veniam
1023 652 1137 690 non
1186 638 1490 706 postulant,
1531 643 1587 692 et
1624 642 1938 691 merentur.
1978 638 2067 691 ln-

2172 449 2289 519 ipse
2318 451 2448 502 ante
2480 464 2595 501 non
2625 463 2851 502 rexeras
2883 445 3016 515 (75).

2242 546 2330 598 93.
2390 541 2637 597 Habebat
2686 558 2822 612 ergo
2884 542 3164 612 lacrymas
3227 540 3445 605 Petrus,
3491 540 3573 609 pio
3629 557 3745 612 quas

2170 637 2453 692 fundebat
2477 636 2684 691 affectu
2719 652 2732 689 :
2765 651 2881 689 non
2913 632 3159 688 habebat
3187 630 3441 703 proditor
3463 632 3613 687 ﬂetus
3638 635 3745 705 qui-

433 726 566 781 veni
594 743 696 781 cur
725 729 963 784 tacuerit
988 730 1203 797 Petrus,
1247 748 1318 785 ne
1352 737 1472 785 tam
1515 731 1625 786 cito
1665 732 1844 785 veniae
1873 732 2069 802 petitio
2170 733 2276 785 bus
2329 731 2557 802 culpam
2625 729 2897 793 ablueret,
2950 727 3051 781 sed
3106 728 3384 781 tormenta
3435 727 3747 783 conscientia:

436 821 561 890 plus
626 821 960 878 offenderet.
1018 826 1162 879 Ante
1228 824 1481 880 ﬂendum
1539 830 1650 891 est,
1705 824 1781 879 sic
1830 842 2067 896 precan-

440 916 598 970 dum.

2174 824 2376 897 quibus
2402 824 2763 894 sacrilegium
2791 824 3067 877 fateretur
3094 819 3238 891 (76);
3279 824 3344 874 ut
3366 820 3494 875 dum
3523 836 3613 873 suo
3640 837 3750 875 reus

2164 919 2382 991 judicio
2433 918 2755 985 damnatur,
2805 920 2862 971 et
2905 918 3220 987 spontaneo
3270 913 3529 984 supplicio
3564 914 3751 968 facinus

506 1012 596 1064 89.
630 1010 798 1064 Bonae
826 1011 1114 1083 lacrymaa,
1146 1030 1272 1084 quae
1304 1013 1491 1067 lavant
1528 1015 1778 1086 culpam.
1813 1014 2068 1086 Denique
2172 1014 2448 1085 expiatur,
2484 1013 2659 1084 pietas
2691 1010 2934 1076 Domini,
2974 1009 3072 1080 qui
3113 1026 3171 1064 se
3203 1008 3323 1079 ipse
3367 1009 3532 1061 nollet
3569 1007 3751 1075 ulcisci,

437 1118 582 1174 quos
607 1104 765 1158 Jesus
794 1105 1039 1174 respicit,
1070 1106 1316 1177 plorant.
1351 1107 1589 1178 Negavit
1625 1108 1810 1178 primo
1851 1111 2068 1177 Petrus,
2172 1114 2227 1162 et
2272 1107 2535 1162 divinitas
2588 1106 2944 1177 probaretur,
2997 1105 3093 1174 qui
3148 1101 3538 1157 conscientiam
3580 1102 3755 1157 mentis

438 1200 495 1252 et
516 1214 633 1252 non
662 1198 831 1265 ﬂevit,
861 1199 993 1270 quia
1019 1217 1130 1255 non
1155 1206 1481 1272 respexerat
1508 1202 1800 1257 Dominus.
1830 1203 2069 1275 Negavit
2172 1201 2437 1257 invisibili
2471 1204 2747 1272 potestate
2777 1200 3174 1269 interrogaret.

435 1291 707 1359 secundo,
755 1308 866 1346 non
916 1293 1089 1363 ﬂevit,
1136 1296 1269 1366 quia
1320 1296 1510 1353 adhuc
1563 1313 1679 1351 non
1739 1302 2069 1368 respexerat

438 1384 731 1439 Dominus.
766 1387 1002 1458 Negavit
1042 1395 1100 1442 et
1142 1389 1335 1456 tertio,
1376 1390 1630 1461 respexit
1661 1393 1840 1459 Jesus,
1880 1396 1939 1446 et
1979 1391 2072 1447 ille

438 1477 786 1535 amarissime
812 1480 982 1536 ﬂevit.
1019 1483 1269 1555 Respice,
1300 1484 1532 1539 Domine
1558 1486 1707 1552 Jesu,
1738 1490 1799 1540 ut
1824 1485 2073 1540 sciamus

440 1576 698 1628 nostrum
736 1574 945 1630 deﬂere
983 1580 1296 1648 peccatum,
1343 1578 1530 1633 lavare
1581 1578 1869 1635 delictum.
1912 1580 2073 1635 Unde

442 1664 614 1720 etiam
653 1666 845 1738 lapsus
888 1675 1214 1725 sanctorum
1260 1672 1453 1726 utilis:
1506 1672 1650 1727 nihil
1690 1672 1833 1727 mihi
1880 1673 2075 1728 nocuit

2245 1298 2330 1351 94.
2389 1316 2418 1344 «
2472 1291 2731 1362 Peccavi,
2788 1294 3005 1365 inquit,
3067 1292 3221 1363 quod
3285 1290 3600 1345 tradiderim
3649 1307 3757 1344 sau-

2176 1391 2407 1462 guinem
2434 1390 2655 1460 justum
2702 1388 2946 1457 (Matth.,
2991 1403 3158 1452 xxvn,
3195 1385 3274 1454 4).
3305 1405 3332 1434 »
3377 1383 3488 1438 Etsi
3522 1399 3662 1437 cassa
3694 1387 3763 1437 est

2177 1483 2508 1555 paenitentia
2562 1482 2884 1553 proditoris,
2933 1481 3066 1552 quia
3120 1479 3370 1551 peccavit
3418 1479 3472 1531 in
3520 1477 3760 1548 Spiritum

2175 1582 2452 1644 sanctum,
2506 1582 2590 1632 est
2643 1580 2835 1630 tamen
2880 1573 3189 1630 nonnullus
3248 1572 3306 1626 in
3357 1573 3556 1626 scelere
3604 1570 3765 1641 pudor

2175 1674 2401 1744 culpam
2429 1687 2758 1742 agnoscere.
2793 1673 2859 1726 Et
2889 1669 3149 1740 quamvis
3189 1667 3282 1722 ille
3330 1684 3437 1720 non
3473 1663 3764 1728 absolvitur,

443 1760 596 1828 quod
624 1762 846 1833 negavit
871 1765 1089 1833 Petrus,
1115 1766 1327 1835 profuit
1347 1766 1499 1837 quod
1526 1767 1871 1822 emendavit.
1902 1767 2073 1822 Didici
2095 1740 2151 1812 Β
2176 1740 2502 1822 indecorum
2552 1770 2739 1820 tamen
2790 1764 3149 1836 impudentia
3205 1762 3527 1817 confutatur
3574 1776 3586 1813 :
3649 1774 3768 1828 quos

442 1869 635 1908 cavere
688 1855 937 1927 alloquia
991 1858 1356 1929 perfidorum.
1404 1863 1601 1915 Petrus
1654 1862 1803 1916 inter
1850 1862 2075 1916 Iudaeos

441 1948 690 2016 negavit,
725 1950 989 2006 Salomon
1023 1952 1396 2007 contubernio
1429 1955 1627 2025 gentili
1675 1954 1946 2026 deceptus
1992 1973 2075 2009 er-

444 2039 591 2094 ravit
615 2041 709 2109 (IlI
737 2045 887 2112 Reg.,
917 2061 989 2113 χι,
1019 2047 1090 2116 4).

516 2136 604 2189 90.
657 2136 831 2191 Flevit
874 2155 1012 2210 ergo
1058 2146 1114 2195 et
1157 2141 1515 2197 amarissime
1555 2144 1772 2211 Petrus,
1818 2144 1973 2198 ﬂevit
2014 2150 2076 2197 ut

444 2227 711 2299 lacrymis
750 2230 856 2300 (72)
898 2249 1067 2288 suum
1119 2240 1309 2306 posset
1348 2236 1541 2291 lavare
1584 2237 1853 2292 delictum
1889 2255 1903 2292 :
1935 2244 1990 2293 et
2016 2243 2076 2293 tu

448 2321 493 2374 si
524 2323 747 2377 veniam
782 2326 860 2380 vis
888 2328 1115 2397 mereri,
1145 2330 1295 2384 dilue
1327 2330 1588 2402 lacrymis
1625 2333 1847 2403 culpam
1881 2335 2073 2398 tuam;

450 2416 648 2471 eodem
678 2424 991 2490 momento,
1026 2422 1224 2477 eodem
1260 2425 1521 2496 tempore
1552 2425 1785 2497 respicit
1812 2429 1866 2481 te
1896 2425 2079 2480 Chris-

448 2514 556 2563 tus.
598 2511 653 2567 Si
696 2513 754 2567 in
798 2514 993 2585 aliquo
1033 2516 1268 2572 fortasse
1309 2518 1515 2573 labaris
1553 2520 1681 2590 (73),
1714 2520 1844 2591 quia
1892 2536 2075 2574 secre-

451 2608 640 2659 torum
671 2608 904 2662 tuorum
939 2609 1147 2665 assistit
1186 2612 1360 2679 testis,
1393 2613 1622 2685 respicit
1661 2620 1724 2669 ut
1760 2614 2079 2671 recorderis

451 2703 508 2751 et
532 2698 763 2755 fatearis
791 2718 1070 2758 errorem.
1105 2705 1333 2761 Imitare
1359 2708 1589 2762 Petrum
1621 2708 1909 2762 dicentem
1943 2709 2078 2763 alibi

452 2792 614 2847 tertio
646 2795 719 2865 (6,
753 2812 807 2867 q.
852 2801 902 2861 1,
937 2814 1059 2869 cap.
1099 2802 1321 2855 Imitare
1351 2802 1590 2865 Petrum)
1628 2819 1638 2854 :
1672 2824 1698 2851 ‹‹
1733 2803 1986 2867 Domine,
2020 2808 2077 2858 tu

448 2885 554 2940 scis
591 2888 723 2958 quia
762 2889 938 2961 diligo
974 2896 1028 2947 te
1070 2896 1277 2963 (Joan.,
1320 2911 1427 2960 XXI,
1476 2899 1580 2951 15).
1616 2919 1641 2944 ››
1678 2897 1898 2951 Etenim
1945 2899 2079 2968 quia

452 2980 618 3035 tertio
662 2990 991 3054 negaverat,
1036 2987 1201 3041 tertio
1241 2989 1573 3056 confitetur;
1607 2990 1701 3043 sed
1750 2992 1977 3061 negavit
2022 2992 2077 3044 in

2177 1879 2305 1917 cum
2335 1860 2609 1933 professio
2637 1860 2947 1929 redarguat
2969 1857 3300 1925 venditoris,
3325 1855 3571 1911 scelerati
3601 1857 3769 1907 tamen

2178 1955 2285 2010 sibi
2326 1955 2613 2010 vindicant
2651 1954 2784 2025 jura
2833 1955 3179 2018 contractus,
3225 1955 3280 2006 et
3326 1954 3567 2005 exsortes
3608 1951 3770 2001 reatus

2179 2068 2299 2106 esse
2340 2065 2401 2105 se
2438 2049 2695 2116 credunt,
2738 2048 2877 2102 dum
2912 2047 3146 2102 dicunt:
3192 2067 3219 2095 ‹‹
3253 2044 3402 2109 Quid
3443 2042 3509 2097 ad
3547 2041 3677 2096 nos?
3706 2040 3770 2093 Tu

2179 2144 2382 2200 videris
2425 2141 2634 2213 (Ibid)
2662 2162 2689 2191 ››
2736 2144 3006 2196 Amentes
3046 2140 3236 2211 plane,
3282 2138 3381 2210 qui
3428 2138 3625 2209 putent
3658 2132 3772 2187 solvi

2180 2255 2236 2294 se
2282 2238 2461 2310 magis
2500 2236 2744 2291 auctoris
2787 2236 3022 2304 scelere,
3070 2248 3243 2306 quam
3287 2233 3494 2287 teneri.
3536 2232 3593 2283 ln
3635 2243 3775 2300 pecu-

2180 2332 2376 2387 niariis
2402 2332 2581 2386 causis
2612 2331 2797 2386 refuso
2824 2330 3011 2401 pretio
3033 2328 3128 2399 jus
3153 2326 3393 2383 solvitur
3422 2343 3434 2379 :
3467 2325 3524 2379 hi
3557 2322 3775 2395 pretium

2181 2427 2482 2497 recipiunt,
2514 2428 2571 2481 et
2606 2423 2962 2494 sacrilegium
2987 2423 3433 2495 persequuntur,
3461 2436 3525 2473 ac
3553 2417 3776 2489 pertina-

2180 2522 2339 2576 cibus
2394 2520 2595 2574 studiis
2643 2520 2931 2573 funestam
2995 2517 3101 2571 sibi
3156 2514 3451 2570 vindicant
3514 2509 3779 2583 sanguinis

2178 2617 2536 2682 auctionem,
2603 2630 2733 2668 cum
2804 2612 3135 2667 refunderet
3199 2610 3468 2665 venditor
3532 2601 3780 2673 sacrilegii

2180 2711 2520 2768 mercedem.

2251 2811 2340 2862 95.
2379 2804 2675 2859 Evidenter
2719 2802 2930 2873 itaque,
2973 2801 3110 2855 dum
3153 2798 3408 2870 pretium
3450 2791 3725 2865 sanguinis
3757 2805 3785 2842 a

2177 2902 2504 2956 Judaeorum
2552 2895 2965 2970 gazophylaciis
3009 2896 3332 2964 separatur,
3375 2896 3432 2946 et
3474 2904 3606 2961 ager
3645 2883 3783 2956 ﬁguli

2180 3015 2245 3051 ea
2298 3011 2409 3065 qua
2466 2991 2728 3047 venditur
2790 2989 3079 3058 Christus,
3139 2988 3507 3058 comparatur
3571 2978 3786 3054 pecunia

449 3078 634 3143 nocte,
674 3077 981 3133 conﬁtetur
1016 3079 1073 3133 in
1112 3080 1203 3135 die
1244 3084 1337 3151 (cf.
1384 3085 1528 3153 Aug.
1571 3082 1666 3136 lib.
1709 3100 1742 3151 ι,
1785 3088 1857 3139 De
1895 3088 2154 3185 gratiae
2183 3090 2369 3161 (Ibid.,
2413 3088 2496 3155 7);
2544 3087 2680 3141 dum
2724 3085 2771 3139 is
2810 3084 2964 3139 locus
3016 3082 3327 3137 humandis
3378 3076 3787 3152 peregrinorum

454 3168 674 3234 Christi,
705 3186 831 3241 cap.
862 3172 976 3241 45).

523 3266 611 3316 91.
667 3264 792 3318 Haec
839 3268 1029 3320 autem
1087 3267 1215 3323 ideo
1266 3268 1473 3340 scripta
1512 3274 1679 3338 sunt,
1729 3274 1795 3326 ut
1838 3273 2082 3327 sciamus

452 3357 746 3412 neminem
778 3357 991 3428 jactare
1031 3378 1089 3416 se
1123 3360 1360 3427 debere;
1396 3380 1532 3417 nam
1573 3364 1617 3418 si
1664 3366 1863 3420 Petrus
1889 3366 2083 3438 lapsus

454 3454 556 3517 est,
594 3451 689 3522 qui
732 3452 869 3508 dixit
906 3454 1014 3524 (74)
1057 3472 1069 3509 :
1112 3477 1139 3504 ‹‹
1180 3456 1289 3512 Etsi
1331 3457 1427 3511 alii
1472 3458 1832 3514 scandalizati
1868 3460 2083 3517 fuerint

452 3544 508 3597 in
540 3548 614 3612 te,
646 3562 753 3617 ego
780 3564 894 3602 non
917 3549 1337 3605 scandalizabor
1367 3553 1581 3622 (Maron,
1618 3570 1722 3622 xw,
1751 3554 1865 3623 29),
1902 3577 1927 3603 n
1957 3555 2083 3627 quis

451 3637 593 3693 alius
615 3640 747 3710 jure
777 3641 848 3696 de
887 3658 945 3697 se
982 3646 1329 3715 praesumat?
1358 3646 1616 3719 Denique
1651 3654 1707 3702 et
1738 3648 1912 3704 David
1948 3650 2085 3722 quia

388 3742 395 3747 ‘
452 3733 672 3788 dixerat
704 3752 717 3789 :
753 3755 780 3787 ε(
815 3737 931 3807 Ego
960 3736 1079 3792 dixi
1106 3738 1164 3793 in
1192 3755 1317 3794 mea
1345 3740 1717 3807 abundantia,
1748 3759 1862 3797 non
1888 3759 2079 3798 move-

450 3827 556 3882 bor
582 3828 639 3883 in
680 3834 956 3886 aeternum
989 3832 1156 3903 (Psal.
1203 3850 1347 3900 χχιχ,
1383 3835 1457 3905 7),
1488 3854 1514 3885 ι)
1560 3851 1690 3890 eam
1734 3835 1838 3891 sibi
1870 3838 2085 3909 jactan-

451 3922 591 3977 tiam
622 3923 869 3978 obfuisse
900 3925 1222 3996 proﬁtetur,
1253 3928 1444 3984 dicens
1479 3946 1491 3983 :
1524 3948 1551 3981 (ι
1585 3930 1846 3985 Avertisti
1874 3931 2083 3986 faciem

450 4020 608 4071 tuam
635 4034 665 4071 a
696 4034 807 4085 me,
840 4022 897 4073 et
940 4020 1122 4075 factus
1162 4038 1288 4076 sum
1325 4022 1700 4078 conturbatus
1731 4025 1915 4093 (Ibid.,
1946 4026 2022 4093 8).
2056 4050 2082 4075 ››

522 4112 608 4164 92.
652 4112 809 4166 Unde
849 4116 901 4166 te
947 4130 1199 4181 evocem,
1246 4117 1423 4182 Petre,
1469 4121 1527 4170 ut
1570 4117 1769 4173 doceas
1807 4135 1900 4174 me
1946 4120 2084 4190 quid

452 4205 596 4257 tiens
640 4205 1019 4276 cogitaveris?
1065 4208 1246 4275 Unde,
1294 4210 1549 4281 inquam,
1600 4215 1650 4266 te
1697 4213 1965 4267 evocem?
2010 4215 2086 4269 De

450 4299 611 4368 coelo,
652 4299 751 4354 ubi
788 4299 907 4371 jam
944 4302 1121 4356 choro
1167 4302 1413 4358 insertus
1455 4321 1515 4358 es
1563 4306 1899 4375 angelorum
1948 4324 1959 4360 :
2012 4324 2085 4361 an

452 4392 625 4448 etiam
665 4393 737 4448 de
781 4397 1032 4463 tumulo;
1070 4396 1206 4467 quia
1243 4413 1354 4451 non
1402 4402 1567 4469 putas
1608 4398 1872 4469 injuriam
1914 4407 1966 4454 et
2008 4400 2083 4454 ibi

2184 3181 2438 3254 reliquiis
2472 3181 2709 3247 dicatur,
2739 3183 2795 3233 et
2836 3176 3157 3249 prophetiae
3201 3176 3478 3247 impletur
3516 3168 3787 3228 oraculum

2185 3278 2457 3347 (Zachar.,
2514 3291 2596 3341 χι,
2654 3274 2773 3338 12),
2835 3277 2893 3326 et
2941 3270 3231 3342 surgentis
3288 3267 3555 3323 Ecclesiae
3600 3266 3788 3333 myste-

2184 3371 2333 3425 rium
2407 3368 2709 3424 revelatur.
2784 3369 2936 3437 Ager
3011 3364 3163 3419 enim
3240 3362 3558 3418 secundum
3620 3356 3790 3411 divina

2183 3468 2460 3538 praecepta
2516 3461 2763 3516 mundus
2823 3459 2917 3515 hic
2969 3458 3156 3513 omnis
3223 3465 3309 3512 est
3367 3454 3623 3525 (Matth.,
3674 3465 3790 3511 χιιι,

2185 3562 2310 3628 38);
2358 3558 2568 3630 figulus
2607 3562 2801 3611 autem
2844 3553 2937 3608 ille
2978 3552 3075 3625 qui
3124 3568 3226 3607 nos
3270 3549 3545 3606 formavit
3585 3564 3615 3602 e
3652 3545 3789 3610 limo,

2183 3655 2254 3709 de
2283 3669 2396 3725 quo
2438 3652 2616 3707 habes
2657 3651 2715 3703 in
2756 3647 2939 3703 Veteri
2977 3648 3343 3702 Testamento
3381 3661 3394 3698 :
3429 3665 3457 3692 «
3485 3641 3626 3707 Quia
3653 3637 3793 3693 ﬁnxit

2185 3749 2333 3802 Deus
2373 3745 2663 3801 hominem
2706 3743 2775 3797 de
2818 3742 2958 3796 limo
2996 3744 3160 3795 terras
3201 3740 3381 3809 (Gem,
3426 3755 3484 3805 ιι,
3516 3736 3589 3804 7),
3629 3756 3653 3782 ››
3691 3733 3791 3786 for-

2184 3841 2379 3897 mandi
2421 3856 2520 3910 per
2562 3844 2843 3905 naturam,
2898 3834 3243 3891 reformandi
3282 3850 3391 3903 per
3438 3830 3671 3903 gratiam
3705 3826 3792 3880 ha-

2184 3937 2325 3991 bens
2350 3950 2456 4006 pro
2479 3949 2580 3987 suo
2612 3930 2845 3987 arbitrio
2874 3934 3231 4000 potestatem.
3263 3928 3408 3982 Nam
3440 3924 3547 3981 etsi
3570 3917 3795 3994 propriis

2187 4029 2335 4084 vitiis
2383 4042 2736 4093 corruamus,
2781 4040 2888 4097 per
2932 4023 3082 4077 illius
3124 4027 3317 4076 tamen
3363 4014 3793 4075 misericordiam

2188 4126 2478 4194 resumpto
2520 4119 2724 4174 mentis
2764 4118 2987 4189 spiritu,
3018 4116 3327 4171 secundum
3375 4112 3639 4169 Ieremia:
3682 4123 3793 4161 ora-

2187 4217 2305 4272 cula
2335 4216 2738 4271 reformamur.

2258 4313 2343 4365 96.
2390 4308 2642 4363 Pretium
2683 4322 2916 4379 quoque
2960 4304 3254 4377 sanguinis
3291 4307 3380 4358 est
3423 4298 3667 4373 pretium
3700 4295 3796 4349 Do-

2187 4404 2411 4460 minicaa
2460 4401 2755 4474 passionis.
2814 4401 2961 4470 Ergo
3014 4398 3196 4470 pretio
3249 4394 3553 4468 sanguinis
3608 4388 3799 4446 emitur

452 4503 604 4555 esse,
665 4489 817 4545 unde
872 4490 1139 4546 Dominus
1200 4491 1545 4549 resurrexit?
1596 4492 1744 4547 Doce
1801 4510 1902 4548 nos
1950 4485 2435 4566 quidDmundus
2476 4514 2511 4552 ει
2551 4496 2805 4563 Christo;
2850 4495 3005 4549 venit
3045 4493 3199 4548 enim
3243 4496 3302 4546 ut
3354 4491 3601 4545 salvetur
3655 4496 3800 4538 mun-

452 4580 553 4635 tibi
603 4583 921 4653 profuerint
970 4586 1236 4655 lacrymaa
1276 4591 1408 4640 tuae.
1454 4586 1560 4642 Sed
1608 4586 1847 4642 docuisti
1886 4587 2079 4643 illico:

450 4691 585 4729 nam
647 4676 745 4747 qui
803 4678 988 4748 lapsus
1042 4694 1120 4746 es,
1166 4683 1472 4751 antequam
1525 4680 1719 4750 ﬂeres,
1777 4685 2082 4754 postquam

451 4844 545 4895 lib.
580 4859 657 4907 IV,
684 4845 807 4896 dist.
838 4846 919 4906 17,
950 4847 983 4910 §
1008 4846 1132 4896 Jam
1160 4847 1445 4898 secundum
1461 4862 1477 4905 ,·
1510 4847 1646 4899 Rob.
1681 4848 1901 4898 Pullum
1939 4849 1993 4898 in
2026 4861 2084 4899 v1

451 4918 714 4980 Seutent.;
746 4918 892 4983 Hug.
922 4917 1063 4968 Vict.
1092 4917 1188 4968 lib.
1228 4932 1285 4979 ιι,
1314 4920 1388 4968 De
1415 4932 1668 4979 sacram,
1694 4933 1815 4984 pag.
1850 4920 1929 4981 14,
1960 4933 2081 4984 cap.

450 4987 513 5037 de
549 4987 889 5051 confessione,
920 4993 1047 5050 etc.;
1083 4988 1227 5040 card.
1263 4989 1519 5039 Bellarm.
1562 4989 1634 5038 De
1660 4991 1838 5054 pwnit.
1869 4989 1962 5040 lib.
1991 5003 2080 5050 Ill;

448 5063 522 5121 et,
554 5063 616 5110 ut
637 5060 778 5111 alios
807 5062 1147 5120 omittamus,
1177 5060 1325 5124 apud
1351 5062 1415 5112 D.
1444 5061 1778 5125 Dionysium
1808 5061 2084 5112 Sammar-

452 5130 686 5181 thanum
713 5136 947 5183 tractatu
972 5130 1186 5183 Gallice
1221 5132 1427 5196 scripto
1456 5134 1525 5182 De
1553 5132 1792 5194 con/ess,
1820 5147 1940 5197 pag.
1969 5133 2080 5195 351,

451 5202 544 5252 357
570 5206 623 5253 et
644 5202 757 5253 567.

517 5273 611 5337 (72)
656 5274 821 5324 Flevit
860 5278 916 5324 ut
961 5274 1232 5339 lacrymis,
1259 5288 1437 5339 usque
1481 5274 1549 5324 ad
1593 5274 1767 5326 eodem
1807 5280 2083 5335 momento,

454 5344 509 5394 in
534 5357 662 5395 mss.
690 5345 832 5397 bene
857 5346 1046 5396 multis
1076 5346 1501 5404 desiderantur;
1534 5345 1630 5396 sed
1672 5359 1802 5397 cum
1837 5345 2085 5396 habean-

455 5418 540 5463 tur
578 5417 632 5464 in
662 5416 949 5466 nonnullis
991 5421 1047 5468 et
1081 5418 1299 5468 cunctis
1345 5417 1495 5478 edit,
1528 5429 1743 5466 necnon
1780 5416 2083 5479 pleniorem

456 5498 681 5535 sensum
708 5487 970 5548 efﬁciant,
999 5501 1063 5538 ea
1087 5502 1197 5539 non
1223 5489 1542 5552 putavimus
1568 5486 1693 5538 loco
1728 5487 2020 5538 movenda.

524 5556 613 5615 (73)
654 5557 782 5605 Mss.
829 5562 955 5608 octo
992 5572 1104 5609 non
1141 5560 1351 5611 infima
1385 5563 1552 5622 notae,
1581 5560 1812 5621 fortasse
1852 5558 2083 5610 laboras.

462 5624 800 5694 Non_male;
849 5626 1033 5677 laboro
1075 5631 1223 5681 enim
1270 5643 1382 5681 non
1423 5644 1544 5681 raro
1593 5630 1831 5680 sumitur
1873 5644 1972 5694 pro
2020 5644 2086 5681 eo

463 5690 729 5810 gggdmest
762 5695 824 5742 de
867 5696 1037 5746 salute
1073 5701 1361 5764 periclitor,
1396 5706 1459 5753 ut
1496 5701 1643 5768 apud
1682 5690 1891 5752 Horat:
1912 5700 2005 5751 lib.
2049 5714 2083 5762 ι,

2186 4594 2292 4648 dus
2316 4609 2421 4663 per
2447 4592 2633 4663 ipsum
2664 4591 2865 4661 (Joan.,
2899 4604 2972 4652 ιιι,
3007 4588 3121 4653 17);
3155 4586 3213 4640 in
3242 4602 3356 4657 quo
3385 4584 3555 4655 juxta
3584 4583 3643 4634 ut
3674 4590 3798 4647 opus

2187 4686 2453 4753 auctoris,
2482 4689 2540 4740 et
2560 4685 2657 4756 jus
2694 4686 2798 4738 est.
2840 4681 3000 4737 Venit
3046 4697 3184 4751 ergo
3211 4685 3275 4735 ut
3315 4676 3681 4749 consepultos
3708 4684 3798 4740 per

2550 4851 2770 4913 Quanta
2796 4848 3013 4898 laboras
3043 4847 3097 4896 in
3129 4843 3445 4908 Charybdi!

2250 4986 2343 5047 (74)
2372 4982 2518 5034 Edit.
2558 4983 2735 5043 Rom,
2763 4981 2940 5045 lapsus
2969 4985 3059 5039 est,
3092 4977 3184 5043 qui
3213 4976 3370 5027 dixit.
3405 4976 3547 5026 Aliae
3578 4986 3652 5047 ac
3681 4979 3796 5047 mss.

2187 5037 2479 5109 omnes.....
2534 5055 2664 5120 quia
2716 5037 2874 5103 dixit.
2924 5037 3156 5111 Melius;
3197 5049 3532 5120 jactantiam
3571 5044 3713 5120 enim.
3745 5037 3796 5088 S.

2188 5130 2331 5181 Petri
2384 5114 2612 5179 causam
2662 5125 2833 5175 fuisse
2890 5137 2990 5175 cur
3039 5123 3097 5172 in
3164 5124 3460 5187 peccatum
3521 5114 3795 5168 laberetur,

2186 5200 2345 5251 multi
2371 5213 2441 5250 ex
2464 5198 2708 5262 antiquis
2733 5195 3098 5259 scriptoribus
3131 5193 3467 5258 agnoscunt.

2250 5272 2347 5333 (75)
2369 5270 2579 5320 Eadem
2599 5256 2764 5319 Rom.
2795 5256 2925 5317 edit.
2952 5278 3082 5315 cum
3108 5256 3220 5314 uno
3255 5263 3383 5313 Vat.
3412 5261 3537 5314 cod.
3574 5264 3628 5308 et
3657 5256 3793 5335 Reg"

2185 5325 2383 5393 erectus
2410 5354 2461 5391 es
2488 5346 2544 5389 ul
2567 5339 2704 5390 alios
2746 5339 2987 5402 erigeres,
3015 5337 3170 5400 qui...
3213 5347 3322 5385 non
3363 5342 3629 5384 erexeras.
3670 5325 3795 5402 Alia;

2186 5391 2261 5464 ac
2279 5391 2410 5463 mss.
2435 5414 2706 5461 nostrates
2732 5391 2850 5460 1]οὸ
2862 5391 3077 5459 tantum
3105 5407 3246 5456 inter
3269 5418 3331 5455 se
3362 5403 3643 5458 differunt,

2188 5463 2285 5535 ubi
2323 5483 2512 5549 plures
2560 5483 2913 5546 potioresque
2956 5491 3089 5530 mss.
3133 5477 3344 5549 habent
3384 5474 3572 5525 electus
3605 5481 3671 5525 es,

2188 5535 2342 5607 cum‘
2367 5554 2495 5607 edit.
2547 5535 3061 5611 sbribuntferectus
3113 5563 3163 5599 es
3211 5564 3226 5596 :
3273 5544 3388 5597 duo
3437 5556 3564 5595 vero
3610 5549 3704 5603 pro
3750 5535 3799 5581 υι

2188 5627 2323 5677 alios
2348 5638 2568 5691 rogares,
2594 5622 2861 5674 exhibent
2888 5621 3024 5672 alios
3053 5631 3249 5691 regere.

2251 5670 2568 5763 atii/“$11133
2596 5670 2855 5757 fateretur
2886 5670 3038 5743 addit
3077 5670 3234 5741 R'om.
3253 5685 3393 5763 edit.
3426 5684 3561 5744 sola,
3603 5670 3796 5743 quando

2187 5757 2428 5835 prejectis
2457 5765 2721 5832 argenteis
2751 5762 2941 5830 laqueo
2963 5776 3018 5813 se
3039 5757 3327 5825 suspendit.
