4022 6176
254 272 376 324 1921

1313 266 1774 322 EXPOSITIONIS
1811 268 1876 321 IN
1920 267 2145 347 LUCAM
2186 268 2310 322 LIB.
2356 266 2414 320 Χ.

3470 246 3612 329 19-22

247 392 616 461 baptismum,
638 395 696 445 et
721 396 1114 446 commortuus
1135 392 1359 447 Christo
1386 392 1455 446 ad
1485 390 1880 462 perpetuitatis
1903 406 1959 476 Α
1981 398 2094 447 tur.
2126 391 2283 446 Lavit
2310 391 2542 462 quidem
2571 406 2774 445 manus
2799 391 3011 445 Pilatus
3037 395 3277 461 (Mutth.,
3308 413 3468 465 xxvn,
3490 398 3604 466 24),

247 486 489 553 gratiam
529 489 866 540 reservaret.
919 485 1031 540 Sed
1072 502 1187 540 non
1242 486 1451 557 passim
1501 484 1765 539 omnibus
1807 485 1877 539 ad

246 579 632 649 sepeliendum
683 584 768 635 est
811 581 985 645 locus,
1034 596 1171 634 nam
1222 580 1324 633 etsi
1381 595 1582 634 omnes
1634 579 1880 634 mundus

245 673 521 741 includat,
552 672 808 746 1525
848 690 963 728 non
995 690 1195 730 omnes
1239 680 1485 729 reservat
1517 690 1529 727 :
1562 678 1618 728 et
1644 673 1690 727 si
1720 689 1874 728 com—

244 768 437 822 munis
455 767 750 837 habitatio,
766 772 961 824 tamen
984 763 1244 839 legitima
1266 769 1555 839 sepultura
1572 772 1657 823 est
1677 784 1878 823 eorum

245 862 462 917 scilicet
496 861 595 933 qui
622 879 774 917 nunc
809 867 944 918 sunt
969 879 1072 934 per
1094 861 1265 918 ﬁdem
1293 862 1589 917 domestici
1625 862 1742 927 Dei,
1780 852 1877 916 sed

242 957 477 1010 fuerunt
501 956 560 1010 in
591 956 722 1027 lege
752 956 1062 1028 peregrini.
1103 956 1211 1021 Qui
1239 962 1371 1011 sunt
1397 955 1488 1010 isti
1515 956 1624 1010 nisi
1652 956 1720 1010 de
1747 956 1875 1027 qui-

244 1050 351 1104 bus
375 1049 583 1105 dicitur
611 1068 623 1104 :
668 1074 695 1099 ‹‹
724 1052 997 1105 Memores
1035 1053 1214 1106 estote
1242 1051 1392 1121 quod
1435 1049 1742 1121 aliquando
1785 1065 1879 1103 vos

244 1149 467 1215 gentes,
499 1144 597 1216 qui
625 1145 796 1200 eratis
831 1146 890 1199 in
920 1161 1090 1200 carne
1121 1144 1350 1201 alienati
1395 1162 1429 1199 a
1455 1144 1877 1199 conversatione

244 1239 435 1303 lsrael,
493 1243 549 1292 et
596 1238 889 1309 peregrini
944 1239 1337 1311 promissionis
1385 1240 1875 1293 Testamentorum

244 1334 489 1403 (Ephesu
520 1349 573 1400 η,
614 1336 701 1401 11,
748 1333 877 1393 12)?
908 1355 935 1381 »
981 1333 1092 1389 Sed
1141 1334 1199 1388 hi
1244 1349 1398 1388 nunc
1424 1333 1546 1404 jam
1594 1349 1708 1387 non
1744 1334 1879 1386 sunt

237 1426 475 1481 advenae
503 1431 678 1497 atque
704 1426 1015 1498 peregrini,
1057 1427 1327 1499 quoniam
1366 1426 1510 1482 cives
1549 1431 1875 1481 sanctorum

241 1536 367 1574 esse
397 1519 529 1575 ﬁdei
553 1521 683 1591 jure
712 1524 1046 1576 meruerunt
1074 1522 1205 1592 (77).

312 1618 399 1669 97.
460 1614 724 1686 Sequitur
764 1615 1123 1670 admirabilis
1170 1615 1344 1679 locus,
1399 1632 1512 1686 quo
1555 1615 1867 1670 subeundae

239 1708 641 1779 aequanimiter
681 1708 908 1779 injuriae
953 1709 1189 1763 moralis
1238 1709 1561 1763 infunditur
1602 1709 1872 1780 patientia

242 1772 566 1873 pectoribus
596 1772 883 1857 humanis.
932 1805 1238 1858 Accusatur
1282 1802 1574 1869 Dominus,
1604 1772 1677 1857 ἐι
1723 1772 1951 1857 tacetB

244 1896 489 1964 (Matth,
536 1911 700 1962 xxvu,
754 1896 861 1964 12);
907 1901 964 1950 et
1001 1895 1144 1951 bene
1186 1899 1352 1962 tacet,
1398 1896 1495 1967 qui
1543 1895 1876 1951 defensione

246 2006 361 2044 non
407 1989 643 2060 indiget.
688 1989 961 2045 Ambiant
1012 1989 1258 2057 defendi,
1306 1990 1404 2061 qui
1446 1988 1655 2044 timent
1704 1989 1875 2046 vinci.

244 2084 363 2137 Non
391 2099 532 2154 ergo
563 2083 980 2139 accusationem
1003 2083 1259 2138 timendo
1285 2083 1591 2139 conﬁrmat
1613 2086 1748 2153 (78),
1775 2084 1877 2138 sed

244 2176 485 2247 despicit
526 2193 639 2231 non
693 2176 1016 2232 refellendo.
1072 2176 1221 2241 Quid
1276 2178 1431 2232 enim
1476 2177 1725 2245 timeret,
1780 2178 1873 2249 qui

243 2287 358 2325 non
399 2270 641 2326 ambiret
681 2271 965 2326 salutem?
991 2271 1150 2327 Salus
1190 2271 1449 2325 omnium
1484 2288 1644 2326 suam
1690 2270 1879 2342 prodi-

243 2365 345 2434 dit,
375 2368 442 2418 ut
469 2365 725 2436 acquirat
753 2366 1037 2420 omnium.
1070 2365 1179 2420 Sed
1206 2365 1346 2437 quid
1379 2365 1448 2420 de
1479 2367 1595 2420 Deo
1628 2366 1831 2436 loquar
1850 2366 1877 2419 ?

246 2458 506 2514 Susanna
540 2458 736 2525 tacuit,
776 2464 831 2514 et
873 2458 1035 2527 vicit;
1081 2458 1287 2514 melior
1328 2459 1479 2514 enim
1523 2475 1715 2525 causa,
1748 2475 1876 2529 quin

244 2568 359 2607 non
402 2552 745 2620 defenditur,
779 2558 837 2607 et
872 2553 1167 2624 probatur.
1210 2553 1274 2607 Et
1313 2552 1405 2606 hic
1445 2553 1656 2606 Pilatus
1694 2552 1872 2607 absol-

246 2647 354 2715 vit;
395 2646 493 2701 sed
541 2646 774 2701 absolvit
810 2646 1043 2716 judicio,
1087 2645 1368 2701 cruciﬁxit
1406 2645 1700 2718 mysterio.
1740 2647 1871 2699 Ver-

247 2742 384 2795 bum
434 2741 544 2795 hoc
598 2740 842 2811 speciale
897 2740 1103 2797 Christi
1152 2758 1164 2794 :
1216 2739 1356 2794 illud
1414 2739 1759 2809 humanum,
1813 2743 1877 2793 ut

251 2835 394 2905 apud
449 2834 675 2905 iniquos
722 2834 943 2904 judices
1000 2834 1178 2905 magis
1232 2833 1525 2889 videretur
1582 2832 1872 2899 noluisse,

253 2944 420 2999 quam
451 2944 565 2982 non
595 2928 841 2999 potuisse
870 2927 1124 2982 defendi.

319 3025 407 3076 98.
448 3023 560 3078 Cur
594 3026 785 3076 autem
820 3021 1098 3076 Dominus
1129 3022 1387 3088 tacuerit,
1419 3022 1535 3091 ipse
1577 3022 1872 3093 praemisit,

253 3116 449 3170 dicens
477 3133 491 3170 :
522 3138 551 3166 «
577 3115 634 3171 Si
660 3114 812 3170 vobis
836 3114 1056 3183 dixero,
1084 3132 1199 3169 non
1228 3114 1475 3171 credetis
1502 3115 1641 3170 mihi
1664 3133 1676 3182 ;
1706 3117 1751 3170 si
1781 3132 1875 3170 vos
1897 3143 1952 3216 Ο

248 3210 700 3280 interrogavere,
741 3224 855 3264 non
900 3208 1317 3280 respondebitis
1352 3210 1490 3263 mihi
1536 3212 1709 3279 (Luc,
1743 3227 1871 3273 χχιι,

283 3308 335 3368 7,
394 3305 504 3372 68).
563 3325 587 3351 ››
650 3302 785 3357 Illud
840 3308 1033 3358 tamen
1094 3302 1623 3373 prtestantissimum
1654 3346 1667 3371 ,
1719 3304 1874 3375 quod

249 3396 450 3451 maluit
496 3412 694 3469 regem
735 3413 793 3451 se
839 3396 1103 3468 probare,
1151 3413 1320 3468 quam
1360 3396 1584 3465 dicere;
1630 3403 1693 3453 ut
1738 3413 1871 3452 con-

247 3491 555 3546 demnandi
597 3507 825 3547 causam
870 3491 1082 3546 habere
1129 3507 1245 3547 non
1292 3497 1537 3562 possent,
1576 3491 1673 3562 qui
1721 3492 1873 3562 quod

247 3585 541 3656 objiciunt,
573 3585 680 3640 hoc
708 3584 985 3640 fatentur.

317 3682 407 3735 99.
463 3680 636 3749 (Vers.
704 3680 780 3745 8.)
846 3680 1066 3735 Herode
1115 3686 1309 3735 autem
1362 3679 1627 3750 cupiente
1683 3680 1877 3752 aliqua

251 3773 524 3829 mirabilia
567 3774 690 3844 ejus
735 3773 954 3841 videre,
1005 3774 1124 3844 ipse
1180 3774 1352 3828 tacuit
1402 3778 1456 3828 et
1510 3773 1651 3828 nihil
1704 3774 1872 3843 fecit;

247 3869 382 3940 quia
413 3884 520 3923 nec
550 3867 697 3922 illius
727 3867 1033 3922 crudelitas
1072 3867 1402 3923 merebatur
1428 3866 1618 3923 videre
1663 3868 1873 3939 divina,

249 3970 307 4017 et
344 3962 623 4018 Dominus
658 3961 992 4034 jactantiam
1037 3960 1374 4017 declinabat.
1407 3963 1476 4016 Et
1515 3963 1751 4017 fortasse
1789 3968 1875 4034 ty-

248 4058 372 4128 pice
420 4057 479 4110 in
522 4055 738 4111 Herode
790 4072 985 4112 omnes
1026 4055 1183 4126 impii
1231 4055 1660 4126 signiﬁcantur;
1704 4057 1803 4127 qui
1832 4058 1875 4112 si

246 4151 362 4222 legi
394 4167 509 4205 non
537 4149 883 4205 crediderint
913 4155 969 4204 et
1006 4150 1320 4221 prophetis,
1354 4150 1632 4205 mirabilia
1669 4150 1876 4207 Christi

248 4261 425 4316 opera
454 4245 512 4299 in
540 4244 845 4314 Evangelio
876 4260 1106 4315 quoque
1136 4243 1325 4299 videre
1351 4260 1468 4299 non
1498 4245 1740 4315 possint.

321 4341 443 4394 100.
488 4339 663 4409 (Vers.
715 4340 821 4408 11.)
864 4338 945 4393 Ad
993 4338 1268 4393 Herodem
1321 4338 1585 4407 mittitur,
1626 4339 1697 4393 ad
1745 4339 1875 4394 Pila-

247 4441 369 4489 tum
415 4432 739 4488 remittitur.
774 4433 840 4486 Et
881 4433 927 4485 si
971 4436 1213 4504 uterque
1258 4449 1418 4488 reum
1456 4449 1571 4488 non
1621 4449 1873 4503 pronun-

1981 486 2081 540 sed
2122 486 2266 539 facta
2308 502 2419 539 non
2462 484 2668 539 diluit:
2694 485 2871 554 judex
2911 485 3063 539 enim
3112 502 3213 540 nec
3254 488 3481 544 invidias
3516 506 3607 545 ce-

1981 579 2117 633 dere
2154 578 2370 648 debuit,
2404 594 2509 632 nec
2552 578 2778 647 timori;
2830 584 2891 632 ut
2919 578 3261 649 sanguinem
3289 580 3610 637 innocentis

1981 673 2269 728 addiceret
2292 673 2427 741 (79).
2457 671 2720 727 Monebat
2743 688 2885 727 uxor
2919 672 3107 742 (Ibid.,
3140 672 3269 743 19));
3301 674 3516 730 lucebat
3551 678 3609 730 in

1979 772 2141 821 nocte
2182 766 2398 837 gratia;
2440 765 2707 820 divinitas
2746 766 3057 831 eminebat;
3104 782 3207 821 nec
3247 768 3324 821 sic
3364 784 3398 821 a
3438 770 3607 823 sacri-

1980 861 2108 931 lega
2136 860 2416 915 sententia
2444 859 2802 930 temperavit.

2054 956 2174 1009 101.
2228 952 2497 1007 Similiter
2542 953 2599 1007 in
2649 953 2755 1008 hoc
2799 959 3003 1025 typum
3046 953 3306 1009 omnium
3345 955 3607 1024 judicum

1978 1047 2223 1102 arbitror
2250 1064 2371 1102 esse
2401 1047 2783 1117 praemissum,
2810 1048 2907 1118 qui
2941 1048 3267 1103 damnaturi
3296 1055 3485 1104 essent
3510 1066 3609 1105 eos

1978 1158 2119 1213 quos
2181 1141 2447 1197 innoxios
2504 1141 2877 1196 aestimarent.
2929 1142 3356 1197 Tolerabiliores
3408 1148 3604 1198 tamen

1980 1235 2222 1307 gentiles
2249 1251 2368 1289 esse
2388 1251 2564 1307 quam
2583 1235 2810 1290 Iudaeos
2836 1235 3137 1305 conjuncta
3164 1236 3339 1291 Pilato
3365 1253 3609 1308 persona

1981 1331 2090 1397 (80)
2136 1329 2522 1395 demonstrat;
2574 1332 2631 1383 et
2678 1328 2859 1400 magis
2908 1346 3007 1384 eos
3061 1330 3265 1385 divinis
3314 1330 3387 1385 ad
3434 1332 3609 1385 ﬁdem

1977 1424 2243 1496 operibus
2266 1424 2589 1478 admoneri.
2613 1423 2813 1487 Quales
2845 1428 3038 1478 autem
3068 1423 3147 1478 illi
3179 1425 3275 1495 qui
3304 1426 3609 1480 Dominum

1980 1518 2292 1587 majestatis
2321 1517 2727 1572 cruciﬁxerunt
2744 1517 2771 1570 ?

2052 1610 2309 1684 1526
2340 1615 2459 1666 102.
2490 1613 2668 1681 (Vers.
2704 1614 2811 1673 18.)
2845 1612 2955 1666 Nec
2981 1613 3271 1667 immerito
3305 1613 3609 1668 homicidae

1977 1704 2394 1760 absolutionem
2460 1708 2691 1776 petunt,
2748 1705 2847 1775 qui
2908 1705 3241 1776 ﬂagitabant
3293 1706 3610 1762 innocentis

1978 1798 2231 1854 exitium.
2266 1798 2428 1853 Tales
2470 1799 2624 1869 leges
2664 1798 2938 1869 iniquitas
2977 1798 3168 1867 habet,
3203 1804 3268 1853 ut
3295 1799 3483 1854 oderit
3520 1801 3606 1854 in-

1978 1893 2327 1960 nocentiam,
2374 1892 2556 1947 scelus
2597 1892 2799 1963 diligat
2844 1894 2976 1961 (81).
3022 1893 3080 1946 In
3117 1908 3233 1964 quo
3265 1898 3458 1948 tamen
3504 1910 3606 1948 no-

1979 1986 2148 2041 minis
2186 1986 2582 2057 interpretatio
2623 1986 2870 2057 speciem
2911 1986 3005 2041 dat
3043 1986 3280 2056 ﬁguras;
3329 1987 3610 2042 Barabbas

1977 2082 2128 2135 enim
2173 2084 2352 2151 patris
2397 2082 2545 2150 ﬁlius
2590 2080 2787 2135 Latine
2829 2079 3055 2145 dicitur;
3101 2079 3177 2134 illi
3222 2095 3361 2151 ergo
3404 2081 3610 2152 quibus

1978 2175 2188 2229 dicitur
2216 2192 2229 2228 ε
2260 2196 2287 2224 ι(
2325 2176 2431 2229 Vos
2473 2190 2541 2229 ex
2587 2177 2744 2245 patre
2789 2172 3016 2229 diabolo
3064 2173 3198 2228 estis
3243 2177 3447 2243 (Joan.,
3488 2191 3608 2242 vui,

1978 2270 2088 2338 44),
2137 2288 2164 2318 ι)
2216 2285 2346 2323 vero
2392 2268 2491 2322 Dei
2537 2268 2681 2322 Filio
2725 2266 2907 2322 ﬁlium
2949 2267 3130 2339 patris
3168 2267 3254 2321 sui
3298 2269 3608 2324 Antichris-

1979 2369 2100 2417 tum
2133 2362 2420 2433 prelaturi
2451 2378 2573 2416 esse
2598 2361 2944 2432 produntur.

2051 2457 2226 2528 (Vers.
2270 2457 2383 2517 11.)
2429 2458 2498 2512 Et
2540 2456 2792 2510 indutum
2832 2456 2991 2510 illum
3031 2462 3174 2511 veste
3213 2457 3339 2510 alba
3381 2458 3606 2511 remisit.

2053 2552 2172 2605 103.
2245 2551 2363 2604 Non
2429 2532 2692 2605 otiosum.
2741 2549 2891 2621 quod
2953 2553 3106 2604 veste
3170 2549 3298 2603 alba
3349 2549 3611 2604 induitur

1977 2643 2048 2698 ab
2110 2643 2349 2711 Herode,
2399 2644 2780 2698 immaculatae
2830 2642 3085 2697 tribuens
3138 2643 3347 2698 indicia
3403 2644 3609 2715 passio-

1974 2737 2097 2801 nis;
2137 2737 2287 2808 quod
2330 2752 2513 2808 agnus
2540 2736 2638 2791 Dei
2676 2737 2797 2791 sine
2829 2735 3072 2805 macula,
3105 2752 3234 2791 cum
3274 2738 3457 2808 gloria
3485 2753 3610 2808 pec-

1975 2836 2101 2885 cata
2129 2830 2325 2888 mundi
2350 2830 2680 2902 susciperet.
2718 2832 2778 2884 In
2806 2836 2942 2901 typo
2974 2828 3147 2884 etiam
3172 2832 3409 2886 Herodis
3433 2835 3605 2903 atque

1975 2925 2157 2995 Pilati,
2197 2925 2293 2996 qui
2333 2924 2497 2979 amici
2538 2940 2607 2979 ex
2645 2924 2890 2979 inimicis
2930 2925 3060 2979 facti
3102 2929 3236 2979 sunt
3273 2941 3380 2996 per
3408 2926 3601 2981 Jesum

1975 3019 2259 3075 Christum
2311 3017 2491 3089 plebis
2548 3019 2713 3073 Israel
2766 3018 3073 3090 populique
3140 3018 3368 3097 gentilis
3422 3019 3603 3090 ﬁgura

1977 3115 2247 3179 servatur,
2299 3112 2449 3184 quod
2503 3128 2602 3183 per
2652 3112 2874 3167 Domini
2932 3112 3249 3182 passionem
3312 3113 3605 3184 utriusque

1976 3208 2047 3261 sit
2096 3206 2283 3261 futura
2336 3206 2676 3272 concordia;
2721 3205 2795 3260 ita
2842 3210 3031 3261 tamen
3078 3211 3140 3261 ut
3192 3207 3315 3278 pius
3364 3208 3606 3278 pupulus

1975 3302 2271 3357 nationum
2315 3301 2501 3371 capiat
2541 3300 2780 3356 verbum
2828 3299 2945 3365 Dei,
2990 3304 3045 3355 et
3091 3300 3160 3355 ad
3206 3301 3484 3372 populum
3515 3302 3606 3355 Ju-

1977 3395 2227 3451 dasorum
2284 3395 2415 3450 ﬁdei
2477 3411 2592 3449 sua!
2650 3394 2948 3449 devotione
2998 3394 3365 3462 transmittat,
3412 3398 3475 3449 ut
3526 3395 3605 3450 illi

1975 3506 2200 3562 quoque
2223 3488 2403 3559 gloria
2422 3488 2738 3559 majestatis
2754 3504 2871 3542 suae
2891 3504 3096 3559 corpus
3111 3488 3356 3543 vestiant
3370 3488 3603 3557 Christi,

1977 3599 2148 3657 quem
2181 3589 2312 3638 ante
2338 3583 2738 3653 despexerant.

2051 3679 2169 3732 104.
2228 3675 2581 3731 Chlamidem
2638 3681 2833 3731 autem
2885 3676 3203 3730 coccineam
3257 3677 3515 3731 induitur
3571 3693 3603 3731 a

1976 3772 2252 3826 militibus
2319 3772 2446 3839 (82),
2511 3773 2567 3823 et
2630 3785 2971 3841 purpuream
3038 3769 3298 3825 tunicam
3353 3770 3602 3838 (Matth.,

1979 3883 2140 3932 xxvn,
2185 3864 2297 3935 28);
2338 3866 2395 3918 in
2436 3864 2615 3918 altera
2653 3862 2959 3933 designans
3003 3867 3323 3934 martyrum
3361 3862 3600 3933 palmas,

1976 3960 2034 4015 in
2089 3961 2268 4015 altera
2323 3956 2494 4029 regite
2548 3955 2845 4029 potestatis
2899 3955 3150 4027 insignia
3204 3973 3216 4011 :
3269 3956 3423 4028 quod
3474 3972 3602 4011 caro

1977 4054 2098 4125 ejus
2151 4054 2336 4108 fusum
2380 4056 2495 4107 toto
2545 4051 2679 4106 orbe
2731 4055 3016 4106 terrarum
3068 4051 3407 4122 sanguinem
3455 4054 3603 4105 esset

1978 4153 2305 4219 susceptura
2343 4147 2454 4217 (83)
2498 4162 2600 4217 pro
2631 4144 2814 4210 nobis,
2849 4151 2905 4199 et
2953 4145 3133 4216 passio
3176 4162 3416 4216 regnum
3454 4146 3603 4216 pari-

1980 4246 2106 4297 tura
2132 4242 2201 4296 de
2230 4241 2415 4296 nobis.

2054 4339 2172 4391 105.
2211 4337 2425 4390 Corona
2457 4350 2687 4405 quoque
2717 4334 2787 4389 de
2819 4333 2994 4404 spinis
3030 4333 3201 4403 capiti
3232 4333 3355 4401 ejus
3383 4348 3603 4385 annexa

1979 4431 2165 4501 (Ibid,
2191 4432 2302 4499 29),
2334 4428 2473 4499 quid
2509 4427 2665 4481 aliud
2695 4428 2802 4498 (84)
2835 4443 3007 4498 quam
3052 4426 3226 4479 divini
3260 4425 3448 4495 operis
3479 4440 3604 4478 mu-

251 4530 410 4599 tiant,
455 4527 658 4582 alienas
701 4531 887 4581 tamen
921 4526 1275 4582 crudelitatis
1316 4527 1518 4582 studiis
1560 4527 1876 4598 obsequun-
1896 4517 1956 4588 D
1979 4541 2084 4579 nus
2112 4523 2378 4591 ostendit,
2407 4522 2555 4594 quod
2588 4521 2657 4575 de
2693 4519 3080 4592 peccatoribus
3108 4518 3305 4573 mundi
3333 4521 3603 4589 tanquam

312 4706 411 4770 (77)
454 4705 560 4756 Hic
606 4704 733 4756 edit.
769 4703 945 4765 Rom.,
978 4704 1223 4766 intrusis,
1266 4708 1329 4753 ut
1369 4704 1537 4767 solet,
1578 4705 1881 4768 compluri-

250 4778 357 4827 bus
384 4776 674 4841 Evangelii
701 4775 1008 4837 versiculis,
1039 4775 1325 4840 subjungit
1366 4791 1376 4824 :
1407 4776 1693 4827 secundum
1732 4778 1881 4826 Mat-

250 4848 444 4898 thzum
490 4861 606 4897 cum
633 4851 972 4897 accusaretur
1008 4861 1043 4896 α
1082 4845 1414 4910 principibus
1445 4846 1799 4905 sacerdotum,
1834 4852 1879 4895 et

248 4919 673 4982 interregaretur
694 4931 725 4964 α
763 4915 950 4974 Pilato,
988 4928 1098 4966 non
1138 4916 1411 4980 respondit
1454 4916 1526 4966 ad
1561 4915 1728 4966 ullum
1760 4930 1880 4966 ver-

248 4990 389 5039 bum.
425 4986 786 5042 Admirabilis.
817 4991 927 5037 etc.
952 4987 1013 5036 In
1056 4987 1424 5051 sequentibus
1462 4991 1668 5048 autem,
1698 5001 1728 5037 a
1775 5001 1879 5037 nu-

249 5073 406 5111 mero
429 5061 494 5110 99
521 5071 701 5124 usque
726 5058 795 5108 ad
830 5056 941 5119 129,
972 5063 1273 5109 occurrunt
1302 5063 1585 5123 perpetua
1612 5059 1881 5109 mutatio-

246 5145 369 5194 nes,
409 5130 740 5193 additiones,
783 5143 849 5180 ac
888 5131 1359 5193 transpositiones.
1391 5128 1678 5193 Compone
1720 5141 1881 5179 eam-

244 5203 379 5254 dem
401 5202 531 5254 edit.
564 5216 695 5253 cum
728 5201 835 5251 alia
879 5202 970 5252 vel
1011 5213 1113 5250 ms.
1146 5201 1334 5265 aliquo
1378 5205 1433 5251 et
1466 5200 1747 5262 fatebere;
1779 5214 1881 5252 nos

244 5276 399 5326 enim
429 5275 739 5338 praecipuas
766 5276 977 5324 tantum
1005 5272 1384 5337 subjiciemus.

312 5346 411 5410 (78)
448 5345 654 5396 Omnes
689 5343 819 5394 edit.
850 5349 904 5393 et
938 5342 1189 5408 plerique
1233 5358 1389 5403 mss.,
1438 5345 1662 5395 tacendo
1690 5343 1880 5407 conﬁr-

242 5422 375 5467 mat.
409 5414 576 5467 Corb.
610 5419 795 5466 tamen
825 5428 953 5466 cum
992 5414 1116 5465 aliis
1153 5416 1387 5480 aliquot,
1420 5416 1649 5466 timendo
1687 5414 1879 5478 conﬁr-

242 5494 376 5539 mat.
416 5487 588 5552 Magis
624 5488 919 5547 concinne,
956 5490 1020 5536 ut
1064 5488 1344 5551 intelligas
1393 5501 1462 5538 ex
1509 5486 1881 5552 sequentibus

244 5560 381 5623 illis,
436 5558 574 5620 Quid
619 5559 757 5608 enim
806 5560 1027 5617 timeret,
1073 5560 1167 5623 qui
1214 5572 1321 5610 non
1370 5558 1596 5609 ambiret
1638 5559 1881 5615 salutem,

245 5636 375 5694 post
406 5644 547 5695 quas
570 5643 736 5681 voces
762 5629 917 5680 Rom.
964 5629 1094 5681 edit.
1139 5631 1274 5689 sola,
1306 5628 1462 5681 Salus
1499 5630 1616 5693 ipsa
1658 5642 1712 5679 se
1755 5642 1879 5691 pro-

247 5701 347 5765 dit,
380 5715 480 5766 pro
506 5698 664 5752 Salus
691 5704 946 5758 omnium,
973 5704 1079 5751 etc.

317 5773 411 5836 (79)
439 5771 647 5825 Eadem
676 5772 807 5823 edit.
840 5772 1021 5835 Rom.,
1054 5771 1191 5823 Tunc
1237 5771 1520 5823 secundum
1555 5768 1880 5828 Matthsum,

252 5843 380 5896 lavit
419 5843 623 5898 Pilatus
660 5855 839 5894 coram
875 5843 1071 5910 populo
1105 5856 1317 5903 manus,
1362 5842 1540 5893 dicens
1570 5856 1585 5889 :
1631 5842 1883 5891 [πηοί-ωδε

1979 4714 2070 4765 ego
2088 4714 2204 4750 sum
2229 4715 2260 4748 α
2284 4697 2549 4761 sanguine
2563 4697 2701 4760 justi
2732 4696 2908 4759 hujus.

2040 4770 2136 4831 (80)
2170 4769 2462 4833 Conjuncta
2494 4767 2665 4817 Pilato
2692 4780 2942 4830 persona,
2972 4767 3236 4817 nimirum
3263 4767 3413 4817 illius
3449 4780 3605 4816 uxor.

2044 4843 2138 4905 (81)
2193 4839 2332 4890 Vict.
2379 4838 2527 4900 cod.,
2572 4844 2627 4887 ut
2676 4839 2818 4902 quod
2861 4838 3029 4888 oderit
3071 4839 3394 4895 innocentia,
3445 4836 3609 4887 scelus

1982 4911 2192 4975 diligat.

2041 4985 2136 5047 (82)
2168 4983 2325 5035 Rom.
2360 4981 2509 5043 edit,
2554 4981 2681 5032 Inde
2706 4982 2991 5033 secundum
3022 4980 3323 5031 Matthaium
3356 4977 3612 5029 chlamide

1981 5055 2219 5106 coccinea
2259 5054 2503 5104 induitur
2545 5067 2580 5101 a
2617 5052 2893 5106 militibus.
2939 5058 2985 5102 et
3028 5052 3313 5101 secundum
3353 5053 3610 5100 Joannem

1982 5130 2116 5177 veste
2136 5138 2410 5190 purpurea
2437 5126 2815 5174 circumdatur.

2045 5196 2141 5259 (83)
2182 5195 2340 5247 Colb.
2384 5210 2534 5245 unus
2576 5200 2631 5246 et
2668 5196 2824 5260 Reg,
2855 5194 2996 5258 quod
3033 5208 3159 5244 caro
3194 5207 3306 5255 ejus
3337 5197 3441 5243 toto
3490 5192 3614 5241 orbe

1981 5273 2251 5317 terrarum
2276 5267 2590 5330 sanguinem
2619 5271 2747 5317 esset
2775 5267 2992 5327 fusura.
3019 5264 3283 5324 Claram,
3309 5263 3452 5327 quod
3484 5277 3612 5313 caro

1980 5340 2095 5403 ejus
2117 5339 2413 5402 passionem
2444 5342 2573 5389 esset
2599 5342 2927 5401 susceptura.

2046 5410 2142 5474 (84)
2207 5409 2364 5459 Rom.
2433 5409 2587 5469 edit,
2658 5409 2892 5472 Denique
2958 5406 3240 5456 secundum
3311 5406 3611 5456 Malthwum

1982 5495 2181 5533 corona
2234 5481 2300 5531 de
2354 5481 2523 5545 spinis
2578 5481 2740 5544 capiti
2793 5480 2908 5542 ejus
2965 5479 3271 5540 imponitur.
3331 5479 3433 5527 Hoc
3480 5480 3613 5542 quia

1981 5554 2152 5608 aliud.
2203 5558 2308 5604 etc.
2354 5552 2480 5602 Post
2530 5563 2706 5615 pauca
2758 5562 2906 5611 vero,
2965 5548 3060 5598 ubi
3118 5560 3313 5599 omnes
3367 5548 3501 5599 edit.
3558 5553 3659 5598 et'

1983 5626 2232 5690 plerique
2295 5636 2447 5685 mss.,
2504 5627 2763 5685 tanquam
2826 5617 3004 5669 saeculi
3055 5620 3254 5682 panis,
3311 5631 3408 5669 sex
3478 5633 3610 5668 mss.

1981 5696 2186 5747 habent
2232 5701 2486 5758 tanquam
2528 5693 2704 5743 saeculi
2746 5691 2910 5755 spinis
2954 5706 2968 5739 :
3011 5704 3137 5755 quae
3177 5692 3344 5742 lectio
3395 5690 3614 5742 videtur

1985 5765 2345 5831 prmferenda.
