4022 6176
451 285 585 338 1923

1920 283 1976 334 s.
2019 241 2337 335 Ausaosu

3648 291 3665 341 1
3675 292 3762 346 92ιὶ

443 406 632 460 saeculi
680 405 855 477 spinis
905 370 1265 477 triumphalis
1311 405 1493 477 gloria
1534 406 1648 460 Deo
1693 409 2072 477 quaereretur.
2098 404 2356 487 Aludasi
2418 406 2602 460 sciunt
2678 422 2790 477 quo
2858 409 3154 479 tempore,
3214 408 3394 479 qualia
3464 410 3763 468 vestimenta

443 499 555 553 Nec
579 500 805 570 ﬂagella
834 505 1034 555 vacant
1061 501 1169 571 (85)
1199 500 1336 571 quia
1362 499 1679 571 ﬂagellatus
1709 502 1796 553 est
1826 500 1965 569 ipse,
2000 515 2073 552 ne

447 610 549 648 nos
576 594 1034 665 ﬁagellaremur:
1067 616 1095 644 «
1120 595 1302 649 Homo
1332 594 1487 648 enim
1514 594 1571 647 in
1599 594 1783 665 plaga,
1814 599 1869 647 et
1894 593 2075 647 sciens

444 687 592 742 ferre
640 686 1019 754 inﬁrmitates,
1072 704 1175 758 pro
1226 688 1393 743 nobis
1444 687 1597 742 dolet
1648 687 1796 757 (Isa.,
1848 703 1959 754 LIII,
2019 689 2070 754 3,

446 783 500 851 4)
551 804 600 851 ››,
643 798 675 835 a
728 781 891 837 nobis
944 782 1042 853 qui
1099 784 1279 837 Deum
1341 785 1512 836 antea
1560 781 1928 852 fugiebamus
1970 780 2069 835 ﬂa-

451 876 599 947 gella
638 875 982 946 detorquens
1012 894 1023 929 :
1059 878 1175 929 tam
1208 875 1429 946 patiens
1456 875 1747 943 Dominus,
1780 880 1838 929 ut
1878 874 2072 944 fugiti-

448 984 645 1024 vorum
691 968 928 1024 vinculis
971 969 1234 1040 proprias
1283 986 1504 1035 manus,
1555 969 1930 1040 fugitivorum
1978 970 2074 1024 fla-

449 1062 607 1133 gellis
673 1079 841 1117 suum
905 1079 1109 1134 corpus
1170 1063 1421 1117 offerret.
1490 1062 1814 1118 Detestabili
1882 1064 2073 1135 itaque

448 1157 658 1211 mentis
702 1156 906 1211 affectu
953 1158 1062 1227 (86)
1102 1158 1452 1213 honoratum
1495 1161 1693 1211 tamen
1735 1157 1915 1212 Judtei
1959 1158 2069 1213 exi-

448 1255 570 1305 tum
627 1251 907 1321 produnt;
959 1267 1094 1306 nam
1140 1251 1243 1305 etsi
1287 1257 1743 1323 compungentes
1780 1257 2071 1321 coronant,

448 1344 748 1400 illudentes
787 1344 1048 1411 adorant,
1091 1346 1195 1400 etsi
1233 1346 1400 1400 corde
1441 1362 1553 1400 non
1596 1345 1863 1413 credunt,
1905 1362 2075 1418 quem

448 1438 755 1508 perimunt,
799 1438 1165 1494 conﬁtentur.
1214 1439 1323 1494 illis
1366 1439 1673 1495 defuerunt
1713 1440 1846 1494 boni
1892 1440 2076 1511 operis

447 1530 711 1598 affectus;
748 1533 859 1587 Deo
892 1536 1081 1587 tamen
1134 1550 1268 1588 suus
1308 1549 1422 1588 non
1471 1534 1651 1589 defuit
1695 1534 1876 1589 honor
1910 1551 1923 1588 :
1977 1534 2076 1605 qui

449 1627 721 1682 salutatur
747 1629 813 1681 ut
838 1643 954 1694 rex,
994 1631 1295 1682 coronatur
1328 1633 1387 1682 ut
1426 1628 1621 1697 victor,
1661 1628 1819 1699 quasi
1849 1629 1993 1684 Deus
2020 1633 2075 1684 et

449 1720 722 1775 Dominus
749 1720 1039 1776 adoretur.

2179 497 2404 554 Christo
2477 500 2828 556 conveniant.
2906 500 3127 557 Judicio
3193 502 3347 574 quasi
3426 504 3591 559 victor
3646 506 3766 561 assi-

2174 592 2304 660 stit;
2359 592 2429 646 ad
2488 593 2810 663 passionem
2874 598 3149 668 tanquam
3206 610 3355 662 reus,
3417 597 3633 654 humilis
3682 617 3764 655 ve-

2178 686 2265 740 nit
2296 687 2428 759 (90).

2250 783 2369 836 109.
2434 784 2593 839 Nunc
2659 785 2935 856 quoniam
2999 789 3284 855 tropaeum
3333 784 3454 855 jam
3516 786 3766 855 vidimus,

2175 864 2405 931 currum
2457 893 2625 933 suum
2670 878 3055 949 triumphator
3096 878 3371 932 ascendat
3415 895 3428 933 :
3476 895 3577 934 nec
3621 881 3767 936 arbo-

2176 985 2305 1024 rum
2354 971 2586 1038 truncis,
2638 975 2738 1027 aut
2786 971 3139 1043 quadrijugis
3190 971 3453 1043 plaustris
3502 973 3771 1029 manubias

2179 1062 2250 1117 de
2278 1065 2507 1120 mortali
2532 1066 2695 1121 hoste
2727 1066 3017 1138 quaesitas,
3050 1065 3148 1120 sed
3177 1064 3434 1137 patibulo
3464 1066 3772 1139 triumphali

2180 1159 2488 1230 suspendat
2529 1160 2746 1231 captiva
2788 1160 2857 1214 de
2908 1159 3109 1214 seculo
3156 1160 3358 1231 spolia.
3406 1160 3525 1215 Non
3568 1160 3655 1215 hic
3691 1178 3775 1216 re-

2177 1252 2376 1308 vinctis
2428 1259 2552 1324 post
2610 1256 2837 1325 tergum
2893 1252 3137 1308 brachiis
3200 1256 3424 1324 gentes,
3492 1271 3591 1309 nec
3638 1257 3776 1310 exci-

2177 1364 2367 1402 sarum
2421 1347 2649 1402 urbium
2712 1347 2994 1418 imagines
3041 1347 3332 1403 cernimus
3361 1391 3374 1417 ,
3428 1347 3779 1420 oppidorum-

2179 1457 2290 1512 que
2353 1444 2649 1513 captorum
2714 1441 3034 1512 simulacra,
3106 1444 3206 1496 aut
3269 1441 3551 1497 submissa
3609 1446 3779 1514 capto-

2178 1552 2307 1591 rum
2358 1551 2560 1607 regum
2611 1536 2756 1591 colla
2812 1536 3113 1605 miramur,
3169 1536 3371 1609 quales
3426 1536 3782 1591 humanorum

2177 1631 2367 1685 solent
2416 1630 2631 1701 species
2693 1646 2814 1685 esse
2880 1630 3340 1702 triumphorum;
3399 1645 3501 1686 nec
3561 1629 3783 1685 victoriae

2173 1724 2447 1779 terminos
2490 1725 2742 1796 regionis
2784 1724 2899 1779 ﬁne
2941 1724 3266 1792 distinctos;
3304 1723 3404 1779 sed
3444 1727 3668 1779 ovantes
3701 1740 3785 1795 po-

524 1817 645 1869 106.
694 1815 921 1870 Arundo
969 1831 1196 1886 quoque
1242 1815 1328 1869 vel
1378 1816 1691 1870 secundum
1743 1788 2342 1890 Matthasumeulos
2380 1788 2697 1887 nationum,
2743 1817 3010 1890 quaesitos
3048 1834 3165 1874 non
3197 1788 3269 1873 ad
3310 1817 3664 1890 supplicium,
3700 1788 3786 1871 sed

450 1907 966 1978 comprehenditur
1005 1925 1177 1964 manu
1220 1909 1341 1979 ejus
1385 1909 1622 1978 (Matth..
1664 1928 1824 1979 xxvu,
1872 1913 1981 1982 29);
2017 1916 2079 1966 ut

450 2001 724 2072 fragilitas
770 2002 1021 2056 humana
1058 2003 1180 2073 jam
1236 2019 1353 2057 non
1404 2003 1552 2058 sicut
1593 2004 1810 2059 arundo
1860 2022 2078 2060 movea-

453 2098 581 2149 tura
618 2098 809 2162 vento,
855 2095 952 2150 sed
1000 2095 1265 2167 operibus
1305 2096 1515 2153 Christi
1560 2098 1917 2154 corroborata
1946 2100 2075 2153 fun-

453 2187 637 2255 detur,
681 2195 737 2242 et
779 2188 944 2243 afﬁxo
988 2189 1139 2244 cruci
1182 2189 1563 2262 chirographo
1603 2192 1753 2263 quod
1791 2199 1914 2248 erat
1943 2209 2077 2247 con-

453 2281 695 2336 trarium
738 2282 920 2351 nobis,
966 2284 1247 2338 sententia
1284 2289 1507 2339 vetusta
1546 2291 1816 2355 cessaret;
1863 2288 1947 2341 vel
1994 2304 2078 2342 se-

452 2375 705 2429 cundum
757 2377 1003 2431 Marcum
1044 2376 1153 2447 (87)
1200 2382 1372 2449 caput
1415 2378 1538 2448 ejus
1579 2380 1823 2450 percutit
1863 2382 2078 2451 (Mare,

454 2484 544 2538 xv,
578 2471 683 2540 19),
724 2473 783 2524 ut
809 2469 1048 2524 solidata
1079 2470 1391 2526 divinitatis
1422 2476 1634 2527 attactu
1663 2478 1855 2528 nostra
1886 2475 2077 2530 condi-

456 2563 532 2617 tio
562 2566 764 2617 nutare
789 2579 906 2618 non
936 2564 1132 2635 possit.

526 2655 778 2729 1527
815 2659 935 2712 107.
970 2658 1146 2728 (Vers.
1175 2660 1288 2727 26.)
1319 2659 1428 2715 Sed
1455 2660 1574 2731 jam
1609 2666 1892 2732 tropaeum
1915 2679 2080 2717 suum

454 2751 632 2805 victor
662 2751 899 2806 attollat.
943 2752 1089 2807 Crux
1132 2769 1305 2823 super
1346 2754 1619 2809 humeros
1662 2756 1981 2827 imponitur
2024 2762 2085 2811 ut

454 2849 760 2916 tropaeum,
794 2845 944 2917 quod
969 2845 1084 2900 sive
1110 2846 1330 2915 Simon,
1363 2847 1477 2903 sive
1505 2848 1626 2919 ipse
1656 2851 1993 2920 portaverit,
2028 2854 2084 2904 et

458 2937 710 2994 Christus
750 2938 811 2993 in
859 2939 1116 3009 homine,
1164 2945 1222 2995 et
1264 2940 1444 2997 homo
1484 2942 1725 3013 portavit
1766 2942 1823 2997 in
1863 2943 2084 3000 Christo

460 3031 591 3103 (88).
650 3032 759 3087 Nec
822 3032 1150 3088 discordant
1216 3034 1690 3105 evangelistarum
1754 3037 2081 3103 sententias,

2178 1912 2251 1967 ad
2300 1912 2624 1984 priemium,
2682 1929 2851 1984 reges
2899 1912 3090 1968 liberis
3140 1911 3436 1967 affectibus
3485 1912 3785 1980 adorantes,

2176 2006 2511 2061 voluntariis
2567 2007 2739 2062 urbes
2793 2006 2992 2063 studiis
3058 2005 3315 2074 deditas,
3378 2009 3438 2061 et
3489 2005 3549 2060 in
3606 2005 3791 2060 melius

2179 2099 2510 2156 reformatas
2557 2101 2836 2172 imagines
2879 2101 3255 2172 oppidorum,
3300 2116 3447 2172 quas
3491 2115 3607 2155 non
3649 2100 3792 2154 fucus

2180 2197 2291 2269 (91)
2316 2196 2676 2268 expresserit,
2710 2194 2814 2249 sed
2844 2194 3067 2249 devotio
3096 2194 3439 2250 coloraverit
3462 2193 3625 2260 ﬁdei;
3651 2209 3793 2247 arma

2180 2290 2663 2361 victoriarumque
2691 2289 2827 2360 jura
2865 2291 2982 2344 toto
3019 2288 3156 2343 orbe
3191 2288 3503 2355 currentia,
3530 2286 3792 2359 captivum

2181 2384 2498 2458 principem
2529 2382 2753 2450 mundi,
2796 2386 2854 2437 et
2881 2381 3198 2455 spiritualia
3223 2381 3499 2454 nequitiae
3529 2396 3654 2452 quas
3681 2382 3797 2434 sunt

2181 2479 2238 2533 in
2288 2476 2636 2544 ccelestibus,
2680 2476 3010 2532 obedientia
3046 2474 3195 2531 vocis
3230 2477 3504 2531 humanm
3539 2474 3792 2546 imperio,

2182 2571 2437 2627 subditas
2469 2570 2894 2626 dominationes
2930 2570 3339 2641 variarumque
3369 2570 3646 2624 virtutum
3681 2582 3794 2639 spe-

2182 2666 2312 2733 cies,
2365 2681 2478 2720 non
2523 2663 2735 2732 sericis,
2783 2664 2886 2719 sed
2931 2664 3186 2719 moribus
3231 2664 3569 2719 emicantes.
3619 2662 3798 2733 Fulget

2182 2758 2427 2827 castitas,
2480 2756 2621 2813 ﬁdes
2665 2758 2945 2828 splendet,
2995 2761 3053 2812 et
3097 2757 3299 2812 induta
3351 2757 3555 2812 mortis
3605 2754 3799 2811 exuviis

2184 2852 2407 2908 devotio
2447 2850 2799 2907 fortitudinis
2827 2852 2949 2922 jam
2991 2850 3256 2922 resurgit.
3294 2851 3457 2906 Unde
3486 2850 3583 2906 Dei
3624 2848 3801 2903 trium-

2185 2946 2332 3018 phus
2365 2945 2504 3000 fecit
2534 2960 2735 3000 omnes
2775 2960 2951 3016 prope
2982 2944 3109 3015 jam
3148 2944 3425 3000 homines
3461 2941 3800 3015 triumphare

2184 3039 2317 3111 (92),
2348 3055 2490 3095 crux
2514 3038 2767 3094 Domini.

458 3126 686 3197 quando
750 3125 1057 3181 concordat
1119 3127 1452 3198 mysterium
1504 3146 1518 3182 :
1562 3132 1620 3183 et
1684 3129 1870 3184 bonus
1945 3130 2085 3186 ordo
2106 3158 2160 3232 Ο
2259 3135 2378 3188 110.
2409 3133 2605 3189 Refert
2630 3148 2769 3205 ergo
2797 3133 3155 3188 considerare
3184 3132 3377 3204 qualis
3403 3131 3655 3188 ascendit
3686 3129 3798 3202 (93).

461 3219 637 3275 nostri
698 3219 984 3285 profectus
1044 3224 1165 3287 est;
1225 3223 1288 3273 ut
1348 3221 1507 3292 prius
1568 3222 1752 3276 crucis
1806 3239 1921 3277 sum
1976 3227 2087 3278 tro-

459 3328 650 3383 paeum
699 3313 818 3384 ipse
870 3312 1136 3385 erigeret,
1188 3313 1398 3369 deinde
1445 3316 1790 3387 martyribus
1837 3318 2085 3373 traderet

461 3406 822 3478 erigendum.
876 3408 999 3462 Non
1049 3407 1275 3463 Judaaus
1317 3413 1401 3463 est
1457 3410 1553 3480 qui
1598 3426 1825 3465 crucem
1875 3416 2081 3483 portat,

462 3501 559 3555 sed
615 3499 960 3572 alienigena,
1006 3505 1174 3573 atque
1218 3503 1597 3575 peregrinus;
1648 3520 1749 3560 nec
1792 3507 2083 3577 praecedit,

464 3593 563 3649 sed
616 3594 891 3666 sequitur,
941 3595 1102 3666 juxta
1154 3597 1307 3668 quod
1358 3598 1631 3670 scriptum
1683 3605 1812 3654 est:
1852 3622 1879 3649 ‹‹
1928 3602 2084 3656 Tolle

464 3704 689 3744 crucem
734 3696 908 3757 tuam,
956 3692 1015 3745 et
1056 3707 1294 3762 sequere
1341 3706 1432 3747 me
1478 3693 1653 3761 (Lua,
1695 3710 1767 3759 ix,
1816 3697 1923 3763 23).
1966 3696 2086 3751 Non

462 3783 615 3838 enim
667 3800 848 3850 suam,
894 3784 991 3839 sed
1033 3790 1287 3841 nostram
1331 3801 1558 3841 crucem
1599 3786 1855 3844 Christus
1889 3805 2082 3844 ascen-

463 3877 563 3932 dit.
594 3878 707 3932 Nec
748 3893 904 3933 mors
938 3879 1036 3933 illa
1066 3878 1379 3935 divinitatis
1412 3879 1538 3949 fuit,
1573 3881 1675 3935 sed
1705 3882 1869 3953 quasi
1900 3883 2082 3939 homi-

462 3971 582 4039 nis;
628 3973 783 4027 unde
812 3975 869 4027 et
906 3973 1027 4044 ipse
1063 3972 1141 4027 ait
1172 3990 1185 4027 :
1220 3992 1247 4026 α
1277 3974 1441 4041 Deus,
1480 3976 1624 4030 Deus
1653 3991 1835 4045 meus,
1869 3978 2086 4049 respice

462 4080 585 4133 me;
634 4082 811 4137 quare
855 4082 947 4121 me
989 4066 1343 4139 dereliquisti
1385 4068 1630 4135 (Matth.,
1674 4085 1840 4137 xxvu,
1882 4072 2019 4143 46)?
2055 4094 2082 4123 »

535 4161 657 4213 108.
723 4159 962 4213 Pulchre
1027 4176 1362 4215 ascensurus
1425 4178 1652 4216 crucem
1718 4165 1822 4233 (89)
1877 4166 2089 4236 regalia

460 4248 799 4304 vestimenta
861 4249 1156 4320 deposuit;
1220 4255 1285 4305 ut
1346 4251 1488 4306 scias
1550 4254 1714 4325 quasi
1791 4255 2087 4312 hominem

460 4354 688 4409 passum
769 4354 927 4406 esse,
1005 4354 1121 4394 non
1193 4342 1352 4413 quasi
1428 4342 1607 4396 Deum
1672 4358 1911 4415 regem;
1983 4347 2088 4402 etsi

462 4433 772 4499 utrumque
823 4427 1100 4496 Christus,
1148 4430 1311 4501 quasi
1360 4429 1657 4488 hominem
1710 4436 1923 4503 tamen,
1971 4453 2088 4492 non

2185 3226 2415 3283 Nudum
2454 3226 2620 3283 video
2666 3248 2678 3280 :
2723 3226 2851 3282 talis
2896 3241 3039 3298 ergo
3083 3225 3361 3281 ascendat
3403 3226 3504 3299 qui
3550 3224 3801 3280 saeculum

2184 3320 2410 3376 vincere
2454 3325 2646 3393 parat;
2696 3326 2759 3376 ut
2799 3320 2994 3375 saeculi
3035 3319 3372 3391 adjumenta
3418 3336 3537 3376 non
3582 3321 3801 3391 quaerat.

2186 3415 2376 3469 Victus
2424 3419 2510 3470 est
2556 3413 2738 3470 Adam
2787 3414 2886 3486 qui
2932 3413 3268 3469 vestimenta
3316 3413 3580 3486 qumsivit
3631 3436 3642 3466 :
3689 3410 3804 3466 vicit

2186 3508 2280 3563 ille
2307 3509 2403 3580 qui
2440 3514 2779 3580 tegumenta
2816 3507 3095 3581 deposuit.
3130 3510 3198 3564 Et
3223 3508 3355 3562 talis
3391 3507 3647 3564 ascendit
3678 3521 3801 3577 qua-

2184 3604 2267 3658 les
2317 3619 2451 3670 nos,
2500 3607 2733 3658 auctore
2779 3603 2927 3671 Deo,
2970 3605 3177 3659 natura
3226 3602 3500 3657 formavit
3538 3619 3551 3656 :
3594 3600 3711 3656 talis
3752 3600 3801 3652 in

2189 3694 2446 3771 1528
2484 3695 2744 3768 paradiso
2778 3697 2998 3768 primus
3033 3697 3208 3751 homo
3240 3696 3553 3765 habitavit,
3590 3695 3715 3751 talis
3742 3693 3804 3748 ad

2187 3791 2507 3862 paradisum
2548 3792 2719 3846 homo
2756 3790 3041 3845 secundus
3080 3790 3332 3845 intravit.
3369 3792 3438 3845 Et
3465 3795 3531 3846 ut
3562 3804 3672 3844 non
3710 3785 3805 3840 sibi

2188 3886 2309 3952 soli,
2350 3884 2447 3939 sed
2491 3884 2759 3940 omnibus
2803 3884 3072 3951 vinceret,
3117 3900 3327 3939 manus
3381 3882 3661 3949 extendit,
3702 3896 3804 3953 quo

2186 3978 2379 4036 omnia
2413 3979 2671 4034 traheret
2702 3978 2774 4034 ad
2808 3993 2894 4045 se;
2931 3982 2996 4033 ut
3024 3977 3177 4033 nodo
3208 3979 3418 4033 mortis
3454 3982 3646 4046 exuta,
3672 3977 3802 4047 jugo

2187 4073 2321 4129 ﬁdei
2359 4088 2653 4144 suspensa,
2690 4071 3001 4128 ccelestibus
3037 4088 3105 4128 ea
3146 4087 3276 4143 quas
3312 4071 3476 4143 prius
3517 4073 3677 4127 erant
3708 4074 3806 4123 ter-

2189 4184 2332 4223 rena
2360 4166 2624 4222 sociaret.

2263 4261 2382 4313 111.
2433 4257 2610 4329 (Vers.
2662 4258 2774 4326 38.)
2820 4255 3099 4313 Scribitur
3144 4255 3323 4309 etiam
3377 4256 3576 4311 titulus
3624 4270 3637 4308 :
3681 4251 3806 4306 solet

2188 4347 2515 4421 praecedere
2568 4360 2781 4417 pompa
2830 4344 3099 4414 victores;
3150 4349 3210 4399 at
3250 4360 3390 4399 vero
3443 4358 3676 4400 currum
3719 4340 3807 4394 Do-

2188 4438 2332 4492 mini
2373 4435 2782 4508 triumphalem
2815 4433 3054 4505 praaibat
3088 4432 3241 4489 bona
3278 4449 3497 4506 pompa
3520 4444 3801 4502 resurgen-

461 4517 621 4589 quasi
670 4518 843 4572 Deum
890 4519 1042 4573 cruci
1085 4534 1209 4574 esse
1253 4518 1540 4577 sufﬁxum.
1580 4522 1683 4577 Sed
1724 4523 1935 4579 milites
1972 4527 2332 4603 nonDtium
2351 4526 2769 4582 defunctorum.
2793 4524 2950 4581 Solet
2967 4523 3140 4579 etiam
3162 4523 3361 4579 titulus
3388 4523 3801 4594 subjugatarum

528 4640 622 4703 (85)
685 4638 893 4691 Eadem
945 4640 1077 4691 edit.
1138 4642 1315 4703 Rom.,
1374 4643 1514 4692 Tunc
1568 4645 1853 4695 secundum
1915 4650 2086 4699 Joan-

460 4724 578 4761 nem
629 4709 832 4832 filatus
875 4709 1138 4776 ﬂagellari
1186 4712 1383 4764 Jesum.
1435 4715 1535 4765 Nec
1584 4714 1793 4780 ﬂagella
1844 4720 2088 4782 mysterio

460 4795 673 4832 vacan.

460 4795 673 4833 vacant.

522 4856 622 4918 (86)
679 4854 834 4905 Rom.
887 4855 1042 4917 edit,
1094 4854 1390 4905 Secundum
1440 4858 1681 4907 Marcum
1734 4866 1909 4909 autem
1967 4861 2089 4911 inde

458 4926 648 4977 milites
703 4926 973 4990 plectentes
1030 4937 1284 4996 coronam
1339 4928 1608 4991 spineam,
1656 4930 1936 4995 imponunt
1978 4934 2088 4996 ejus

460 4998 642 5063 capiti,
667 5003 718 5047 et
744 4996 985 5047 salutant
1011 5010 1130 5047 eum
1157 4995 1385 5048 dicentes
1421 5015 1438 5048 :
1463 5002 1585 5058 Ave,
1626 5014 1720 5051 rea:
1759 4995 2084 5054 Iudaeorum.

460 5068 527 5117 Et
566 5072 816 5133 ponentes
857 5081 1032 5132 genua
1078 5068 1381 5119 adorabunt
1428 5083 1565 5121 eum.
1606 5071 1754 5133 Quod
1798 5072 2089 5125 detestabili

464 5140 576 5190 licet
601 5141 786 5191 mentis
819 5145 1107 5205 operentur
1136 5140 1343 5206 a/Tectu,
1375 5147 1480 5193 etc.

522 5211 620 5273 (87)
649 5211 804 5262 Rom.
842 5211 954 5263 edit
977 5249 992 5272 ,
1018 5211 1369 5263 corroborata
1382 5212 1631 5277 ﬁrmetur
1656 5229 1672 5264 :
1700 5214 1780 5265 vel
1801 5216 2087 5267 secundum

457 5283 716 5340 Marcum,
745 5283 976 5347 reliquis
1003 5283 1240 5334 omissis.

520 5353 614 5415 (88)
644 5353 799 5404 Rom.
837 5354 989 5413 edit,
1033 5354 1328 5405 Secundum
1361 5358 1620 5407 Joannem
1658 5357 1895 5409 Christus
1932 5358 2088 5422 baju-

465 5424 540 5474 lat
561 5422 663 5474 sibi
694 5437 898 5475 crucem
928 5440 945 5473 .·
968 5426 1254 5476 secundum
1300 5428 1493 5477 Lucam
1535 5427 1827 5491 imponitur
1862 5429 2082 5479 Simoni.

459 5494 563 5545 Sed
581 5497 690 5546 sive
720 5497 923 5556 Simon,
949 5495 1059 5547 sive
1084 5497 1195 5561 ipse
1220 5499 1529 5562 portaverit,
1552 5511 1686 5549 crux
1714 5505 1890 5550 tamen
1929 5515 2088 5565 super

463 5565 706 5616 humeros
725 5566 1037 5629 imponitur,
1068 5574 1124 5617 ut
1153 5574 1405 5633 tropaeum
1440 5574 1487 5619 et
1514 5570 1755 5622 Christus
1774 5572 1833 5621 in
1860 5571 2085 5630 homine,

462 5639 509 5684 et
533 5634 685 5685 homo
707 5641 941 5698 portaret
969 5639 1026 5686 in
1056 5639 1276 5690 Christo.

526 5703 623 5763 (89)
654 5703 801 5752 Edit.
842 5706 1020 5767 Rom.,
1049 5709 1289 5774 Denique
1325 5714 1610 5764 secundum
1652 5717 1909 5777 Marcum,
1938 5717 2085 5766 mili-

467 5782 539 5851 ιξξ
567 5785 685 5851 eum
722 5780 982 5851 exuerunt
1019 5790 1287 5841 purpura,
1313 5782 1456 5845 quod
1492 5797 1582 5835 nec
1622 5787 1871 5851 mysterio
1910 5794 2084 5839 vacat.

467 5843 707 5896 Christus
731 5843 867 5891 enim
889 5856 1223 5909 ascensurus,
1252 5843 1358 5902 etc.

2249 4650 2346 4713 (90)
2382 4649 2593 4700 Eadem
2641 4648 2769 4700 edit.
2821 4648 3001 4710 Rom.,
3047 4647 3258 4721 Iudicio
3291 4647 3437 4721 enim
3475 4648 3534 4695 in
3577 4652 3802 4721 purpur}!

2189 4722 2348 4787 quasi
2369 4722 2541 4773 victor
2575 4721 2795 4781 assistit,
2819 4721 2894 4770 ad
2927 4720 3225 4784 passionem
3254 4731 3382 4769 vero
3417 4720 3477 4768 in
3518 4717 3628 4768 suis
3663 4716 3800 4764 vesti-

2186 4793 2374 4843 mentis
2401 4792 2562 4857 quasi
2589 4804 2730 4851 reus,
2762 4790 2978 4841 humilis
3003 4789 3157 4839 venit.

2254 4863 2350 4929 (91)
2394 4864 2585 4923 Fusus,
2624 4863 2843 4927 pr0prie
2884 4860 3161 4926 quoddam
3206 4861 3365 4912 rubet
3409 4861 3609 4912 coloris
3643 4865 3802 4921 genus

2188 4939 2304 4995 est;
2360 4934 2456 4984 sed
2512 4934 2604 4984 hic
2658 4934 2781 4984 laxe
2823 4935 3064 4983 sumitur
3109 4945 3207 4997 pro
3253 4931 3443 4982 colore
3502 4930 3650 4981 omni
3702 4935 3801 4997 quo

2188 5007 2428 5071 pictores
2475 5009 2728 5068 utuntur,
2781 5008 2841 5054 ut
2891 5004 3038 5069 apud
3092 4996 3280 5054 Horat.
3338 5002 3436 5053 lib.
3486 5014 3562 5062 ιιι,
3615 4998 3729 5071 ode_
3756 4996 3800 5053 ὅ.

2187 5067 2288 5143 pro
2345 5077 2593 5143 qualibet
2648 5078 2887 5128 tinctura
2927 5067 3036 5140 qua
3085 5075 3413 5126 inﬁciuntur
3462 5072 3643 5138 panni.
3690 5067 3799 5143 Cte-

2188 5136 2382 5200 terum'
2398 5162 2510 5199 non
2542 5148 2898 5213 indiligenter
2930 5136 3039 5199 hoc
3079 5150 3137 5198 et
3171 5136 3539 5212 sequentibus
3575 5136 3800 5213 numeris

2188 5233 2253 5271 ea
2296 5207 2735 5285 percurruntur:
2766 5232 2894 5284 quin
2941 5219 3074 5269 olim
3123 5219 3182 5268 in
3231 5207 3532 5280 triumphis
3585 5207 3796 5285 Romani

2187 5291 2577 5343 observabant.
2619 5292 2703 5343 De
2756 5291 2962 5356 quibus
3006 5291 3181 5341 multa
3225 5288 3510 5352 Sigonius,
3560 5284 3795 5340 Rosinus,

2187 5363 2519 5435 Laurentius
2548 5366 2602 5413 et
2627 5363 2737 5413 alii.
2972 5433 2980 5435 _
3115 5433 3126 5435 _
3589 5428 3602 5435 _
3709 5426 3718 5435 ,

2253 5433 2348 5499 (93)
2401 5434 2570 5497 Edlt.,
2631 5435 2865 5485 homines
2911 5433 3338 5498 triumphaturas,
3382 5444 3536 5491 mss,
3583 5428 3797 5499 homine!

2188 5497 2551 5569 triumphare;
2580 5505 2680 5556 sed
2707 5507 2765 5556 in
2792 5497 3129 5571 quibusdam
3160 5505 3495 5556 omittuntur
3516 5497 3790 5563 sequentes

2187 5576 2314 5628 dum
2339 5590 2526 5639 voces,
2558 5590 2697 5628 crum
2725 5578 2954 5627 Domini.

2250 5647 2350 5712 (93)
2375 5646 2535 5698 Rom.
2565 5648 2719 5710 edit.,
2745 5647 2916 5711 Refert
2938 5661 3064 5698 vero
3086 5646 3427 5698 considerare
3454 5644 3597 5709 (quia
3617 5648 3790 5712 secun-

2186 5709 2312 5769 dum
2345 5721 2606 5781 Marcum,
2648 5709 3009 5785 cruciﬁgentes
3035 5734 3152 5771 eum
3182 5718 3481 5771 diviserunt
3511 5709 3787 5765 uestimenta

2186 5792 2315 5855 ejus)
2349 5790 2530 5855 qualis
2551 5804 2757 5843 crucem
2782 5792 3049 5845 ascendat.
