4022 6176
206 289 332 340 1925

1329 288 1782 344 ΕΧΡο81Τ1οΝ15
1825 289 1886 342 ΙΝ
1931 287 2152 342 LUCAM
2197 288 2320 341 LIB.
2367 289 2426 340 Χ.

3426 296 3558 346 1926

200 411 454 480 gentium
488 427 793 465 numerum
831 412 1148 482 designare.
1181 413 1261 466 Sit
1301 414 1358 466 in
1387 413 1497 467 illis
1524 412 1828 484 triumphis
1851 426 2156 496 Acausam
2207 412 2415 467 Christi
2463 428 2636 480 super
2691 416 2858 482 caput
2911 413 3032 481 ejus
3080 415 3382 484 scriptam,
3430 432 3559 469 cum

198 503 389 558 ordine
419 503 665 574 quodam
693 504 915 574 digesta
942 505 1280 559 miserabilis
1305 506 1673 572 devictarum,
1699 523 1821 577 per-

198 597 452 652 euntium
509 599 917 653 contumeliosa
968 600 1262 669 captivitas
1312 600 1608 654 nationum
1665 617 1676 653 :
1732 601 1821 655 hic

196 691 626 762 redemptarum
671 693 930 763 gentium
971 699 1167 747 vernat
1207 694 1390 764 gratia
1426 717 1434 746 :
1467 694 1624 764 digni
1667 697 1821 748 tanto

196 785 485 856 triumpho
516 787 765 857 jugales,
794 791 859 841 ut
899 787 1123 855 caelum,
1161 793 1330 852 terra,
1367 788 1566 848 maria.
1601 788 1818 842 inferna

193 895 223 930 a
250 881 568 950 corruptela
595 884 890 935 mutentur
918 881 989 935 ad
1019 881 1285 952 gratiam.

267 999 384 1049 H2.
430 995 710 1051 Scribitur
754 1005 944 1054 autem
993 997 1205 1064 titulus,
1263 1003 1318 1052 et
1369 1015 1539 1069 super
1595 1015 1818 1054 crucem

193 1090 445 1158 ponitur,
478 1106 590 1144 non
624 1091 767 1144 infra
804 1108 1052 1157 crucem,
1085 1091 1222 1161 quia
1261 1092 1608 1164 principium
1653 1108 1821 1164 super

191 1183 462 1237 humeros
490 1184 613 1254 ejus
644 1184 775 1254 (94).
810 1185 1154 1256 Principium
1190 1190 1384 1240 autem
1415 1186 1550 1257 quid
1583 1192 1684 1253 est,
1713 1187 1818 1240 nisi

186 1277 540 1347 sempiterna
581 1278 759 1332 virtus
801 1279 951 1350 ejus,
1000 1283 1168 1350 atque
1216 1279 1517 1335 divinitas?
1560 1280 1718 1335 Unde
1764 1285 1821 1334 et

188 1370 309 1440 ipse
358 1370 746 1443 interrogatus
788 1373 913 1444 quis
949 1378 1114 1442 esset,
1156 1374 1492 1445 respondit:
1539 1396 1564 1422 ‹‹
1605 1375 1814 1429 Princi-

183 1463 368 1534 pium,
401 1465 498 1536 qui
537 1471 592 1520 et
623 1466 827 1536 loquor
855 1467 1009 1520 vobis
1041 1469 1245 1535 (Joan.,
1287 1485 1400 1532 vui,
1429 1467 1539 1537 25).
1578 1491 1602 1515 η
1637 1469 1814 1540 Lega-

184 1572 316 1610 mus
345 1558 496 1612 hunc
523 1558 754 1612 titulum
787 1577 799 1612 :

253 1672 428 1731 Jesus,
456 1669 658 1741 inquit,
687 1673 1004 1726 Nazarenus
1031 1688 1128 1726 rem
1156 1674 1484 1728 Judaeorum.

1923 511 2052 577 lego
2089 526 2098 558 :
2133 529 2158 552 ‹‹
2193 507 2256 560 Et
2288 507 2430 560 Deus
2473 510 2593 559 erat
2631 505 2874 558 Verbum
2910 508 3116 574 (Joun.,
3153 523 3186 571 ι,
3221 510 3301 576 1);
3332 530 3361 558 ››
3391 513 3560 579 caput

1923 602 2072 656 cnim
2101 600 2306 654 Christi
2340 600 2486 654 Deus
2513 603 2618 653 est.

1999 698 2114 749 116.
2151 695 2241 748 lsti
2273 710 2411 764 ergo
2443 695 2550 760 (98)
2593 693 2897 748 servabant
2921 695 3113 748 Jesum
3149 701 3204 748 et
3237 693 3405 748 hodie
3442 712 3557 750 ser-

1923 793 2076 853 vant,
2109 805 2181 842 ne
2225 788 2316 841 cui
2354 787 2496 842 forte
2529 787 2770 855 labatur,
2805 803 2878 841 ne
2911 787 3003 841 cui
3042 787 3113 841 de
3163 788 3422 858 passione
3458 789 3556 843 de-

1923 881 2152 936 scendat
2212 882 2352 951 (99),
2409 881 2565 952 quod
2620 881 2850 952 petebat
2909 882 3148 952 populus
3199 880 3556 936 Judmorum.

1922 975 2053 1030 Mihi
2095 976 2259 1046 plane
2299 975 2554 1028 Christus
2594 976 2651 1028 in
2697 975 2956 1045 passione
2993 975 3287 1043 moriatur,
3335 982 3396 1029 ut
3432 980 3560 1046 post

1923 1069 2247 1140 passionem
2281 1074 2564 1138 resurgat.
2599 1068 2789 1122 Noluit
2817 1068 3167 1123 descendere
3194 1068 3321 1136 sibi,
3354 1073 3418 1124 ut
3437 1085 3555 1123 mo-

1920 1168 2146 1217 reretur
2176 1162 2311 1216 mihi
2341 1164 2357 1220 (
2371 1163 2438 1230 l).
2465 1162 2634 1216 Nobis
2661 1153 2799 1233 ergo
2821 1163 2944 1233 jam
2969 1163 3224 1217 Christus
3251 1168 3508 1218 servatur
3539 1177 3559 1222 ε

1919 1261 2157 1328 propter
2201 1273 2303 1311 nos
2342 1256 2669 1310 dividuntur
2714 1256 3051 1311 vestimenta
3093 1257 3232 1327 ejus.
3268 1259 3386 1312 Non
3431 1274 3555 1328 pos-

1921 1355 2053 1405 sunt
2081 1351 2290 1421 singuli
2341 1350 2552 1404 habere
2595 1350 2804 1416 omnia,
2835 1353 2892 1404 et
2936 1351 3066 1405 ideo
3096 1367 3266 1422 super
3301 1352 3554 1405 tunicam

1920 1460 2037 1499 sors
2089 1443 2372 1514 agitatur;
2434 1445 2565 1514 quia
2630 1461 2740 1498 non
2798 1460 2900 1514 pro
2961 1444 3208 1498 hominis
3261 1445 3554 1500 voluntate

1921 1538 2117 1593 divisio
2156 1538 2219 1591 fit
2257 1537 2498 1608 Spiritus
2536 1538 2731 1593 sancti.
2785 1539 3092 1593 Divisiones
3141 1539 3295 1592 enim
3341 1540 3554 1610 gratia-

1919 1649 2049 1686 rum
2091 1637 2240 1699 sunt,
2275 1631 2374 1687 sed
2413 1635 2681 1702 operatus
2723 1636 2807 1685 est
2846 1632 3104 1703 Spiritus,
3140 1632 3400 1686 dividens
3438 1632 3551 1686 sin-

1921 1726 2070 1797 gulis
2100 1730 2272 1797 prout
2300 1727 2439 1780 vult.

259 1783 380 1876 “‘3'
415 1781 606 1876 Meri“?
639 1798 808 1876 supra
843 1799 1070 1838 crucem
1109 1784 1330 1850 “ullus;
1377 1785 1512 1855 quia
1555 1803 1667 1839 "0"
1717 1787 1815 1840 hu’
1840 1798 1893 1868 Β
1921 1781 1954 1797 υ
1994 1781 2119 1874 H7:
2154 1822 2376 1874 Intuere
2412 1837 2562 1874 nunc
2594 1820 2805 1876 Christi
2844 1821 3182 1874 vestimenta
3218 1820 3413 1874 divisa.
3455 1820 3554 1874 Ubi

176 1874 334 1928 mani
381 1875 655 1945 corporis,
701 1875 798 1930 sed
846 1876 1052 1931 divinas
1097 1879 1393 1947 potestatis
1441 1885 1525 1932 est
1572 1896 1816 1951 regnum

179 1968 337 2039 quod
379 1968 551 2023 habet
579 1969 853 2024 Christus.
885 1971 1079 2025 Merito
1121 1988 1293 2043 supra
1333 1989 1556 2028 crucem
1599 1973 1814 2039 titulus,

180 2062 317 2133 quia
355 2062 485 2116 licet
523 2063 581 2116 in
617 2080 780 2118 cruce
819 2068 940 2118 erat
967 2066 1246 2119 Dominus
1280 2068 1456 2133 .lesus,
1490 2084 1660 2137 super
1686 2085 1812 2122 cru-

179 2172 311 2209 cem
366 2159 558 2210 tamen
607 2157 757 2226 regis
805 2159 1106 2228 majestate
1155 2159 1433 2214 radiabat.
1495 2162 1712 2215 Vermis
1757 2163 1814 2215 in

181 2265 383 2316 cruce,
428 2250 748 2304 scarabaaus
788 2252 846 2304 in
892 2268 1088 2320 cruce;
1133 2260 1187 2306 et
1233 2254 1416 2307 bonus
1468 2255 1674 2308 vermis
1721 2257 1817 2326 qui

178 2343 348 2397 hmsit
400 2344 458 2396 in
502 2343 684 2413 ligno,
734 2344 916 2398 bonus
966 2345 1283 2400 scarabeeus
1333 2348 1432 2418 qui
1477 2349 1742 2402 clamavit
1787 2366 1816 2402 ρ

178 2436 358 2507 ligno.
396 2436 544 2500 Quid
575 2437 876 2492 clamavit?
897 2460 923 2487 «
948 2439 1208 2507 Domine,
1236 2457 1306 2494 ne
1328 2444 1540 2495 statuas
1573 2442 1681 2496 illis
1709 2443 1815 2496 hoc

180 2532 290 2598 (95)
319 2534 635 2600 peccatum.
662 2555 688 2580 ››
717 2531 993 2586 Clamavit
1022 2533 1232 2588 latroni
1267 2551 1280 2587 :
1319 2555 1346 2585 (ι
1379 2535 1555 2590 Hodie
1589 2553 1811 2590 mecum

181 2624 295 2678 eris
345 2625 406 2677 in
463 2625 741 2695 paradiso.
794 2649 819 2673 η
879 2626 1153 2681 Clamavit
1205 2629 1364 2698 quasi
1418 2629 1739 2684 scarabmus
1801 2648 1812 2684 :

183 2740 207 2766 ςι
253 2719 416 2784 Deus,
466 2718 606 2772 Deus
647 2734 828 2788 meus,
876 2736 1052 2790 quare
1098 2737 1191 2774 me
1234 2721 1637 2793 dereliquisti?
1688 2746 1711 2770 ››
1752 2725 1816 2777 Et

179 2813 366 2866 bonus
409 2811 742 2880 scarabaeus,
791 2813 887 2884 qui
929 2814 1113 2868 lutum
1157 2817 1415 2886 corporis
1459 2817 1638 2870 nostri
1685 2823 1814 2871 ante

186 2905 423 2960 informe
475 2923 539 2960 ac
589 2906 821 2977 pigrum
873 2907 1144 2962 virtutum
1189 2909 1446 2963 versabat
1494 2910 1750 2981 vestigiis
1799 2929 1810 2964 :

181 2999 368 3053 bonus
399 2999 736 3065 scarabzeus,
769 3001 864 3070 qui
906 3001 976 3055 de
1006 3005 1249 3056 stercore
1281 3003 1452 3072 erigit
1482 3019 1811 3075 pauperem.

177 3093 373 3149 Erexit
430 3092 700 3158 Paulum,
759 3093 856 3165 qui
911 3095 1228 3150 aestimatus
1281 3101 1369 3150 est
1416 3101 1481 3150 ut
1534 3102 1812 3164 stercora;

175 3188 363 3240 erexit
391 3193 446 3240 et
471 3187 570 3241 Job
599 3188 695 3257 qui
728 3187 958 3243 sedebat
984 3189 1040 3242 in
1069 3193 1336 3244 stercore.
1367 3191 1484 3245 Non
1513 3192 1815 3246 mediocris
1837 3172 1890 3245 Ο

178 3296 319 3351 ergo
353 3280 568 3335 titulus.

251 3395 372 3448 114.
418 3396 539 3464 lpse
587 3404 780 3450 autem
834 3397 1015 3450 crucis
1066 3397 1242 3463 locus,
1284 3399 1369 3451 vel
1413 3399 1469 3452 in
1514 3399 1719 3456 medio.
1755 3405 1815 3453 ut

175 3487 519 3558 conspicuus
545 3489 809 3542 omnibus
834 3490 974 3558 (96);
1003 3491 1089 3543 vel
1116 3507 1289 3562 supra
1315 3491 1472 3560 Adae,
1507 3497 1567 3546 ut
1594 3493 1813 3546 Hebrmi

173 3580 490 3651 disputant,
534 3583 907 3651 sepulturam.
959 3584 1320 3654 Congruebat
1371 3586 1581 3656 quippe
1629 3589 1689 3640 ut
1739 3586 1812 3640 ibi

176 3673 308 3727 vitae
338 3679 547 3730 nostra;
579 3675 844 3745 primitiae
871 3676 1216 3743 locarentur,
1244 3678 1338 3732 ubi
1361 3679 1588 3734 fuerant
1615 3680 1814 3734 mortis

178 3767 441 3822 exordia.

251 3887 376 3936 115.
414 3883 747 3938 Dividuntur
771 3884 1128 3949 vestimenta,
1166 3885 1290 3938 aliis
1333 3886 1486 3939 aliud
1526 3891 1676 3942 sorte
1711 3889 1809 3942 de-

176 3977 358 4030 fertur
381 3977 516 4045 (97);
544 3977 636 4030 Dei
665 3977 819 4031 enim
842 3976 1074 4046 spiritus
1102 3993 1217 4031 non
1254 3978 1508 4032 humana
1540 3981 1814 4050 opinione

175 4069 704 4141 comprehenditur,
747 4071 841 4124 sed
882 4071 1045 4140 quasi
1091 4071 1338 4142 quodam
1382 4080 1583 4127 eventu
1625 4075 1811 4145 inopi-

176 4167 349 4218 natus
409 4163 674 4218 illabitur.
736 4165 800 4218 Et
858 4163 1090 4218 fortasse
1149 4165 1357 4220 milites
1417 4167 1508 4220 isti
1570 4174 1817 4239 quatuor

176 4257 676 4328 Evangelistarum
726 4257 1014 4312 habebant
1063 4264 1281 4330 typum,
1324 4261 1421 4331 qui
1467 4262 1817 4332 scripserunt

177 4352 431 4419 titulum,
462 4368 633 4422 quem
663 4367 860 4407 omnes
892 4353 1174 4424 legamus.
1215 4354 1366 4425 Lego
1404 4355 1630 4410 titulum
1666 4358 1815 4427 regis

174 4440 532 4508 Iudaeorum,
567 4458 696 4495 cum
731 4442 857 4511 lego
890 4459 902 4495 :
941 4463 968 4490 ιι
1010 4443 1272 4513 Regnum
1317 4461 1510 4498 mcum
1557 4444 1814 4517 1529

1919 1914 2014 1968 illa
2059 1914 2352 1983 quaeram?
2401 1914 2603 1977 Quaere
2647 1915 2704 1968 in
2748 1913 3033 1982 Matthaeo,
3083 1913 3336 1968 invenies
3381 1930 3556 1984 penes

1918 2009 2105 2078 ipsum
2146 2008 2327 2062 solum
2369 2007 2716 2062 chlamidem
2748 2007 3072 2062 coccineam
3102 2007 3349 2080 (Matth.,
3385 2023 3551 2073 xxvn,

1917 2105 2009 2171 28)
2040 2119 2052 2154 :
2091 2117 2262 2172 penes
2291 2103 2566 2156 Joannem
2591 2105 2803 2156 vestem
2835 2117 3182 2173 purpuream
3210 2102 3411 2171 (Joan.,
3441 2117 3551 2162 χιι,

1916 2197 2012 2263 2):
2047 2211 2218 2265 penes
2263 2195 2511 2249 Marcum
2564 2211 2881 2266 purpuram
2927 2199 3151 2249 tantum
3199 2194 3413 2263 (Marc,
3463 2211 3554 2260 xv,

1923 2291 2006 2355 l7)
2040 2306 2051 2342 :
2085 2305 2260 2358 penes
2302 2289 2508 2342 Lucam
2544 2292 2758 2342 vestem
2802 2289 2989 2342 albam
3029 2289 3205 2358 (Luc.,
3250 2305 3396 2355 xxm,
3444 2292 3554 2356 ll),

1918 2381 2024 2436 hac
2075 2382 2227 2436 enim
2280 2384 2398 2436 sola
2453 2398 2557 2452 pro
2611 2399 2709 2436 sua
2761 2381 2868 2436 fuit
2928 2380 3185 2452 portione
3234 2385 3554 2437 contentus.

1915 2476 2169 2538 Quantos
2215 2476 2412 2546 itaque
2459 2475 2716 2532 Christus
2769 2492 2871 2530 sua
2919 2479 3071 2529 veste
3116 2475 3375 2530 vestivit?
3419 2477 3557 2529 Puto

1916 2575 2109 2623 autem
2142 2569 2294 2640 quod
2325 2585 2440 2623 non
2471 2576 2719 2639 quatuor
2744 2574 2988 2635 tantum,
3022 2569 3116 2624 sed
3149 2585 3355 2622 omnes
3385 2569 3553 2623 vesti-

1919 2661 1993 2716 vit
2042 2663 2269 2731 milites,
2304 2669 2362 2717 et
2401 2662 2666 2717 omnibus
2706 2663 3030 2718 abundavit.
3063 2663 3170 2718 Sed
3207 2667 3559 2718 revertamur

1917 2757 1988 2812 ad
2016 2757 2411 2828 evangelistas.

1991 2855 2110 2906 118.
2174 2852 2401 2922 Mystice
2457 2851 2654 2921 itaque
2715 2851 2835 2904 istae
2891 2855 3140 2922 quatuor
3197 2859 3387 2922 partes
3444 2853 3552 2920 (2),

1917 2962 2028 3000 non
2076 2950 2268 3017 partes
2315 2944 2574 3012 vestium,
2623 2944 2725 2998 sed
2765 2944 3069 3016 qualitates
3112 2945 3253 2999 mihi
3281 2944 3552 2999 videntur

1919 3055 2041 3092 esse
2071 3039 2368 3093 virtutum.
2392 3037 2549 3092 Alius
2575 3038 2730 3092 enim
2759 3037 2829 3092 de
2857 3053 3036 3110 regno
3063 3036 3363 3092 sublimius
3387 3037 3556 3109 scrip-

1916 3134 2019 3198 sit;
2065 3133 2210 3187 alius
2251 3132 2321 3185 de
2364 3131 2612 3186 hominis
2655 3131 3011 3187 institutione
3051 3131 3340 3200 diffusius;
3379 3132 3556 3187 Lucas

1918 3229 2164 3282 nitorem
2197 3225 2300 3280 sibi
2338 3226 2700 3281 sacerdotalis
2727 3227 2895 3280 vestis
2923 3227 3096 3297 elegit
3127 3244 3139 3280 :
3172 3227 3384 3280 Marcus
3422 3243 3554 3280 vero

1916 3322 2225 3377 verborum
2269 3324 2487 3375 textum
2527 3336 2643 3375 non
2680 3320 3052 3389 desideravit;
3095 3321 3342 3392 denique
3383 3321 3550 3374 Joan—

1919 3433 2021 3469 nes
2061 3415 2220 3485 quasi
2258 3414 2533 3486 quasdam
2571 3414 2770 3469 intexit
2809 3415 3137 3479 sententias,
3180 3414 3388 3485 quibus
3433 3431 3550 3469 ves-

1918 3511 2025 3564 tiat
2067 3509 2234 3564 iidem
2285 3515 2553 3562 nostram.
2609 3509 2804 3561 Nonne
2854 3507 2952 3562 tibi
2999 3507 3222 3562 videtur
3273 3508 3551 3563 intextum
3645 3557 3652 3564 .

1917 3603 2050 3657 illud
2083 3619 2094 3656 :
2133 3624 2160 3648 ‹‹
2195 3604 2256 3655 lu
2293 3601 2572 3672 principio
2601 3605 2724 3655 erat
2757 3601 3021 3666 Verbum,
3058 3607 3114 3655 et
3139 3601 3387 3654 Verbum
3431 3606 3555 3656 erat

1916 3697 2066 3767 apud
2115 3698 2316 3762 Deum,
2367 3699 2422 3748 et
2468 3696 2613 3748 Deus
2658 3700 2777 3748 erat
2823 3695 3066 3748 Verbum
3110 3713 3122 3748 :
3169 3695 3274 3748 hoc
3319 3699 3446 3749 erat
3497 3696 3551 3748 in

1916 3791 2193 3863 principio
2242 3790 2394 3860 apud
2447 3789 2646 3856 Deum,
2693 3793 2751 3842 et
2795 3788 2984 3841 omnia
3036 3804 3136 3858 per
3180 3789 3366 3859 ipsum
3410 3790 3556 3842 facta

1917 3892 2046 3939 sunt
2093 3888 2292 3948 (Joan.,
2348 3901 2384 3948 1,
2440 3883 2596 3944 l-3)?
2638 3905 2664 3931 ››
2709 3885 2780 3934 At
2833 3897 2963 3935 vero
3014 3882 3226 3936 Marcus
3276 3887 3549 3952 tanquam

1915 3995 2183 4050 purpurae
2209 3977 2434 4047 fulgore
2462 3979 2787 4042 contentus,
2811 3975 2932 4029 sine
2960 3975 3073 4029 ulla
3099 3975 3412 4030 intextione
3437 3991 3551 4028 ver-

1916 4073 2161 4126 borum:
2208 4095 2235 4121 ‹‹
2276 4072 2528 4138 Initium,
2575 4070 2778 4140 inquit,
2831 4068 3119 4139 Evangelii
3165 4071 3294 4124 .lesu
3343 4070 3552 4126 Christi

1920 4167 2044 4222 Filii
2075 4167 2172 4220 Dei
2202 4167 2416 4237 (Marc.,
2447 4183 2483 4231 ι,
2523 4168 2590 4235 1).
2625 4186 2652 4212 ››

1993 4263 2110 4315 119.
2167 4261 2314 4330 Ergo
2367 4257 2706 4313 vestimenta
2763 4258 2940 4312 divisa
3001 4264 3131 4312 sunt
3182 4259 3414 4326 Christi,
3469 4259 3550 4312 vel

1919 4360 2098 4426 gesta,
2143 4356 2228 4408 vel
2281 4354 2494 4424 gratia;
2543 4352 2677 4423 quia
2721 4351 2910 4406 tunica
2958 4369 3069 4406 non
3119 4353 3303 4421 potuit
3353 4352 3551 4418 dividi,

1917 4445 2056 4499 ﬁdes
2123 4443 2368 4506 scilicet,
2443 4442 2714 4513 quoniam
2784 4458 2895 4494 non
2966 4458 3068 4510 pro
3136 4442 3396 4510 portione
3480 4444 3551 4505 {3)

177 4547 293 4586 non
339 4535 426 4585 est
469 4532 537 4586 de
578 4532 683 4586 hoc
733 4532 949 4586 mundo
1002 4533 1204 4600 (Joan.,
1251 4551 1398 4599 xvnl,
1445 4537 1558 4605 36).
1607 4559 1630 4582 η
1669 4535 2298 4614 LegoDsingulorum,
2364 4531 2464 4585 sed
2531 4549 2631 4602 pro
2689 4532 2818 4600 jure
2885 4531 3208 4584 communis
3276 4536 3360 4584 est
3427 4549 3551 4586 om-

243 4649 342 4711 (9t)
395 4647 606 4699 Eadem
657 4648 787 4698 edit.
839 4649 1018 4709 Rom.,
1075 4649 1278 4699 Titulus
1331 4652 1489 4701 etiam
1531 4652 1815 4701 secundum

178 4720 459 4779 Joannem,
507 4726 553 4769 et
603 4733 770 4784 supra
818 4734 1022 4770 crucem
1070 4720 1310 4784 ponitur,
1359 4729 1417 4772 ut
1461 4723 1627 4786 afﬁxo
1672 4725 1818 4773 cruci

180 4789 561 4854 chirographo,
615 4791 756 4855 quod
802 4796 917 4840 erat
959 4793 1292 4842 contrarium
1339 4793 1516 4852 nobis,
1554 4796 1814 4844 sententia

178 4865 388 4911 vetusta
421 4866 662 4911 cessaret.
694 4861 763 4910 Et
801 4862 944 4911 infra
975 4879 985 4911 :
1028 4862 1232 4913 Titulus
1267 4870 1442 4914 autem
1482 4872 1596 4914 erat
1633 4878 1818 4915 secun-

176 4931 304 4981 dum
356 4932 617 4982 Joannem
667 4948 682 4981 :
725 4933 879 4983 Iesus
940 4936 1264 4984 Nazarenus
1318 4936 1426 4986 Rea:
1476 4935 1817 4998 Iudaeorum;

179 5016 332 5065 quem
354 5005 508 5054 multi
534 5005 837 5056 Iudaeorum
875 5005 1126 5069 legerunt.
1158 5008 1409 5070 Legamus
1437 5007 1602 5071 igitur
1628 5013 1674 5057 et
1704 5022 1818 5059 nos.

179 5075 311 5140 Lego
339 5075 553 5126 titulum
581 5078 739 5140 regis,
767 5081 874 5128 etc.

239 5149 336 5210 (ω)
372 5147 516 5198 Edit.
549 5149 727 5209 Rom.,
761 5149 938 5208 Pater,
967 5149 1168 5199 dimitte
1214 5148 1349 5210 illis;
1377 5150 1470 5200 hoc
1499 5156 1592 5208 est,
1623 5163 1687 5200 ne
1710 5156 1818 5200 sta-

183 5225 300 5270 tuas
326 5218 436 5269 illis
461 5219 554 5270 hoc
577 5225 867 5284 peccatum.

241 5293 343 5354 (98)
394 5291 741 5352 Ambrosius,
783 5305 909 5358 quae
949 5307 1048 5343 sua
1088 5293 1354 5344 modestia
1396 5300 1497 5356 est,
1537 5294 1677 5344 nihil
1718 5295 1822 5344 hoc

183 5362 304 5414 loco
373 5364 584 5415 deﬁnit.
643 5366 851 5416 Harum
925 5369 1110 5418 autem
1173 5367 1503 5429 opinionum
1559 5367 1821 5430 posterio-

185 5446 292 5485 rem
343 5435 690 5486 Maldonatus
726 5437 781 5486 in
824 5450 942 5501 cap.
987 5451 1150 5490 xxvii
1187 5437 1449 5498 Matthaai,
1492 5439 1692 5500 citatis,
1724 5439 1821 5502 qui

186 5505 251 5555 ab
299 5507 393 5557 illa
428 5507 666 5567 stabant,
707 5509 949 5572 antiquis
994 5509 1267 5568 Patribus,
1308 5509 1624 5572 opinionem
1663 5513 1823 5559 vocat

187 5577 471 5628 multorum
539 5584 768 5628 veterum
822 5581 1141 5645 scriptorum
1197 5582 1517 5630 auctoritate
1577 5579 1818 5629 nobilem.

187 5645 390 5698 Verum
445 5664 507 5701 ea
562 5651 752 5700 minus
799 5652 1006 5714 placuit
1062 5657 1254 5702 sancto
1302 5652 1677 5715 Hieronymo,
1727 5653 1823 5714 qui

187 5722 425 5779 priorem
458 5721 752 5785 amplexus
781 5727 866 5773 est
895 5725 965 5791 in
1007 5737 1125 5787 cap.
1164 5737 1198 5773 ν
1225 5721 1562 5780 Ezechielis;
1597 5727 1650 5771 et
1694 5725 1823 5772 item

193 5792 244 5838 in
276 5805 399 5857 cap.
426 5806 463 5843 v
495 5795 565 5842 ad
599 5793 889 5857 Ephesios.

248 5863 347 5928 (97)
382 5863 538 5917 Rom.
565 5864 692 5915 edit.
723 5865 856 5928 sola,
889 5866 1186 5918 Dividentes
1217 5880 1339 5918 vero
1363 5866 1666 5918 vestimenta.
1694 5867 1824 5932 ejus,

1918 4651 2173 4700 miserunt
2220 4653 2399 4698 sortes.
2445 4646 2591 4707 Quod
2626 4659 2718 4694 nec
2767 4647 3013 4709 mysterio
3059 4651 3228 4695 vacat.
3271 4647 3380 4696 Alii
3418 4649 3555 4697 enim

1919 4721 2090 4775 aliud,
2120 4724 2224 4770 etc.
2261 4720 2403 4768 infra
2441 4731 2569 4768 vero
2610 4721 2732 4780 post
2774 4718 2804 4766 4
2847 4730 3058 4778 versus,
3104 4719 3198 4780 qui
3233 4721 3558 4782 scripserunt

1919 4795 2031 4844 Eva
2040 4792 2175 4856 ngeli
2181 4807 2284 4842 um.

1982 4866 2080 4925 (98)
2127 4863 2334 4914 Eadem
2385 4861 2512 4912 edit.
2566 4861 2744 4924 Rom.,
2785 4863 2850 4911 Et
2892 4863 3174 4912 secundum
3231 4862 3554 4920 Matthsum,

1919 4937 2149 4988 sedentes
2181 4934 2473 4985 servabant
2499 4948 2634 4993 eum,
2663 4939 2709 4983 et
2733 4933 2975 4984 dicebant
3000 4949 3015 4983 :
3049 4935 3106 4983 Si
3137 4949 3232 4983 rem
3269 4935 3435 4983 Israel
3464 4941 3554 4992 est,

1921 5007 2198 5059 descendat
2233 5019 2374 5056 nunc
2399 5007 2462 5057 de
2485 5019 2655 5066 cruce.
2683 5006 2774 5055 Isti
2798 5019 2943 5068 ergo,
2973 5009 3079 5062 etc,

1983 5081 2078 5142 (99)
2110 5079 2235 5129 Mss.
2269 5092 2379 5127 non
2409 5078 2592 5140 pauci,
2623 5077 2686 5125 de
2713 5078 2958 5140 passione
2983 5075 3228 5125 discedat.

1987 5153 2052 5215 (1)
2079 5151 2158 5201 Ita
2190 5164 2320 5199 mss.
2352 5150 2467 5199 fere
2507 5161 2700 5199 omnes
2729 5163 2740 5196 :
2770 5151 2961 5197 contra
3002 5159 3128 5196 vera
3165 5150 3380 5196 cunctas
3423 5147 3552 5196 edit.

1923 5229 1975 5276 et
2017 5237 2118 5273 ms.
2167 5223 2322 5286 Reg.,
2368 5221 2554 5272 Noluit
2591 5220 2913 5272 descendere.
2965 5232 3028 5267 ne
3069 5219 3394 5268 descenderet
3436 5218 3553 5269 sibi.

1921 5295 2010 5346 sed
2039 5293 2304 5356 (Amerb.,
2330 5292 2420 5342 sed
2453 5294 2524 5352 ut)
2551 5296 2847 5342 moreretur
2874 5289 3024 5339 mihi.
3060 5290 3178 5339 Non
3219 5291 3348 5338 satis
3391 5303 3558 5354 appo-

1923 5368 2028 5416 site
2063 5365 2131 5415 ad
2161 5367 2508 5416 contextum.

1987 5437 2050 5501 (2)
2084 5436 2242 5486 Rom.
2274 5435 2430 5495 edit,
2458 5434 2643 5496 Accipe
2670 5438 2715 5481 et
2740 5432 2912 5482 aliud.
2957 5433 3068 5481 Istae
3093 5437 3326 5496 quatuor
3360 5438 3556 5496 partes.

1927 5512 2054 5643 eu(:8)
2093 5579 2303 5629 Eadem
2344 5577 2495 5638 edit,
2527 5581 2572 5626 et
2610 5575 2725 5624 ideo
2764 5575 3047 5624 secundum
3088 5573 3369 5631 Joannem,
3398 5587 3557 5637 supcr

1926 5652 2024 5701 illa
2063 5664 2178 5700 sors
2221 5648 2475 5715 agitatur,
2521 5649 2651 5711 quia
2687 5645 2812 5709 ﬁdes
2861 5659 2966 5694 non
3009 5659 3107 5709 pro
3149 5647 3414 5707 portione,
3449 5649 3554 5694 etc.

1928 5722 2070 5772 Infra
2101 5735 2247 5783 vero,
2279 5725 2402 5785 post
2431 5731 2596 5770 voces
2619 5719 2842 5783 desuper
2871 5723 3027 5776 texta,
3052 5717 3242 5767 subdit
3279 5718 3331 5765 in
3355 5718 3558 5768 Joanne

1931 5794 2141 5856 legitur.
