4022 6176
517 266 534 314 1
558 264 657 313 927
1989 261 2042 313 S.
2088 258 2140 313 Al

2252 256 2381 312 1081
2394 258 2407 308 1

514 387 706 451 nium;
757 386 909 457 quod
954 386 1109 442 enim
1161 404 1273 441 non
1323 387 1617 453 dividitur,
1665 388 1907 458 singulis
1953 390 2148 442 manet
2170 388 2361 475 A48).
2420 387 2567 441 Bene
2617 386 2688 440 ad
2741 382 3186 440 consummanda
3231 382 3421 437 omnia
3469 387 3523 437 et
3568 387 3821 456 corruptio

518 481 828 551 integrum.
2251 481 2586 535 sinceritatis
2628 480 2920 547 hauritur;
2968 481 3032 532 ut
3074 477 3273 532 omnia
3321 477 3466 531 cruci
3510 494 3625 548 quae
3665 479 3823 534 vitiata

2251 574 2498 643 fuerant,
2543 574 2872 646 ﬁgerentur.
2902 574 3137 627 Acetum
3185 571 3372 641 itaque
3406 569 3622 638 bibitur,
3656 571 3825 627 vinum

2251 685 2377 722 cum
2426 669 2553 723 felle
2590 684 2707 723 non
2745 667 2959 722 bibitur
2989 665 3171 736 (1bid.,
3203 665 3322 733 35);
3352 680 3464 719 non
3490 664 3614 735 quia
3637 664 3721 731 fel,
3746 666 3826 720 sed

2249 762 2386 834 quia
2414 762 2682 817 admixta:
2724 761 2853 815 vino
2892 758 3303 814 amaritudines
3344 761 3672 812 recusantur.
3711 759 3827 812 Nam

2251 856 2662 910 amaritudines
2687 856 2814 910 vita:
2848 860 3057 909 nostra:
3086 869 3188 925 pro
3217 851 3466 923 corporis
3500 851 3682 922 utique
3713 868 3827 921 con;

2252 950 2465 1005 ditione
2521 949 2783 1020 suscepit.
2841 947 3095 1019 Denique
3144 947 3265 1018 ipse
3314 945 3389 999 ait
3439 962 3451 998 :
3508 966 3532 993 u
3583 945 3832 1000 Dederunt

2253 1044 2307 1098 in
2347 1060 2535 1099 escam
2565 1059 2758 1098 meam
2794 1042 2887 1109 fel,
2921 1044 2977 1096 et
3014 1040 3072 1094 in
3114 1039 3208 1094 siti
3251 1054 3381 1093 mea
3410 1042 3735 1110 potaverunt
3761 1055 3832 1092 me

3708 260 3818 313 1928

584 576 707 629 120.
756 576 822 628 Et
857 572 1000 628 bene
1034 596 1059 623 ‹‹
1093 576 1339 646 Desuper
1380 580 1565 641 texta;
1608 599 1635 625 ››
1680 576 1757 630 sic
1797 577 1955 630 enim
2004 574 2145 630 texi-

513 673 607 722 tur
646 668 783 722 lides
811 668 1037 735 Christi,
1070 674 1132 722 ut
1160 669 1229 723 de
1270 669 1475 724 divinis
1505 671 1573 724 ad
1616 670 1870 725 humana
1910 671 2145 725 descen-

515 762 640 827 dat;
674 778 738 817 ex
767 778 831 816 eo
859 763 1012 832 quod
1040 768 1173 817 ante
1201 764 1403 818 saecula
1444 781 1509 818 ex
1545 766 1657 820 Deo
1695 768 1859 819 natus
1888 764 1983 833 (li),
2016 780 2145 834 pos-

514 856 709 911 teriori
747 862 1005 927 tempore
1055 858 1475 928 susceptionem
1527 860 1713 913 carnis
1753 858 2145 930 assumpserit.

514 950 880 1021 Signiﬁcatur
918 950 1092 1021 igitur
1121 952 1280 1005 nobis
1318 969 1386 1007 eo
1429 953 1583 1024 quod
1614 970 1732 1008 non
1765 952 1967 1009 debeat
2005 951 2149 1005 fides

515 1043 716 1109 scindi,
745 1044 839 1099 sed
870 1044 1048 1099 solida
1079 1061 1434 1116 permanere.

537 1156 551 1194 :
588 1139 761 1207 (Vers.
805 1140 919 1207 43.)
959 1141 1147 1201 Amen,
1196 1157 1352 1195 amen
1396 1142 1514 1196 dico
1560 1143 1659 1197 tibi
1694 1162 1709 1196 :
1742 1142 1913 1196 Hodie
1947 1157 2147 1195 "meum

516 1235 622 1286 eris
650 1236 708 1286 in
734 1232 1019 1303 paradiso.

592 1329 709 1380 121.
758 1326 1212 1381 Pulcherrimum
1264 1326 1597 1382 affectanda:
1640 1328 2023 1382 conversionis
2072 1328 2146 1399 (5‘)

2250 1145 2409 1192 aceto
2438 1139 2604 1208 (Psal.
2644 1154 2822 1205 vam,
2853 1139 2961 1201 22).
2995 1157 3021 1183 ν
3055 1134 3163 1190 Sed
3195 1132 3501 1189 sinceritati
3533 1148 3640 1187 non
3673 1132 3835 1187 debuit

2250 1231 2569 1287 amaritudo
2612 1231 2861 1296 misceri,
2906 1234 2969 1284 ut
3008 1228 3402 1284 ostenderetur
3446 1227 3560 1281 sine
3596 1226 3834 1279 amaritu-

2250 1327 2380 1381 dine
2416 1325 2817 1380 immortalitas
2847 1322 3269 1394 resurgentium
3301 1322 3492 1375 futura
3524 1337 3535 1374 :
3565 1336 3685 1390 quae
3714 1336 3835 1391 quo-

515 1420 867 1489 exemplum,
895 1420 1050 1491 quod
1079 1425 1195 1474 tam
1232 1421 1343 1477 cito
1381 1422 1591 1475 latroni
1631 1414 1798 1476 venia
1840 1423 2145 1489 relaxatur,
2252 1420 2407 1476 niam
2438 1419 2837 1474 immortalitas
2861 1418 2917 1472 in
2946 1432 3072 1472 vase
3100 1421 3402 1471 coacuerat
3429 1414 3686 1475 humano,
3710 1429 3839 1483 sepa-

515 1510 772 1585 1530
813 1517 869 1566 et
895 1512 1127 1568 uberior
1154 1517 1240 1567 est
1269 1515 1458 1584 gratia
1484 1531 1658 1585 quam
1684 1516 1966 1587 precatio;
1997 1531 2147 1570 sem-
2253 1520 2407 1569 ratur
2432 1514 2490 1567 in
2519 1514 2741 1569 Christo
2783 1512 2880 1583 (7).
2911 1514 3058 1582 Ergo
3090 1514 3317 1565 acetum
3354 1508 3581 1575 bibitur,
3623 1507 3719 1562 hoc
3753 1511 3837 1574 est,

514 1624 615 1679 per
640 1607 794 1661 enim
840 1607 1114 1662 Dominus
1152 1609 1278 1679 plus
1309 1609 1527 1675 tribuit,
1557 1625 1730 1680 quam
1771 1614 2023 1681 rogatur.
2057 1609 2150 1664 llle
2252 1609 2449 1663 vitium
2487 1611 2766 1679 corruptas
2801 1622 2902 1678 per
2932 1606 3112 1660 Adam
3143 1602 3583 1659 immortalitalis
3616 1600 3841 1655 aboletur

513 1703 665 1756 enim
708 1702 948 1772 rogabat
985 1707 1047 1756 ut
1092 1718 1313 1756 memor
1356 1705 1501 1757 esset
1546 1703 1632 1757 sui
1677 1703 1976 1771 Dominus,
2019 1719 2150 1758 cum
2252 1704 2311 1756 in
2354 1702 2607 1769 calamo;
2655 1708 2715 1756 ut
2763 1701 2832 1756 de
2879 1716 3117 1771 corpore
3161 1697 3559 1753 absorberetur
3599 1694 3839 1749 humano.

514 1794 757 1850 venisset
781 1794 841 1850 in
871 1811 1117 1867 regnum
1148 1813 1334 1862 suum,
1367 1796 1639 1851 Dominus
1677 1802 1869 1851 autem
1909 1798 1988 1851 ait
2024 1797 2099 1851 illi
2134 1814 2145 1851 :
2173 1775 2226 1845 Β
2250 1798 2361 1851 Nos
2386 1813 2613 1868 quoque
2656 1796 2793 1850 vitia
2828 1797 3019 1850 nostra
3058 1809 3162 1865 per
3197 1791 3475 1847 incuriam
3515 1791 3714 1846 mentis
3741 1804 3843 1843 cor-

520 1912 543 1937 u
581 1894 781 1956 Amen,
808 1905 975 1943 amen
1006 1888 1132 1943 dico
1163 1890 1265 1944 tibi
1300 1907 1312 1944 :
1347 1891 1521 1945 Hodie
1557 1907 1778 1945 mecum
1821 1891 1930 1945 eris
1957 1891 2012 1947 in
2044 1908 2144 1961 ρει·
2250 1891 2517 1962 porisque
2573 1893 2835 1945 concreta
2884 1887 3355 1943 transfundamus
3410 1886 3467 1939 in
3518 1884 3784 1941 Christum
3829 1899 3843 1936 :

514 1983 716 2039 radiso.
753 2004 778 2032 ››
813 1984 939 2037 Vita
967 1988 1051 2038 est
1083 1983 1240 2038 enim
1274 2000 1392 2038 esse
1432 2000 1562 2038 cum
1596 1985 1852 2053 Christo;
1895 1985 2024 2039 ideo
2056 1986 2146 2039 ubi
2250 1984 2722 2039 transfundamus
2751 1998 2853 2055 per
2887 1982 3257 2053 baptismum,
3295 1983 3361 2034 ut
3388 1978 3766 2050 cruciﬁgamur
3797 1977 3842 2029 in

511 2077 789 2145 Christus,
823 2076 899 2130 ibi
938 2076 1075 2143 vita,
1115 2076 1191 2132 ibi
1232 2094 1497 2149 regnum.
1531 2078 1653 2134 Cito
1699 2078 1875 2148 igitur
1904 2077 2149 2149 ignoscit
2248 2078 2497 2143 Christo;
2547 2076 3014 2132 transfundamus
3061 2091 3163 2148 per
3212 2072 3641 2146 paenitentiam,
3683 2078 3739 2126 ut
3788 2069 3844 2123 ab

512 2170 809 2236 Dominus,
851 2170 983 2240 quia
1019 2171 1129 2226 cito
1160 2170 1252 2225 ille
1289 2171 1642 2226 convertitur
1689 2172 1930 2239 (Matth,
1978 2189 2145 2240 xxvn,
2251 2172 2347 2226 illo
2404 2171 2565 2226 nobis
2627 2172 2744 2226 vini
2793 2169 3200 2242 sanguinisque
3258 2168 3500 2224 cmlestis
3556 2167 3845 2235 incorrupta

513 2266 615 2332 44,
646 2265 841 2327 Mam,
872 2280 958 2329 xv,
989 2264 1098 2336 32).
2249 2266 2549 2320 sinceritas
2576 2264 2932 2320 retundatur.

588 2361 708 2414 122.
740 2359 912 2426 (Vers.
960 2360 1073 2426 39.)
1104 2359 1261 2413 Unde
1292 2364 1347 2413 et
1383 2359 1516 2413 illud
1556 2359 1693 2414 solvi
1738 2360 1979 2425 videtur,
2011 2361 2147 2431 quia
2323 2363 2441 2414 125.
2495 2359 2754 2429 Denique
2801 2357 2895 2411 ubi
2935 2361 3160 2412 acetum
3208 2356 3354 2411 bibit
3412 2378 3422 2409 :
3475 2356 3845 2410 Consummata

510 2452 603 2508 alii
635 2452 780 2507 duos
806 2452 1192 2506 conviciantes
1225 2452 1503 2507 inducunt
1536 2453 1804 2520 latrones,
1836 2454 1937 2507 iste
1968 2470 2147 2508 unum
2251 2450 2497 2526 1531
2554 2456 2706 2519 sunt,
2751 2451 2957 2522 inquit,
3004 2452 3195 2506 omnia
3241 2453 3446 2521 (leam,
3492 2466 3603 2517 xix,
3645 2449 3755 2514 30);
3793 2462 3847 2499 eo

510 2546 940 2613 conviciantem,
982 2552 1040 2601 et
1076 2562 1258 2601 unum
1299 2551 1627 2617 rogantem.
1660 2548 1916 2601 Fortasse
1949 2551 2006 2601 et
2044 2547 2145 2602 iste
2247 2547 2403 2619 quod
2445 2551 2752 2617 assumptus
2791 2544 3150 2599 mortalitatis
3186 2544 3492 2615 impletum
3531 2546 3672 2597 esset
3706 2555 3847 2594 omne

510 2641 670 2712 prius
711 2640 1052 2695 conviciatus
1098 2644 1213 2701 est,
1265 2639 1363 2693 sed
1416 2645 1649 2710 repente
1697 2656 2002 2695 conversus
2042 2646 2143 2695 est.
2249 2640 2606 2712 mysterium,
2640 2643 2699 2694 et
2724 2639 3014 2694 exhaustis
3048 2638 3313 2693 omnibus
3344 2637 3515 2704 vitiis,
3543 2633 3848 2691 immortali-

511 2734 623 2789 Nec
659 2735 867 2788 mirum
895 2734 941 2787 si
968 2749 1242 2788 converso
1274 2734 1498 2804 culpam
1544 2733 1890 2804 ignoscebat,
1924 2736 2022 2806 qui
2062 2736 2146 2789 in-
2248 2735 2377 2789 tatis
2402 2735 2521 2789 sola
2552 2733 2749 2787 laetitia
2779 2733 3155 2788 remansisset.
3191 2733 3256 2786 Et
3286 2732 3421 2787 ideo
3450 2731 3529 2787 ait
3557 2748 3569 2782 :

508 2828 856 2882 sultantibus
891 2827 1116 2882 veniam
1168 2828 1477 2883 relaxabat.
1515 2828 1703 2885 Potuit
1740 2829 1910 2883 etiam
1940 2829 2009 2884 de
2038 2845 2148 2883 uno
2321 2828 2495 2899 (Vers.
2552 2829 2665 2898 46.)
2725 2830 2788 2881 In
2839 2842 3035 2881 manus
3086 2832 3227 2887 tuas,
3282 2828 3529 2889 Domine,
3583 2822 3852 2880 commendo

514 2922 810 2993 pluraliter
833 2921 1039 2989 dicere,
1069 2922 1215 2975 sicut
1242 2921 1383 2976 illud
1411 2928 1494 2977 est
1524 2940 1536 2977 :
1570 2945 1596 2969 ‹‹
1628 2922 1945 2977 Astiterunt
1983 2939 2148 2993 reges
2248 2924 2505 2992 spiritum
2531 2937 2724 2976 meum.

509 3020 700 3083 terras,
730 3019 785 3070 et
812 3015 1100 3086 principes
1127 3020 1520 3071 convenerunt
1561 3017 1619 3071 in
1660 3032 1838 3070 unum
1877 3016 2045 3087 (Psal.
2087 3032 2145 3077 ιι,
2323 3019 2442 3071 126.
2470 3016 2537 3069 Et
2564 3014 2710 3070 bene
2740 3016 3179 3069 commendatur
3205 3014 3463 3086 spiritus,
3495 3014 3594 3086 qui
3629 3027 3850 3069 reserva-

508 3112 598 3178 2);
635 3107 845 3163 n‘solus
884 3108 1042 3162 enim
1082 3107 1328 3162 Herodes
1368 3125 1486 3176 rex,
1534 3113 1592 3162 et
1635 3110 1896 3179 princeps
1942 3108 2150 3165 Pilatus
2169 3140 2224 3214 Ο
2249 3108 2545 3179 tur;quod
2560 3108 2713 3163 enim
2736 3107 3192 3177 commendatur,
3216 3108 3417 3181 utique
3443 3124 3560 3163 non
3582 3105 3849 3162 amittitur.

510 3203 571 3257 in
602 3201 984 3273 apostolorum
1013 3200 1249 3254 Actibus
1274 3201 1631 3272 conspirasse
1656 3202 1922 3256 adversus
1957 3202 2146 3257 Chris-
2176 3200 2223 3214 “'
2250 3203 2473 3257 Bonum
2501 3218 2639 3273 ergo
2661 3202 2873 3274 pignus
2901 3206 2984 3257 est
3005 3202 3259 3273 spiritus,
3281 3202 3508 3258 bonum
3536 3200 3850 3274 depositum.

510 3298 635 3349 tum
670 3295 816 3350 Petri
862 3310 995 3349 voce
1022 3293 1359 3365 ’produntur
1392 3294 1559 3363 (Act.,
1603 3312 1675 3359 iv,
1719 3298 1825 3363 '27).
1867 3296 1956 3351 Sic
1996 3304 2054 3351 et
2078 3296 2145 3350 ad
2249 3296 2409 3352 Unde
2440 3301 2498 3351 et
2529 3296 2643 3350 illic
2669 3296 2783 3351 ait:
2814 3318 2840 3345 «
2863 3297 2906 3351 Ο
2926 3296 3286 3367 Thimothee,
3312 3296 3538 3352 bonum
3567 3295 3851 3367 depositum

512 3389 776 3443 Hebraeos
820 3387 1014 3455 habes,
1062 3388 1118 3441 in
1171 3388 1421 3459 caprinis
1476 3388 1713 3459 pellibus
1757 3389 2143 3459 ambulabant,
2247 3389 2467 3445 custodi
2500 3390 2566 3459 (11
2598 3392 2758 3454 Tim,
2787 3406 2825 3459 1,
2858 3391 2961 3459 14).
2998 3410 3026 3439 ››
3062 3389 3520 3446 Commendatur
3548 3389 3698 3444 enim
3731 3384 3853 3441 Patri

436 3531 447 3539 .
511 3484 651 3538 secti
699 3487 851 3548 sunt,
895 3486 954 3535 et
998 3481 1233 3536 leonum
1279 3481 1460 3536 molas
1503 3482 1899 3538 obstruxerunt
1941 3484 2144 3552 (Hebr.,
2248 3484 2499 3555 spiritus,
2526 3489 2586 3539 et
2622 3484 2749 3539 ideo
2786 3485 2866 3538 ait
2910 3502 2920 3537 :
2966 3505 2993 3533 ‹‹
3034 3484 3317 3548 Quoniam
3362 3500 3480 3539 non
3525 3482 3852 3551 derelinquas

510 3592 584 3643 vr,
653 3577 778 3643 3‘7);
851 3591 981 3630 cum
1050 3574 1202 3629 solus
1270 3575 1419 3630 Elias
1487 3576 1815 3631 melotidem
1884 3577 2146 3632 habuisse
2248 3578 2305 3632 in
2358 3577 2583 3633 inferno
2630 3577 2884 3632 animam
2930 3593 3118 3633 meam
3160 3570 3333 3647 (Psal.
3383 3595 3476 3648 xv,
3526 3580 3633 3645 10).
3684 3597 3704 3627 ι
3743 3573 3854 3629 Vide

509 3671 597 3740 (IV
636 3672 786 3740 Reg.,
828 3686 865 3737 ι,
906 3669 982 3738 8),
1030 3668 1199 3723 lsaias
1246 3672 1431 3724 sectus
1476 3685 1595 3725 esse
1642 3671 1847 3743 (Hebr.,
1905 3688 1977 3737 v1,
2031 3674 2144 3739 37),
2249 3674 2440 3727 autem
2486 3686 2764 3743 magnum
2813 3671 3169 3742 mysterium.
3213 3671 3377 3727 Nunc
3424 3669 3779 3728 commendat
3807 3666 3852 3719 in

506 3762 705 3818 Daniel
729 3780 764 3818 a
787 3761 1046 3818 leonibus
1071 3762 1319 3817 intactus
1347 3763 1622 3819 mansisse
1656 3764 1930 3819 doceatur
1959 3766 2144 3833 (Dan.,
2246 3765 2511 3821 manibus
2537 3766 2720 3821 Patris
2755 3765 3014 3837 spiritum
3045 3781 3241 3834 suum,
3268 3781 3428 3822 nunc
3454 3766 3518 3821 in
3560 3765 3729 3820 Patris
3752 3776 3857 3833 gre-

511 3873 585 3925 Χιν
626 3846 734 3925 22)ί
2246 3860 2362 3915 mio
2401 3859 2590 3925 sedet;
2639 3859 2774 3931 quia
2808 3862 2990 3913 totum
3034 3858 3177 3914 alius
3217 3875 3338 3914 non
3386 3860 3541 3931 capit
3579 3857 3851 3914 Christum.

2247 3954 2522 4026 Denique,
2562 3976 2589 4002 ‹‹
2629 3955 2764 4024 Ego,
2804 3952 3008 4024 inquit,
3052 3952 3110 4007 in
3159 3953 3345 4022 Patre,
3390 3958 3450 4007 et
3494 3955 3656 4008 Pater
3692 3953 3746 4005 in
3782 3964 3855 4003 me

582 3954 701 4007 123.
749 3952 919 4018 (Vers.
969 3954 1077 4019 40.)
1131 3951 1312 4015 Quam
1353 3953 1712 4008 exsecrabilis
1758 3953 1815 4008 in
1862 3955 2006 4009 facta
2044 3954 2146 4008 ini-

507 4046 694 4117 quitas
729 4044 1078 4112 ludzeorum,
1121 4050 1186 4099 ut
1225 4046 1382 4116 quasi
1425 4046 1706 4101 latronem
1748 4046 2147 4119 crucifigerent
2248 4050 2448 4111 (leam,
2490 4064 2599 4113 xxv,
2646 4048 2754 4113 10).
2801 4067 2828 4094 ιν
2865 4046 3314 4102 Commendatur
3350 4063 3494 4118 ergo
3536 4045 3677 4100 Patri
3716 4041 3853 4115 spiri-

2244 4147 2354 4197 tus.
2396 4141 2507 4197 Sed
2544 4157 2674 4196 cum
2709 4140 2782 4195 sit
2818 4140 2873 4195 in
2909 4140 3317 4212 superioribus,
3370 4141 3660 4196 illuminat
3695 4142 3745 4193 et
3782 4137 3853 4190 in-

505 4138 765 4192 omnium
805 4138 1277 4209 Redemptorem!
1325 4139 1509 4193 Bonus
1550 4142 1744 4194 tamen
1784 4141 1840 4194 in
1872 4140 2143 4211 mysterio

2244 4236 2426 4301 ferna,
2483 4241 2540 4289 ut
2587 4235 2849 4289 universa
2900 4233 3294 4303 redimantur;
3356 4235 3577 4290 etenim
3631 4231 3854 4290 Christus

505 4233 672 4299 latro,
701 4232 799 4302 qui
828 4231 1120 4286 insidiatus
1147 4236 1231 4285 est
1266 4232 1511 4297 diabolo,
1545 4236 1604 4286 ut
1635 4250 1760 4287 vasa
1796 4234 1918 4304 ejus
1956 4234 2145 4291 aufer-

504 4332 614 4381 ret.
643 4324 869 4395 Mystice
900 4328 1092 4380 autem
1124 4325 1374 4380 latrones
1411 4325 1525 4381 duo
1562 4327 1701 4382 duos
1741 4328 1981 4399 papulas
2008 4316 2159 4399 pec?
2246 4330 2458 4397 omnia,
2491 4333 2549 4385 et
2578 4329 2636 4384 in
2662 4329 2881 4384 Christo
2908 4328 3104 4384 omnia
3131 4329 3381 4400 (001083.,
3413 4346 3491 4397 ιιι,
3530 4330 3638 4400 11),
3668 4326 3786 4381 licet
3806 4323 3854 4377 in

505 4422 723 4474 catores
780 4420 1105 4491 signiﬁcant
1161 4436 1263 4490 per
1321 4420 1668 4491 baptismum
1728 4421 2143 4493 cruciligendos
2243 4423 2483 4495 singulis
2509 4423 2769 4479 Christus
2799 4428 3087 4494 operetur.
3114 4423 3257 4478 Caro
3289 4424 3559 4490 moritur,
3590 4425 3655 4477 ut
3690 4432 3850 4475 resur-

503 4529 628 4567 esse
669 4530 797 4567 cum
840 4514 1062 4568 Christo
1095 4530 1108 4567 :
1144 4529 1393 4584 quorum
1436 4514 1712 4569 dissensio
1758 4515 2141 4570 diversitatem
2162 4515 2221 4587 D
2245 4521 2382 4590 gat:
2412 4517 2643 4589 spiritus
2671 4517 2819 4572 Patri
2843 4516 3296 4583 commendatur,
3346 4523 3413 4573 ut
3444 4517 3691 4573 calestia
3729 4528 3851 4584 quo-

502 4608 720 4679 pariter
746 4607 1109 4663 credentium
1137 4608 1343 4679 signat.
1375 4609 1626 4681 Denique
1656 4626 1800 4663 unus
1822 4610 2139 4676 asinistris,

502 4701 704 4755 altera
731 4701 946 4756 dextris
975 4706 1100 4756 erat
1126 4703 1329 4772 (Joan.,
1363 4719 1472 4770 xix,
1509 4704 1614 4759 18).
1651 4704 1965 4774 Increpatio
1998 4720 2138 4775 quo-

502 4811 613 4867 que
644 4795 901 4849 futurum
933 4795 1114 4850 crucis
1144 4796 1473 4851 scandalum
1506 4798 1677 4851 etiam
1707 4798 1855 4853 circa
1898 4798 2137 4852 creden-

508 4892 592 4943 tes
626 4890 857 4944 revelat.

580 4985 697 5037 124.
720 4982 786 5038 Et
805 4986 1026 5037 acetum
1046 4982 1555 5039 offerebantludwi
1580 4986 1676 5055 (6),
1702 4987 1946 5057 (Matth.,
1973 5002 2136 5055 xxvii,

568 5108 630 5171 (4)
662 5107 755 5158 Sic
781 5119 978 5158 omnes
1005 5118 1133 5155 mss.
1178 5110 1344 5171 atque
1380 5107 1534 5165 edit.,
1563 5113 1794 5172 excepta
1829 5109 2008 5171 Rom.,
2042 5110 2138 5160 ubi

501 5180 785 5243 reponitur
813 5192 882 5229 ea:
907 5179 1014 5229 Deo
1041 5178 1264 5241 genitus.

560 5253 626 5312 (5)
658 5250 794 5301 Tres
817 5263 931 5299 mss
958 5286 972 5311 ,
1001 5247 1310 5313 affectanda
1332 5250 1757 5301 conversationis.
1786 5252 1959 5313 Unus,
1988 5252 2138 5316 affer-

501 5320 676 5372 tandae
700 5319 1059 5385 ronfessionis.

564 5394 628 5454 (6)
671 5393 827 5445 Rom.
870 5391 1024 5450 edit.,
1066 5390 1193 5442 Inde
1229 5391 1514 5442 secundum
1550 5391 1875 5451 Matthaum,
1915 5408 2137 5445 currens

499 5478 639 5514 unus
667 5465 946 5529 spongiam
974 5461 1207 5527 implevit
1232 5469 1396 5520 aceto,
1427 5468 1473 5513 et
1502 5463 1664 5513 dabat
1688 5465 1735 5512 ei
1755 5464 1929 5514 bibere
1952 5481 1969 5514 :
1996 5464 2136 5529 quod

500 5538 548 5582 et
571 5535 716 5584 bibit.
750 5535 837 5586 Sic
860 5535 1002 5584 enim
1025 5532 1177 5583 habet
1205 5535 1489 5586 secundum
1517 5535 1775 5585 Joannem
1806 5550 1822 5584 :
1853 5536 1982 5585 Cum
2011 5549 2136 5599 ergo

501 5606 777 5666 accepisset
800 5605 951 5654 .Iesus
977 5611 1201 5655 acetum.
1238 5606 1425 5655 Vinum
1450 5619 1573 5656 vero
1610 5620 1726 5655 cum
1773 5605 1894 5668 felle
1926 5606 2135 5657 mistum

504 5684 611 5722 non
645 5673 792 5722 bibit.
829 5675 913 5721 Sic
942 5676 1080 5724 enim
1117 5674 1339 5725 habetur
1373 5677 1431 5725 in
1459 5677 1706 5728 Matutae
1729 5692 1746 5725 :
1778 5677 1842 5727 Et
1879 5677 2135 5727 dederunt

503 5740 554 5789 ei
584 5742 776 5813 uinum
820 5740 993 5791 bibere
1032 5758 1145 5794 cum
1186 5744 1307 5807 felle
1338 5748 1596 5811 mixtum;
1624 5754 1668 5799 et
1710 5763 1826 5799 cum
1856 5753 2132 5813 gustasset,

503 5810 673 5862 noluit
704 5809 897 5859 bibere.

2244 4629 2355 4683 que
2378 4612 2449 4666 ab
2478 4611 2795 4683 iniquitatis
2824 4610 3047 4665 vinculo
3083 4611 3462 4679 solverentur,
3492 4617 3548 4667 et
3577 4626 3679 4682 pax
3712 4607 3849 4662 ﬂeret

2244 4706 2300 4760 in
2329 4706 2486 4773 caelo,
2518 4722 2690 4777 quam
2720 4711 2948 4761 terrena
2986 4711 3388 4777 sequerentur.

2316 4800 2502 4870 (Ibid.)
2535 4801 2605 4855 Et
2629 4800 2724 4855 hac
2750 4800 2913 4863 dicto,
2951 4799 3184 4855 tradidit
3207 4802 3468 4871 spiritum
3496 4800 3590 4870 (8).

2317 4898 2437 4949 127.
2478 4894 2545 4948 Et
2581 4895 2724 4949 bene
2765 4894 3019 4957 tradidit,
3063 4894 3161 4966 qui
3204 4909 3321 4948 non
3368 4893 3581 4949 invitus
3618 4890 3851 4963 spiritum

2243 4988 2450 5043 emisit.
2507 4987 2758 5059 Denique
2810 4988 3105 5043 Mattheus
3158 4988 3240 5042 ait
3297 5007 3308 5041 :
3372 4990 3567 5043 Emisit
3622 4985 3848 5056 spiritum

2304 5111 2368 5175 (7)
2395 5111 2476 5161 Ita
2502 5123 2634 5161 mss.
2665 5110 2853 5174 plures
2881 5124 2948 5161 ac
2989 5110 3349 5174 probatiores.
3402 5111 3514 5162 Alii
3553 5121 3679 5160 vero
3722 5116 3847 5154 non—

2240 5182 2380 5232 nulli
2410 5186 2465 5232 et
2488 5186 2600 5231 ant.
2631 5182 2785 5245 edit.,
2812 5187 3105 5245 reparatur
3143 5182 3200 5232 in
3242 5181 3510 5232 Christo...
3542 5178 3768 5231 aboletur
3800 5175 3847 5220 iu

2239 5252 2446 5303 calamo
2472 5252 2602 5315 (duo
2629 5265 2784 5314 mss.,
2814 5250 3059 5303 aboletur
3090 5256 3138 5302 et
3164 5251 3398 5313 calamo,
3432 5251 3585 5317 quod
3613 5262 3716 5301 non
3744 5245 3844 5295 dis-

2239 5322 2426 5388 plicet)
2470 5326 2528 5374 ut
2571 5323 2633 5375 de
2684 5336 2904 5389 corpore
2946 5322 3308 5374 absolveretur
3348 5323 3494 5386 (Era.
3544 5326 3599 5374 et
3637 5318 3755 5371 Gill.
3797 5317 3842 5363 in

2238 5409 2408 5461 marg.
2446 5395 2834 5460 absorberetur)
2866 5396 3118 5447 humano.
3145 5397 3405 5461 Denique
3433 5395 3563 5447 edit.
3594 5393 3740 5444 Rom.
3767 5392 3840 5437 ιο-

2237 5460 2572 5518 ιιιωίιοοιιω
2600 5468 2822 5532 ρηθεθη
2846 5468 2964 5518 istis
2996 5467 3180 5518 verbis
3204 5483 3215 5516 :
3240 5460 3539 5518 Edulcatur
3560 5466 3615 5514 in
3641 5460 3838 5513 Christo.

2238 5538 2380 5601 Ergo
2427 5543 2627 5588 acetum
2672 5537 2869 5588 bibitur
2910 5538 3052 5603 quod
3091 5544 3207 5589 erat
3244 5536 3510 5588 arundim'
3551 5532 3839 5603 impositum.

2236 5600 2331 5658 hoc
2355 5613 2487 5659 est...
2517 5608 2833 5660 absorbetur
2859 5600 3171 5671 iri—calamo,
3201 5615 3254 5661 ut
3281 5610 3347 5660 de
3380 5621 3600 5674 corpore
3629 5600 3839 5654 abolere-

2236 5685 2327 5729 tur
2354 5680 2606 5731 humano.

2297 5751 2558 5831 (8).Rom.
2603 5750 2755 5813 edit.,
2806 5753 2871 5803 Et
2912 5753 3016 5803 haec
3062 5753 3234 5804 dicem
3275 5751 3591 5817 exspiravit.
3631 5747 3692 5799 Et
3730 5743 3835 5795 bene

2235 5828 2551 5888 exspiravit.
