4022 6176
198 176 322 229 1929

1336 180 1796 236 EXPOSITIONIS
1832 180 1897 236 IN
1940 178 2161 235 LUCAM
2203 180 2328 234 LIB.
2370 180 2435 233 X.

3421 184 3559 237 i930

194 298 431 369 (Matth,
461 315 628 369 xxvn,
668 302 753 369 59)
791 318 804 356 :
842 302 998 373 quod
1036 302 1192 358 enim
1233 304 1513 359 emittitur
1558 305 1812 359 volunta-
1839 318 2107 390 Acruce,
2146 304 2244 375 qui
2287 321 2388 358 sua
2436 302 2684 374 pericula
2726 307 3131 372 contemneret,
3175 303 3267 375 pio
3309 307 3551 359 matrem

192 392 338 446 rium
373 397 460 447 est
489 409 503 447 :
532 393 688 466 quod
727 395 1030 464 amittitur,
1074 396 1472 452 necessarium.
1512 398 1816 468 Propterea

191 484 402 540 addidit
438 506 450 542 :
491 488 695 555 Magna
730 503 852 543 voce
894 489 1100 561 (Ibid)
1148 492 1209 545 In
1251 507 1366 561 quo
1411 492 1499 545 vel
1536 492 1815 562 professio

190 580 261 648 (9)
311 578 555 649 gloriosa
600 597 781 653 usque
828 582 898 637 ad
949 589 1193 638 mortem
1238 601 1298 638 se
1340 600 1442 656 pro
1486 584 1696 640 nostris
1726 585 1818 639 de-

146 664 153 669 ’
189 672 467 727 scendisse
508 676 750 745 peccatis
792 676 951 747 (ergo
989 693 1095 732 nec
1135 693 1242 748 ego
1282 678 1611 733 erubescam
1653 678 1816 733 fateri

186 766 338 837 quod
364 768 620 823 Christus
658 785 777 824 non
816 770 1048 825 erubuit
1095 786 1224 825 voce
1271 788 1479 842 magna
1524 772 1811 842 proﬁteri),

184 860 271 914 vel
298 860 527 916 evidens
556 862 941 918 manifestatio
968 865 1338 919 contestantis
1375 865 1475 919 Dei
1507 865 1814 920 successio—

186 968 321 1008 nem
372 954 682 1010 divinitatis
728 959 786 1010 et
828 957 1080 1028 corporis
1108 957 1239 1027 (i0).
1273 958 1361 1013 Sic
1403 959 1555 1013 enim
1600 959 1813 1013 habes:

187 1068 211 1095 ‹‹
249 1046 527 1102 Clamavit
563 1051 727 1103 Jesus
763 1066 897 1104 voce
936 1066 1153 1123 magna
1196 1051 1387 1106 dicens
1417 1069 1428 1107 :
1458 1052 1627 1118 Deus,
1673 1052 1818 1106 Deus

182 1156 370 1210 meus,
400 1143 615 1212 respice
644 1143 700 1197 in
732 1161 843 1212 me,
869 1161 1045 1216 quare
1076 1161 1167 1199 me
1196 1146 1544 1216 dereliquisti
1572 1146 1813 1215 (Matth,

181 1250 350 1304 xxvu,
380 1236 510 1305 46)?
537 1256 564 1287 ιο
596 1238 874 1293 Clamavit
900 1239 1077 1293 homo
1106 1238 1417 1293 divinitatis
1456 1240 1816 1311 separatione

181 1329 517 1384 moriturus.
574 1331 711 1385 Nam
763 1348 895 1386 cum
945 1332 1209 1387 divinitas
1257 1333 1455 1388 mortis
1498 1333 1674 1388 libera
1724 1334 1815 1400 sit,

178 1423 383 1495 utique
411 1440 565 1478 mors
589 1441 710 1481 esse
740 1442 853 1479 non
884 1431 1126 1497 poterat,
1169 1426 1277 1481 nisi
1316 1428 1427 1481 vita
1468 1427 1815 1496 discederet,

177 1516 321 1587 quia
345 1517 462 1571 vita
493 1516 759 1572 divinitas
786 1524 889 1573 est.

256 1613 383 1665 128.
426 1612 599 1681 (Vers.
648 1612 864 1683 44-47.)
907 1614 1029 1667 Jam
1075 1630 1202 1684 qua).
1245 1619 1578 1686 sequuntur,
1625 1621 1811 1669 osten-

179 1703 335 1760 dunt
353 1704 490 1776 quia
520 1711 755 1776 propter
781 1705 1131 1778 impietatem
1153 1708 1457 1763 hominum
1480 1708 1607 1763 ﬁnis
1628 1710 1815 1763 saeculi
1838 1688 1894 1759 B

178 1799 252 1853 sit
294 1799 537 1853 futurus.
584 1800 776 1871 Itaque
815 1799 1167 1870 signiﬁcatur
1199 1818 1306 1873 per
1348 1802 1569 1856 Domini
1610 1804 1812 1874 passio-

177 1908 320 1947 nem
352 1909 619 1947 occasura
650 1894 971 1964 praasentia,
1008 1898 1068 1949 ut
1104 1894 1364 1949 oriantur
1394 1896 1602 1951 futura.
1636 1898 1811 1951 Tene-

174 1985 303 2039 brae
347 1986 525 2056 igitur
558 1986 754 2041 offusae
792 1994 924 2041 sunt
966 1987 1142 2042 oculis
1182 1988 1552 2059 perﬁdorum,
1595 1995 1659 2045 ut
1686 1990 1815 2044 ﬁdei

174 2078 383 2133 lumen
429 2085 758 2151 resurgeret
803 2079 937 2152 (11).
981 2080 1069 2136 Sol
1119 2082 1322 2137 occidit
1372 2083 1681 2154 sacrilegis,
1732 2084 1815 2137 vel

176 2173 427 2244 refugit,
482 2179 543 2227 ut
594 2172 807 2228 funesti
876 2177 1267 2247 spectaculum
1330 2178 1557 2231 sceleris
1612 2177 1815 2232 obum-,

173 2266 399 2321 braret.
446 2268 623 2323 Petra:
674 2268 860 2323 scissae
909 2275 1041 2324 sunt
1082 2269 1330 2340 (Matt/1.,
1378 2287 1545 2339 xxvu,
1593 2272 1702 2341 51),
1757 2274 1818 2325 ut

173 2375 289 2431 per
354 2366 647 2433 praerupta
711 2378 977 2417 saxorum
1046 2364 1447 2419 ostenderetur
1516 2365 1772 2419 futurum
1800 2408 1813 2431 ,

177 2455 455 2526 quoniam
503 2456 659 2510 verbi
711 2456 792 2511 vis
848 2462 1208 2527 peccatorum
1272 2458 1410 2512 dura
1469 2462 1813 2529 penetraret,

176 2564 298 2620 quo
340 2549 560 2604 facilius
596 2567 666 2605 ex
706 2550 856 2605 cavis
891 2553 1186 2621 petrarum
1218 2551 1300 2605 illi
1343 2558 1642 2607 venatores
1677 2569 1817 2625 quos

177 2642 461 2698 Jeremias
526 2643 833 2715 praedixit,
884 2644 1127 2699 Domino
1188 2649 1534 2700 venarentur
1581 2647 1813 2712 (Jerem.,

178 2751 292 2804 xn,
341 2739 449 2803 16).
491 2737 988 2792 Ηοιιυωειιιοιυῐη
1032 2742 1229 2792 autem
1266 2740 1534 2794 reseratio
1571 2740 1813 2811 (Matth.,

182 2844 353 2897 xxvu,
384 2831 471 2900 52)
499 2831 638 2902 quid
674 2831 850 2899 aliud,
882 2831 990 2886 nisi
1025 2832 1285 2887 claustris
1316 2834 1517 2889 mortis
1554 2834 1816 2901 effractis,

177 2924 664 2980 resurrectionem
711 2924 997 2997 signiﬁcat
1048 2930 1422 2994 mortuorum,
1468 2944 1712 3000 quorum
1760 2930 1816 2984 in

1918 396 2363 453 commendabat
2388 395 2596 451 aﬁ‘ectu
2618 397 2822 466 (Joan.,
2850 412 2962 462 xix,
2994 400 3079 463 26,
3104 399 3216 467 2'7).
3244 398 3407 462 Quod
3434 416 3551 454 non

1920 491 2097 546 otiose
2134 492 2377 547 Joannes
2423 489 2678 561 pluribus
2717 495 3053 561 prosecutus
3090 497 3208 557 est;
3256 491 3349 545 alii
3397 492 3549 546 enim

1919 586 2201 639 mundum
2250 583 2603 656 descripsere
2648 600 3006 652 concussum,
3056 586 3259 639 costum
3308 585 3554 639 tenebris

1920 678 2255 745 obductum,
2294 678 2573 750 refugisse
2621 679 2821 733 solem.
2868 678 3225 733 Addiderunt
3264 678 3553 732 Matthaeus

1919 778 1977 829 et
2005 775 2243 839 Marcus,
2272 773 2371 844 qui
2420 773 2673 828 humana
2710 776 2881 843 atque
2922 772 3158 826 moralia
3193 774 3295 842 (l2)
3328 771 3554 826 uberius

1921 867 2207 937 prosecuti
2238 871 2372 920 sunt
2408 889 2417 919 :
2452 889 2479 915 ‹‹
2516 868 2679 931 Deus,
2710 867 2862 921 Deus
2889 882 3073 931 meus,
3108 866 3327 936 respice
3354 867 3410 919 in
3442 882 3551 927 me,

1918 976 2096 1032 quare
2127 977 2219 1015 me
2247 959 2597 1032 dereliquisti
2629 961 2870 1027 (Matth.,
2900 976 3069 1026 xxv”,
3095 961 3199 1027 46;
3234 963 3429 1021 Mam,
3459 976 3549 1019 xv,

1919 1055 2047 1123 34)?
2080 1074 2106 1105 ››
2153 1060 2213 1108 ut
2252 1054 2321 1108 ad
2370 1069 2597 1108 crucem
2640 1053 2849 1107 Christi
2887 1054 3304 1124 susceptionem
3354 1070 3547 1123 perve-

1919 1148 2070 1202 nisse
2099 1148 2464 1202 crederemus
2484 1146 2819 1202 conditionis
2841 1147 3128 1202 humanae.
3160 1148 3335 1203 Lucas
3361 1152 3551 1202 autem

1919 1244 2240 1313 competere
2277 1240 2572 1296 evidenter
2601 1240 2845 1294 asseruit
2873 1240 3079 1294 latroni
3110 1241 3337 1296 veniam
3363 1256 3549 1295 sacer-

1918 1335 2097 1391 dotali
2140 1335 2546 1390 intercessione
2606 1334 2873 1388 donatam
2918 1336 3083 1401 (Luc.,
3140 1351 3297 1403 χχιιι,
3343 1335 3453 1402 43),
3497 1340 3555 1388 et

1916 1428 2125 1484 Judaeis
2148 1428 2619 1500 persequentibus
2641 1428 2843 1483 eodem
2869 1443 3105 1483 munere
3132 1428 3550 1498 indulgentiam

1918 1523 2265 1594 postulatam
2293 1523 2477 1593 (Ibid.,
2510 1525 2618 1591 36).

1993 1618 2114 1672 130.
2158 1618 2397 1671 Joannes
2438 1632 2598 1686 ergo,
2638 1617 2736 1687 qui
2775 1615 3000 1686 plenius
3040 1616 3229 1670 divina
3276 1621 3546 1687 penetra-

1919 1710 1996 1765 vit
2024 1710 2308 1782 mysteria,
2338 1726 2449 1765 non
2480 1710 2770 1767 immerito
2798 1709 3093 1777 laboravit,
3127 1716 3187 1765 ut
3213 1727 3340 1781 quae
3372 1712 3546 1766 Deum

1919 1808 2327 1876 generaverat,
2396 1805 2671 1858 mansisse
2735 1820 2860 1858 eam
2924 1804 3205 1875 virginem
3278 1804 3549 1860 declaret.

1917 1899 2074 1954 Solus
2120 1915 2259 1970 ergo
2310 1914 2400 1952 me
2458 1897 2642 1965 docet,
2692 1898 2848 1969 quod
2900 1898 2993 1952 alii
3041 1914 3160 1952 non
3214 1897 3549 1965 docuerunt,

1917 1991 2406 2065 quemadmodum
2454 1992 2511 2046 in
2554 2007 2719 2046 cruce
2759 1990 2975 2062 positus
3013 1991 3383 2063 appellaverit
3425 2008 3549 2046 ma-

1919 2093 2066 2140 trem
2111 2086 2310 2153 (Joun.,
2359 2102 2479 2163 xu,
2515 2088 2623 2153 26),
2676 2084 2857 2155 pluris
2910 2088 3118 2156 putans
3166 2085 3323 2156 quod
3375 2086 3552 2140 victor

1919 2179 2329 2251 suppliciorum
2368 2185 2537 2249 atque
2578 2194 2897 2249 poenarum,
2941 2178 3118 2233 victor
3157 2179 3388 2248 diaboli,
3430 2180 3549 2250 pie-

1920 2272 2046 2327 tatis
2077 2272 2267 2328 ofﬁcia
2297 2272 2600 2338 dividebat,
2629 2288 2803 2343 quam
2850 2272 3003 2343 quod
3049 2289 3293 2343 regnum
3324 2273 3551 2328 caeleste

1918 2367 2188 2422 donabat.
2220 2367 2360 2420 Nam
2401 2365 2445 2419 si
2477 2364 2811 2436 religiosum
2844 2370 2930 2419 est
2964 2366 3113 2437 quod
3153 2367 3361 2421 latroni
3394 2366 3552 2421 venia

1919 2461 2165 2516 donatur
2210 2477 2242 2513 a
2288 2458 2549 2526 Domino,
2597 2459 2772 2513 multo
2817 2459 3138 2529 religiosius
3175 2460 3330 2530 quod
3367 2464 3555 2514 mater

1918 2556 2240 2611 honoratur
2264 2569 2298 2607 a
2326 2552 2486 2608 Filio.

1994 2651 2112 2703 131.
2168 2648 2280 2702 Nec
2331 2650 2744 2717 prmposterum
2795 2646 3119 2717 judicetur,
3175 2648 3326 2718 quod
3391 2647 3548 2718 prius

1918 2742 2155 2797 latronis
2197 2741 2611 2796 absolutionem
2654 2757 2825 2811 quam
2870 2739 3066 2794 matris
3095 2741 3547 2811 appellationem

1919 2835 2141 2906 scripsi;
2188 2834 2285 2905 qui
2338 2835 2493 2888 enim
2545 2839 2776 2888 venerat
2816 2833 2998 2888 salvos
3043 2834 3232 2888 facere
3284 2841 3549 2906 peccato-

1917 2945 2031 2993 res,
2074 2945 2187 2984 non
2229 2928 2540 2983 absurdum
2587 2928 2633 2981 si
2684 2926 2840 2998 prius
2882 2928 2941 2981 in
2987 2928 3129 2982 meis
3162 2927 3387 3000 scriptis
3427 2945 3547 2982 sus-

174 3024 424 3090 aspectu
452 3018 614 3087 ﬁdes,
649 3020 705 3073 in
748 3036 1014 3091 processu
1055 3025 1240 3091 typus,
1272 3022 1424 3093 quod
1468 3023 1523 3077 in
1567 3029 1819 3079 sanctam
1840 3057 1893 3129 Ο
1920 3026 2150 3095 ceptum
2178 3039 2386 3078 munus
2413 3022 2473 3077 in
2515 3021 2850 3076 redimenda
2888 3021 3072 3075 salute
3102 3023 3412 3093 peccatoris
3440 3022 3549 3077 im-

171 3113 518 3183 prodeundo
560 3113 870 3182 civitatem,
916 3114 1288 3186 presentium
1338 3115 1524 3187 specie
1563 3117 1815 3171 declara-

172 3204 322 3261 bant
362 3206 422 3260 in
462 3206 557 3261 illa
591 3207 906 3262 Jerusalem
954 3224 1085 3280 quas
1123 3210 1184 3263 in
1227 3211 1367 3264 caelo
1413 3216 1519 3279 est,
1562 3210 1820 3266 futurum

171 3315 437 3372 perenne
466 3299 848 3357 diversorium
870 3304 1334 3374 resurgentium?
1353 3302 1403 3376 1
1420 3302 1612 3378 532
1636 3305 1820 3361 Etiam

173 3394 378 3449 velum
408 3394 701 3462 scinditur,
735 3412 848 3467 quo
883 3396 968 3451 vel
1010 3397 1256 3452 duorum
1295 3398 1644 3470 populorum
1674 3400 1817 3455 divi-

171 3488 289 3555 sio,
321 3489 411 3543 vel
443 3490 853 3560 mysteriorum
879 3491 1199 3563 Synagoga:
1224 3492 1547 3563 profanatio
1578 3493 1820 3548 declara-

171 3586 296 3638 tur.
339 3582 634 3637 Scinditur
672 3599 813 3655 ergo
852 3584 1042 3639 velum
1075 3592 1256 3655 vetus,
1292 3589 1353 3640 ut
1388 3587 1633 3641 Ecclesia
1670 3603 1821 3643 nova

173 3674 321 3730 ﬁdei
349 3692 465 3731 suae
493 3677 612 3731 vela
643 3678 972 3749 suspendat.
1005 3678 1331 3750 Synagogte
1359 3680 1616 3734 velamen
1640 3680 1821 3735 aufer-

174 3775 298 3839 tur,
329 3773 398 3823 ut
423 3770 720 3841 religionis
760 3772 987 3827 interna
1024 3772 1294 3843 mysteria
1333 3774 1581 3828 revelato
1612 3774 1821 3829 mentis

174 3878 489 3918 cernamus
519 3863 742 3920 obtutu.
776 3865 1029 3937 Denique
1054 3868 1177 3936 jam
1218 3867 1390 3922 etiam
1429 3868 1687 3923 centurio
1719 3868 1819 3921 Dei

176 3957 394 4012 Filium
447 3975 620 4029 quem
671 3960 1061 4027 cruciﬁxerat,
1116 3961 1440 4016 conﬁtetur.
1497 3962 1541 4015 Ο
1595 3961 1822 4016 duriora

173 4051 332 4107 saxis
380 4055 614 4123 pectora
664 4053 1034 4109 Judaaoruml
1080 4055 1402 4110 l-‘induntur
1455 4061 1665 4126 petrae,
1721 4056 1821 4110 sed

172 4146 394 4201 horum
457 4146 625 4201 corda
681 4147 1058 4203 obdurantur.
1120 4148 1299 4204 Judex
1365 4149 1589 4221 arguit,
1643 4149 1822 4204 credit

171 4239 470 4307 minister,
511 4240 767 4311 proditor
808 4243 991 4297 scelus
1025 4258 1192 4297 suum
1230 4246 1413 4298 morte
1452 4242 1817 4313 condemnat,

172 4334 474 4390 elementa
529 4334 781 4406 fugiunt,
838 4342 994 4391 terra
1048 4337 1400 4406 concutitur,
1445 4343 1822 4393 monumenta

1923 3117 2114 3190 plevit.
2158 3116 2416 3189 Denique
2452 3116 2572 3187 ipse
2613 3116 2692 3170 ait
2736 3132 2751 3170 :
2796 3136 2825 3166 «
2862 3116 3001 3180 Quae
3043 3122 3126 3169 est
3176 3119 3358 3169 mater
3406 3130 3550 3183 mea,

1921 3216 1977 3266 et
2021 3211 2118 3283 qui
2157 3217 2292 3267 sunt
2334 3211 2535 3265 fratres
2582 3209 2696 3265 mei
2738 3210 2982 3278 (Matth.,
3025 3226 3121 3277 xu,
3167 3209 3298 3279 48)?
3338 3229 3365 3261 ››
3409 3208 3554 3274 Quia

1922 3322 2039 3361 non
2090 3308 2326 3361 venerat
2376 3319 2577 3359 vocare
2622 3303 2838 3375 justos,
2892 3302 2991 3359 sed
3043 3306 3389 3374 peccatores.
3446 3303 3551 3358 Sed

1920 3399 1995 3455 ibi
2022 3416 2127 3471 pro
2152 3400 2301 3466 loco,
2331 3398 2423 3453 hic
2458 3403 2516 3453 et
2542 3398 2601 3452 in
2638 3413 2804 3452 cruce
2844 3413 2959 3452 non
2996 3396 3307 3452 immemor
3330 3397 3550 3464 matris,

1919 3493 2173 3565 appellat
2200 3508 2329 3547 eam
2357 3492 2554 3547 dicens
2585 3507 2598 3544 :
2631 3512 2658 3541 «
2691 3492 2831 3545 Ecce
2858 3490 3008 3545 ﬁlius
3040 3494 3172 3544 tuus
3200 3492 3407 3561 (Joan.,
3436 3507 3550 3557 nx,

1919 3586 2039 3657 26);
2070 3606 2098 3639 ι)
2129 3590 2189 3641 et
2211 3585 2415 3642 Joanni
2444 3602 2458 3639 :
2485 3605 2513 3634 «
2542 3585 2680 3639 Ecce
2703 3589 2891 3638 mater
2910 3590 3004 3639 tua
3026 3586 3212 3653 (Ibid.,
3236 3585 3348 3655 27).
3378 3606 3406 3634 ››
3428 3585 3558 3639 Tes-

1921 3680 2153 3736 tabatur
2179 3680 2248 3735 de
2277 3694 2445 3734 cruce
2476 3678 2752 3745 Christus,
2778 3682 2837 3732 et
2856 3680 3261 3733 testamentum
3294 3679 3418 3748 ejus
3445 3679 3555 3748 sig-

1920 3774 2100 3830 nabat
2117 3775 2384 3837 Joannes,
2409 3772 2617 3843 dignus
2644 3777 2799 3827 tanto
2831 3774 3099 3826 testatore
3132 3771 3305 3826 testis.
3333 3772 3549 3824 Bonum

1918 3872 2327 3924 testamentum
2348 3882 2464 3921 non
2485 3866 2765 3937 pecunia»,
2786 3865 2885 3921 sed
2903 3865 3029 3919 vitae
3056 3884 3067 3919 :
3092 3865 3247 3937 quod
3271 3880 3388 3920 non
3407 3870 3551 3919 atra-

1921 3968 2118 4018 mento
2148 3961 2434 4029 scribitur,
2466 3959 2567 4015 sed
2593 3959 2797 4031 spiritu
2827 3959 2928 4014 Dei
2963 3959 3075 4013 vivi
3101 3976 3114 4013 :
3142 3980 3169 4006 ι(
3192 3958 3409 4030 Lingua
3428 3974 3555 4013 mea

1921 4057 2173 4111 calamus
2202 4055 2401 4109 scriba:
2429 4053 2694 4109 velociter
2717 4053 3011 4109 scribentis
3042 4055 3205 4121 (Psal.
3239 4069 3383 4118 mv,
3417 4055 3492 4121 3).
3522 4073 3549 4102 ι)

1993 4153 2115 4205 132.
2150 4149 2258 4205 Sed
2299 4165 2405 4203 nec
2432 4148 2603 4203 Maria
2632 4147 2826 4202 minor
2853 4163 3025 4218 quam
3068 4150 3312 4202 matrem
3347 4146 3555 4203 Christi

1921 4244 2181 4312 decebat,
2203 4241 2554 4314 fugientibus
2578 4240 2848 4313 apostolis
2874 4244 3009 4295 ante
3036 4257 3266 4296 crucem
3297 4238 3555 4315 1533

1921 4338 2131 4405 stabat,
2176 4340 2233 4392 et
2271 4337 2376 4408 piis
2414 4336 2707 4407 spectabat
2750 4334 2928 4390 oculis
2964 4335 3090 4388 Filii
3134 4335 3395 4403 vulnera;
3423 4334 3554 4405 quia

174 4434 513 4484 reserantur
561 4446 573 4483 ε
621 4428 955 4485 «Ιιιὰωοιιιιη
1000 4432 1195 4486 tamen
1247 4430 1561 4486 immobilis
1614 4427 1900 4500 duritiaD
1923 4431 2284 4502 exspectabat
2309 4446 2421 4484 non
2456 4429 2714 4501 pignoris
2743 4433 3013 4493 mortem,
3045 4427 3147 4480 sed
3179 4427 3376 4481 mundi
3405 4428 3550 4481 salu-

174 4526 384 4578 manet
407 4521 544 4577 orbe
570 4538 863 4579 concusso.

254 4618 381 4672 129.
415 4617 587 4685 (Vers.
627 4618 740 4688 49.)
778 4617 1017 4673 Stabant
1061 4623 1251 4673 autem
1292 4626 1350 4674 et
1394 4620 1663 4675 mulieres
1700 4620 1819 4676 haec

176 4709 446 4766 videntes
481 4727 496 4764 :
525 4710 707 4766 stabat
745 4714 803 4765 et
840 4714 1044 4779 mater,
1075 4727 1207 4766 cum
1235 4712 1422 4767 studio
1456 4713 1682 4784 pietatis
1722 4731 1820 4768 sua

174 4803 439 4877 pericula
474 4803 861 4875 posthaberet.
903 4804 1015 4860 Sed
1055 4808 1113 4861 et
1151 4806 1423 4862 Dominus
1469 4807 1730 4879 pendens
1763 4808 1816 4860 in

242 4957 311 5019 (9)
338 4956 421 5007 Ita
450 4968 580 5006 mss.
614 4958 686 5007 At
718 4955 876 5007 Rom.
910 4957 1039 5008 edit.
1071 4958 1208 5019 sola,
1239 4963 1519 5022 propterea
1547 4958 1815 5023 praemisit.

178 5027 395 5079 Eadem
425 5032 480 5079 et
507 5027 635 5080 Gill.
662 5029 721 5078 in
747 5042 853 5093 quo
882 5029 976 5079 Dei
1001 5029 1279 5094 professio.
1313 5029 1559 5094 Utraque
1593 5029 1819 5080 demum

178 5111 317 5150 cum
361 5098 585 5151 Amerb.
628 5102 683 5150 et
724 5100 850 5150 Era.
897 5102 1023 5164 post
1069 5114 1263 5151 vocem
1298 5101 1546 5165 peccatis,
1591 5099 1818 5161 addunt,

177 5172 477 5222 annuntiat
501 5187 521 5220 :
544 5170 641 5222 sed
668 5184 735 5223 eo
757 5171 852 5223 hic
876 5171 1016 5221 nihil
1050 5177 1137 5222 est
1163 5186 1323 5237 opus,
1356 5186 1485 5224 cum
1511 5172 1820 5223 substanti-

178 5254 318 5291 vum
348 5250 422 5292 est
450 5242 611 5293 facile
640 5243 977 5308 cogitatione
1006 5245 1347 5308 suppleatur.

248 5311 343 5376 (ιο)
399 5312 554 5363 Itane
612 5314 872 5378 opinatus
925 5318 1010 5365 est
1072 5314 1409 5366 Ambrosius
1474 5314 1819 5366 divinitatem

180 5388 377 5435 contra
428 5385 783 5436 manifestum
827 5386 987 5437 Pauli
1031 5388 1409 5439 testimonium
1456 5388 1753 5439 secessisse
1791 5401 1820 5437 a

180 5453 391 5507 Christi
419 5469 649 5521 corpore
673 5457 761 5508 vel
788 5458 974 5509 anima
1004 5458 1177 5510 semel
1199 5459 1502 5523 assumptis
1523 5460 1549 5507 ‘I
1577 5458 1824 5523 Respon-

181 5524 322 5578 dent
364 5529 565 5579 Petrus
604 5528 819 5587 Lomb.,
864 5528 959 5580 lib.
1005 5542 1060 5580 ιιι
1104 5530 1353 5590 Sentent.,
1402 5529 1530 5580 dist.
1570 5529 1648 5590 21,
1695 5529 1729 5593 §
1778 5530 1820 5590 l,

182 5598 248 5646 et
272 5595 324 5648 S.
363 5598 468 5649 Th.
497 5612 558 5650 xu
584 5613 641 5664 p,
672 5615 727 5665 q.
757 5601 840 5662 50,
871 5615 919 5651 a.
944 5601 992 5662 Ξ,
1032 5601 1100 5652 ad
1148 5602 1195 5664 1,
1222 5602 1516 5652 recessisse
1557 5599 1824 5649 divinita-

184 5673 302 5718 tem
342 5670 497 5735 quod
542 5670 611 5721 ad
660 5669 941 5733 effectum,
977 5671 1033 5722 id
1073 5678 1176 5733 est,
1218 5672 1621 5736 protectiouem
1664 5684 1822 5720 suam

185 5737 566 5802 subtraxisse;
626 5743 832 5793 etenim
879 5744 926 5794 si
986 5756 1097 5795 non
1146 5743 1457 5795 cohibuisset
1514 5743 1824 5807 potentiam.

432 5822 684 5888 ΡΑτιιοι..
732 5824 834 5889 XV
880 5825 1039 5907 (XIV
1084 5845 1219 5887 mas
1262 5825 1392 5906 11.).

1921 4532 2063 4581 tem.
2091 4528 2202 4580 Aut
2226 4524 2469 4578 fortasse
2497 4523 2633 4594 quia
2653 4523 3001 4592 cognoverat
3024 4536 3126 4591 per
3153 4520 3275 4576 Filii
3302 4526 3553 4576 mortem

1921 4617 2121 4675 mundi
2172 4616 2655 4688 redemptionem,
2697 4616 2828 4669 aula
2866 4614 3078 4686 regalis
3115 4616 3351 4686 putabat
3396 4632 3453 4671 se.
3498 4619 3557 4670 et

1921 4730 2023 4769 sua
2058 4716 2243 4768 morte
2290 4710 2517 4782 publico
2556 4709 2784 4763 muneri
2827 4709 3040 4780 aliquid
3067 4708 3412 4764 addituram.
3447 4710 3555 4764 Sed

1919 4809 2079 4863 Jesus
2106 4822 2223 4862 non
2262 4804 2465 4877 egebat
2504 4802 2763 4876 adjutore
2804 4803 2873 4858 ad
2914 4802 3173 4858 omnium
3205 4803 3551 4874 redemptio-

1920 4961 2103 5026 inquit
2161 4959 2281 5020 ille,
2339 4957 2428 5008 sed
2477 4956 2811 5016 exercuisset,
2866 4970 2975 5007 non
3029 4962 3323 5006 mereretur
3372 4956 3553 5007 Chris-

1924 5039 2023 5084 tus.
3470 5080 3473 5081 ,

1983 5104 2078 5167 (11)
2128 5103 2335 5153 Omnes
2372 5100 2526 5159 edit,
2573 5099 2746 5149 tamen
2789 5099 3086 5163 refutgeret.
3143 5098 3352 5151 Omnes
3395 5113 3553 5159 mss.,

1926 5177 2102 5229 lumen
2127 5176 2445 5236 resurgeret.
3517 5176 3527 5183 “

1987 5247 2081 5310 (12)
2109 5243 2250 5295 Edit.
2292 5256 2506 5305 omnes,
2534 5246 2590 5292 et
2638 5241 2826 5305 plures
2866 5254 3018 5301 mss,
3055 5246 3216 5305 atque
3256 5243 3509 5294 mortalia
3541 5260 3556 5292 .·

1923 5324 2106 5370 tamen
2132 5316 2223 5367 alii
2249 5314 2485 5379 aliquot,
2518 5313 2615 5377 qui
2644 5316 2700 5363 et
2724 5312 2966 5362 melioris
2993 5317 3156 5373 note,
3184 5317 3344 5376 atque
3370 5327 3555 5364 mora-

1925 5390 2020 5440 lia.
2078 5389 2289 5439 Rursus
2340 5386 2465 5451 post
2518 5396 2698 5448 pauca
2750 5382 2846 5432 ubi
2911 5383 3132 5433 Amerb.
3192 5386 3556 5450 omniumque

1924 5457 2324 5527 propemodum
2351 5469 2483 5505 mss.
2515 5454 2840 5527 auctoritate
2879 5456 3247 5527 reposuimus,
3276 5463 3560 5522 competere

1924 5524 2183 5583 euidenter
2233 5528 2476 5578 asseruit.
2527 5526 2675 5587 Era.,
2728 5524 2857 5577 Gill.
2906 5539 2972 5575 ac
3032 5525 3188 5576 Rom.
3235 5528 3554 5591 praeferunt,

1926 5604 2263 5667 competenter
2287 5598 2552 5657 asseruit;
2579 5611 2704 5662 qua:
2736 5597 2899 5646 lectio
2923 5610 3021 5647 cur
3060 5598 3220 5661 priori
3264 5603 3559 5664 antepona-

1926 5680 2032 5736 tur,
2064 5670 2202 5722 nihil
2225 5668 2494 5720 videmus.
3420 5674 3423 5675 ν
3493 5703 3501 5707 .

3215 5831 3283 5888 61
