4022 6176
146 180 265 234 1933

1263 180 1719 236 EXPOSITIONIS
1760 182 1826 237 IN
1866 181 2088 239 LUCAM
2130 184 2256 238 LIB.
2300 185 2360 237 Χ.

3357 188 3491 241 1934

137 303 528 375 quantitatem.
562 304 629 358 Et
666 303 991 375 ligaverunt
1030 320 1233 374 corpus
1270 306 1399 359 Jesu
1434 306 1594 376 juxta
1623 323 1760 362 con-
1788 321 1842 390 Α
1866 323 2028 369 xxvu,
2060 308 2170 370 60),
2204 308 2308 361 hoc
2335 314 2436 375 est,
2468 308 2522 361 in
2549 307 2682 362 ﬁdei
2711 308 3091 375 ﬁrmamento,
3128 311 3196 364 de
3231 326 3343 381 qua
3372 312 3485 364 veri

138 396 490 451 suetudinem
530 398 869 468 spiritalium
905 398 1236 453 Judaaorum
1265 400 1398 470 (18),
1426 416 1541 454 non
1571 400 1761 471 utique

132 490 290 545 nodis
327 491 607 561 perfidiae,
637 492 733 547 sed
774 492 905 546 fidei
946 493 1229 563 ligaturis.
1266 496 1330 549 Et
1368 501 1677 565 posuerunt
1702 496 1757 547 in

129 584 295 638 horto
331 585 519 651 (1ὺίίίυ
550 588 662 651 41),
692 586 783 640 cui
809 586 1147 657 frequenter
1190 588 1429 642 Ecclesia
1468 605 1757 659 compara-

129 681 241 745 tur,
272 695 401 749 quae
429 678 787 734 diversorum
829 680 1035 735 habeat
1062 698 1233 753 poma
1259 682 1620 750 meritorum,
1652 682 1757 736 ﬂo-

128 787 330 842 resque
360 772 655 827 virtutum.

200 867 323 920 140.
351 867 463 921 Nec
504 868 683 922 otiose
716 867 860 921 alius
896 876 1338 924 monumentum
1374 886 1579 923 novum
1622 870 1761 924 dixit

124 960 339 1029 (Ibid.),
381 960 524 1014 alius
566 968 1003 1016 monumentum
1048 963 1255 1033 Joseph
1300 965 1543 1031 (Matth.,
1590 980 1757 1023 xxvu,

121 1056 235 1115 60).
272 1055 395 1109 Νοη
438 1055 683 1109 habebat
719 1055 898 1127 igitur
933 1056 1191 1110 Christus
1229 1058 1515 1112 tumulum
1557 1074 1756 1123 suum;

121 1149 344 1203 etenim
387 1149 640 1203 tumulus
670 1150 758 1203 his
784 1156 1019 1219 paratur
1044 1151 1140 1221 qui
1168 1150 1271 1203 sub
1302 1151 1424 1221 lege
1456 1157 1585 1204 sunt
1616 1167 1760 1204 mor-

120 1242 222 1311 tis;
254 1243 439 1297 victor
479 1244 677 1297 mortis
719 1245 1007 1298 tumulum
1035 1260 1201 1298 suum
1245 1260 1362 1299 non
1400 1244 1591 1299 habet.
1624 1246 1758 1308 Quir

118 1336 280 1391 enim
327 1339 656 1391 communio
701 1338 920 1391 tumulo
962 1342 1020 1392 et
1066 1338 1222 1392 Deo?
1271 1338 1521 1409 Denique
1572 1340 1755 1392 Eccle-

116 1431 323 1485 siastes
358 1431 437 1485 ait
476 1432 543 1485 de
578 1449 643 1486 eo
683 1433 781 1503 qui
814 1431 1123 1487 meditatur
1160 1432 1219 1485 in
1258 1432 1422 1486 bonis
1451 1433 1560 1503 (19)
1593 1451 1604 1485 :
1638 1455 1665 1481 ‹‹
1697 1434 1762 1486 Et

117 1526 417 1595 sepultura
443 1542 557 1580 non
580 1529 667 1579 est
694 1527 775 1579 illi
798 1526 1016 1595 (Eccle.,
1039 1543 1111 1593 v1,
1134 1529 1209 1595 3).
1235 1546 1261 1577 υ
1291 1527 1560 1598 Specialis
1587 1527 1762 1596 igitur

1865 401 2129 455 lsraelitas
2155 401 2518 456 dulcedinem
2548 401 2729 456 mellis
2760 405 2817 456 et
2846 403 3031 456 oleum
3061 403 3307 473 spiritale
3331 422 3488 459 suxe~

1864 500 2017 549 runt.
2066 496 2425 565 Sepelierunt
2473 499 2662 549 autem
2713 496 3000 551 Christum
3036 497 3245 566 justus,
3294 506 3345 550 et
3392 502 3487 567 qui

1863 589 2043 642 Deum
2091 589 2259 656 vidit;
2314 605 2428 643 non
2477 589 2633 643 enim
2686 590 2967 659 sepeliunt
3020 590 3327 655 Christum,
3386 593 3489 644 nisi

1862 683 1959 751 qui
1991 683 2166 735 Deum
2193 683 2436 736 credunt
2457 683 2589 753 (22).

1937 777 2055 829 144.
2089 776 2263 845 (Vers.
2297 779 2408 833 55.)
2442 777 2697 847 Denique
2730 794 2842 831 non
2888 794 3088 830 omnes
3129 785 3365 849 possunt
3404 796 3485 830 se-

1863 869 2041 939 pelire
2061 870 2369 936 Christum,
2391 872 2646 940 quamvis
2668 871 2949 941 religiosa:
2977 873 3248 925 mulieres
3271 890 3303 925 a
3324 874 3492 942 longe

1863 968 2039 1029 stant;
2070 963 2172 1016 sed
2212 964 2344 1035 quia
2382 964 2687 1033 religiosas,
2721 966 2915 1019 locum
2956 966 3261 1036 diligenter
3298 966 3489 1020 obser-

1861 1062 2022 1121 vant;
2054 1061 2118 1109 ut
2146 1062 2437 1127 unguenta
2471 1058 2713 1112 alferant
2757 1062 2815 1112 et
2856 1060 3291 1129 superfundent.
3328 1060 3488 1114 Solli-

1862 1152 1985 1203 cita:
2016 1156 2204 1205 tamen
2254 1158 2308 1205 et
2351 1168 2384 1205 a
2418 1156 2792 1205 monumento
2826 1154 3171 1223 posteriores
3200 1154 3492 1215 recedunt,

1862 1249 1917 1297 et
1943 1245 2014 1298 ad
2046 1249 2483 1299 monumentum
2524 1246 2743 1316 priores
2771 1251 3169 1313 revertuntur;
3201 1247 3301 1300 etsi
3334 1248 3493 1305 deest

1861 1340 2197 1395 constantia.
2230 1356 2343 1391 non
2374 1339 2533 1393 deest
2561 1339 2878 1409 diligentia.
2908 1340 3080 1394 Sexus
3110 1344 3291 1403 nutat,
3328 1341 3493 1394 devo-

1862 1432 1941 1485 tio
1975 1433 2141 1486 calet.

1936 1527 2055 1579 145.
2088 1527 2341 1597 Denique
2382 1527 2814 1581 resurrectionis
2846 1532 3099 1598 tempore
3129 1535 3334 1598 praesto
3366 1537 3493 1582 sunt

114 1621 339 1688 praeter
367 1635 736 1673 communem
763 1617 1019 1692 1535
1042 1619 1301 1673 omnium
1333 1623 1579 1674 mortem
1607 1636 1760 1674 mors
1780 1688 1823 1693 _
1864 1624 1922 1673 et
1951 1635 2082 1673 cum
2122 1621 2222 1673 viri
2270 1621 2609 1690 fugarentur
2637 1625 2767 1691 (23),
2802 1622 2932 1675 solae
2965 1626 3153 1675 tamen
3192 1623 3260 1675 ab
3289 1624 3494 1693 angelo

114 1712 337 1766 Christi
383 1719 492 1781 est;
539 1716 596 1767 et
637 1688 941 1768 ideo—ubi;
971 1688 1103 1767 cum
1147 1712 1270 1767 aliis
1322 1714 1613 1784 sepelitur,
1662 1688 1977 1767 sedBnon
2032 1714 2275 1767 timeant
2336 1688 2731 1769 admonentur
2785 1717 3038 1777 (Matth,
3098 1732 3297 1779 xxvui,
3354 1688 3489 1781 1:6).

114 1806 283 1861 solus
328 1808 545 1861 tumulo
592 1807 932 1873 includitur;
965 1808 1171 1862 omnia»
1196 1807 1346 1861 enim
1394 1808 1450 1861 in
1495 1807 1757 1861 similitu-

115 1900 326 1955 dinem
393 1901 697 1956 hominum
749 1902 947 1955 habuit
1004 1902 1317 1955 incarnatio
1368 1902 1617 1967 Domini,
1665 1904 1759 1956 sed

116 1994 446 2048 similitudo
488 2003 611 2050 erat
659 2011 789 2049 cum
834 1995 1153 2050 differentia
1182 1998 1314 2065 ('20).
1360 1996 1529 2050 Natus
1568 2000 1651 2049 est
1692 2013 1761 2050 ex

117 2088 385 2160 Virgine,
427 2088 801 2145 similitudine
852 2089 1253 2160 generationis,
1302 2090 1761 2144 dissimilitudine

115 2182 532 2253 conceptiouis.
573 2182 819 2239 Curabat
855 2198 1061 2251 aegros,
1100 2184 1197 2237 sed
1238 2183 1570 2253 imperabat.
1604 2187 1761 2255 Aqua

112 2278 370 2331 Joannes
414 2276 753 2348 baptizabat,
805 2277 896 2330 hic
941 2277 1145 2347 spiritu
1191 2280 1357 2347 (Lacu
1409 2294 1486 2343 Ill,
1544 2281 1643 2345 16).
1700 2281 1763 2333 Et

116 2387 283 2426 mors
326 2386 467 2441 ergo
511 2370 715 2424 Christi
759 2370 1083 2425 communis
1129 2371 1444 2425 secundum
1500 2378 1760 2426 naturam

117 2464 409 2536 corporis.
439 2464 700 2536 specialis
726 2465 1039 2519 secundum
1070 2465 1355 2519 virtutem.

190 2560 321 2612 141.
357 2559 532 2627 (νει-ε.
564 2561 674 2627 53.)
716 2558 851 2622 Quis
889 2562 1078 2613 autem
1121 2565 1205 2611 est
1242 2559 1472 2628 Joseph,
1514 2559 1674 2628 cujus
1706 2559 1760 2612 in

120 2653 352 2708 tumulo
406 2653 679 2724 ponitur?
734 2653 939 2723 Utique
1006 2653 1102 2706 ille
1154 2653 1366 2723 justus.
1428 2653 1575 2707 Bene
1628 2670 1764 2723 ergo

119 2747 391 2801 Christus
418 2749 789 2802 monumento
817 2746 1071 2801 creditur
1099 2747 1241 2817 justi
1274 2748 1417 2815 (2t);
1460 2756 1519 2801 ut
1556 2747 1765 2801 habeat

122 2842 287 2894 ﬁlius
314 2841 566 2896 hominis
595 2840 692 2895 ubi
732 2845 900 2911 caput
937 2858 1101 2894 suum
1144 2841 1399 2906 reclinet,
1433 2847 1490 2895 et
1526 2841 1763 2911 justitia:

118 2935 488 2990 habitatione
528 2936 863 3006 requiescat.
914 2936 1061 2989 Bene
1111 2940 1303 2989 autem
1350 2951 1515 3001 novo,
1564 2952 1760 2989 secun-

1862 1809 2093 1861 Petrum
2139 1815 2375 1861 evocant
2404 1808 2595 1862 studio
2643 1810 2858 1879 priores
2899 1812 3103 1881 (Joan.,
3154 1826 3246 1875 xx,
3290 1812 3365 1875 2),
3395 1812 3491 1863 sed

1859 1902 2205 1972 posteriores
2235 1901 2456 1954 ﬁducia.
2487 1903 2742 1973 Denique
2774 1902 2866 1957 ille
2897 1903 3017 1956 sine
3049 1910 3208 1956 metu
3236 1903 3491 1965 advenit,

1861 2002 1916 2049 et
1970 2002 2294 2049 constanter
2351 1995 2447 2066 qui
2504 1997 2778 2065 posterior
2827 2002 3080 2064 venerat,
3135 1998 3357 2067 primus
3404 2000 3492 2051 in-

1863 2090 2140 2159 greditur,
2185 2090 2343 2160 quasi
2386 2091 2487 2159 qui
2526 2090 2709 2143 claves
2747 2091 2929 2159 regni,
2970 2094 3033 2144 ut
3065 2092 3188 2145 aliis
3224 2091 3493 2161 aperiret,

1863 2187 2175 2253 acceperat.

1937 2280 2056 2331 146.
2096 2278 2283 2331 Terrae
2328 2284 2514 2332 motus
2552 2283 2745 2332 autem
2772 2280 3016 2345 (Matth,
3050 2295 3237 2346 xxvni,
3268 2282 3320 2349 2)
3354 2280 3493 2334 tide-

1862 2372 2001 2425 lium
2050 2371 2383 2424 resurrectio
2429 2377 2533 2438 est,
2586 2370 2776 2441 impiis
2819 2378 3037 2439 metus;
3072 2372 3179 2436 his,
3229 2374 3364 2444 quia
3406 2375 3491 2443 pi-

1863 2481 2031 2535 grum
2060 2481 2260 2534 corpus
2295 2461 2551 2536 1536
2589 2464 2784 2518 mortis
2812 2480 3013 2534 sepore
3040 2482 3100 2518 se
3131 2470 3451 2521 commovet
3483 2485 3494 2520 ε

1864 2559 1991 2625 illis,
2023 2559 2159 2629 quia
2204 2561 2454 2611 tremore
2495 2558 2748 2627 corporis
2793 2564 2851 2611 et
2899 2562 3131 2612 terrena
3178 2558 3496 2613 mobilitate

1864 2652 2098 2719 turbati,
2127 2668 2156 2703 a
2196 2651 2628 2705 resurrectionis
2666 2650 2775 2704 ﬁde
2814 2655 2871 2704 et
2915 2652 3250 2706 credulitate
3288 2654 3493 2707 descis-

1864 2751 2022 2799 cunt.

1937 2842 2088 2910 (Cap.
2134 2838 2309 2892 XXIV.
2355 2868 2421 2876 -—
2462 2839 2613 2891 Vers.
2675 2840 2797 2907 1-4.)
2846 2842 3007 2895 Mane
3048 2846 3227 2895 autem
3268 2843 3501 2898 Sabbati

1863 2938 2125 2989 venerunt
2153 2932 2308 2986 valde
2336 2939 2571 3001 tempore
2600 2933 2675 2986 ad
2700 2940 3125 2988 monumentum.

118 3030 269 3084 dum
318 3029 569 3083 litteram
613 3028 868 3100 quidem,
914 3045 983 3082 ne
1036 3028 1179 3083 alius
1220 3029 1521 3083 suscitatus
1561 3047 1594 3083 a
1636 3046 1759 3100 per-
1784 3058 1839 3133 C
1940 3030 2057 3081 147.
2090 3027 2289 3096 Magna
2317 3026 2501 3080 oritur
2541 3026 2648 3081 hoc
2696 3027 2815 3080 loco
2852 3027 3143 3099 plerisque
3182 3028 3497 3097 dubitatio;

115 3122 253 3178 ﬁdis
299 3123 621 3189 diceretur;
652 3123 886 3193 mystice
916 3139 1045 3176 vere
1086 3122 1224 3193 quid
1262 3139 1562 3194 possumus
1602 3125 1759 3178 intel-

114 3217 332 3289 ligere,
364 3216 470 3270 nisi
500 3216 646 3271 forte
674 3218 806 3287 quia
826 3216 1070 3286 legimus
1099 3233 1111 3269 :
1145 3238 1171 3262 ‹‹
1200 3216 1535 3288 Sepulcrum
1564 3223 1763 3288 patens

115 3315 201 3367 est
245 3315 457 3381 guttur
496 3326 696 3364 eorum
734 3311 901 3380 (Psal.
947 3326 999 3377 v,
1038 3310 1164 3377 ll)?
1190 3332 1219 3359 ι)
1258 3312 1404 3381 Ergo
1441 3312 1759 3381 sepulcrum

115 3409 332 3477 patens
360 3408 449 3459 est
474 3408 672 3475 guttur
708 3404 976 3470 hominis,
1010 3405 1071 3458 in
1110 3421 1225 3475 quo
1270 3405 1513 3475 perlidia
1541 3406 1763 3459 lethalis

115 3506 174 3555 et
205 3504 447 3554 mortua
486 3498 660 3552 verba
695 3498 1044 3565 conduntur,
1085 3498 1237 3569 quod
1284 3516 1387 3570 per
1424 3504 1762 3555 vetustatem

116 3599 177 3648 et
206 3593 606 3647 incursionem
635 3592 884 3664 aliquam
927 3592 1238 3646 bestiarum
1269 3593 1475 3647 fatiscit
1516 3596 1573 3647 et
1598 3595 1760 3648 solvi-

116 3693 236 3741 tur.
267 3687 370 3741 Est
409 3703 545 3757 ergo
586 3704 615 3740 e
646 3686 933 3741 contrario
970 3689 1411 3741 monumentum
1448 3688 1505 3740 in
1535 3688 1765 3742 secretis

115 3780 462 3848 hominum,
494 3779 645 3851 quod
671 3780 778 3834 sibi
805 3781 862 3833 in
914 3780 1237 3850 pectoribus
1274 3779 1497 3835 duritiae.
1537 3782 1765 3851 gentilis

116 3873 478 3948 penetrabili
536 3874 703 3929 verbo
739 3874 930 3944 justus
979 3874 1202 3939 excidit,
1246 3874 1376 3929 ﬁdei
1426 3878 1595 3946 atque
1641 3876 1766 3930 doc-

117 3971 295 4025 trinm
336 3967 611 4040 operibus
645 3969 1011 4039 perpolitum,
1055 3972 1115 4021 ut
1153 3968 1537 4038 prtetenderet
1573 3970 1630 4024 in
1671 3986 1766 4024 na-

117 4063 384 4118 tionibus
413 4062 588 4116 virtus
613 4061 841 4117 Christi.

194 4158 326 4211 142.
355 4156 457 4209 Cui
489 4155 874 4227 pulcherrime
912 4156 1054 4227 lapis
1092 4156 1362 4211 admotus
1404 4162 1488 4211 est
1519 4159 1762 4227 (Matth.,

122 4266 297 4317 mn,
333 4252 448 4318 60),
477 4267 549 4304 ne
584 4254 830 4321 pateret;
868 4250 1196 4321 quicunque
1237 4248 1393 4305 enim
1431 4250 1489 4304 in
1535 4267 1592 4305 se
1622 4251 1766 4306 bene

126 4343 457 4400 humaverit
492 4342 796 4409 Christum,
840 4341 1150 4414 diligenter
1186 4343 1482 4410 custodiat,
1524 4360 1595 4399 ne
1632 4360 1766 4399 eum

1866 3137 1997 3174 nam
2031 3120 2133 3174 etsi
2169 3135 2286 3174 non
2327 3119 2595 3174 videntur
2627 3120 2992 3191 evangelista;
3034 3121 3243 3175 dixisse
3270 3127 3496 3177 contra-

1866 3215 1968 3282 ria,
1999 3220 2191 3268 tamen
2220 3214 2442 3267 diversa
2468 3213 2754 3268 dixerunt.
2789 3208 3084 3286 Siquidem
3116 3216 3205 3269 hic
3238 3233 3249 3269 :
3286 3239 3312 3265 ι(
3340 3216 3500 3277 Mane

1864 3308 2026 3363 valde
2074 3315 2366 3379 tempore;
2409 3329 2436 3356 »
2480 3307 2713 3373 Marcus,
2772 3330 2799 3355 ι‹
2847 3309 3018 3364 Valde
3074 3326 3240 3365 mane
3283 3312 3497 3379 (Mam,

1865 3419 1977 3469 xvr,
2032 3404 2110 3473 l);
2160 3424 2186 3449 η
2239 3401 2554 3469 Matthieus,
2609 3424 2635 3450 ιι
2687 3404 2928 3473 Vespere
2982 3403 3206 3457 Sabbati
3257 3406 3501 3475 (Matth,

1866 3512 2050 3564 xxviii,
2104 3498 2182 3565 l);
2222 3517 2246 3543 ››
2281 3496 2546 3563 Joannes,
2582 3516 2607 3543 ι(
2643 3494 2835 3548 Prima
2874 3495 3101 3549 Sabbati
3145 3513 3275 3550 cum
3315 3498 3501 3553 adhuc

1864 3590 2117 3645 tenebrae
2145 3594 2332 3643 essent
2364 3590 2562 3659 (Joan.,
2591 3604 2681 3655 xx,
2713 3590 2786 3657 1),
2820 3610 2847 3636 ››
2880 3589 3147 3643 mulieres
3188 3590 3262 3644 ad
3292 3607 3497 3646 monu-

1866 3688 2125 3739 mentum
2171 3684 2385 3737 venisse
2426 3682 2712 3737 dixerunt.
2754 3683 2967 3737 Deinde
3003 3683 3094 3737 hic
3144 3684 3287 3738 duos
3332 3686 3499 3751 viros,

1865 3779 2080 3833 Marcus
2118 3792 2303 3831 unum
2335 3776 2608 3846 juvenem
2658 3777 2712 3830 in
2763 3776 2904 3829 albis
2950 3777 3243 3831 sedentem
3289 3780 3501 3846 (Mare,

1866 3888 1975 3940 xvi,
2019 3876 2091 3940 ὅ),
2133 3872 2432 3926 Μειὶιιιωυδ
2475 3886 2654 3924 unum
2700 3870 2974 3941 angelum
3023 3873 3265 3935 (Matth.,
3310 3888 3499 3941 xxviii,

1866 3965 1943 4037 2),
1969 3968 2215 4021 Joannes
2254 3966 2397 4020 duos
2442 3966 2675 4035 angelos
2712 3964 2770 4018 in
2813 3963 2956 4018 albis
2992 3965 3255 4020 sedentes
3293 3968 3500 4037 (Joan.,

1868 4076 1956 4125 xx,
1992 4060 2097 4130 12),
2142 4061 2283 4113 visos
2324 4075 2445 4113 esse
2495 4063 2972 4113 memoraverunt.
3016 4061 3311 4115 Postremo
3350 4065 3496 4133 quod

1868 4154 1956 4208 vix
2009 4153 2309 4208 enodabile
2366 4152 2656 4221 videatur,
2701 4153 2953 4208 Joannes
3004 4154 3228 4225 scripsit
3281 4156 3495 4211 dictum

1867 4248 2055 4303 Maria:
2098 4247 2443 4314 Magdaleuaa
2490 4266 2501 4300 :
2555 4270 2581 4296 «
2622 4248 2738 4301 Noli
2791 4264 2881 4302 me
2927 4254 3197 4318 tangere;
3244 4250 3500 4306 nondum

1869 4342 2025 4396 enim
2072 4341 2302 4395 ascendi
2346 4341 2414 4395 ad
2453 4343 2679 4395 Patrem
2723 4358 2916 4396 meum
2957 4343 3153 4411 (Joan.,
3194 4360 3281 4411 xx,
3322 4348 3435 4413 l7);
3473 4370 3498 4393 ››

122 4439 356 4508 perdat,
383 4453 522 4491 neve
550 4436 805 4507 perﬁdiae
835 4437 907 4491 sit
932 4437 1241 4507 ingressus.
1266 4436 1429 4491 Vides
1455 4438 1611 4492 enim
1633 4439 1767 4509 quia
1787 4428 1846 4501 D
1868 4436 2159 4492 Matthazus
2190 4435 2500 4490 occurrisse
2544 4435 2846 4489 Dominum
2872 4435 3095 4505 scripsit
3122 4436 3310 4491 Mariae
3344 4438 3496 4508 Mag-

121 4533 333 4587 Petrus
352 4535 412 4586 et
436 4533 686 4586 Joannes
715 4530 941 4602 priores
964 4531 1177 4585 intrare
1205 4536 1543 4586 meruerunt
1565 4534 1761 4603 (Joan.,

119 4643 216 4695 xx,
253 4629 309 4694 6,
340 4628 417 4693 8).
448 4625 705 4696 Denique
734 4626 981 4679 Joannes
1008 4624 1128 4694 ipse
1155 4640 1269 4678 non
1300 4628 1612 4697 antequam
1644 4641 1764 4680 cre-

122 4720 322 4787 deret,
351 4718 629 4773 introivit.

199 4816 328 4868 143.
382 4814 450 4867 Et
493 4812 637 4867 bene
682 4811 740 4865 in
785 4815 946 4883 petra
982 4814 1229 4867 excisum
1274 4813 1481 4868 dicitur
1521 4815 1763 4877 (Muttin,

184 4967 294 5030 (l8)
325 4966 404 5015 Ita
444 4970 551 5016 vet.
591 4964 723 5016 edit.
758 4978 890 5015 cum
930 4979 1062 5015 mss.
1104 4966 1383 5016 omnibus.
1422 4965 1577 5016 Rom.
1618 4980 1767 5027 vero,

115 5036 560 5087 consuetudinem
586 5036 863 5101 specialem
887 5036 1213 5086 Iudaeorum.

187 5108 295 5171 (19)
336 5107 487 5157 LXX
520 5108 721 5171 Interp.
764 5108 859 5156 Καὶ
895 5108 1030 5171 ψυχή
1069 5106 1216 5155 αὑτοῦ
1257 5108 1314 5156 οὐ
1350 5107 1640 5165 πληθήσεται
1674 5107 1770 5155 ἀπὸ

117 5180 209 5238 τῆς
234 5177 564 5239 ἀγαθωσύνης,
607 5180 669 5228 Et
698 5179 884 5227 animo
913 5180 1029 5241 ejus
1068 5191 1177 5228 non
1209 5177 1501 5242 replebitur
1540 5192 1574 5228 α
1618 5178 1767 5228 boni-

116 5255 258 5301 tate.
284 5248 537 5313 Vulgata,
568 5250 628 5299 Et
650 5251 832 5299 animo
858 5251 975 5313 ejus
1000 5263 1101 5299 non
1134 5255 1318 5299 utatur
1347 5249 1495 5300 bonis
1523 5249 1767 5299 substan-

121 5325 217 5372 tia
240 5335 367 5370 sua.

187 5392 298 5455 (Ξ),
332 5392 461 5442 Mss.
504 5394 821 5456 complures
864 5406 970 5443 nec
1006 5392 1277 5442 inferioris
1314 5395 1483 5453 noue,
1509 5392 1599 5443 sed
1619 5393 1769 5441 simi-

121 5462 306 5514 litudo
333 5467 450 5512 erat
478 5476 594 5513 cum
629 5462 930 5527 (ii/ferentia
966 5468 1187 5512 naturas.
1220 5463 1305 5512 Ea;
1351 5462 1557 5526 virgine
1578 5463 1769 5512 simili-

121 5536 266 5585 tudo
289 5536 667 5599 generationis,
692 5535 1076 5586 dissimilitudo
1101 5534 1453 5597 conceptionis
1470 5547 1489 5595 ;
1516 5534 1770 5583 nonnulli

120 5612 326 5657 tamen
362 5607 554 5670 legunt
590 5619 720 5656 cum
765 5605 922 5667 edit.,
945 5606 1398 5655 simititudine.....
1430 5602 1772 5654 dissimilitu-

119 5678 281 5728 dine.
323 5678 431 5728 Alii
480 5690 610 5728 mss.
655 5678 787 5729 licet
836 5679 1019 5741 pauci,
1071 5681 1122 5727 et
1165 5675 1293 5727 edit.
1348 5674 1555 5725 habent
1605 5678 1665 5724 ut
1714 5676 1769 5724 in

121 5752 320 5801 textu.

1870 4530 2107 4597 dalcnae,
2159 4536 2215 4583 et
2274 4530 2434 4583 alteri
2500 4528 2717 4592 Mariae,
2765 4532 2822 4581 et
2890 4528 3009 4582 illas
3071 4532 3391 4599 accessisse,
3444 4538 3499 4587 et

1869 4624 2121 4678 tenuisse
2155 4622 2329 4693 pedes
2366 4623 2490 4692 ejus
2531 4625 2588 4674 et
2633 4622 2893 4676 adorasse
2934 4623 3357 4679 evidentissima
3400 4627 3496 4681 de-

1868 4718 2170 4789 scriptione
2199 4715 2433 4787 digessit
2463 4716 2701 4784 (Matth.,
2733 4732 2918 4785 xxvm,
2950 4720 3022 4783 9).

1943 4813 2063 4867 148.
2120 4809 2415 4875 Quomodo
2465 4825 2602 4879 ergo
2650 4810 3018 4875 solvendum,
3082 4813 3189 4866 nisi
3252 4819 3498 4883 quatuor

1931 4963 2031 5025 (2|)
2057 4962 2265 5012 Omnes
2288 4960 2416 5010 edit.
2450 4964 2502 5011 et
2544 4963 2706 5025 pauci
2742 4975 2893 5023 mss,
2922 4970 3249 5013 monumento
3295 4964 3493 5028 (Rom.,

1871 5036 1923 5084 in
1980 5035 2333 5094 monumento)
2381 5035 2603 5096 ponitur
2640 5035 2791 5096 justi.
2852 5034 3070 5098 Reliqui
3124 5049 3254 5085 mss.
3301 5051 3501 5102 magno

1868 5106 2119 5165 numero,
2164 5109 2500 5153 monumento
2542 5107 2777 5155 creditur
2819 5106 3063 5168 (quidam
3104 5112 3379 5170 corrupte,
3413 5111 3503 5158 in-

1868 5177 2123 5241 greditur)
2142 5177 2292 5238 justi.

1932 5247 2023 5310 (22)
2073 5245 2229 5296 Rom.
2272 5244 2397 5294 edit.
2443 5251 2567 5309 post
2604 5258 2791 5305 voces,
2842 5249 2999 5296 Deum
3044 5249 3282 5308 credunt,
3322 5250 3501 5299 inser-

1871 5319 1941 5367 tis
1986 5318 2195 5381 aliquot
2229 5316 2518 5380 Evangelii
2561 5317 2832 5375 versibus,
2870 5322 2922 5367 et
2966 5322 3231 5369 resecatis
3267 5333 3297 5369 e
3348 5324 3500 5371 textu

1871 5388 2148 5437 Ambrosii
2197 5401 2308 5437 non
2352 5390 2545 5451 paucis
2589 5388 2789 5447 verbis,
2836 5390 2909 5436 ita
2958 5391 3207 5450 mulavit,
3259 5392 3503 5451 Quamvis

1871 5460 2118 5510 mulieres
2150 5475 2183 5508 α
2212 5458 2360 5522 longe
2395 5465 2610 5509 starent.
2640 5460 2750 5509 Sed
2794 5461 2847 5508 in
2889 5461 3124 5511 lectione
3159 5464 3408 5511 omnium
3451 5469 3505 5512 et

1870 5546 2002 5581 mss.
2034 5537 2089 5581 et
2117 5534 2229 5582 vet.
2261 5530 2391 5579 edit.
2433 5535 2645 5581 mutato
2675 5530 2814 5579 nihil
2856 5545 2997 5593 opus
3034 5545 3154 5581 esse
3192 5547 3288 5596 per
3325 5548 3384 5583 se
3418 5538 3499 5582 in-

1872 5603 2082 5667 telliget
2130 5602 2385 5665 quisquis
2448 5615 2557 5650 non
2612 5603 2839 5650 omnino
2892 5602 3267 5664 perfunctorie
3312 5604 3497 5655 locum

1871 5672 2147 5737 dispiciet.

1934 5744 2029 5807 (23)
2067 5743 2276 5794 Eadem
2302 5742 2432 5794 edit.
2460 5744 2595 5805 sola,
2627 5755 2743 5792 cum
2772 5744 2880 5794 viri
2901 5744 3157 5809 fugerent.
