4022 6176
573 250 707 301 1935

2045 235 2100 286 S.
2142 227 2454 286 AMBROSII

3745 228 3850 279 1936

565 367 940 439 evangelistas
969 365 1039 420 de
1071 364 1305 421 diversis
1334 365 1583 435 quatuor
1615 364 1779 433 putes
1816 358 2021 413 dixisse
2054 361 2196 410 tem-
2225 365 2280 436 Α
2303 351 2585 422 principes
2639 346 2999 402 sacerdotum
3047 341 3379 412 congregati
3431 355 3551 394 cum
3601 343 3854 401 senioribus

565 463 818 534 poribus,
870 464 932 515 ut
974 467 1029 515 et
1080 476 1345 531 personas
1397 457 1534 512 alias
1586 454 1912 519 mulierum,
1961 455 2017 506 et
2065 449 2200 503 alias

566 556 838 627 conjicias
890 554 1176 610 visiones?
1228 553 1480 624 Denique
1531 550 1654 604 aliae
1709 565 1839 602 cum
1906 547 2198 616 unguento

566 651 753 722 prima
779 648 1001 704 Sabbati
1033 647 1298 702 veniunt:
1331 646 1456 701 aliae
1485 645 1608 699 sine
1637 643 1951 714 unguento,
1973 651 2202 708 vespere

567 743 818 800 Sabbati.
847 744 1081 798 lstarum
1114 757 1325 796 nomen
1353 739 1711 810 exprimitur,
1739 735 1850 790 illm
1881 735 1951 788 de
1978 732 2201 788 Galilaea

569 843 781 893 secutae
808 836 1113 890 Dominum
1143 835 1534 905 designantur.

643 932 765 986 149.
789 929 914 994 Quo
953 930 1075 984 loco
1114 945 1187 983 ne
1221 944 1393 999 quem
1438 926 1686 998 spinosas
1714 919 2206 994 interpretationis

570 1026 631 1079 in
681 1025 795 1079 fine
841 1023 1092 1078 offendat
1133 1022 1429 1094 asperitas,
1487 1020 1584 1074 ubi
1637 1018 1828 1073 suavia
1871 1017 2016 1071 forte
2061 1030 2203 1086 pras-

573 1123 799 1190 sumpta
838 1124 988 1186 sunt,
1022 1117 1296 1171 aestimate
1329 1116 1450 1186 jam
1488 1130 1593 1168 nos
1635 1111 1965 1183 complendi
1996 1125 2208 1163 sermo-

573 1213 664 1268 nis
689 1213 810 1267 vela
837 1211 1191 1276 submittere,
1225 1209 1502 1280 quoniam
1543 1208 1614 1263 ad
1648 1211 1876 1278 portum
1905 1205 2164 1258 venimus
2193 1219 2204 1256 :

579 1313 636 1363 et
659 1307 816 1362 navis
846 1322 974 1378 quas
1003 1322 1170 1359 cursu
1212 1303 1435 1359 concito
1475 1301 1658 1356 maria
1698 1299 2083 1366 transmearit,
2117 1297 2210 1351 ubi

578 1401 750 1455 littori
813 1399 1051 1472 cmperit
1110 1397 1602 1470 appropinquare,
1662 1394 1890 1449 latentia
1959 1392 2209 1447 cautium

579 1511 743 1548 cursu
779 1492 1113 1564 perstringit
1151 1492 1413 1546 infracto.
1443 1491 1592 1561 Ergo
1631 1505 1701 1543 ne
1741 1494 2012 1557 tanquam
2041 1484 2212 1539 inerti

580 1586 947 1658 gubernatori
984 1585 1040 1639 in
1086 1584 1271 1639 arenis
1306 1583 1512 1639 littoris
1559 1581 1700 1636 mihi
1742 1582 1958 1636 haereat
2001 1594 2211 1640 sermo,

579 1684 858 1752 tanquam
905 1681 960 1734 in
1004 1680 1146 1733 vada
1183 1695 1331 1733 caeca
1371 1675 1707 1730 lentandum
1746 1677 1851 1746 (24)
1892 1675 2002 1728 iter
2043 1689 2214 1744 quam

2303 447 2472 502 nocte
2514 443 2570 496 id
2615 442 2827 496 factum
2883 454 3004 494 esse
3055 435 3405 501 conﬁrmant,
3451 434 3674 490 dicentes
3708 445 3850 493 custo-

2303 541 2474 596 dibus
2504 556 2517 592 :
2557 559 2584 588 ‹‹
2611 536 2810 604 Dicite,
2841 533 2978 604 quia
3008 528 3274 602 discipuli
3301 529 3417 599 ejus
3442 531 3593 583 nocte
3617 535 3854 596 venerunt,

2307 640 2366 690 et
2407 632 2583 688 furati
2637 632 2774 685 sunt
2815 644 2968 696 eum,
3021 625 3186 680 nobis
3232 622 3624 678 dormientibus
3663 623 3853 694 (Matth,

2305 745 2496 798 xxvm,
2535 726 2643 796 13).
2675 747 2702 775 ››
2737 725 2810 779 Ex
2852 727 3112 792 tempore
3152 719 3307 773 enim
3348 716 3489 788 quod
3528 733 3559 770 a
3591 717 3858 771 custodibus

2307 823 2733 894 compererunt,
2773 819 3178 888 argumentum
3215 811 3424 866 fraudis
3461 810 3730 882 arripiunt.
3756 811 3860 865 Nam

2304 920 2547 973 Joannes
2599 928 2791 980 mane,
2839 927 2967 965 cum
3021 907 3209 963 adhuc
3268 904 3509 960 tenebrze
3557 911 3740 971 essent,
3778 905 3860 960 Ma-

2309 1012 2449 1066 riam
2477 1007 2863 1080 Magdalenam
2891 1003 2964 1058 ad
3006 1019 3064 1056 se
3105 1005 3163 1056 et
3193 999 3263 1054 ad
3307 1000 3526 1053 Petrum
3562 997 3753 1052 venisse
3779 998 3861 1069 sig-

2310 1104 2501 1160 nificat
2547 1105 2743 1173 (Joan.,
2792 1115 2880 1165 xx,
2926 1101 2976 1163 1,
3011 1096 3100 1167 2);
3138 1099 3192 1149 et
3235 1098 3428 1148 tamen
3466 1092 3702 1162 ignaram
3741 1091 3864 1144 facta
3969 1165 3972 1170 Ι

2310 1195 2742 1254 resurrectionis
2803 1191 3051 1259 inducit;
3109 1205 3245 1243 nam
3309 1187 3497 1257 utique
3557 1185 3598 1238 si
3656 1184 3866 1254 advespe-

2313 1297 2564 1348 rascente
2616 1289 2705 1344 die
2777 1287 2918 1342 facta
2988 1289 3154 1350 esset,
3213 1282 3404 1336 statim
3462 1280 3636 1349 potuit
3691 1279 3868 1332 innote-

2315 1404 2471 1443 scere
2481 1431 2493 1441 .

2390 1484 2507 1536 153.
2566 1480 2726 1534 Mane
2775 1480 2879 1541 est,
2923 1478 2980 1528 et
3026 1472 3210 1527 adhuc
3257 1472 3454 1525 Petrus
3516 1467 3696 1533 nescit,
3740 1465 3870 1520 nescit

2314 1577 2586 1631 Joannes.
2617 1569 2904 1642 Numquid
2943 1566 3265 1640 patiebatur
3293 1563 3560 1618 Dominus
3588 1559 3773 1615 diutius
3795 1565 3874 1613 tor-
3972 1621 3973 1624 η

2317 1669 2479 1744 queri
2524 1666 2829 1738 discipulos
2865 1679 2980 1717 suae
3023 1661 3219 1716 mortis
3265 1659 3478 1713 incerto
3517 1655 3638 1726 (26),
3675 1653 3735 1708 ad
3771 1668 3874 1724 quos

581 1773 1054 1847 prmoipitandum
1092 1773 1355 1839 arbitror,
1399 1787 1512 1842 quo
1555 1770 1746 1825 minus
1797 1769 2007 1823 rimosa
2055 1739 2294 1822 nobisB
2320 1763 2507 1818 statim
2541 1761 2798 1833 angelus,
2841 1757 3029 1811 statim
3072 1753 3345 1811 Dominus
3377 1753 3546 1822 gesta:
3586 1749 3662 1802 rei
3703 1747 3874 1800 nuntias

583 1873 835 1939 patescat
866 1868 1071 1922 oratio.

662 1965 780 2017 150.
827 1961 1079 2016 Primum
1119 1960 1294 2031 igitur
1332 1959 1469 2012 illud
1508 1957 1878 2029 spectandum
1929 1962 2034 2026 est,
2068 1955 2220 2027 quod

585 2056 855 2127 scriptum
889 2060 973 2109 est
1005 2071 1017 2108 :
1050 2077 1075 2102 ‹‹
1109 2055 1345 2125 Vespere
1378 2058 1570 2106 autem
1603 2051 1852 2116 Sabbati,
1887 2067 2016 2122 quae
2043 2050 2220 2103 luces-

586 2149 660 2204 cit
707 2150 765 2202 in
809 2149 993 2220 prima
1037 2147 1262 2201 Sabbati
1313 2146 1547 2216 (Matth,
1597 2161 1780 2214 xxvm,
1832 2144 1904 2215 1),
1949 2165 1977 2192 »
2031 2159 2217 2197 resur-

587 2245 802 2298 rexisse
835 2241 1158 2296 Dominum.
1188 2241 1274 2296 Sic
1317 2240 1468 2294 enim
1506 2239 1682 2293 habes
1712 2255 1724 2293 :
1759 2237 1891 2310 quia
1921 2259 1947 2286 ‹‹
1982 2239 2222 2308 Vespere

588 2335 810 2393 Sabbati
849 2335 1002 2390 venit
1029 2335 1201 2390 Maria
1239 2333 1568 2406 Magdalene
1615 2336 1671 2387 et
1715 2331 1893 2386 altera
1933 2331 2100 2386 Maria
2149 2331 2224 2384 vi-

589 2431 722 2486 dere
766 2431 1112 2502 sepulcrum.
1161 2431 1226 2484 Et
1282 2444 1413 2482 ecce
1469 2430 1638 2480 terrae
1685 2431 1870 2480 motus
1917 2425 2096 2480 factus
2141 2429 2226 2478 est

589 2539 832 2596 magnus
861 2522 1046 2595 (lbid.,
1077 2527 1129 2590 1,
1162 2521 1234 2593 2).
1268 2543 1292 2569 ››
1329 2523 1454 2576 Non
1481 2520 1636 2575 enim
1667 2519 1757 2574 die
1797 2519 2029 2575 Sabbati
2063 2519 2222 2590 [nam

592 2639 620 2668 ‹‹
683 2617 964 2672 siluerunt
1017 2617 1128 2687 (25)
1186 2616 1432 2672 Sabbato
1501 2615 1812 2670 secundum
1882 2613 2218 2668 mandatum

591 2712 760 2782 (Luc.,
811 2727 969 2777 xxur,
1013 2710 1155 2782 56)];
1190 2732 1215 2759 ν
1258 2709 1356 2764 sed
1396 2713 1520 2781 post
1564 2708 1792 2764 Salibati
1841 2707 2017 2772 diem,
2059 2711 2224 2762 nocte

591 2806 788 2877 utique
840 2805 1168 2859 resurrexit.
1226 2803 1478 2875 Denique
1528 2819 1656 2875 qua:
1714 2818 1880 2856 mane
1927 2807 2222 2870 venerunt,

591 2901 722 2954 licet
763 2897 929 2953 valde
968 2904 1245 2970 tempore,
1289 2901 1477 2951 tamen
1517 2897 1636 2966 jam
1680 2895 1986 2951 Dominum
2033 2911 2220 2950 resur-

592 2994 807 3048 rexisse
835 2999 1246 3063 cognoverunt.

2323 1858 2589 1913 mulieres
2613 1851 2951 1910 destinavit?
2981 1852 3049 1905 Et
3078 1855 3142 1903 ut
3171 1847 3314 1902 scias
3359 1848 3519 1900 nocte
3561 1843 3766 1907 factum,
3793 1854 3875 1893 mu-

2324 1954 2490 2007 lieres
2528 1951 2654 2005 alite
2693 1947 2977 2013 nesciunt,
3013 1943 3137 1998 alim
3179 1940 3406 2008 sciunt;
3450 1937 3626 1992 sciunt
3666 1950 3773 2006 qum
3806 1932 3873 1986 ob-

2322 2047 2691 2101 servaverunt
2719 2041 2980 2096 noctibus
3021 2043 3077 2093 et
3117 2036 3338 2103 diebus,
3387 2033 3638 2087 nesciunt
3675 2044 3783 2099 quae
3814 2043 3872 2080 te-

2324 2143 2633 2194 cesserunt.
2678 2135 2862 2190 Nescit
2890 2149 3006 2188 una
3045 2130 3217 2186 Maria
3255 2126 3604 2198 Magdalene,
3632 2119 3874 2176 secundum

2321 2237 2599 2290 Joannem
2641 2231 2837 2299 (Joan.,
2887 2243 2973 2296 xx,
3009 2227 3092 2297 15)
3107 2241 3122 2294 ;
3164 2223 3265 2278 scit
3309 2221 3485 2276 altera
3523 2217 3682 2272 Maria
3711 2212 3878 2283 Magda-

2326 2330 2473 2393 lena,
2508 2325 2820 2381 secundum
2857 2321 3180 2376 Matthaeum
3212 2317 3460 2387 (Matth.,
3493 2327 3665 2379 xxvm,
3693 2308 3767 2377 9);
3788 2320 3880 2360 nam

2325 2422 2522 2478 eadem
2554 2426 2609 2476 et
2650 2423 2782 2473 ante
2816 2417 2979 2483 scire,
3012 2420 3068 2470 et
3105 2419 3306 2485 postea
3338 2407 3554 2464 nescire
3591 2420 3696 2460 non
3734 2399 3885 2473 potuit.

2327 2518 2474 2587 Ergo
2519 2515 2562 2569 si
2612 2514 2800 2585 plures
2841 2510 3046 2575 Mariae,
3091 2508 3279 2579 plures
3324 2505 3554 2559 fortasse
3593 2498 3744 2555 etiam
3778 2493 3885 2561 Mag-

2325 2610 2567 2678 dalenae,
2611 2624 2738 2663 cum
2784 2605 2924 2660 illud
2967 2618 3219 2674 personae
3263 2614 3476 2654 nomen
3522 2595 3612 2662 sit,
3653 2593 3748 2646 hoc
3780 2589 3886 2642 loco-
3973 2601 3976 2662 ξ

2328 2721 2476 2761 rum.
3973 2691 3983 2712 "

2402 2801 2519 2854 154.
2555 2797 2805 2867 Denique
2843 2794 3078 2849 alteram
3124 2807 3244 2845 esse
3284 2801 3585 2860 cognosce.
3614 2783 3706 2838 Illa
3737 2777 3889 2834 admit-

2328 2893 2465 2949 titur
2499 2891 2674 2964 pedes
2701 2887 2928 2944 Domini
2962 2892 3154 2942 tenere
3189 2901 3202 2938 :
3236 2889 3478 2954 tangere
3516 2876 3797 2933 Dominum
3821 2870 3891 2924 ista
3973 2869 3976 2928 ἶ

2327 2987 2684 3059 prohibetur.
2716 2984 2809 3038 Illa
2837 2981 3107 3053 angelum
3136 2978 3332 3033 videre
3362 2973 3590 3040 meruit,
3617 2971 3729 3026 hinc
3755 2965 3894 3059 prima
3982 2975 3983 2978 ‘

667 3091 787 3142 151.
817 3056 1109 3156 Sicvigitur
1135 3083 1586 3155 temperandum
1614 3091 1717 3150 est,
1748 3087 1810 3137 ut
1840 3099 2029 3154 neque
2059 3099 2225 3137 mane
2248 3113 2303 3185 Ο
2329 3056 2562 3152 quando
2593 3079 2764 3144 venit,
2796 3075 3084 3130 neminem
3115 3073 3272 3127 vidit.
3310 3070 3410 3127 Illa
3437 3063 3712 3137 discipulis
3749 3056 3893 3161 Denti-

593 3180 909 3246 Dominica,
957 3194 1084 3250 quas
1132 3183 1218 3232 est
1257 3178 1447 3249 prima
1491 3181 1620 3248 post
1663 3177 1993 3244 Sabbatum,
2037 3192 2224 3248 neque
2253 3166 2303 3185 υ
2329 3191 2468 3230 num
2511 3171 2883 3227 resurrexisse
2930 3167 3232 3236 nuntiavit,
3265 3167 3372 3219 ista
3418 3168 3637 3234 raptum
3680 3171 3783 3212 esse
3811 3166 3895 3219 sng-

592 3273 839 3330 Sabbato
872 3272 1210 3326 resurrectio
1258 3271 1407 3325 facta
1447 3271 1728 3325 credatur.
1770 3271 1910 3325 Nam
1938 3269 2226 3342 quomodo

2329 3268 2536 3323 niﬁcat.
2581 3266 2684 3322 Illa
2730 3263 2962 3337 gaudet,
3007 3262 3127 3316 haec
3168 3260 3383 3332 plorat.
3426 3256 3509 3312 llli
3543 3255 3599 3309 in
3641 3249 3796 3324 gloria
3827 3257 3898 3298 sua
3981 3305 3983 3337 ἡ

594 3366 849 3422 triduum
876 3365 1301 3436 compleretur?
1337 3365 1457 3419 Non
1488 3380 1625 3436 ergo
1656 3339 2078 3435 vesperascente
2111 3364 2224 3433 die,
2320 3364 2442 3435 jam
2472 3361 2727 3418 Christus
2758 3357 3019 3423 occurrit,
3054 3356 3176 3409 tunc
3197 3353 3390 3409 adhuc
3421 3355 3696 3406 mortuum
3721 3339 3894 3436 quaerit.

596 3459 697 3516 sed
754 3459 932 3514 noctis
982 3473 1216 3530 vespere
1272 3459 1602 3513 resurrexit.
1660 3455 1912 3530 1537
1972 3457 2226 3528 Denique
2273 3521 2275 3524 ι

596 3555 821 3610 Graecus
875 3569 998 3608 sero
1040 3553 1202 3623 dixit,
1256 3554 1360 3607 hoc
1405 3557 1507 3621 est,
1567 3558 1675 3623 ὀψέ.
1729 3552 1867 3608 Sero
1923 3556 2115 3608 autem
2173 3555 2229 3606 et

597 3649 802 3704 horam
827 3647 1013 3719 signat
1054 3647 1112 3701 in
1151 3662 1352 3702 occasu
1384 3645 1518 3713 diei,
1560 3649 1616 3701 et
1639 3646 1910 3718 cujusque
1937 3645 2021 3699 rei
2050 3645 2224 3716 signi-

596 3742 724 3798 ﬁcat
748 3741 1072 3796 tarditatem
1097 3757 1110 3808 ;
1145 3740 1436 3812 quomodo
1462 3740 1508 3794 si
1536 3740 1690 3794 dicas
1718 3757 1730 3793 :
1765 3740 1902 3794 Sero
1936 3739 2072 3793 mihi
2102 3755 2229 3810 sug—

596 3842 822 3908 gestum
863 3839 965 3903 est,
996 3834 1048 3889 id
1092 3840 1197 3901 est,
1237 3833 1417 3888 tarde.
1464 3836 1603 3890 Sero
1647 3833 1823 3902 venit,
1854 3833 1908 3888 id
1954 3839 2058 3898 est,
2103 3836 2232 3905 post

597 3931 978 4004 praestitutum
1005 3933 1232 4000 tempus
1262 3927 1508 3996 advenit,
1535 3933 1591 3981 et
1617 3928 1746 3982 licet
1775 3944 1945 3983 mane
1972 3926 2230 3998 sequenti

599 4024 690 4079 die
735 4023 836 4094 (26)
869 4022 1108 4088 venerit,
1153 4037 1280 4076 sero
1328 4028 1413 4076 est
1452 4024 1666 4088 tamen,
1711 4021 1804 4074 ubi
1852 4020 2060 4091 agendi
2097 4024 2232 4074 tem-

599 4132 708 4189 pus
735 4132 1033 4171 emensum
1061 4119 1163 4170 est.
1205 4116 1298 4168 Est
1346 4121 1403 4169 et
1447 4131 1571 4169 sero
1612 4121 1841 4185 tempus
1878 4115 2059 4169 noctis
2096 4129 2228 4184 pro-

601 4209 870 4277 fundum,
911 4215 977 4265 ut
1019 4209 1067 4262 si
1107 4207 1301 4263 dicas:
1348 4208 1483 4264 Sero
1531 4208 1604 4262 ad
1649 4208 2065 4262 lucubrandum
2110 4223 2228 4262 sur-

601 4305 772 4373 rexit,
795 4304 853 4359 id
883 4306 988 4370 est,
1019 4319 1131 4357 non
1161 4302 1484 4373 vespertino
1513 4305 1790 4373 tempore,
1816 4301 1915 4356 sed
1944 4301 2234 4373 profunda

601 4402 766 4455 nocte
797 4398 1060 4454 surrexit.

2331 3430 2425 3512 illa
2475 3453 2778 3510 Dominum
2835 3450 2978 3506 vidit
3025 3453 3083 3503 et
3125 3446 3401 3513 credidit,
3451 3445 3570 3499 haec
3616 3455 3723 3496 non
3766 3430 3897 3506 potuit

2331 3565 2643 3623 agnoscere
2672 3562 2800 3603 cum
2842 3545 3078 3599 videret.
3112 3543 3208 3598 llla
3245 3541 3404 3596 ﬁdeli
3444 3535 3708 3593 adorabat
3735 3532 3782 3585 in
3818 3525 3898 3596 spi-

2333 3645 2464 3713 ritu,
2494 3645 2615 3699 htec
2641 3641 2814 3697 dubio
2845 3636 3312 3694 moestiticabatur
3336 3633 3568 3689 affectu.

2406 3712 2524 3793 155.
2551 3735 2748 3791 Merito
2783 3733 3061 3788 nimirum
3097 3729 3444 3803 prohibetur
3486 3732 3716 3796 tangere
3757 3712 3898 3772 Domi-

2335 3849 2502 3899 num;
2535 3847 2650 3886 non
2683 3828 2832 3884 enim
2877 3825 3153 3897 corporali
3195 3827 3348 3878 tactu
3383 3820 3688 3882 Christum,
3718 3810 3798 3868 sed
3824 3804 3900 3899 tidt

2333 3927 2671 3998 tangimus:
2718 3945 2745 3973 «
2792 3921 3056 3976 Nondum
3103 3918 3280 3987 enim,
3341 3915 3550 3988 inquit,
3607 3903 3815 3966 ascendi
3855 3896 3901 3951 ad

2332 3995 2553 4076 Patrem
2601 4032 2794 4072 meum
2831 4019 3028 4083 (Joan.,
3070 4029 3160 4081 xx,
3195 4013 3312 4081 l7);
3346 4029 3374 4063 ι)
3414 4010 3524 4065 hoc
3564 4011 3665 4073 est,
3709 3995 3904 4056 nondum
3982 3995 3983 4032 ξ

2333 4113 2436 4169 tibi
2466 4112 2688 4168 escendi
2721 4127 2848 4182 quas
2889 4109 3174 4163 viventem
3215 4121 3352 4160 cum
3381 4101 3624 4159 mortuis
3652 4091 3848 4170 quieris.
3869 4089 3905 4137 εί
3982 4095 3983 4156 ἶ

2336 4207 2468 4263 ideo
2505 4207 2575 4262 ad
2614 4205 2880 4261 fortiores
2917 4202 3178 4267 mittitur,
3222 4214 3474 4271 quorum
3523 4191 3741 4250 credere
3779 4184 3906 4241 discat

2337 4301 2597 4372 exemplo
2630 4298 2762 4370 (28),
2792 4303 2857 4353 ut
2884 4297 2963 4351 illi
2989 4293 3475 4350 resurrectionem
3505 4285 3810 4362 pradicent.

2413 4368 2529 4450 l56_.
2587 4368 2737 4449 Sicut
2801 4391 2859 4446 in
2917 4387 3198 4462 principio
3263 4385 3481 4441 mulier
3535 4384 3722 4438 auctor
3773 4368 3908 4440 culpa?

677 4497 797 4548 152.
837 4493 993 4548 Unde
1039 4495 1096 4547 et
1145 4492 1415 4547 mulieres
1462 4491 1534 4544 ad
1582 4493 2029 4545 monumentum
2068 4506 2228 4545 acce-
2253 4485 2461 4557 Dfuit,
2504 4488 2588 4542 vir
2627 4491 2922 4542 exsecutor
2956 4482 3206 4539 erroris:
3243 4480 3321 4534 ita
3363 4495 3517 4534 nunc
3559 4489 3681 4547 quae
3711 4471 3908 4557 maritim

604 4587 777 4642 dendi
828 4587 1040 4641 habent
1085 4586 1438 4654 facultatem,
1485 4586 1607 4655 jam
1661 4585 1858 4655 utique
1909 4583 2237 4639 custodibus

605 4680 1046 4754 quiescentibus,
1091 4687 1146 4734 et
1187 4679 1291 4751 ipsi
1333 4677 1594 4733 custodes
1639 4683 1926 4732 terrentur
1967 4677 2235 4749 amplius,

606 4774 756 4848 quod
815 4789 914 4828 usu
965 4773 1121 4828 venit
1169 4789 1372 4828 somno
1426 4771 1642 4827 excitis.
1702 4774 1997 4828 Postremo
2065 4771 2237 4825 etiam

672 4958 768 5021 (ῆι)
807 4958 886 5008 Ita
927 4969 1060 5006 mss.
1111 4955 1322 5020 aliquot
1357 4954 1601 5004 melioris
1634 4957 1798 5004 notas.
1842 4953 1970 5016 Alii,
2015 4957 2070 5003 et
2109 4951 2236 5002 edit.

607 5035 866 5094 tanquam
890 5029 1032 5078 vada
1062 5039 1197 5076 caeca
1236 5025 1425 5089 legam,
1458 5024 1765 5074 tentandum
1800 5022 1946 5087 (Gill.
1976 5027 2030 5072 et
2061 5023 2238 5083 Rom.,

607 5100 933 5154 tentandum.
970 5099 1062 5149 cui
1092 5097 1251 5149 Rom.
1294 5095 1422 5146 edit.
1466 5094 1658 5156 addit,
1693 5095 1867 5157 prius,
1908 5094 2046 5144 forte
2093 5106 2241 5157 prae-

607 5177 795 5235 staret,
829 5173 1023 5235 potius,
1061 5168 1209 5234 quod
1250 5169 1304 5218 in
1351 5167 1589 5217 lectione
1633 5169 1820 5216 nostra
1863 5165 2241 5228 subintelligi—

609 5252 716 5300 tur)
741 5247 900 5294 iter...
931 5246 1168 5309 patescat
1197 5241 1391 5291 oratio.
1419 5239 1542 5289 Era.
1587 5243 1644 5289 et
1676 5251 1790 5303 seq.
1834 5237 1990 5299 edit.,
2030 5235 2242 5298 fatiscat

609 5319 822 5380 oratio;
851 5316 1114 5366 nimirum
1141 5325 1208 5362 eo
1237 5313 1467 5362 fortasse
1502 5312 1632 5375 quia
1670 5311 1756 5360 vir
1793 5309 1990 5359 doctus
2027 5309 2236 5374 putavit

610 5389 850 5441 allusum
882 5399 1002 5438 esse
1032 5384 1100 5435 ad
1129 5383 1268 5434 illud
1298 5382 1492 5447 Virgil.
1519 5393 1590 5432 ex
1617 5395 1632 5431 ι
1657 5380 1866 5431 ίΕηοὶἁ.
1889 5395 1906 5429 .-

1422 5488 1709 5552 Rimisque
1739 5487 2015 5537 fatiscunt.

615 5601 723 5652 Sed
751 5604 981 5664 patescat
1015 5613 1123 5648 non
1162 5597 1463 5648 absurdum
1495 5599 1599 5657 est,
1627 5600 1681 5645 et
1718 5596 1774 5645 in
1819 5608 1950 5645 mss.
1986 5592 2246 5664 omnibus

618 5663 910 5718 invenitur.
939 5671 1106 5718 Porro
1139 5668 1462 5726 tentandum,
1497 5667 1590 5719 hic
1619 5666 1760 5716 nihil
1789 5670 1872 5717 est
1901 5663 2051 5715 aliud
2077 5678 2245 5729 quam

620 5737 749 5785 lente
787 5737 1164 5787 moderandum
1192 5754 1207 5786 :
1232 5751 1358 5787 nam
1401 5737 1548 5803 apud
1583 5737 1734 5801 Virg.
1777 5737 1921 5787 idem
1962 5738 2044 5786 est
2081 5738 2246 5800 atque

623 5805 888 5867 inﬂet-tend
897 5820 974 5853 um
986 5840 998 5854 .

2338 4584 2459 4638 viro
2496 4582 2655 4654 prior
2695 4582 3038 4651 gustaverat,
3088 4575 3570 4631 resurrectionem
3612 4567 3756 4641 prior
3788 4555 3910 4654 vidit,

2339 4678 2517 4749 culpas
2565 4675 2781 4741 ordine,
2831 4677 2892 4728 et
2935 4671 3191 4727 remedio
3241 4669 3422 4741 prior.
3473 4669 3538 4722 Et
3590 4680 3658 4719 ne
3702 4654 3910 4731 perpetIll

2339 4776 2526 4828 reatus
2583 4771 2730 4840 apud
2795 4769 2944 4823 viros
3005 4762 3377 4837 opprobrium
3445 4757 3767 4817 sustineret;
3816 4755 3910 4818 qu?

2404 4950 2500 5013 (25)
2527 4947 2818 5005 Sttuerunt,
2851 4945 3152 5010 Scriptura:
3187 4957 3290 4994 usu
3325 4956 3391 4993 ac
3435 4952 3587 4992 more
3616 4934 3814 5002 ponitur
3843 4932 3914 4990 Ρ¹⁵⁰

2342 5024 2670 5088 quieverunt.
3104 5029 3111 5038 '

2404 5093 2499 5156 (26)
2524 5093 2843 5146 Conﬂxerat
2871 5091 3002 5142 edit.
3036 5089 3195 5140 Rom.
3225 5099 3396 5138 voces
3431 5082 3666 5148 sequenti
3696 5078 3771 5127 die
3794 5089 3808 5120 :
3832 5077 3911 5132 qua

2345 5168 2526 5215 autem
2555 5177 2720 5214 causa
2750 5162 2804 5212 id
2835 5161 3046 5223 fecerit,
3071 5173 3183 5209 non
3208 5157 3342 5208 satis
3367 5160 3536 5228 patet.
3745 5215 3786 5228 η

2896 5209 3003 5284 suis
3034 5209 3445 5281 resurrectionis
3486 5226 3714 5298 incertos.
3745 5209 3912 5298 Ϋθξξί

2343 5290 2592 5372 plerique
2618 5318 2771 5367 mss,
2796 5290 2908 5356 suae
2940 5303 3124 5353 mortis
3148 5303 3410 5372 incertos;
3437 5310 3565 5372 mss.
3601 5290 3796 5372 aliquot
3820 5290 3915 5372 ῐξὶξς

2343 5359 2704 5439 Ῐὶοινὶεήοίω,
2736 5359 2948 5427 incerto.
2993 5373 3333 5440 Elegantius.
3368 5359 3515 5420 Infra
3558 5379 3680 5418 vero
3717 5359 3800 5440 ubi
3829 5362 3915 5440 ρῐξζ

2345 5464 2445 5503 nes
2469 5449 2621 5512 edit.,
2648 5417 2826 5500 statim
2855 5446 3077 5512 angelus
3096 5417 3317 5496 ODomini
3333 5457 3353 5507 ;
3385 5455 3520 5492 mss.
3550 5440 3724 5512 contra
3752 5417 3913 5512 regit}

2345 5534 2541 5582 unum,
2590 5487 2766 5570 s’tntim
2823 5486 3057 5582 angzlus,
3101 5517 3278 5567 statim
3333 5486 3613 5572 ’Dominus,
3653 5509 3748 5582 etc.
3788 5486 3915 5558 (ὶυοί1

2345 5594 2511 5643 etiam
2529 5577 2662 5643 cum
2695 5577 3014 5655 evangelica
3039 5587 3264 5638 historia
3293 5584 3444 5635 belle
3473 5577 3819 5655 congruit-ml
3845 5631 3886 5655 ιε

2409 5632 2511 5726 es;
2531 5632 2795 5713 satis:
2803 5632 3438 5724 Ξῧῐέιὶίξιῑὶἐδὶῖῶρὶξᾱτῖ
3458 5632 3696 5726 asapia.
3728 5632 3912 5726 sugg

2345 5705 2897 5798 ve‘Fﬁuch—égbiii'
2928 5705 3520 5793 teda—significatione
3584 5705 3912 5779 accipiendum

2346 5811 2488 5857 esset
2526 5818 2622 5869 pro
2654 5805 2958 5853 inducatur.

3981 3563 3983 3700 ψ
