4022 6176
130 317 252 368 1937

1255 315 1712 369 EXPUSITIUNIS
1753 317 1817 370 ΙΝ
1862 319 2081 375 LUCAM
2124 322 2246 376 LIB.
2292 321 2351 373 Χ.

3354 331 3484 383 12138

427 437 652 508 culpam
699 437 819 492 viro
871 438 1279 503 transfuderat,
1333 439 1636 493 transfodit
1695 445 1747 493 et
1771 455 1827 523 Α
1852 441 1996 512 tigit,
2041 446 2176 515 quia
2218 445 2473 516 qua-sivit
2519 447 2574 501 in
2619 447 2790 517 coelo;
2835 449 3156 520 Stephanus
3201 451 3346 506 inter
3382 454 3478 506 .lu-

117 531 354 602 gratiam
382 574 395 599 ,

116 642 245 679 nam
296 623 728 679 resurrectionis
770 625 997 680 indicio.
1041 627 1145 680 Per
1187 642 1248 679 os
1290 625 1547 681 mulieris
1593 642 1748 680 mors

112 726 240 774 ante
301 722 690 790 processerat,
748 735 848 790 per
904 737 964 773 os
1019 719 1275 775 mulieris
1337 721 1450 775 vita
1513 737 1743 792 repara-

113 821 223 868 tur.

189 912 306 962 l57.
353 906 466 961 Sed
501 907 637 978 quia
679 908 998 962 constantia
1044 909 1114 962 ad
1161 909 1586 979 praedicandum
1640 927 1740 964 ue-

110 1001 377 1070 cessaria,
407 1000 643 1055 inferior
667 1017 834 1056 sexus
858 1002 926 1056 ad
964 1002 1396 1074 exsequendum
1439 1003 1740 1071 inﬁrmior,

109 1096 241 1150 viris
282 1095 701 1166 evangelizandi
747 1095 1051 1150 mandatur
1091 1095 1364 1150 ofﬁcium.
1412 1097 1554 1152 Nam
1603 1098 1744 1152 sicut

109 1189 416 1244 mulierum
467 1205 571 1260 per
617 1190 812 1244 Iesum
864 1205 977 1243 non
1031 1191 1212 1244 solum
1271 1190 1436 1261 culpa
1489 1191 1739 1259 solvitur,

106 1284 207 1338 sed
255 1283 432 1338 etiam
475 1282 883 1353 multiplicatur
928 1283 1142 1355 gratia;
1199 1287 1259 1337 ut
1306 1284 1561 1354 pluribus
1609 1302 1738 1339 sua-

104 1379 255 1442 deat,
303 1393 434 1448 quas
475 1393 656 1432 unum
701 1380 832 1432 ante
879 1376 1208 1448 deceperat,
1254 1379 1335 1432 ita
1383 1381 1440 1432 et
1485 1379 1596 1446 vir,
1644 1380 1740 1450 qui

105 1478 327 1526 temere
370 1475 502 1525 ante
546 1471 892 1537 crediderat,
939 1472 1280 1528 fmneratum
1327 1487 1531 1527 munus
1579 1490 1735 1528 recu-

100 1581 305 1636 perare
364 1564 587 1628 debuit;
649 1568 710 1618 ut
762 1566 861 1637 qui
914 1565 1019 1619 sibi
1077 1566 1196 1636 ipse
1244 1566 1429 1620 fuerat
1491 1567 1563 1621 ad
1614 1584 1737 1621 cre-

98 1658 356 1714 dendum
385 1658 648 1725 lubricus,
678 1659 840 1714 fieret
876 1659 999 1714 aliis
1035 1659 1102 1714 ad
1143 1658 1575 1730 prtedicandum
1615 1659 1733 1715 ido-

97 1769 269 1808 nens.

475 531 793 604 veterisque
874 533 1062 602 lapsus
1134 538 1463 603 compensat
1537 549 1745 587 aerum-

1849 535 2002 591 dazos
2059 537 2195 592 vidit
2251 539 2581 606 absentem;
2636 542 2808 596 Maria
2861 543 3011 597 inter
3073 545 3309 614 angelos
3364 561 3480 599 non

1848 629 1988 685 vidit
2031 637 2391 702 praesentem.
2435 633 2547 688 Sed
2587 651 2762 706 quare
2805 653 2918 689 non
2957 635 3206 706 potuerit
3237 637 3327 690 illa
3359 642 3489 692 tan-

1848 740 2002 795 gere,
2033 726 2382 797 evangelista
2419 727 2536 799 ipse
2566 745 2670 784 nos
2702 729 2895 784 docuit
2937 729 3151 798 dicens,
3183 731 3320 802 quia
3352 748 3484 789 cum

1847 823 1901 872 te
1942 818 2182 888 videret,
2222 819 2507 876 nesciebat
2549 822 2686 893 quia
2728 827 2788 876 tu
2817 840 2908 892 es;
2943 824 3023 877 sic
3069 824 3219 880 enim
3264 826 3479 881 habes:

1851 937 1876 960 ‹‹
1909 913 2189 968 Conversa
2219 919 2300 968 est
2343 921 2680 984 retrorsum,
2714 923 2769 971 et
2806 917 2940 971 vidit
2976 919 3166 972 Jesum
3207 924 3478 987 stantem,

1845 1013 1898 1058 et
1941 1024 2050 1060 non
2095 1007 2307 1062 sciebat
2343 1008 2477 1080 quia
2512 1010 2668 1064 Jesus
2712 1015 2796 1064 est
2838 1010 3022 1078 (lbid.,
3065 1013 3168 1083 14).
3214 1034 3239 1060 n
3281 1013 3478 1069 Merito

1844 1105 2083 1172 tangere
2115 1117 2229 1156 non
2259 1103 2459 1173 potuit,
2487 1119 2615 1174 quae
2644 1103 2834 1159 videre
2867 1121 2978 1159 non
3023 1108 3312 1176 potuerat;
3345 1124 3478 1162 nam

1845 1195 1941 1263 qui
1970 1194 2121 1249 videt
2147 1195 2346 1265 tangit.

1919 1291 2035 1342 161.
2069 1290 2260 1360 Itaque
2299 1291 2436 1361 quid
2476 1291 2699 1346 intersit
2725 1293 2875 1346 inter
2912 1293 3067 1347 illam
3105 1300 3160 1348 et
3189 1295 3335 1349 hanc
3362 1297 3476 1350 Ma-

1842 1381 1987 1435 riam
2021 1383 2308 1453 Scriptura
2346 1384 2669 1455 distinguit.
2707 1385 2808 1440 llla
2838 1387 3099 1453 occurrit,
3133 1393 3192 1442 ut
3221 1387 3478 1462 1539

1840 1477 2024 1530 Jesum
2089 1476 2296 1542 videat,
2360 1477 2477 1532 haec
2539 1483 2846 1534 retrorsum
2904 1480 3252 1535 convertitur
3309 1501 3319 1535 :
3378 1482 3473 1537 illa

1840 1568 2140 1636 salutatur,
2190 1570 2309 1624 haec
2360 1570 2745 1642 redarguitur.
2797 1573 3050 1644 Denique
3097 1575 3172 1628 sic
3229 1575 3400 1630 habes
3457 1591 3470 1630 :

1843 1685 1867 1709 ‹‹
1921 1662 2063 1717 Dicit
2106 1663 2156 1718 ei
2199 1664 2358 1718 Jesus
2408 1682 2419 1718 :
2466 1666 2665 1718 Mulier
2711 1667 2893 1727 (lbid.,
2955 1668 3059 1736 15).
3100 1688 3124 1718 ››
3165 1669 3300 1732 Quae
3353 1685 3471 1724 non

1838 1756 2037 1821 credit,
2093 1757 2297 1812 mulier
2345 1761 2445 1822 est,
2502 1765 2556 1813 et
2604 1759 2792 1814 adhuc
2839 1761 3095 1832 corporei
3147 1777 3312 1817 sexus
3361 1779 3464 1835 ap-

176 1849 300 1902 158.
334 1847 446 1902 Sed
485 1847 848 1902 advertamus
880 1847 1053 1902 verba
1086 1847 1340 1902 mandati
1375 1865 1387 1901 :
1428 1870 1452 1894 ‹‹
1488 1848 1611 1902 Noli
1643 1864 1735 1903 me
1757 1827 1811 1897 Β
1834 1850 2135 1922 pellatione
2175 1852 2467 1922 signatur;
2526 1870 2654 1906 nam
2694 1870 2824 1924 quae
2871 1827 3083 1921 credit,
3130 1856 3374 1910 occurrit
3396 1827 3472 1912 in

95 1952 373 2013 tangere;
411 1942 666 1996 nondum
693 1941 846 1997 enim
880 1941 1110 1996 ascendi
1146 1941 1220 1996 ad
1259 1943 1482 1996 Patrem
1520 1958 1728 1997 meum.

1837 1944 2017 1998 virum
2052 1944 2388 2015 perfectum,
2420 1945 2473 1998 in
2509 1963 2837 2001 mensuram
2865 1947 3049 2002 aetatis
3089 1949 3470 2020 plenitudinis

92 2035 251 2090 Vade
289 2041 480 2090 autem
518 2035 589 2089 ad
627 2035 829 2090 fratres
869 2052 1048 2102 meos,
1090 2039 1146 2089 et
1185 2035 1274 2090 dic
1313 2035 1395 2089 eis
1427 2053 1440 2088 :
1476 2035 1732 2090 Ascendo
1833 2038 2056 2103 Christi,
2093 2054 2290 2092 carens
2313 2039 2436 2109 jam
2483 2040 2720 2094 nomine
2764 2041 2974 2107 saeculi,
3017 2043 3271 2114 corporis
3311 2059 3467 2112 sexu,

91 2129 168 2183 ad
229 2131 454 2183 Patrem
512 2145 739 2195 meum,
792 2131 848 2183 et
905 2131 1125 2184 Patrem
1179 2133 1431 2183 vestrum
1486 2146 1498 2182 :
1551 2129 1731 2183 Deum
1835 2131 2048 2186 lubrico
2107 2132 2453 2201 juventutis,
2512 2133 2870 2205 multiloquio
2940 2137 3269 2191 senectutis.
3327 2137 3471 2193 Dicit

91 2239 323 2291 meum,
375 2227 433 2277 et
474 2224 651 2277 Deum
695 2227 945 2278 vestrum
1000 2225 1194 2292 (Joan.,
1235 2239 1324 2290 xx,
1373 2223 1474 2291 l7).
1515 2244 1539 2270 »ι
1576 2223 1730 2287 Quo-
1835 2242 1970 2297 ergo
2011 2227 2168 2279 Jesus
2199 2243 2210 2279 :
2245 2247 2271 2272 «
2310 2226 2526 2292 Mulier,
2569 2226 2704 2298 quid
2752 2228 2941 2298 ploras
2980 2230 3207 2298 (Ibat)?
3236 2254 3262 2280 ››
3293 2230 3468 2296 Quasi

90 2318 272 2373 modo
319 2334 432 2372 non
471 2316 822 2383 ascenderas,
869 2316 1106 2371 Domine
1139 2319 1312 2372 Jesu?
1348 2316 1730 2381 Quemadmo-
1836 2319 2028 2372 dicat:
2066 2319 2182 2373 Non
2222 2320 2500 2390 lacrymas
2542 2320 2725 2375 nudas
2767 2322 2935 2389 Deus,
2977 2322 3076 2376 sed
3121 2323 3298 2378 ﬁdem
3341 2326 3464 2379 exi-

91 2412 238 2466 dum
280 2412 498 2477 aberas,
529 2412 626 2482 qui
667 2411 722 2464 in
769 2427 972 2465 manus
1013 2411 1192 2466 Patris
1229 2413 1731 2467 commendaveras
1835 2413 1934 2482 git.
1977 2414 2142 2467 Bome
2183 2412 2470 2483 lacrymaa,
2509 2413 2555 2467 si
2579 2413 2868 2469 Christum
2903 2431 3195 2486 agnoscas.
3230 2437 3259 2466 «
3289 2418 3466 2482 Quem

89 2507 408 2577 spiritum?
450 2509 557 2560 Aut
603 2505 833 2576 quando
872 2505 1069 2560 abesse
1111 2513 1298 2577 potes,
1352 2507 1448 2577 qui
1503 2523 1734 2577 semper
1832 2507 2038 2578 quaeris
2080 2507 2298 2576 (Ibid)?
2337 2528 2364 2555 »
2403 2505 2611 2578 inquit.
2661 2508 2946 2562 Molimina
2994 2509 3150 2563 enim
3191 2511 3465 2565 Dominus

92 2605 151 2655 in
211 2603 380 2656 Patre
434 2617 523 2668 es,
579 2616 709 2654 cum
768 2601 931 2654 Patre
987 2602 1252 2671 semper?
1309 2602 1560 2672 Denique
1612 2601 1731 2672 ipse
1832 2617 1955 2654 sera
1991 2599 2356 2654 condemnat.
2390 2600 2502 2654 Sed
2540 2601 2687 2656 bene
2719 2601 2982 2656 addidit:
3022 2624 3049 2651 «
3082 2604 3263 2667 Quem
3306 2621 3464 2675 quaa-

92 2696 298 2749 dixisti
348 2711 360 2748 :
413 2717 438 2741 «ι
493 2694 549 2749 Si
597 2694 942 2748 descendero
995 2694 1049 2747 in
1099 2694 1422 2760 infernum,
1471 2694 1623 2748 ades.
1672 2694 1729 2748 Si
1833 2695 1944 2747 ris?
1975 2715 2000 2742 η
2039 2695 2156 2748 Non
2201 2693 2356 2764 quod
2397 2694 2504 2748 iste
2553 2693 2776 2750 dubitet
2819 2712 2989 2766 quem
3039 2696 3316 2767 requirat,
3359 2698 3460 2752 sed

88 2805 402 2860 sumpsero
453 2805 670 2860 pennas
716 2805 871 2842 meas
921 2791 1053 2842 ante
1109 2790 1322 2854 lucem,
1377 2791 1433 2841 et
1483 2787 1729 2842 habitem
1833 2787 1969 2858 quia
1993 2787 2091 2842 illa
2126 2803 2300 2858 quem
2339 2792 2578 2858 quierat,
2625 2788 2874 2860 ignorat;
2920 2806 3036 2844 non
3079 2791 3234 2844 enim
3271 2791 3464 2846 Chris-

91 2886 157 2937 in
190 2889 454 2938 extremo
483 2883 680 2948 maris,
723 2882 935 2937 etenim
980 2882 1072 2936 illo
1109 2897 1312 2936 manus
1354 2887 1451 2935 tua
1492 2881 1732 2936 deducet
1833 2887 1950 2935 tum
1993 2881 2219 2952 quaerit,
2262 2897 2436 2952 quem
2477 2886 2641 2952 putat
2675 2887 2922 2953 raptum.
2965 2883 3141 2938 Adest
3183 2884 3460 2952 Christus,

91 2994 192 3032 me
223 2978 397 3033 (Psul.
431 2992 691 3042 CXXXVIII,
720 2977 895 3044 8-l0).
929 2999 956 3025 ››
985 2978 1094 3030 Aut
1123 2975 1412 3047 quomodo
1447 2975 1726 3043 ascendis,

86 3072 190 3144 qui
224 3071 445 3141 ubique
472 3086 700 3142 semper
731 3070 828 3124 es?

168 3168 293 3220 159.
358 3163 705 3218 Descendisti
765 3163 998 3234 quidem
1059 3163 1224 3217 Filius
1285 3163 1564 3230 hominis,
1626 3180 1804 3265 necC

86 3260 270 3326 Patri,
330 3275 459 3312 cum
513 3257 913 3323 descenderes,
958 3257 1212 3320 abfuisti;
1260 3257 1355 3311 sed
1395 3256 1732 3312 descendisti

88 3354 280 3419 nobis,
327 3358 390 3406 ut
433 3358 490 3406 te
533 3352 711 3406 oculis
755 3367 819 3405 ac
861 3351 1144 3405 mentibus
1188 3350 1529 3420 videremus,
1578 3351 1727 3405 utin

87 3453 138 3502 te
182 3446 577 3501 crederemus.
615 3447 761 3517 Ergo
801 3449 858 3498 et
896 3445 1196 3500 ascendisti
1236 3445 1434 3512 nobis,
1480 3449 1542 3499 ut
1577 3449 1631 3499 et
1670 3447 1727 3499 te

83 3556 467 3612 sequeremur
515 3539 836 3605 mentibus,
893 3555 1064 3609 quem
1119 3538 1291 3592 oculis
1347 3538 1546 3593 videre
1612 3556 1725 3593 nou

84 3651 418 3705 possumus.
471 3632 782 3688 Ascendisti
831 3632 1141 3703 apostolis,
1197 3631 1403 3703 quibus
1459 3631 1652 3686 dixisti
1712 3649 1724 3685 :

99 3755 105 3770 ι
145 3727 262 3793 Qui
305 3743 400 3782 me
434 3727 607 3794 videt,
650 3726 802 3780 videt
845 3731 903 3780 et
939 3727 1162 3781 Patrem
1202 3725 1404 3797 (Joan.,
1439 3742 1548 3791 xvx,
1589 3728 1661 3793 9).
1702 3745 1723 3776 ι

78 3823 349 3893 Denique
407 3823 646 3875 Joannes
699 3820 795 3874 ubi
850 3828 905 3874 te
957 3823 1268 3892 quareret,
1327 3819 1506 3873 scivit.
1568 3820 1726 3890 Apud

79 3919 316 3971 Patrem
369 3915 646 3987 quiesivit,
699 3919 756 3969 et
809 3915 1040 3986 reperit,
1096 3917 1154 3968 et
1203 3914 1328 3968 ideo
1381 3914 1462 3968 ait
1512 3933 1524 3968 :
1583 3934 1610 3962 ‹‹
1662 3914 1729 3968 Et

77 4012 337 4065 Verbum
370 4011 493 4062 erat
519 4008 671 4079 apud
700 4009 880 4063 Deum
912 4008 1114 4078 (Joan.,
1146 4025 1183 4076 ι,
1229 4009 1296 4077 1).
1339 4029 1364 4055 ››
1410 4007 1726 4062 Ascendisti

77 4111 137 4159 et
186 4104 392 4171 Paulo,
435 4103 532 4175 qui
578 4118 694 4157 non
739 4105 1040 4157 contentus
1086 4101 1238 4156 solus
1281 4105 1339 4155 te
1391 4101 1574 4172 sequi,
1625 4117 1728 4155 nos

79 4215 321 4270 quoque
351 4197 544 4252 docuit
569 4195 1057 4268 quemadmodum
1085 4199 1141 4249 te
1173 4211 1505 4266 sequamur,
1533 4200 1590 4249 et
1625 4194 1725 4248 ubi

83 4301 134 4344 te
187 4291 447 4364 reperire
495 4291 795 4362 possimus,
850 4290 1044 4344 dicens
1087 4308 1100 4344 :
1147 4309 1174 4340 (ι
1216 4289 1276 4344 Si
1325 4305 1462 4360 ergo
1500 4305 1728 4344 consur-

89 4387 318 4441 rexistis
364 4401 494 4438 cum
539 4384 789 4451 Christo,
837 4399 967 4455 qua:
1013 4399 1239 4437 sursum
1285 4384 1418 4437 sunt
1467 4381 1724 4453 quierite,

84 4481 178 4534 ubi
212 4480 479 4537 Christus
519 4483 605 4534 est
639 4479 708 4532 ad
753 4477 1052 4533 dexteram
1102 4477 1200 4531 Dei
1245 4476 1447 4532 sedens
1485 4475 1724 4547 (Coloss,

1832 2975 2312 3046 quemadmodum
2347 2975 2664 3046 quazritur?
2704 2976 2960 3030 Nescitur
2996 2993 3134 3048 ergo
3177 2979 3274 3049 qui
3303 2995 3461 3050 quae-

1831 3069 1992 3136 ritur,
2021 3069 2246 3141 quando
2275 3085 2390 3123 non
2419 3068 2796 3139 cognoscitur,
2824 3086 2956 3124 cum
2981 3070 3238 3125 videtur.

1907 3166 2026 3217 l62.
2076 3163 2330 3234 Denique
2369 3162 2658 3218 Christum
2705 3162 2951 3230 videbat,
2999 3166 3056 3218 et
3096 3163 3463 3220 hortulanum

1829 3257 2090 3327 putabat;
2136 3257 2215 3311 sic
2254 3257 2408 3312 enim
2455 3256 2633 3312 habes
2676 3276 2690 3312 :
2738 3278 2762 3306 α
2808 3257 2911 3312 Illa
2951 3257 3282 3312 existimans
3329 3258 3466 3330 quia

1830 3351 2160 3405 hortulanus
2189 3354 2358 3420 esset,
2392 3351 2536 3406 dixit
2574 3350 2626 3404 ei
2655 3369 2667 3406 :
2701 3351 2960 3418 Domine,
2999 3351 3046 3404 si
3086 3354 3147 3405 tu
3190 3352 3467 3408 sustulisti

1830 3461 1982 3513 eum,
2025 3444 2195 3500 dicito
2241 3444 2382 3498 mihi
2426 3444 2520 3499 ubi
2571 3445 2802 3515 posuisti
2847 3461 3000 3512 eum,
3052 3452 3111 3499 ut
3165 3462 3274 3517 ego
3321 3463 3456 3501 eum

1828 3538 2020 3594 tollam
2067 3539 2328 3608 (1bid.).»
2373 3538 2487 3593 Etsi
2528 3539 2640 3593 ﬁde
2678 3537 2913 3605 incerta,
2957 3543 3151 3594 tamen
3191 3556 3460 3596 sermone

1827 3647 1941 3686 non
1979 3631 2240 3685 lubrica:
2285 3631 2392 3685 etsi
2430 3631 2808 3686 hortulanum
2851 3633 3088 3702 putavit,
3132 3637 3324 3688 tamen
3367 3635 3460 3689 Dei

1831 3725 2033 3779 Filium
2077 3724 2420 3796 designavit;
2470 3725 2573 3779 etsi
2621 3724 2807 3779 adhuc
2852 3741 2965 3780 non
3007 3725 3217 3793 credit,
3266 3729 3461 3783 tamen

1827 3818 2052 3874 aﬁectat
2083 3824 2143 3872 ut
2173 3818 2395 3887 credat;
2429 3818 2547 3889 ipse
2578 3818 2735 3873 enim
2769 3835 2977 3890 corpus
3011 3819 3159 3888 tulit,
3196 3820 3295 3892 qui
3336 3837 3458 3874 sus-

1829 3913 2042 3967 citavit.
2093 3914 2241 3984 Ergo
2286 3912 2580 3967 veniabilis
2626 3929 2785 3968 error
2829 3913 3105 3981 mulieris,
3151 3930 3280 3985 quae
3328 3913 3462 3968 licet

1828 4005 2086 4061 dubitare
2135 4021 2250 4060 non
2301 4005 2497 4060 debuit
2540 4005 2746 4060 Christi
2799 4022 3006 4078 corpus
3055 4024 3158 4078 per
3214 4006 3460 4078 gloriam

1831 4099 2258 4156 resurrectionis
2283 4106 2640 4170 assumptum
2671 4099 2814 4171 (29);
2844 4101 3034 4156 doceri
3065 4105 3260 4157 tamen
3290 4101 3465 4173 gestit

1830 4211 1864 4248 a
1896 4193 2142 4261 Christo,
2185 4195 2238 4248 ei
2280 4193 2453 4248 ﬁdem
2495 4211 2658 4248 suam
2705 4193 2911 4249 devota
2950 4196 3260 4266 promittit;
3299 4202 3362 4250 ut
3401 4200 3463 4250 et

1831 4287 1953 4359 ipsa
1984 4287 2123 4342 illud
2153 4287 2276 4358 jam
2320 4288 2479 4343 tollat
2527 4305 2559 4342 e
2601 4288 2787 4356 terris,
2819 4294 2877 4344 et
2917 4288 2991 4342 ad
3030 4289 3321 4344 dexteram
3364 4289 3463 4344 Dei

1833 4384 2072 4452 quierat.

1905 4477 2022 4529 163.
2070 4475 2322 4544 Denique
2367 4479 2495 4545 post
2537 4475 2660 4528 haec
2711 4474 2882 4529 verba
2925 4491 3040 4529 non
3096 4475 3322 4542 mulier,
3365 4476 3462 4530 sed

77 4591 161 4638 lli,
211 4576 286 4643 1).
325 4595 353 4622 η
389 4573 457 4627 Et
484 4588 556 4627 ne
595 4573 889 4626 oculorum
935 4570 1117 4641 magis
1153 4570 1258 4624 hoc
1298 4585 1472 4641 quam
1511 4565 1942 4638 animo-Djam
1980 4568 2147 4622 Maria
2179 4576 2410 4622 vocatur
2450 4570 2650 4634 (Joan.,
2695 4584 2788 4634 xx,
2832 4567 2945 4637 l6);
2989 4567 3144 4622 aliud
3179 4574 3262 4622 est
3307 4569 3464 4624 enim

69 4685 216 4723 rum
253 4671 595 4740 putaremus
623 4665 895 4734 ofﬁcium,
936 4663 1193 4718 addidit:
1245 4686 1270 4712 ‹‹
1315 4664 1451 4728 Quae
1499 4679 1724 4717 sursum

71 4767 223 4817 sunt
247 4760 455 4832 sapite,
486 4776 602 4815 non
625 4774 754 4831 quis
784 4774 954 4829 super
983 4761 1195 4812 terram
1227 4757 1405 4824 (1bid.,
1437 4757 1509 4826 2).
1541 4778 1568 4805 ››

155 4859 288 4911 160.
331 4856 482 4926 Ergo
521 4870 636 4908 non
679 4869 852 4925 supra
889 4857 1126 4916 terram,
1174 4867 1278 4905 nec
1317 4849 1375 4903 in
1415 4853 1589 4918 terra,
1622 4866 1728 4904 nec

67 4948 411 5005 secundum
455 4963 681 5002 carnem
730 4953 783 5001 te
823 4961 1082 5018 quaerere
1131 4943 1431 5009 debemus,
1478 4943 1523 4995 si
1577 4942 1729 4996 volu-

69 5061 221 5100 mus
260 5041 544 5108 invenire;
588 5057 739 5094 nunc
779 5038 931 5094 enim
979 5037 1291 5094 secundum
1336 5052 1572 5091 carnem
1607 5036 1727 5106 jam

67 5155 202 5193 non
259 5135 524 5190 novimus
571 5133 880 5190 Christum.
933 5132 1185 5204 Denique
1238 5130 1562 5202 Stephanus
1613 5145 1725 5183 non

67 5246 269 5303 supra
314 5235 525 5283 terram
568 5227 848 5299 quaesivit,
895 5226 992 5297 qui
1031 5227 1273 5280 stantem
1317 5231 1370 5279 te
1415 5223 1490 5278 ad
1529 5223 1724 5278 dexte-

69 5341 214 5380 ram
253 5323 347 5378 Dei
373 5321 546 5376 vidit:
572 5321 744 5376 Maria
769 5323 965 5374 autem
992 5318 1123 5390 quia
1149 5318 1446 5389 quaerebat
1469 5317 1528 5372 in
1557 5319 1726 5386 terra,

69 5426 339 5489 tangere
378 5432 494 5471 non
542 5414 728 5486 potuit
774 5416 970 5484 (Joan.,
1012 5429 1105 5480 xx,
1153 5411 1258 5480 17).
1297 5411 1615 5482 Stephanus
1639 5416 1727 5465 te-

138 5613 265 5676 (29)
314 5610 441 5660 Mss.
501 5611 714 5675 aliquot
759 5608 1005 5660 melioris
1049 5607 1172 5668 aavi,
1224 5606 1317 5671 qui
1369 5605 1625 5669 suscepit;
1661 5617 1731 5676 eo

69 5675 308 5745 nempe
333 5681 668 5745 signiﬁcatu,
699 5694 810 5745 quo
845 5681 986 5730 infra
1019 5678 1243 5740 dicitur,
1276 5689 1466 5742 corpus
1496 5689 1592 5740 per
1619 5675 1731 5740 glo-

70 5759 250 5805 riam
279 5752 678 5804 resurrectionis
701 5756 1045 5814 assumptum.
1167 5757 1184 5765 “

139 5826 269 5889 βο)
301 5824 420 5874 Era.
450 5829 504 5874 et
536 5837 653 5888 seq.
695 5824 824 5875 edit.
867 5837 998 5874 cum
1038 5837 1171 5874 mss.
1213 5821 1569 5888 quibusdam,
1605 5833 1733 5870 non-

70 5904 226 5950 dum
253 5895 483 5956 arbitra,
511 5895 675 5962 plene
704 5901 879 5946 tamen
905 5895 1099 5946 nuntia
1127 5895 1264 5960 ﬁdei.
1290 5893 1488 5946 Melius
1507 5890 1728 5945 Amerb.

1826 4677 2128 4717 commune
2186 4661 2341 4732 vulgi
2397 4676 2638 4727 nomen,
2694 4660 2848 4715 aliud
2904 4661 3146 4732 speciale
3204 4679 3462 4734 persona:

1827 4755 2112 4810 Christum
2143 4754 2453 4826 sequentis.
2487 4756 2556 4809 Et
2580 4755 2650 4809 ad
2677 4754 3004 4826 discipulos,
3037 4754 3171 4811 licet
3201 4756 3461 4812 nondum

1825 4848 2041 4903 arbitra
2076 4848 2259 4919 plenae
2296 4847 2427 4902 ﬁdei
2467 4848 2601 4920 (30),
2643 4851 2838 4904 tamen
2881 4849 3081 4904 nuntia
3121 4850 3461 4905 destinatur.

1827 4941 2167 4997 Prohibetur
2207 4945 2402 4996 autem
2451 4945 2712 5012 tangere,
2760 4943 2893 5014 quia
2936 4943 3196 4999 nondum
3237 4943 3459 4998 inhabi-

1827 5041 1950 5092 tare
1981 5035 2038 5089 in
2075 5035 2296 5091 Christo
2334 5036 2705 5106 corporaliter
2749 5036 3162 5108 plenitudinem
3192 5036 3457 5092 divinita-

1827 5129 1917 5196 tis,
1947 5129 2090 5183 sicut
2120 5129 2318 5184 Paulus
2354 5129 2599 5198 (Coloss.,
2645 5147 2702 5196 ιι,
2741 5130 2818 5199 9),
2851 5133 3172 5201 acceperat;
3206 5130 3460 5185 nondum

1830 5229 2200 5278 evacuaverat
2249 5222 2528 5278 lubricum
2587 5224 2805 5291 saeculi,
2851 5224 3040 5278 carnis
3084 5223 3456 5294 ambiguum;

1830 5316 2087 5373 nondum
2131 5317 2301 5371 vitam
2341 5317 2555 5372 vixerat
2598 5316 2824 5372 Christi.
2878 5317 3128 5388 Denique
3175 5321 3305 5385 stat,
3346 5333 3461 5371 non

1830 5411 2028 5466 adorat
2081 5411 2185 5480 (3-1)
2244 5411 2573 5479 Dominum,
2621 5427 2726 5465 nec
2773 5410 2946 5482 pedes
2998 5412 3158 5466 tenet
3211 5411 3459 5478 (Matth,

1833 5621 1963 5658 cum
1990 5606 2114 5657 aliis
2138 5619 2269 5656 mss.
2303 5611 2366 5657 ut
2393 5607 2450 5656 in
2480 5610 2652 5667 textu,
2684 5606 2790 5656 nisi
2819 5603 2969 5670 quod
2993 5603 3213 5657 Amerb.
3245 5617 3461 5667 vocem,

1833 5677 2066 5737 arbitra,
2090 5681 2369 5728 commate
2393 5677 2644 5728 distinxit
2675 5691 2708 5727 a
2741 5676 3015 5740 sequenti.

1896 5749 1991 5810 (3i)
2020 5748 2228 5800 Omnes
2257 5747 2386 5799 edit.
2419 5761 2485 5799 ac
2528 5760 2656 5798 mss.
2700 5761 2812 5797 non
2858 5748 3042 5811 pauci,
3088 5747 3324 5812 Denique
3365 5747 3466 5800 ista

1833 5833 1924 5869 nec
1953 5819 2163 5870 adorat.
2196 5820 2306 5869 Alii
2335 5820 2501 5870 etiam
2531 5819 2694 5870 multi
2735 5819 3009 5886 boumque
3049 5831 3269 5882 manus,
3297 5819 3468 5871 Deni-

1836 5905 1937 5957 quo
1963 5895 2088 5950 stat,
2119 5903 2226 5942 non
2256 5891 2468 5941 adorat.
