4022 6176
626 284 755 336 1939

617 501 953 573 obsequium
999 503 1311 572 corporale,
1352 519 1522 574 quam
1578 503 1759 575 plenae
1800 505 1930 559 fidei
1970 504 2237 575 designa-

616 597 710 648 tur
738 593 988 662 affectus,
1022 597 1173 666 quod
1214 597 1499 652 Christum
1533 600 1590 651 et
1618 598 1912 653 hominem
1959 605 2014 653 et
2062 600 2239 653 Deum

618 689 808 744 credat
835 706 847 743 :
876 692 1020 745 Deus
1047 694 1132 744 est
1158 691 1312 745 enim
1356 692 1450 761 qui
1487 692 1771 761 adoraturi,
1818 693 1990 747 homo
2031 696 2115 747 est
2144 692 2243 764 qui

619 786 860 839 tenetur.

691 903 808 956 164.
840 902 959 956 Non
989 904 1165 974 igitur
1197 905 1351 975 tangi
1387 904 1657 959 Dominus
1700 904 1967 959 fastidita
2002 905 2239 972 femina,

617 996 775 1067 cujus
801 1002 856 1051 et
881 998 1049 1052 Maria
1074 999 1244 1068 pedes
1275 999 1434 1053 unxit
1461 1003 1755 1069 unguento
1782 1000 1951 1069 (Luc.,
1983 1016 2074 1066 vu,
2104 1000 2191 1069 38)
2224 1015 2237 1053 :

618 1106 719 1145 nec
758 1094 969 1145 tactum
1000 1092 1362 1162 dedignatur,
1398 1093 1494 1147 sed
1530 1095 1848 1163 profectum
1888 1094 2075 1169 docet;
2108 1094 2242 1165 quia

616 1201 729 1239 non
757 1201 958 1239 omnes
983 1186 1266 1243 Christum
1294 1194 1527 1257 possunt
1554 1191 1792 1257 tangere
1820 1191 2238 1258 resurgentem,

617 1295 784 1350 quem
834 1280 1145 1350 tetigerunt
1188 1280 1245 1333 in
1297 1281 1402 1335 hac
1445 1280 1560 1336 vita
1601 1287 1656 1336 et
1701 1297 1937 1353 corpore
1978 1297 2239 1336 commo-

620 1376 862 1427 rantem.
914 1373 1024 1437 Qui
1070 1375 1186 1428 vult
1226 1375 1514 1429 Christum
1557 1379 1814 1447 tangere,
1845 1393 1945 1429 sua
1983 1375 2241 1430 membra

619 1467 940 1534 mortificet,
994 1474 1051 1522 et
1102 1476 1490 1523 resurrecturo
1541 1470 1744 1524 similis
1786 1470 1988 1524 induat
2032 1469 2243 1523 viscera

616 1559 1042 1628 misericordiae,
1083 1566 1140 1616 et
1168 1579 1283 1617 non
1317 1563 1572 1634 ambigat
1612 1564 1941 1619 renuntiare
1977 1563 2238 1617 terrenis.

690 1675 808 1727 165.
838 1673 983 1736 Quid
1014 1678 1094 1728 est
1123 1674 1299 1743 igitur
1338 1692 1350 1727 :
1392 1696 1418 1726 ‹‹
1456 1675 1579 1729 Noli
1621 1691 1713 1729 me
1754 1681 1995 1745 tangere
2041 1676 2239 1743 (Joan.,

615 1783 705 1832 xx,
751 1766 877 1834 1‘7)?
923 1790 951 1814 ››
997 1767 1122 1821 Noli
1171 1784 1410 1822 manum
1440 1769 1713 1823 adhibere
1756 1769 2064 1839 majoribus
2094 1770 2236 1838 (32);

616 1860 710 1914 sed
741 1860 879 1914 vade
912 1862 981 1915 ad
1018 1861 1221 1915 fratres
1251 1878 1427 1929 meos,
1458 1863 1564 1917 hoc
1601 1868 1703 1929 est,
1747 1863 1814 1916 ad
1854 1862 2238 1933 perfectiores.

619 1977 645 2002 u
685 1954 1017 2024 Quicunque
1062 1954 1216 2009 enim
1267 1956 1462 2011 fecerit
1515 1956 1865 2012 voluntatem
1908 1957 2087 2011 Patris
2132 1957 2241 2012 mei

615 2047 801 2118 quiin
846 2048 999 2102 caelis
1037 2056 1139 2117 cst,
1174 2050 1295 2121 ipse
1339 2049 1595 2122 1540
1638 2066 1797 2104 meus
1842 2055 1899 2105 et
1942 2051 2139 2117 frater,
2188 2056 2244 2106 et

614 2158 791 2208 soror,
823 2145 880 2196 et
906 2146 1091 2197 mater
1125 2151 1209 2198 est
1251 2144 1492 2211 (Matth.,
1533 2160 1628 2212 xu,
1659 2143 1771 2211 50).
1814 2166 1841 2193 »
1878 2144 2014 2208 Quia
2048 2160 2237 2198 resur-

613 2235 790 2289 rectio
828 2252 941 2290 non
980 2236 1139 2292 facile
1175 2237 1283 2291 nisi
1321 2256 1353 2291 a
1390 2237 1822 2307 perfectioribus
1865 2238 1988 2308 capi
2032 2244 2237 2309 potest,

611 2329 1032 2384 fundatioribus
1084 2331 1254 2400 hujus
1301 2330 1433 2384 fidei
1483 2332 1859 2401 praerogativa
1916 2336 2171 2386 servatur
2225 2348 2237 2385 :

618 2443 644 2471 ι(
688 2423 1012 2479 Mulieribus
1061 2430 1254 2479 autem
1302 2425 1504 2480 docere
1552 2426 1614 2479 in
1661 2424 1910 2479 Ecclesia
1952 2440 2066 2480 non
2108 2440 2238 2496 per-

612 2517 774 2571 mitto
813 2518 854 2588 (1
894 2520 1054 2580 Tim,
1100 2536 1157 2584 ιι,
1204 2520 1317 2587 12);
1348 2518 1506 2574 domi
1534 2518 1685 2573 viros
1723 2535 1856 2573 suos
1889 2519 2242 2589 interrogent

615 2612 652 2679 (Ι
681 2610 825 2673 Cor.,
855 2627 963 2678 xw,
998 2614 1103 2680 35).
1141 2634 1166 2660 η
1196 2612 1279 2666 Ad
1307 2629 1403 2667 eos
1432 2629 1569 2684 ergo
1596 2612 1845 2667 mittitur
1887 2613 1984 2683 qui
2014 2612 2238 2668 domes-

612 2703 704 2759 tici
732 2709 882 2772 sunt,
908 2708 966 2759 et
989 2706 1205 2776 accepit
1231 2706 1559 2776 praescripta
1586 2707 1878 2761 mandata.

686 2819 806 2871 166.
848 2818 957 2871 Nec
997 2817 1146 2888 fugit
1189 2819 1293 2872 hoc
1336 2819 1459 2873 loco
1509 2818 1746 2872 sensisse
1789 2820 2065 2890 quosdam
2114 2819 2240 2873 ideo

608 2910 895 2967 Christum
940 2911 1185 2966 noluisse
1229 2912 1410 2982 tangi,
1458 2911 1593 2981 quia
1638 2911 1899 2966 nondum
1945 2916 2241 2982 receperat

607 3008 807 3075 typum
835 3004 945 3073 (33)
980 3021 1151 3075 quem
1182 3004 1683 3059 commendaverat
1721 3006 1891 3070 Patri,
1937 3005 2103 3076 quasi
2145 3005 2240 3058 ad-

611 3099 723 3152 huc
747 3114 883 3152 eum
910 3100 1148 3168 tangere
1179 3114 1295 3152 non
1322 3098 1576 3152 deberet.

688 3211 805 3262 167.
841 3228 868 3257 ‹‹
897 3207 1152 3262 Ascendo
1179 3209 1249 3262 ad
1284 3210 1510 3262 Patrem
1538 3224 1755 3274 meum,
1783 3213 1840 3262 et
1863 3210 2085 3263 Patrem
2116 3225 2236 3263 ves-

613 3306 794 3368 trum;
827 3302 1003 3356 Deum
1052 3317 1266 3371 meum,
1312 3305 1370 3356 et
1398 3303 1580 3356 Deum
1616 3304 1871 3356 vestrum
1912 3306 2110 3371 (Joan.,
2148 3319 2237 3371 xx,

615 3397 719 3466 17).
754 3418 781 3444 n
810 3396 959 3450 Bene
1002 3394 1274 3463 distinxit,
1306 3396 1440 3467 quia
1479 3395 1686 3450 mulier
1722 3396 2095 3467 loquebatur;
2125 3414 2239 3452 non

611 3489 762 3545 enim
811 3489 1137 3544 communis
1186 3489 1351 3544 nobis
1399 3493 1601 3543 natura
1654 3506 1785 3543 cum
1828 3490 2078 3555 Christo,
2129 3490 2238 3545 nisi

609 3584 953 3639 conditionis
998 3584 1285 3638 humanae.
1341 3583 1423 3639 Illi
1476 3585 1642 3639 Pater
1690 3584 2061 3654 generatione
2105 3600 2237 3656 pro-

609 3679 752 3749 pria,
782 3678 945 3732 nobis
983 3677 1285 3748 adoptione
1314 3677 1665 3745 voluntaria;
1699 3678 1781 3732 illi
1810 3694 1912 3750 per
1952 3683 2235 3745 naturam,

608 3773 769 3827 nobis
799 3788 902 3843 per
931 3772 1204 3842 gratiam;
1239 3771 1321 3826 illi
1348 3773 1493 3826 Deus
1520 3772 1738 3826 unitate
1769 3773 2041 3843 mysterii,
2075 3772 2239 3827 nobis

608 3870 886 3938 potestate
918 3866 1144 3921 coalesti.

683 3982 803 4033 168.
847 3979 990 4033 Dicit
1027 3978 1231 4049 aliquis
1262 3995 1274 4031 :
1304 3978 1596 4043 Quomodo
1633 3994 1769 4051 ergo
1805 3980 2072 4047 Thomas,
2105 3997 2235 4035 cum

607 4073 790 4128 adhuc
828 4088 947 4127 non
977 4072 1255 4138 crederet,
1284 4072 1471 4142 tetigit
1502 4075 1694 4126 tamen
1730 4073 2012 4128 Christum
2047 4073 2232 4145 (1bid.,

606 4167 734 4237 27)?
776 4165 887 4221 Sed
935 4166 1023 4220 ille
1071 4182 1185 4220 non
1215 4165 1283 4219 de
1310 4166 1724 4221 resurrectione
1758 4167 2004 4233 Domini,
2039 4168 2136 4222 sed
2164 4168 2235 4224 de

610 4258 1033 4315 resurrectionis
1070 4259 1291 4313 videtur
1328 4259 1600 4330 qualitate
1640 4259 1959 4329 dubitasse;
1997 4265 2055 4316 et
2082 4266 2235 4317 tactu

608 4371 712 4409 suo
760 4353 957 4408 debuit
1009 4369 1102 4408 me
1150 4352 1376 4419 docere,
1426 4353 1573 4406 sicut
1621 4353 1815 4408 docuit
1865 4360 1921 4409 et
1967 4354 2168 4409 Paulus
2216 4373 2229 4410 :

610 4450 897 4521 «Oportet
940 4447 1092 4503 enim
1139 4447 1247 4501 hoc
1286 4446 1647 4518 corruptibile
1683 4446 1918 4503 induere
1948 4449 2236 4520 incorrup-

2095 288 2148 339 S.
2192 286 2509 341 AMBROSII

619 422 803 471 xxvm,
834 406 909 475 9),
943 405 1084 461 sicut
1122 407 1215 462 illa
1252 409 1422 463 Maria
1454 426 1465 463 :
1497 408 1552 464 in
1594 426 1704 482 qua
1740 411 1937 482 utique
1973 427 2086 465 non
2126 416 2239 465 tam
2270 428 2326 496 Α
2347 411 2523 479 aditu,
2582 412 2781 467 visibili
2842 417 3144 483 conspectu

2260 3160 2314 3233 C

3767 305 3861 358 1910
3964 305 3965 361 l

3201 430 3212 465 :
3263 414 3409 483 tangi
3461 415 3632 483 facilis,
3682 421 3861 480 difficilis

2345 506 2612 561 mstimari
2625 548 2636 560 .
3964 510 3965 513 ’

2421 603 2537 655 169.
2597 603 2773 673 (Vers.
2833 605 2920 667 37,
2975 605 3082 672 39.)
3144 603 3391 674 Denique
3434 606 3713 661 conturbati
3752 610 3868 666 disci-

2343 696 2463 766 puli
2514 696 2872 750 aestimabant
2921 713 2978 751 se
3023 696 3288 766 spiritum
3333 697 3541 766 videre;
3571 705 3621 754 et
3654 700 3760 755 ideo
3790 704 3868 758 Do-

2343 789 2550 858 minus,
2587 794 2643 843 ut
2675 790 2921 861 speciem
2965 790 3127 845 nobis
3169 792 3274 860 (34)
3324 793 3697 847 resurrectionis
3731 802 3868 852 osten.

2343 883 2500 938 deret
2539 900 2551 937 :
2595 903 2621 933 «
2662 885 2910 955 Palpate,
2959 884 3166 956 inquit,
3215 891 3271 939 et
3308 885 3499 952 videte,
3545 887 3665 958 quia
3702 889 3873 959 spiritus

2343 993 2570 1031 carnem
2623 982 2677 1030 et
2728 993 2856 1032 ossa
2889 993 2999 1032 non
3051 978 3251 1047 habet,
3309 977 3446 1032 sicut
3484 995 3567 1033 me
3612 980 3775 1036 videtis
3808 983 3874 1039 ha-

2342 1070 2496 1124 bere.
2540 1092 2563 1118 »
2608 1071 2728 1125 Non
2769 1088 2909 1143 ergo
2956 1088 3057 1143 per
3104 1072 3495 1143 incorpoream
3538 1077 3780 1141 naturam,
3811 1078 3877 1132 sed

2344 1181 2446 1235 per
2492 1166 2923 1220 resurrectionis
2977 1182 3260 1236 corporea
3312 1167 3622 1236 qualitatem
3671 1167 3877 1238 impervia
3964 1212 3965 1215 η

2344 1274 2466 1323 usu,
2499 1259 2685 1313 clausa
2712 1259 3042 1329 penetravit.
3078 1261 3212 1313 Nam
3259 1260 3405 1330 quod
3449 1260 3699 1330 tangitur,
3730 1278 3882 1332 corpus

2344 1357 2427 1405 est
2468 1353 2661 1423 :quod
2705 1353 2985 1425 palpatur,
3014 1370 3217 1424 corpus
3254 1358 3363 1421 est;
3404 1353 3460 1407 in
3501 1369 3711 1424 corpore
3745 1361 3883 1409 autem

2344 1462 2699 1471 ..Αιηε-..Α-...η-
2749 1464 2760 1471 .
2816 1468 2836 1471 Α.
2883 1447 3208 1471 ο-...;...,.ι-.-
3257 1447 3403 1471 -..ζμ
3450 1464 3635 1471 ..Α-..η-
3677 1447 3864 1471 -..ε...-ι-

2341 1462 2701 1517 resurgemus
2749 1464 2762 1500 :
2811 1468 2837 1498 α
2883 1447 3208 1503 Seminatur
3255 1447 3405 1501 enim
3447 1464 3638 1519 corpus
3676 1447 3881 1513 animale,

2342 1539 2521 1610 surgit
2552 1556 2758 1611 corpus
2789 1540 3038 1611 spiritale
3079 1542 3117 1607 (l
3159 1542 3306 1603 Cor.,
3346 1556 3431 1606 xv,
3464 1540 3580 1609 44);
3624 1561 3649 1589 »
3682 1540 3764 1594 sed
3787 1540 3885 1594 illud

2342 1633 2620 1700 subtilius,
2654 1634 2758 1688 hoc
2793 1634 3054 1696 crassius,
3100 1639 3293 1704 utpote
3329 1633 3511 1689 adhuc
3553 1636 3771 1687 terrena!
3792 1633 3889 1688 lab'u

2344 1727 2614 1797 qualitate
2641 1731 2990 1782 concretum.

2262 1794 2317 1865 B
2418 1825 2538 1877 170.
2586 1822 2722 1875 Nam
2764 1821 3058 1892 quomodo
3098 1838 3214 1876 non
3259 1838 3482 1892 corpus,
3524 1821 3577 1875 in
3616 1838 3719 1893 quo
3757 1838 3892 1875 mane
3964 1882 3965 1885 η

2344 1915 2482 1969 bant
2522 1916 2765 1986 insignia
2806 1916 3130 1982 vulnerum,
3177 1916 3412 1987 vestigia
3455 1915 3771 1981 cicatricum,
3804 1930 3890 1985 qua

2345 2009 2614 2063 Dominus
2642 2009 2924 2081 palpanda
2950 2009 3193 2064 obtulit?
3213 2012 3279 2065 In
3310 2026 3422 2081 quo
3448 2026 3557 2063 non
3583 2009 3747 2063 solum
3771 2007 3893 2062 fidem

2342 2103 2550 2169 firmat,
2590 2104 2685 2157 sed
2728 2103 2899 2157 etiam
2940 2104 3300 2158 devotionem
3346 2104 3527 2170 acuit;
3556 2102 3697 2174 quod
3725 2102 3891 2155 vulnera
3964 2126 3965 2129 η

2343 2201 2601 2268 suscepta
2645 2214 2747 2269 pro
2800 2197 2967 2252 nobis
3021 2198 3160 2252 caelo
3208 2197 3424 2252 inferre
3466 2197 3687 2264 maluit,
3728 2195 3896 2249 abolere

2342 2291 2554 2357 noluit;
2587 2297 2647 2345 ut
2679 2292 2792 2345 Deo
2821 2292 2971 2346 Patri
3002 2296 3211 2345 nostra:
3239 2291 3423 2361 pretia
3459 2289 3727 2344 libertatis
3761 2290 3897 2343 osten-

2342 2386 2522 2439 deret.
2552 2384 2745 2439 Talem
2774 2384 2876 2440 sibi
2918 2387 3081 2440 Pater
3114 2385 3180 2439 ad
3223 2384 3524 2439 dexteram
3550 2384 3709 2450 locat,
3742 2384 3904 2452 tropea

2342 2486 2548 2533 nostra:
2614 2479 2813 2533 salutis
2872 2479 3218 2550 amplectens
3275 2496 3289 2532 :
3352 2479 3494 2533 tales
3540 2477 3648 2532 illic
3692 2480 3903 2544 martyres

2343 2573 2504 2628 nobis
2530 2572 2805 2627 cicatricis
2830 2589 2947 2627 sum
2971 2588 3179 2627 corona
3206 2571 3573 2627 monstrabit.

2416 2671 2533 2721 171.
2566 2668 2633 2721 Et
2659 2666 2931 2738 quoniam
2961 2682 3156 2721 sermo
3188 2666 3302 2720 huc
3333 2683 3517 2738 usque
3552 2669 3734 2720 noster
3758 2662 3904 2725 evasit,

2341 2761 2765 2816 consideremus
2810 2776 2925 2832 qua
2964 2759 3145 2831 gratia
3174 2761 3497 2815 secundum
3538 2760 3789 2814 Joannem
3827 2770 3907 2809 cre-

2344 2854 2589 2909 diderint
2633 2853 2891 2925 apostoli,
2937 2853 3035 2924 qui
3077 2853 3254 2924 gavisi
3293 2858 3429 2908 sunt
3464 2856 3663 2922 (Joan.,
3701 2867 3782 2917 xx,
3811 2851 3907 2915 20):

2342 2948 2649 3002 secundum
2697 2945 2945 3019 1541
3000 2947 3205 3001 Lucam
3246 2947 3421 3017 quasi
3466 2944 3732 3001 increduli
3769 2942 3911 2997 redar-

2344 3044 2594 3112 guantur
2623 3042 2774 3110 (vers.
2812 3041 2903 3110 25)
2947 3057 2960 3094 :
2999 3039 3076 3093 ibi
3117 3040 3399 3111 Spiritum
3442 3044 3697 3095 sanctum
3736 3050 3913 3105 accepe-

2342 3135 2474 3201 rint,
2516 3134 2606 3189 hic
2645 3134 2838 3189 sedere
2878 3134 2936 3188 in
2975 3133 3198 3188 civitate
3229 3134 3571 3204 jubeantur,
3612 3131 3915 3206 quoadusque
3964 3134 3965 3206 ξ

2342 3228 2656 3283 induantur
2706 3227 2914 3283 virtute
2965 3244 3035 3282 ex
3085 3228 3198 3282 alto
3255 3228 3427 3284 (vers.
3481 3227 3590 3297 49).
3642 3227 3705 3280 Et
3742 3224 3916 3278 videtur

2340 3322 2482 3376 mihi
2528 3321 2623 3376 ille
2671 3321 2829 3393 quasi
2877 3321 3161 3393 apostolus
3214 3323 3448 3393 majora
3497 3324 3554 3376 et
3600 3320 3788 3374 altiora
3822 3316 3916 3371 teti-

2341 3415 2508 3487 gisse,
2560 3415 2653 3470 hic
2696 3415 3023 3486 sequentia,
3071 3420 3128 3469 et
3171 3416 3453 3470 humanis
3502 3414 3753 3487 proxima
3802 3428 3812 3464 :
3855 3408 3916 3461 hic

2314 3508 2605 3580 historico
2643 3525 2778 3563 usus
2815 3508 3075 3576 circuitu,
3116 3508 3209 3562 ille
3249 3508 3627 3581 compendio,
3659 3506 3780 3579 quia
3810 3501 3920 3558 etde

2337 3603 2434 3658 illo
2464 3602 2714 3658 dubitari
2752 3618 2863 3656 non
2902 3604 3109 3673 potest,
3149 3603 3247 3674 qui
3290 3603 3687 3659 testimonium
3716 3596 3918 3672 perhibet

2339 3697 2409 3751 de
2438 3697 2527 3751 bis
2557 3696 2763 3769 quibus
2789 3696 2910 3767 ipse
2953 3696 3234 3764 interfuit,
3265 3702 3325 3752 et
3365 3714 3576 3752 verum
3609 3700 3692 3752 est
3719 3692 3920 3749 testimo-

2340 3791 2499 3845 nium
2544 3791 2665 3862 ejus
2710 3792 2907 3861 (Joan.,
2960 3806 3072 3858 xix,
3120 3792 3227 3859 35).
3282 3791 3371 3845 Ab
3420 3792 3531 3846 hoc
3584 3803 3811 3862 quoque,
3854 3781 3922 3853 qui

2338 3884 2686 3955 evangelista
2715 3900 2836 3938 esse
2868 3884 3094 3953 meruit,
3136 3885 3223 3939 vel
3253 3884 3661 3957 negligentiae,
3699 3883 3779 3936 vel
3806 3893 3923 3933 men-

2338 3978 2485 4048 dacii
2528 3976 2909 4050 suspicionem
2954 3994 3181 4049 mquum
3227 3982 3318 4033 est
3361 3978 3703 4050 propulsari.
3745 3976 3803 4029 Et
3836 3969 3924 4025 ideo

2336 4089 2533 4128 verum
2578 4076 2888 4143 utrumque
2931 4078 3221 4142 putamus,
3270 4090 3394 4128 non
3442 4071 3837 4129 sententiarum
3860 4079 3926 4115 va-

2336 4168 2571 4235 rietate,
2630 4182 2735 4220 nec
2787 4181 3165 4236 personarum
3228 4165 3573 4221 diversitate
3629 4162 3925 4219 distinctum.

2335 4262 2478 4316 Nam
2513 4260 2614 4315 etsi
2641 4260 2697 4314 in
2724 4259 2909 4331 primo
2939 4260 3115 4313 Lucas
3152 4275 3249 4315 eos
3290 4277 3420 4315 non
3467 4259 3770 4316 credidisse
3796 4254 3929 4313 dicat,

2334 4358 2532 4427 postea
2574 4358 2767 4409 tamen
2811 4353 3115 4408 credidisse
3157 4353 3531 4409 demonstrat
3570 4373 3583 4408 :
3616 4358 3671 4407 et
3710 4350 3753 4405 si
3789 4347 3931 4420 prima

2335 4448 2789 4513 consideremus,
2840 4447 3125 4502 contraria
3163 4452 3328 4516 sunt;
3390 4448 3439 4502 si
3491 4446 3807 4520 sequentia,
3849 4454 3937 4492 cer-

609 4545 819 4599 tionem
847 4586 859 4609 ,
913 4545 971 4597 et
1019 4542 1129 4596 hoc
1178 4542 1419 4596 mortale
1468 4541 1703 4596 induere
1746 4535 2457 4607 immortalitatemDmm
2506 4544 2591 4597 est
2643 4540 2964 4596 convenire.
3020 4542 3143 4611 Ipsa
3198 4541 3386 4612 igitur
3445 4541 3750 4612 Scriptura:
3797 4531 3934 4589 verba

605 4638 669 4707 (Il
722 4640 863 4700 Cor.,
910 4652 1002 4705 xv,
1033 4636 1143 4707 53),
1176 4658 1202 4684 ››
1232 4639 1295 4689 ut
1340 4635 1660 4690 incredulus
1703 4635 1915 4702 credat,
1958 4639 2017 4691 et
2059 4652 2229 4691 cunc-

600 4737 753 4786 tator
787 4730 1046 4785 dubitare
1082 4745 1197 4784 non
1240 4729 1440 4801 possit;
1491 4729 1707 4784 facilius
1751 4729 1906 4784 enim
1950 4730 2231 4786 credimus

600 4825 754 4897 quod
802 4824 1074 4879 videmus.
1128 4822 1335 4877 Habuit
1381 4826 1570 4877 autem
1624 4824 1942 4878 admirandi
1983 4841 2228 4879 causam

599 4920 862 4984 Thomas,
912 4933 1043 4973 cum
1090 4916 1306 4971 videret
1351 4916 1555 4970 clausis
1603 4917 1870 4971 omnibus
1924 4934 2025 4988 per
2076 4918 2230 4974 invia

600 5016 762 5084 septa
810 5010 1166 5083 corporibus,
1218 5009 1495 5064 inoffensa
1539 5026 1835 5081 compage,
1886 5027 2090 5082 corpus
2142 5012 2227 5067 in-

598 5114 850 5171 sertum;
881 5112 937 5160 et
963 5104 1093 5160 ideo
1120 5103 1330 5159 mirum
1356 5104 1646 5175 quomodo
1678 5120 1738 5158 se
1784 5108 1985 5159 natura
2023 5121 2224 5177 corpo-

599 5218 690 5256 rea
735 5217 836 5271 per
878 5196 1308 5269 impenetrabile
1352 5213 1555 5268 corpus
1598 5197 1900 5266 infuderit,
1960 5198 2227 5253 invisibili

658 5368 754 5425 (3'2)
792 5366 956 5417 Corb.
994 5367 1176 5425 solus,
1210 5378 1429 5415 manum
1469 5364 1716 5415 adhibere
1751 5365 2088 5416 minoribus:
2132 5367 2223 5418 cui

596 5440 817 5489 lectioni
846 5438 1087 5487 maxime
1118 5437 1305 5487 favent
1330 5437 1639 5500 sequentia,
1671 5436 1759 5486 sed
1788 5436 1977 5485 vada...
2012 5437 2083 5487 ad
2109 5451 2223 5501 per-

595 5508 849 5567 rectiores.

656 5579 751 5637 (33)
790 5579 917 5627 Mss.
946 5578 1074 5639 duo,
1108 5582 1163 5628 et
1197 5578 1326 5627 edit.
1374 5578 1498 5628 Era.
1536 5591 1602 5629 ac
1644 5577 1773 5630 Gill.
1817 5579 1871 5627 in
1917 5592 2085 5643 marg.
2118 5592 2224 5630 nec

596 5658 707 5694 non
746 5648 903 5696 Rom.
945 5649 1000 5696 in
1038 5662 1284 5712 corpore,
1324 5654 1596 5713 receperat
1635 5651 1903 5713 spiritum.
1938 5651 2047 5700 Alii
2090 5663 2220 5701 mss.

597 5726 662 5762 ac
691 5720 799 5785 vet.
837 5716 987 5776 edit.,
1027 5724 1300 5781 receperat
1331 5725 1552 5784 typum:
1583 5720 1730 5785 quod
1775 5722 1881 5771 etsi
1920 5721 2084 5784 paulo
2123 5721 2223 5772 ob-

598 5784 815 5830 scurius
873 5784 1151 5848 videatur,
1207 5794 1386 5851 potest
1443 5784 1627 5842 tamen
1686 5806 1795 5841 non
1872 5793 2222 5844 incommode

598 5851 883 5913 explicari,
909 5854 952 5901 si
992 5855 1243 5906 dicamus
1267 5873 1365 5923 per
1408 5867 1608 5931 typum,
1641 5877 1742 5915 seu
1774 5864 2025 5925 formam,
2057 5864 2219 5916 intel-
2284 5868 2287 5875 '

2332 4635 2774 4692 consideremus.

2404 4733 2525 4785 172.
2577 4729 2755 4800 (Vers.
2803 4731 3013 4799 35-37.)
3062 4729 3151 4784 Sic
3195 4728 3275 4783 ait
3326 4731 3587 4785 Joannes
3630 4746 3643 4782 :
3690 4728 3757 4782 Et
3798 4721 3936 4793 gavisi

2328 4829 2456 4879 sunt
2488 4824 2763 4894 discipuli,
2790 4826 2904 4878 viso
2944 4826 3184 4879 Domino.
3223 4822 3377 4879 Dicit
3416 4841 3563 4896 ergo
3601 4823 3688 4878 his
3721 4820 3932 4875 iterum:

2332 4937 2360 4969 ‹‹
2406 4919 2511 4972 Pax
2564 4917 2735 4972 vobis.
2789 4916 2944 4971 Sicut
2988 4916 3145 4971 misit
3182 4933 3276 4971 me
3320 4919 3519 4985 Pater,
3561 4920 3620 4973 et
3665 4929 3768 4985 ego
3803 4908 3932 4965 milio

2330 5028 2444 5067 vos.
2476 5033 2502 5061 ››
2544 5012 2610 5066 Et
2644 5026 2773 5065 cum
2813 5010 2922 5065 hoc
2952 5010 3199 5079 dixisset,
3226 5010 3561 5066 insufﬂavit
3586 5011 3672 5065 his
3702 5013 3757 5063 et
3781 5000 3899 5059 dixit
3924 5013 3932 5048 ε

2332 5105 2638 5176 «Accipite
2683 5103 2957 5176 Spiritum
3006 5106 3299 5173 sanctum;
3335 5120 3599 5176 quorum
3648 5090 3934 5158 remiseritis

2328 5203 2575 5269 peccata,
2623 5198 2995 5253 remittuntur
3036 5197 3154 5263 his;
3199 5202 3255 5251 et
3303 5214 3565 5269 quorum
3611 5187 3934 5252 retinueritis.

2326 5365 2420 5429 ligi
2475 5366 2773 5429 perfectam
2838 5364 3194 5414 humanitatis
3252 5365 3748 5428 gloriﬁcationem,
3798 5365 3935 5423 quem

2327 5437 2580 5488 Christus
2609 5442 2724 5487 tum
2754 5437 2979 5488 demum
3018 5437 3241 5499 recepit,
3271 5449 3414 5487 cum
3455 5437 3527 5487 ad
3575 5435 3745 5486 Patris
3771 5430 3933 5479 dexte-

2325 5521 2441 5556 ram
2471 5508 2715 5558 ascendit
2745 5521 2757 5554 :
2792 5509 3111 5572 priusquam
3148 5520 3280 5557 vero
3316 5508 3480 5559 illam
3522 5506 3802 5571 reciperet.
3827 5508 3930 5572 82‘“

2323 5584 2548 5643 tangere
2574 5569 2926 5643 nequaquam
2960 5569 3145 5643 potuit
3184 5579 3559 5643 Magdalena;
3593 5569 3699 5629 hoc
3729 5579 3820 5629 est.
3848 5569 3935 5645 Βρ-

2324 5651 2491 5702 etesia
2526 5651 2797 5714 gentium,
2829 5662 2957 5715 quas
2996 5653 3053 5700 in
3091 5665 3157 5701 ea
3192 5652 3442 5701 muliere
3477 5647 3864 5715 designabunt.
3888 5648 3928 5685 ω

2322 5723 2502 5785 ipsum
2528 5735 2639 5770 non
2671 5714 2921 5772 credidit.
2956 5721 3095 5773 Vide
3118 5723 3360 5784 August.
3395 5725 3557 5773 tract.
3592 5721 3676 5772 121
3707 5719 3761 5768 in
3784 5714 3929 5764 loca.

2323 5807 2477 5842 num.
2503 5794 2550 5842 3.

2382 5864 2480 5926 (31)
2508 5864 2634 5915 Mss.
2669 5865 2899 5929 aliquot,
2929 5870 2987 5915 ut
3013 5866 3228 5929 speciem
3259 5863 3444 5922 bonis,
3471 5868 3577 5915 etc.
