4022 6176
209 325 330 378 lit-il

1354 324 1810 378 EXPOSITIUNIS
1851 324 1913 378 ΙΝ
1955 325 2178 382 ΙᾸΪΩΑΜ
2221 329 2342 382 LIB.
2389 328 2450 382 Χ.

3437 328 3568 383 lilii

207 453 428 503 retenta
451 450 585 501 sunt.
613 451 810 516 :_Joan.,
837 464 924 515 xx,
951 451 1161 517 '20-'23).
1191 470 1216 496 ››
1244 448 1416 502 Lucas
1438 452 1628 502 autem
1659 447 1795 501 dicit
1819 465 1830 499 :
1861 461 1915 530 Α
1939 467 2126 504 serum
2160 450 2445 505 aestimans
2473 451 2517 505 si
2548 468 2678 505 cum
2713 450 2931 506 creteris
2966 451 3191 522 navigio
3223 452 3564 522 perveniret.

206 545 273 597 Et
321 541 584 612 quomodo
636 547 999 611 cognoverunt
1054 559 1173 596 eum
1227 544 1280 595 in
1331 545 1600 608 fruct-ioue
1646 543 1832 611 punis.

204 639 343 693 Dum
376 641 554 691 autem
596 637 703 690 haec
747 637 1066 705 loquuntur,
1108 637 1218 706 ipse
1254 639 1396 690 stetit
1437 638 1494 690 in
1533 635 1704 690 medio
1746 652 1832 689 eo-

203 747 346 793 rum,
375 736 424 784 et
457 731 590 784 dicit
617 731 691 784 eis
720 749 735 783 :
768 731 887 784 Paa:
915 732 1092 796 vobis;
1127 746 1219 800 ego
1254 745 1392 791 sum,
1427 731 1594 783 nolite
1630 731 1831 784 timere.

202 824 527 880 δοκέω·ὸωὶ
567 839 690 878 vero
728 830 777 878 et
814 825 1096 878 conterriti
1126 824 1464 878 aestimabant
1499 839 1552 878 se
1584 825 1837 893 spiritum

201 919 403 974 videre.
435 918 499 972 Et
521 923 752 989 possent
775 917 950 971 videri
984 917 1072 971 hic
1105 917 1291 988 plures
1322 916 1522 983 fuisse;
1567 916 1665 971 sed
1703 916 1835 988 quia

201 1015 261 1067 et
290 1011 380 1065 hic
404 1026 526 1065 sero
554 1011 986 1065 resurrectionis
1018 1011 1107 1066 die
1137 1012 1292 1081 (nam
1326 1011 1834 1081 advesperascente

195 1105 316 1176 jam
347 1104 437 1159 die
477 1104 574 1175 qui
612 1105 842 1158 fuerant
880 1103 1124 1176 ingressi
1157 1120 1391 1159 manere
1425 1119 1555 1158 cum
1596 1103 1834 1158 Domino

201 1199 336 1269 (33),
376 1197 467 1252 ubi
507 1197 601 1253 ille
638 1215 695 1252 se
736 1201 970 1268 repente
1007 1198 1294 1264 subduxit,
1333 1198 1532 1252 eadem
1576 1198 1721 1253 hora
1765 1197 1833 1252 ad

203 1292 512 1363 discipulos
569 1291 630 1346 hi
685 1292 797 1346 duo
855 1307 1134 1346 remeasse
1194 1291 1544 1363 produntur,
1602 1291 1834 1362 quando

202 1385 476 1440 Dominus
508 1384 853 1457 palpandum
884 1401 941 1440 se
969 1385 1214 1456 obtulit),
1247 1389 1303 1438 et
1328 1384 1640 1440 secundum
1676 1385 1834 1439 Joan-

198 1495 332 1534 nem
374 1495 500 1533 sero
528 1478 620 1533 die
649 1479 760 1546 illa,
793 1495 902 1532 una
931 1478 1311 1533 Sabbatorum
1343 1477 1634 1532 inducitur
1664 1493 1836 1548 appa-

198 1573 380 1626 ruisse
435 1572 764 1644 discipulis,
820 1579 875 1626 et
931 1573 1167 1627 vulnera
1225 1571 1492 1626 obtulisse
1551 1570 1834 1642 palpanda

201 1668 403 1731 (Joan.,
452 1682 539 1733 xx,
593 1667 803 1736 19-27);
850 1682 921 1721 ne
968 1666 1104 1735 quid
1152 1665 1540 1736 ambiguitatis
1585 1663 1830 1733 atferret,

199 1760 526 1831 putavimus
551 1759 882 1830 diligentius
911 1759 1344 1830 requirendum.

279 1855 397 1908 173.
449 1853 680 1907 Videtur
725 1852 880 1907 enim
930 1852 1235 1923 separatim
1286 1869 1345 1905 se
1398 1851 1514 1906 istis
1563 1832 1910 1906 undecimB
1938 1857 2310 1928 relinquebat,
2358 1856 2447 1911 Sic
2500 1857 2655 1910 enim
2710 1854 2886 1909 habes
2936 1873 2946 1907 ;

196 1948 638 2013 demonstrasse,
683 1947 827 2001 sicut
870 1962 928 2000 se
971 1945 1272 2002 Ammaoni
1318 1948 1422 2015 (36)
1467 1949 1523 1999 et
1566 1945 1832 2017 Cleophaa

195 2057 451 2096 seorsum
481 2042 605 2112 jam
645 2056 875 2111 vespere
917 2039 1424 2105 demonstraverat;
1459 2043 1517 2093 et
1550 2038 1830 2111 quemad-

197 2135 437 2191 modum
484 2135 571 2189 isti
617 2135 748 2200 duo,
792 2135 868 2188 ita
913 2133 1084 2188 etiam
1135 2133 1398 2187 videntur
1437 2132 1516 2187 illi
1563 2133 1833 2187 undecim

198 2230 268 2283 ad
311 2228 728 2283 conﬁrmandos
773 2228 1016 2299 reliquos
1059 2227 1365 2281 convenire
1411 2227 1679 2296 potuisse.
1729 2228 1830 2281 De-

199 2323 374 2393 nique
416 2327 471 2376 et
509 2321 829 2376 conturbati
864 2326 1012 2388 sunt,
1054 2323 1115 2374 ut
1147 2319 1324 2374 habes
1367 2320 1678 2375 secundum
1723 2320 1830 2374 Lu-

197 2433 358 2484 cam;
402 2420 458 2469 et
501 2415 627 2470 ideo
667 2415 893 2486 aperuit
932 2414 1008 2469 eis
1049 2429 1300 2481 sensum,
1340 2418 1402 2468 ut
1447 2413 1836 2483 intelligerent

197 2527 266 2564 ea
323 2525 451 2581 qua
502 2509 707 2580 scripta
756 2514 907 2563 sunt.
967 2509 1122 2562 Hunc
1176 2510 1369 2561 autem
1425 2507 1618 2572 latius,
1675 2506 1834 2560 illum

195 2603 537 2658 succinctius
585 2601 874 2673 scripsisse
925 2617 1041 2655 non
1093 2600 1332 2655 dubium
1385 2603 1488 2653 est.
1538 2599 1834 2664 Quomodo

198 2697 353 2750 enim
404 2696 503 2750 soli
553 2695 759 2766 Cephea
803 2695 986 2748 visum
1036 2693 1308 2759 dicerent,
1357 2692 1404 2746 si
1452 2693 1521 2746 ab
1570 2692 1836 2746 omnibus

200 2793 325 2844 erat
364 2789 547 2843 visus?
578 2789 690 2844 Sed
731 2788 875 2842 sicut
918 2804 982 2841 ex
1029 2786 1360 2841 mulieribus
1396 2786 1600 2852 Mariae,
1641 2792 1698 2839 et
1741 2785 1835 2838 alii

201 2884 393 2939 Maria
418 2882 784 2954 Magdalenen,
810 2881 885 2934 ita
916 2898 982 2935 ex
1015 2880 1150 2934 viris
1176 2882 1336 2934 Petro
1366 2879 1511 2933 visus
1539 2884 1623 2932 est
1653 2879 1835 2950 primo

201 2993 394 3031 mane.
446 2979 512 3032 Et
566 2976 769 3030 Paulus
818 2974 895 3028 sic
941 2975 1017 3028 ait
1067 2991 1079 3026 :
1133 2995 1157 3020 ‹‹
1203 2972 1429 3027 Tradidi
1480 2973 1629 3027 enim
1683 2973 1836 3027 vobis

202 3071 520 3142 imprimis,
576 3069 707 3140 quia
757 3069 1008 3124 Christus
1061 3073 1315 3121 mortuus
1378 3069 1462 3120 est
1517 3067 1834 3122 secundum

203 3166 550 3237 Scripturas,
593 3168 648 3217 et
677 3164 811 3234 quia
847 3161 1104 3232 sepultus
1144 3165 1247 3224 est,
1278 3163 1335 3214 et
1362 3161 1495 3231 quia
1529 3161 1836 3216 resurrexit
1856 3200 1907 3237 ρ

199 3260 369 3314 tertia
400 3258 490 3312 die
523 3257 838 3311 secundum
875 3255 1204 3326 Scripturas,
1234 3260 1288 3308 et
1317 3255 1467 3307 visus
1504 3258 1587 3307 est
1624 3254 1834 3325 Cephea

205 3357 242 3422 ⁸ῐ
290 3354 440 3414 σοι’..
476 3368 563 3419 xv,
602 3352 742 3421 3-5).
791 3374 816 3398 ››
857 3351 926 3404 Et
961 3349 1088 3404 ideo
1133 3350 1346 3403 Marcus
1389 3347 1710 3419 specialiter
1748 3348 1831 3402 in-

197 3447 356 3503 ducit
392 3447 666 3517 juvenem
713 3443 1083 3498 mandantem
1132 3448 1192 3496 ut
1235 3443 1402 3496 Petro
1445 3446 1500 3496 et
1545 3440 1835 3512 discipulis

198 3543 455 3596 dicerent
494 3538 782 3605 mulieres,
815 3560 840 3585 ‹‹
871 3536 1006 3609 quia
1036 3536 1284 3590 surrexit
1317 3535 1588 3590 Dominus
1615 3537 1833 3604 (Marc,

193 3652 311 3699 XVI,
343 3639 399 3702 5,
428 3635 505 3705 7).
535 3655 562 3682 η

270 3727 536 3802 1542
575 3728 694 3780 174.
729 3728 924 3781 Petrus
967 3741 1105 3796 ergo
1137 3724 1276 3778 vidit
1314 3725 1464 3777 solus
1503 3722 1833 3788 Dominum;

192 3823 434 3878 devotio
465 3821 618 3876 enim
661 3825 852 3891 parata
887 3834 1114 3890 semper
1151 3821 1208 3872 et
1247 3820 1516 3888 prompta
1546 3815 1834 3882 credebat,

195 3923 255 3972 et
287 3917 424 3971 ideo
458 3913 726 3968 studebat
762 3912 1151 3983 frequentiora
1185 3910 1314 3964 ﬁdei
1353 3909 1517 3980 signa
1547 3909 1833 3981 colligere.

194 4011 343 4065 Alibi
387 4025 520 4062 cum
550 4009 783 4073 Joanne,
814 4005 946 4060 alibi
983 4005 1153 4071 solus,
1190 4004 1400 4075 ubique
1435 4009 1628 4058 tamen
1667 4002 1834 4074 impi-

193 4122 303 4176 ger
354 4102 558 4168 currit,
613 4101 819 4172 ubique
877 4103 977 4153 aut.
1029 4099 1200 4168 solus,
1246 4104 1345 4152 aut
1388 4096 1608 4168 primus
1658 4113 1670 4149 :
1718 4112 1836 4151 non

192 4200 506 4253 contentus
560 4194 761 4249 vidisse
817 4209 945 4265 qua:
993 4192 1229 4261 viderat,
1284 4191 1492 4262 repetit
1541 4189 1835 4257 intuenda,

194 4298 248 4347 et
279 4289 581 4363 (maerendi
613 4287 832 4344 Domini
866 4302 1065 4341 amore
1104 4301 1422 4351 succensus,
1451 4300 1567 4340 non
1603 4284 1840 4338 satiatur

195 4383 471 4440 videndo.
521 4382 683 4438 Videt
728 4381 885 4436 enim
937 4379 1108 4447 solus,
1161 4378 1315 4434 videt
1367 4395 1496 4433 cum
1546 4377 1836 4442 undecim,

191 4480 354 4533 videt
381 4493 512 4532 cum
539 4474 921 4548 septuaginta,
945 4473 1100 4528 videt
1124 4479 1179 4528 et
1203 4472 1430 4544 quando
1456 4471 1700 4526 Thomas
1726 4487 1838 4525 cre-

1937 544 2020 599 Sic
2049 561 2174 598 cum
2209 544 2262 598 in
2303 545 2470 599 undis
2506 544 2777 599 Dominus
2813 545 3155 611 ambularet,
3186 561 3355 615 super
3391 545 3568 600 undas

1937 638 2108 692 maris
2138 642 2355 693 naturm
2383 655 2500 694 suae
2529 639 2738 693 oblitus
2764 637 3010 693 occurrit
3034 637 3275 707 (Matth.,
3305 653 3415 707 xiv,
3443 640 3563 707 28);

1937 731 2013 786 sic
2065 749 2196 787 cum
2243 749 2275 786 a
2321 733 2529 787 tudinis
2585 731 2856 786 Dominus
2909 735 3220 798 teneretur,
3267 731 3566 786 adversum

1937 825 2128 881 turbas
2180 825 2432 897 gladium
2485 827 2634 879 solus
2685 825 2909 880 exeruit
2959 824 3200 896 (Matth...
3250 841 3396 892 xxvr,
3447 826 3565 894 5t);

1937 920 2012 974 sic
2054 925 2110 974 et
2144 937 2293 974 nunc
2328 935 2458 974 cum
2497 920 2770 974 Dominus
2810 919 3056 973 stetisset
3088 918 3148 972 in
3185 918 3376 974 littore
3418 917 3565 988 peri-

1935 1017 2143 1079 culoso,
2172 1013 2510 1084 compendio
2538 1013 2859 1083 religiosum
2891 1011 3198 1067 maturavit
3225 1011 3566 1084 obsequium

1939 1111 2134 1174 (Joan.,
2171 1124 2276 1174 xxi,
2311 1112 2382 1174 7').

2014 1206 2128 1256 175.
2174 1203 2294 1256 Non
2336 1206 2419 1255 est
2459 1202 2634 1272 igitur
2673 1201 2912 1255 dubium
2958 1199 3267 1255 credidisse
3308 1201 3567 1264 Petrum,

1937 1301 1991 1349 et
2032 1295 2329 1351 credidisse
2375 1295 2506 1366 quia
2555 1295 2774 1359 dilexit,
2817 1294 3082 1349 dilexisse
3123 1293 3258 1365 quia
3300 1291 3564 1348 credidit.

1937 1389 2096 1444 Unde
2137 1394 2192 1443 et
2233 1390 2596 1444 contristatur
2641 1388 2770 1460 quia
2811 1392 2868 1442 et
2911 1387 3077 1442 tertio
3121 1386 3509 1458 interrogatur
3551 1403 3564 1440 :

1938 1486 2101 1538 Amris
2129 1499 2209 1537 me
2243 1483 2425 1550 (Ibid,
2467 1483 2589 1548 l7)?
2626 1483 2670 1536 Is
2707 1482 2858 1536 enim
2899 1481 3306 1551 interrogatur,
3346 1479 3416 1534 de
3451 1496 3566 1552 quo

1937 1577 2257 1644 dubitatur;
2298 1577 2392 1631 sed
2434 1575 2704 1632 Dominus
2743 1592 2856 1630 non
2901 1574 3141 1642 dubitat,
3181 1573 3280 1645 qui
3321 1573 3564 1628 interro-

1937 1677 2049 1740 gat,
2081 1687 2193 1726 non
2234 1678 2292 1724 ut
2334 1669 2594 1735 disceret,
2636 1670 2729 1723 sed
2763 1674 2824 1723 ut
2859 1668 3090 1723 doceret
3124 1683 3292 1739 quem
3337 1667 3565 1722 elevan-

1935 1765 2038 1818 dus
2089 1765 2146 1818 in
2198 1765 2404 1818 ctelum
2462 1763 2672 1818 amoris
2722 1763 2805 1816 sui
2863 1761 3027 1816 nobis
3079 1761 3231 1816 velut
3293 1760 3566 1816 vicarium

2996 1876 3022 1902 ι(
3071 1853 3264 1908 Simon
3314 1853 3563 1922 Joannis,

1935 1950 2123 2020 diligis
2164 1951 2294 2004 me?
2332 1950 2533 2021 Utique
2582 1953 2640 2004 tu
2683 1949 2806 2013 scis,
2850 1947 3104 2015 Domine,
3144 1947 3280 2018 quia
3319 1963 3450 2001 amo
3486 1952 3563 2002 te.

1937 2045 2077 2100 Dicit
2121 2045 2170 2099 ei
2205 2046 2363 2099 lesus
2407 2061 2418 2097 :
2465 2064 2491 2094 «
2534 2045 2698 2097 Pasce
2737 2058 2918 2113 agnos
2960 2057 3121 2096 meos
3159 2041 3346 2111 (lbid.,
3395 2040 3501 2108 16).
3537 2063 3564 2090 ››

1939 2141 2086 2192 Bene
2118 2137 2376 2192 conscius
2411 2138 2496 2193 sui
2531 2153 2638 2190 non
2679 2136 2750 2190 ad
2794 2143 3017 2207 tempus
3059 2138 3439 2205 assumptum,
3469 2133 3566 2188 sed

1926 2231 2268 2304 jamdudum
2307 2233 2420 2286 Deo
2460 2230 2776 2301 cognitum,
2808 2231 3005 2283 Petrus
3033 2227 3366 2282 testiﬁcatur
3400 2227 3566 2284 aﬁ‘ec-

1937 2332 2077 2380 tum.
2130 2325 2264 2390 Quis
2307 2329 2392 2378 est
2445 2324 2599 2378 enim
2650 2323 2810 2389 alius,
2859 2322 2956 2393 qui
3011 2321 3079 2375 de
3132 2339 3189 2376 se
3243 2322 3350 2376 hoc
3403 2320 3567 2376 facile

1938 2418 2193 2490 proﬁteri
2236 2419 2449 2490 possit?
2493 2418 2559 2471 Et
2601 2416 2733 2472 ideo
2776 2416 2909 2487 quia
2955 2415 3105 2469 solus
3156 2414 3455 2486 proﬁtetur
3496 2430 3568 2469 ex

1934 2513 2220 2578 omnibus,
2253 2511 2519 2566 omnibus
2559 2509 2876 2565 antefertur
2913 2526 2926 2562 :
2959 2509 3150 2577 major
3190 2508 3343 2562 enim
3381 2507 3565 2562 omni-

1936 2607 2039 2660 bus
2069 2606 2335 2660 Charitas.

2014 2703 2128 2755 I76.
2181 2699 2316 2754 illud
2375 2715 2598 2770 quoque
2656 2697 2982 2769 diligentius
3039 2696 3412 2762 intuendum,
3467 2711 3569 2749 cur

1937 2811 2068 2848 cum
2110 2793 2385 2848 Dominus
2427 2792 2672 2847 dixerit:
2714 2811 2740 2838 ‹‹
2782 2791 2976 2862 Diligis
3015 2806 3109 2844 me
3145 2789 3366 2860 (Ibid.)?
3405 2812 3430 2837 ››
3472 2788 3567 2842 ille

1937 2887 2334 2959 responderit:
2371 2908 2397 2936 ‹‹
2425 2888 2507 2941 Tu
2547 2886 2674 2954 scis,
2709 2883 2964 2950 Domine,
2995 2884 3128 2955 quia
3166 2899 3294 2938 amo
3329 2888 3404 2938 te.
3440 2904 3466 2930 »
3505 2884 3565 2937 ln

1937 2999 2049 3052 quo
2076 2981 2303 3035 videtur
2337 2979 2475 3034 mihi
2513 2979 2736 3034 dilectio
2764 2977 2971 3032 habere
2997 2976 3176 3032 animi
3205 2975 3565 3041 cbaritatem,

1936 3092 2100 3130 amor
2124 3073 2428 3146 quemdam
2457 3075 2660 3127 aestum
2687 3076 3022 3142 conceptum
3044 3070 3296 3142 corporis
3322 3086 3386 3125 ac
3414 3085 3571 3124 men-

1937 3169 2005 3223 tis
2051 3167 2278 3235 ardore,
2325 3171 2382 3221 et
2429 3168 2659 3221 Petrum
2709 3163 2915 3236 opinor
2966 3181 3080 3219 non
3130 3164 3315 3218 solum
3364 3162 3567 3227 animi,

1937 3261 2036 3316 sed
2066 3261 2237 3316 etiam
2263 3261 2516 3331 corporis
2546 3260 2632 3314 sui
2662 3259 2812 3314 circa
2839 3257 2938 3312 Dei
2969 3259 3184 3313 cultum
3213 3259 3442 3330 signare
3476 3257 3572 3312 fla-

1937 3356 2242 3426 grantiam.
2274 3355 2526 3425 Denique
2555 3353 2720 3408 tertio
2747 3352 3018 3408 Dominus
3054 3369 3169 3407 non
3193 3353 3339 3422 jam,
3371 3374 3398 3400 ‹‹
3431 3351 3569 3406 Dili-

1937 3449 2022 3519 gis
2064 3450 2191 3505 me?
2233 3472 2258 3498 ››
2299 3449 2416 3517 sed,
2461 3472 2486 3495 μ
2519 3450 2687 3500 Amas
2728 3447 2858 3500 me?
2897 3467 2923 3496 ››
2965 3445 3335 3517 interrogavit
3373 3447 3570 3510 (Joan.,

1937 3559 2044 3610 xxi,
2079 3542 2194 3612 17);
2225 3545 2280 3596 et
2299 3541 2418 3612 jam
2447 3557 2559 3594 non
2589 3556 2787 3611 agnos,
2820 3542 2884 3593 ut
2912 3539 3122 3609 primo,
3149 3539 3401 3610 quodam
3427 3539 3570 3593 lacte

1939 3634 2262 3701 vescendos,
2296 3651 2398 3688 nec
2441 3633 2704 3701 oviculas,
2743 3637 2804 3686 ut
2847 3632 3114 3700 secundo,
3154 3632 3251 3687 sed
3293 3648 3422 3687 oves
3462 3649 3568 3703 pa-

1938 3745 2090 3784 scere
2109 3728 2363 3800 jubetur,
2393 3726 2751 3798 perfectiores
2781 3730 2840 3779 ut
2865 3724 3169 3796 perfectior
3194 3725 3568 3796 gubernaret.

2014 3827 2132 3877 177.
2177 3823 2240 3877 Et
2281 3821 2410 3876 ideo
2453 3818 2610 3892 quasi
2657 3819 2911 3889 perfecto
2961 3817 3018 3872 in
3069 3818 3356 3885 omnibus,
3401 3835 3572 3889 quem

1938 3934 2066 3972 caro
2103 3916 2225 3987 jam
2273 3929 2531 3969 revocare
2576 3929 2688 3967 non
2735 3914 2925 3982 posset
2969 3929 3002 3966 a
3048 3911 3228 3983 gloria
3274 3911 3569 3982 passionis,

1938 4027 2145 4065 corona
2197 4007 2525 4062 decernitur
2576 4026 2586 4060 ε
2637 4029 2662 4052 «ι
2707 4006 2849 4059 Cum
2895 4021 3063 4074 esses,
3107 4004 3312 4077 inquit,
3351 4004 3570 4075 juniur,

1939 4103 2208 4175 cingebas
2238 4109 2314 4170 te,
2350 4107 2407 4156 et
2430 4100 2765 4155 ambulabas
2793 4099 2888 4153 ubi
2928 4099 3178 4165 volebas;
3211 4114 3342 4153 cum
3379 4103 3571 4153 autem

1937 4197 2210 4262 senueris,
2243 4194 2517 4250 extendes
2559 4210 2764 4249 manus
2793 4195 2938 4260 tuas,
2970 4198 3026 4247 et
3062 4193 3203 4247 alius
3234 4197 3290 4247 te
3327 4193 3570 4262 praeiu-

1939 4295 2056 4360 get,
2089 4294 2144 4344 et
2177 4289 2346 4344 ducet
2382 4305 2495 4360 quo
2530 4294 2592 4342 tu
2624 4304 2738 4342 non
2766 4287 2849 4341 vis
2878 4287 3061 4356 (lbid.,
3096 4288 3200 4354 t8).
3237 4308 3265 4336 ››
3300 4286 3455 4342 Bona
3481 4303 3571 4341 se-

1940 4387 2157 4452 nectus,
2198 4399 2312 4437 non
2356 4382 2485 4436 vita:
2533 4381 2893 4453 longaevitate
2939 4379 3226 4434 imbecilla
3266 4379 3336 4433 ad
3380 4395 3570 4447 usum,

1940 4477 2040 4532 sed
2084 4476 2412 4532 maturitate
2455 4475 2678 4529 virtutis
2729 4473 2800 4528 ad
2847 4472 3183 4543 martyrium
3229 4475 3571 4544 praeparata;

195 4572 369 4641 didit,
413 4569 566 4625 videt
605 4585 737 4624 cum
784 4569 1126 4639 piscaretur;
1159 4565 1256 4620 sed
1300 4582 1418 4621 non
1459 4565 1660 4620 vidisse
1703 4581 1834 4618 con-
1863 4565 1918 4635 ι)
1941 4588 2069 4642 quae
2097 4570 2379 4625 lasciviam
2404 4566 2661 4640 1543
2685 4565 3061 4638 corporalium
3086 4565 3365 4636 reprimat
3383 4565 3577 4637 volup-

193 4669 419 4731 tentns,
473 4663 779 4736 impatiens
840 4659 1126 4728 desiderii,
1184 4659 1479 4731 negligens
1539 4657 1839 4730 captionis,

197 4761 522 4814 immemor
558 4756 816 4828 periculi,
845 4772 957 4809 non
996 4759 1194 4809 tamen
1238 4753 1546 4807 immemor
1583 4767 1843 4806 reveren-

194 4853 328 4919 tiae;
366 4851 466 4906 ubi
509 4851 817 4905 Dominum
857 4849 998 4904 vidit
1040 4848 1097 4903 in
1142 4847 1346 4912 littore,
1388 4849 1536 4900 veste
1581 4861 1639 4900 se
1684 4846 1839 4914 texit,

270 4970 370 5032 (35)
419 4967 574 5018 Rom.
619 4965 773 5027 edit.,
813 4965 908 5029 qui
949 4964 1163 5027 fuerant
1206 4962 1425 5026 ingrcssi
1470 4961 1526 5009 in
1575 4960 1844 5012 castellum

195 5053 325 5087 cum
354 5037 600 5088 Domino.

271 5109 366 5169 (36)
392 5107 651 5159 Petavius
679 5108 733 5156 in
755 5107 901 5156 notis
925 5105 993 5155 ad
1016 5104 1215 5168 Epipb.
1244 5104 1377 5154 Ιιωτ.
1408 5104 1486 5162 23,
1513 5103 1635 5153 haec
1663 5103 1846 5153 obser-

199 5184 301 5229 vat
327 5194 340 5227 :
372 5179 682 5230 Ambrosius
707 5179 1048 5229 Ammaouem
1076 5176 1213 5226 hunc
1253 5179 1401 5225 vocat
1444 5175 1516 5224 ad
1555 5175 1701 5223 Lucas
1727 5187 1842 5238 cap.

201 5264 377 5303 xxxv.
425 5251 526 5301 Sed
571 5250 742 5301 deesse
777 5247 923 5312 apud
966 5246 1302 5298 Ambrosium
1341 5245 1552 5310 aliquid
1586 5246 1844 5310 suspicor.

197 5323 346 5374 Nam
374 5321 586 5372 videtur
606 5320 884 5371 Ammaoni
910 5317 1008 5368 loci
1051 5316 1369 5367 vocabulum
1405 5316 1569 5379 fuisse
1614 5317 1714 5366 levi
1749 5317 1848 5366 dc-

194 5393 532 5457 praoatione
579 5405 678 5456 pro
729 5390 1053 5440 Emmaunti.
1102 5389 1269 5438 Porro
1326 5387 1547 5437 alterius
1602 5386 1849 5451 discipuli

197 5478 406 5515 nomen
430 5463 866 5514 substituendum.
891 5461 1118 5520 Verum,
1151 5472 1287 5524 pace
1317 5461 1452 5510 tanti
1480 5461 1600 5520 viri,
1630 5473 1694 5510 ea
1719 5473 1849 5512 con-

188 5541 426 5602 jectura
451 5540 595 5585 stare
634 5547 744 5584 non
782 5538 976 5597 potest.
1025 5533 1145 5583 Non
1190 5532 1338 5582 enim
1382 5531 1474 5582 hic
1509 5531 1709 5602 solum,
1751 5531 1849 5602 sed

199 5601 411 5658 multis
435 5605 559 5656 aliis
583 5605 742 5666 locis,
770 5609 830 5654 ut
855 5608 987 5668 puta
1017 5605 1072 5652 in
1109 5603 1217 5653 bac
1247 5604 1364 5666 ipsa
1395 5601 1756 5666 Expositione
1780 5601 1851 5652 ad

197 5691 342 5741 cap.
380 5690 521 5737 xvu,
553 5679 608 5726 in
640 5675 800 5740 Apol.
846 5689 882 5725 ιι
918 5673 1111 5736 David,
1140 5688 1260 5738 cap.
1293 5676 1341 5734 8,
1373 5675 1526 5723 tract.
1561 5671 1617 5719 in
1652 5671 1848 5734 Symb.,

199 5760 385 5798 serui.
431 5749 489 5797 in
527 5748 748 5798 Domin.
793 5759 850 5795 v1
886 5749 1012 5809 post
1053 5745 1276 5810 Epiph.,
1314 5749 1366 5794 et
1409 5743 1561 5802 alibi,
1605 5742 1742 5793 alter
1782 5751 1853 5794 ex

205 5819 338 5871 illis
387 5819 674 5882 discipulis
737 5819 1010 5869 Ammaon
1061 5818 1350 5868 vocitatur.
1415 5815 1605 5879 Neque
1667 5819 1852 5865 tamen

202 5890 360 5942 hinc
389 5889 769 5940 insultandum
803 5888 1114 5950 Ambrosio,
1136 5889 1294 5954 quasi
1323 5901 1419 5953 pro
1451 5885 1653 5938 Christi
1684 5884 1855 5937 disci-

1942 4668 2147 4730 tatum,
2189 4680 2292 4719 nec
2327 4661 2622 4732 indulgeat
2651 4658 3074 4731 cupiditatibus,
3109 4657 3296 4713 dulcia
3331 4675 3574 4730 quasque

1943 4757 2208 4823 declinet,
2248 4755 2500 4828 speciosa
2540 4771 2658 4810 non
2695 4757 2951 4825 appetat;
2997 4770 3126 4808 caro
3167 4753 3323 4808 enim
3366 4769 3574 4807 concu-

1946 4850 2109 4923 piscit
2151 4851 2452 4904 adversum
2493 4847 2758 4919 spiritum
2795 4846 3026 4917 (Gulat.,
3060 4863 3112 4914 v,
3153 4850 3257 4917 l7),
3293 4850 3350 4900 et
3391 4851 3573 4901 trans-

1944 4967 2075 5032 pulo
2129 4965 2420 5016 castellum
2487 4964 2786 5027 acceperit.
2843 4963 3061 5013 Etenim
3125 4975 3254 5012 cum
3318 4961 3576 5032 eumdem

1946 5031 2102 5088 illum
2133 5036 2280 5101 Orig.
2316 5035 2532 5085 Prmfat.
2567 5035 2619 5083 in
2647 5033 2858 5099 Evang.
2891 5034 3052 5083 Joan.
3085 5033 3334 5083 nominet
3361 5031 3577 5084 Simeo-

1945 5121 2094 5167 nem,
2121 5107 2256 5172 quid
2299 5110 2445 5156 vetet
2471 5106 2611 5169 quin
2657 5105 2732 5154 ibi
2770 5106 3135 5155 Ammaonem
3177 5103 3391 5154 codicis
3425 5103 3578 5161 vitio,

1945 5184 2008 5228 ut
2048 5191 2161 5227 non
2207 5189 2372 5226 nemo
2415 5177 2770 5236 existimavit,
2817 5175 3011 5238 legerit
3058 5173 3429 5224 Ambrosius?
3467 5173 3578 5224 Sed

1946 5253 2127 5314 potest
2151 5248 2317 5300 etiam
2349 5247 2460 5297 dici
2489 5247 2731 5298 doctoris
2759 5245 2932 5295 nostri
2965 5246 3092 5306 (imo
3122 5244 3260 5294 forte
3291 5245 3581 5308 ipsiusmet

1949 5318 2219 5383 Origenis)
2263 5317 2408 5369 hanc
2452 5317 2782 5368 sententiam
2827 5316 3018 5375 fuisse,
3065 5315 3430 5364 Ammaonem
3464 5315 3580 5364 sive

1950 5391 2310 5440 Emmaonem
2341 5403 2371 5438 a
2403 5390 2525 5439 loco
2550 5390 2934 5450 nuncupatum
2964 5386 3155 5443 fuisse,
3187 5397 3300 5434 non
3325 5397 3488 5434 secus
3517 5398 3584 5435 ac

1948 5475 2113 5525 supra
2172 5474 2325 5510 num.
2387 5460 2493 5520 153,
2553 5459 2875 5524 Magdalena
2932 5457 3181 5507 locorum
3243 5455 3582 5506 vocabulum

1949 5545 2072 5584 esse
2124 5532 2344 5583 dicitur.
2397 5531 2467 5582 Et
2513 5531 2736 5581 videtur
2785 5541 2918 5578 sane
2968 5527 3100 5578 hinc
3159 5527 3365 5576 ﬁrmari
3421 5541 3584 5591 posse

1953 5603 2146 5654 isthmc
2189 5602 2396 5667 Opinio,
2435 5600 2583 5666 quod
2628 5598 2967 5664 evangelista
3009 5595 3332 5648 earumdem
3377 5597 3584 5648 Christi

1952 5673 2352 5738 discipulorum
2387 5673 2444 5722 in
2475 5670 2762 5723 castellum
2794 5671 3106 5734 ingressum
3141 5672 3310 5733 atque
3349 5667 3587 5719 accubi—

1954 5749 2072 5795 tum
2102 5745 2173 5795 ita
2201 5744 2497 5805 describat,
2532 5747 2594 5794 ut
2621 5745 2782 5806 putes
2819 5755 2916 5793 eos
2955 5741 3138 5806 potius
3176 5744 3419 5805 repetere
3460 5754 3588 5804 pro-

1956 5817 2102 5879 prios
2123 5815 2283 5877 lares,
2316 5829 2483 5880 quam
2515 5814 2584 5864 ad
2615 5814 2823 5865 alienos
2853 5813 3141 5866 divertere.
3544 5833 3552 5838 -
