4022 6176
529 319 584 368 Η)
599 317 655 368 '13

523 533 626 586 sibi
652 532 870 585 invenit
898 531 1268 601 voluptatum.
1303 529 1451 596 Bona
1479 545 1608 583 vero
1636 530 1842 584 mentis
1871 533 2150 587 senectus.

525 643 653 697 quae
689 641 803 678 non
841 624 900 678 id
940 624 1088 696 quod
1135 639 1302 676 suave
1349 623 1587 693 corpori,
1630 623 1726 677 sed
1772 621 1924 693 quod
1975 621 2152 676 menti

526 721 661 774 utile
693 721 870 790 putat,
909 717 1096 788 eligit;
1138 733 1248 771 non
1293 717 1606 788 voluptario
1647 717 1902 787 corporis
1938 717 2155 786 rapitur

526 813 803 885 appetitu,
853 812 950 866 sed
1001 811 1362 882 repugnandi
1403 812 1512 878 (37)
1560 810 1952 864 moderamine
1996 809 2152 880 quasi

527 907 706 961 invita
731 912 1048 960 revocatur.

601 1003 720 1056 178.
749 1004 894 1071 Ergo
923 1005 978 1054 et
1007 1001 1200 1054 Petrus
1219 999 1322 1053 etsi
1353 1003 1582 1069 paratus
1610 1002 1730 1052 erat
1749 997 1940 1052 animo
1967 998 2154 1052 subire

527 1095 863 1166 martyrium
907 1096 1078 1162 (Luc.,
1125 1109 1250 1159 xxu,
1295 1092 1403 1161 33),
1453 1095 1641 1146 tamen
1691 1091 1788 1146 ubi
1837 1091 2155 1162 periculum

527 1189 775 1254 advenit,
819 1188 1194 1242 constantiam
1250 1185 1458 1239 mentis
1506 1185 1753 1252 inﬂexit;
1803 1185 1955 1256 capit
2000 1183 2153 1239 enim

525 1300 629 1338 nos
659 1283 931 1338 suavitate
963 1282 1070 1349 sui,
1108 1281 1344 1335 ccelestis
1373 1297 1506 1334 usus
1537 1279 1812 1334 muneris.
1854 1279 1993 1332 Nam
2031 1279 2158 1350 quis

529 1377 861 1448 martyrium
903 1394 932 1429 e
978 1375 1139 1429 nobis
1181 1391 1295 1428 non
1337 1373 1594 1444 eligeret,
1637 1373 1681 1425 si
1722 1372 1970 1427 libenter
2012 1372 2159 1427 mori

529 1471 755 1541 posset?
806 1473 952 1540 Ergo
1003 1475 1060 1524 et
1110 1471 1309 1523 Petrus
1358 1467 1584 1521 videtur
1639 1466 1806 1534 nolle,
1854 1467 1948 1520 sed
2002 1470 2161 1537 parat

526 1566 770 1620 vincere.
804 1567 870 1619 Et
903 1564 1036 1634 quid
1068 1564 1275 1617 mirum
1309 1562 1355 1616 si
1389 1564 1584 1615 Petrus
1614 1560 1780 1630 nolit,
1809 1578 1939 1615 cum
1971 1560 2156 1616 Domi-

528 1677 634 1714 nus
675 1659 827 1713 dicat
866 1675 879 1711 :
926 1679 952 1704 «
993 1659 1178 1721 Pater,
1213 1657 1259 1710 si
1305 1655 1426 1709 ﬁeri
1470 1658 1676 1725 potest,
1718 1655 1960 1709 transfer
1996 1672 2029 1708 a
2070 1671 2160 1710 me

530 1753 760 1808 calicem
793 1753 946 1806 hunc
960 1770 976 1819 ;
1013 1755 1403 1805 verumtamen
1442 1765 1554 1801 non
1600 1764 1724 1803 mea
1749 1749 2026 1815 voluntas,
2062 1749 2160 1803 sed

533 1851 631 1900 tua
680 1846 779 1900 ﬁat
828 1845 1068 1914 (Matth.,
1114 1861 1255 1910 xxv1,
1305 1844 1430 1912 39)?
1478 1864 1502 1891 >1

533 1941 805 1994 tationem
839 1937 1300 2009 praesumptionis
1332 1953 1445 1990 suae
1472 1938 1668 1991 Petrus
1689 1936 1811 2005 jam
1851 1952 1963 1989 non
1992 1936 2163 1990 audet

531 2033 838 2088 voluntatis
882 2031 1368 2103 perseverantiam
1414 2030 1696 2100 polliceri;
1745 2030 1836 2084 sed
1883 2029 2041 2100 quasi
2093 2029 2163 2084 ad

534 2127 794 2181 solatium
823 2125 928 2192 sui,
960 2125 1308 2180 consortium
1341 2124 1550 2194 quaerit
1578 2123 1829 2177 alterius.

611 2223 729 2274 179.
776 2220 950 2289 (Vers.
1000 2223 1088 2285 37,
1133 2218 1245 2288 45.)
1293 2220 1399 2272 Tot
1447 2217 1621 2288 igitur
1663 2215 1892 2270 adducti
1943 2215 2166 2270 virtutis

535 2314 814 2385 exemplis
850 2315 1076 2367 Petrum
1116 2312 1399 2366 credimus
1439 2327 1554 2365 non
1595 2309 1839 2380 potuisse
1879 2309 2161 2364 dubitare.

535 2411 807 2462 Joannem
854 2424 1080 2479 quoque
1124 2405 1432 2460 credidisse
1480 2404 1844 2458 manifestum
1889 2406 1992 2469 est,
2035 2419 2164 2456 cum

537 2503 884 2558 Salvatorem
923 2500 1167 2565 videret;
1204 2499 1304 2570 qui
1325 2499 1447 2570 jam
1478 2501 1615 2552 tunc
1645 2496 1903 2564 credidit,
1941 2502 2165 2566 postea-

538 2613 708 2668 quam
750 2612 990 2650 vacuum
1031 2594 1283 2664 corporis
1311 2593 1452 2648 vidit
1487 2593 1811 2664 sepulcrum
1847 2592 2043 2660 (Joan.,
2079 2607 2165 2659 xx,

535 2691 607 2759 8).
637 2691 750 2744 Cur
780 2705 918 2759 ergo
956 2689 1134 2742 Lucas
1171 2687 1390 2741 inducit
1429 2686 1621 2757 plures
1661 2685 1832 2739 fuisse
1874 2684 2170 2738 turbatos?

537 2783 726 2837 Primo
748 2782 1028 2849 omnium,
1053 2782 1184 2852 quia
1203 2796 1512 2852 paucorum
1537 2779 1864 2850 opinionem
1890 2779 2172 2831 sententia

534 2877 766 2948 majoris
794 2877 968 2948 partis
999 2875 1264 2941 includit;
1297 2873 1506 2927 deinde
1543 2873 1678 2944 quia
1720 2872 1820 2925 etsi
1862 2873 2058 2925 Petrus
2099 2871 2169 2924 de

538 2972 950 3026 resurrectione
979 2968 1314 3033 crediderat,
1338 2965 1554 3020 turbari
1583 2969 1775 3020 tamen
1805 2965 2010 3036 potuit,
2040 2981 2171 3018 cum

539 3067 756 3120 videret
795 3064 948 3134 quod
986 3079 1044 3116 se
1090 3060 1360 3115 Dominus
1391 3075 1522 3114 cum
1561 3075 1800 3129 corpore
1839 3060 1896 3112 in
1937 3075 2002 3113 ea
2041 3075 2170 3130 quae

540 3157 831 3213 vestibulis
871 3155 1167 3222 obseratis,
1201 3158 1257 3207 et
1289 3153 1625 3207 constructis
1666 3159 1828 3206 erant
1869 3153 1973 3223 (38)
2013 3156 2171 3223 septa
2195 3183 2248 3256 Ο

542 3251 872 3323 parietibus,
900 3247 1240 3319 improvisus
1266 3247 1615 3302 infunderet.
1641 3247 1812 3300 Lucas
1840 3263 1977 3317 ergo
2004 3246 2174 3300 histo-

543 3345 656 3399 rice
701 3343 921 3413 singula
970 3347 1302 3412 prosecutus
1349 3346 1466 3408 est;
1515 3340 1611 3394 ille
1658 3340 1832 3396 ﬁnem
1881 3340 2172 3412 spectavit,

544 3438 634 3492 hic
671 3438 892 3492 seriem.
923 3437 1063 3490 Nam
1096 3435 1290 3506 utique
1325 3434 1565 3490 dicendo
1595 3451 1608 3488 :
1645 3437 1789 3489 Tunc
1821 3437 2034 3505 aperuit
2063 3435 2175 3488 illis

542 3547 778 3591 sensum,
819 3535 882 3584 ut
925 3531 1284 3600 intelligerent
1324 3546 1386 3583 ea
1423 3545 1542 3598 qua
1577 3531 1780 3599 scripta
1819 3534 1960 3590 sunt,
2004 3528 2177 3582 etiam

546 3627 664 3695 ipse
694 3624 996 3695 discipulos
1023 3623 1329 3678 credidisse
1355 3621 1676 3694 proﬁtetur.

619 3721 738 3775 180.
797 3719 968 3785 (Vers.
1020 3718 1130 3788 49.)
1188 3716 1464 3787 Spiritum
1523 3720 1715 3770 autem
1769 3720 2024 3770 sanctum
2090 3717 2178 3771 vel

545 3815 653 3868 illis
683 3812 944 3867 undecim
978 3811 1141 3883 quasi
1170 3810 1606 3882 perfectioribus
1637 3809 1947 3863 insufflavit
1977 3811 2174 3880 (Joan.,

547 3924 632 3972 xx,
659 3909 767 3975 22),
793 3910 848 3959 et
873 3905 1104 3976 reliquis
1130 3907 1324 3975 postea
1350 3903 1716 3957 tribuendum
1743 3920 1862 3958 esse
1891 3904 2182 3974 promittit

550 4001 733 4066 (Ibid.,
770 4000 891 4069 21);
933 4000 1018 4053 vel
1065 3999 1266 4052 iisdem
1313 3997 1388 4050 ibi
1430 3997 1756 4062 insuftlavit,
1799 3998 1888 4051 hic
1929 4015 2178 4069 spopon-

550 4095 653 4146 dit.
697 4093 808 4147 Nec
851 4093 1076 4147 videtur
1124 4108 1244 4145 esse
1292 4090 1657 4156 contrarium,
1702 4107 1832 4144 cum
1879 4092 2182 4146 divisiones

553 4187 665 4240 sint
689 4187 1001 4255 gratiarum
1032 4202 1045 4238 :
1083 4205 1107 4232 ‹‹
1141 4184 1250 4238 Alii
1280 4185 1433 4238 enim
1463 4184 1628 4237 datur
1651 4200 1838 4239 sermo
1867 4187 2180 4257 sapientiae,

555 4279 648 4333 alii
678 4281 871 4332 autem
907 4294 1097 4332 sermo
1129 4276 1379 4331 scientia:
1415 4277 1727 4330 secundum
1757 4278 2024 4333 eumdem
2056 4279 2181 4351 Spi-

553 4374 757 4439 ritum,
811 4371 908 4425 alii
970 4371 1108 4425 ﬁdes
1171 4370 1228 4423 in
1294 4369 1492 4424 eodem
1549 4370 1791 4440 Spiritu,
1847 4372 1942 4426 alii
2003 4373 2187 4443 gratia

553 4465 914 4520 curationum
956 4465 1016 4518 in
1055 4481 1166 4518 uno
1199 4464 1434 4535 Spiritu,
1467 4463 1560 4516 alii
1597 4464 1851 4534 operatio
1887 4465 2184 4535 virtutum,

1414 316 1466 365 s.
1509 289 2330 367 Animos"Exeosi'rmms
2373 311 2438 365 IN
2482 310 2706 366 LUCAM
2749 311 2869 364 LIB.
2915 311 2977 363 χ.

520 438 792 492 versarios
835 435 1094 489 tramites
1133 435 1421 505 gradiendi
1464 451 1577 506 qna
1621 435 1756 488 velit
1799 434 2149 488 diversarum
2176 433 2424 518 Aliabes

3706 319 3806 374 1944

2483 450 2494 487 :
2559 456 2584 480 «
2636 433 2881 503 Accipite
2948 432 3220 503 Spiritum
3283 435 3557 502 sanctum;
3609 452 3805 506 quorum

2256 527 2584 582 remiseritis
2630 529 2877 597 peccata,
2926 526 3162 580 remissa
3209 531 3371 579 erunt
3411 527 3588 594 (Joan.,
3628 545 3702 594 xx,
3741 536 3807 598 '22,

2256 625 2364 688 23).
2408 643 2433 670 ››
2465 624 2532 675 At
2572 635 2703 675 vero
2744 621 2803 674 in
2843 619 3072 674 Actibus
3113 619 3489 690 apostolorum
3527 621 3595 675 sic
3627 622 3807 679 babes:

2257 736 2282 762 ‹‹
2321 716 2384 769 Et
2409 715 2613 785 repleti
2639 719 2770 768 sunt
2795 730 2992 768 omnes
3017 713 3230 784 Spiritu
3260 719 3459 779 sancto,
3488 719 3540 768 et
3569 721 3815 786 coeperunt

2256 808 2407 880 loqui
2436 808 2602 862 variis
2628 808 2856 879 linguis,
2887 807 3172 878 quomodo
3199 805 3432 877 Spiritus
3458 812 3661 862 sanctus
3684 809 3813 864 dabat

2257 902 2448 974 eloqui
2475 901 2585 956 illis
2610 902 2777 971 (Act.,
2812 918 2869 969 11,
2899 900 2974 971 4).
3011 922 3036 948 ››

2334 1027 2449 1078 181.
2478 1023 2770 1078 Diversitas
2791 1026 2981 1078 autem
3009 1023 3286 1077 visionum
3309 1023 3656 1093 frequentiam
3678 1016 3822 1078 fama?

2261 1117 2499 1172 lantium
2525 1117 2808 1188 signiﬁcat
2833 1117 3170 1188 angelorum
3201 1117 3399 1186 (Matt.
3422 1132 3591 1182 xxvm,
3611 1118 3677 1187 2),
3691 1117 3821 1186 juxta

2259 1212 2411 1284 quod
2454 1212 2727 1266 Dominus
2770 1212 2891 1283 ipse
2929 1210 3264 1282 promiserat
3299 1209 3486 1264 dicens
3516 1233 3524 1262 :
3559 1233 3583 1257 ‹‹
3612 1211 3667 1264 Et
3697 1210 3820 1264 vide-

2259 1305 2390 1361 bitis
2418 1305 2652 1378 angelos
2675 1305 3076 1360 descendentes
3103 1309 3158 1358 et
3184 1303 3548 1358 ascendentes
3574 1303 3639 1357 ad
3660 1303 3823 1357 Filium

2261 1400 2506 1454 hominis
2541 1399 2743 1471 (Joan.,
2781 1417 2818 1469 1,
2853 1398 2962 1471 51).
3003 1423 3029 1449 ››
3063 1403 3245 1471 Atque
3289 1398 3501 1453 utinam
3526 1414 3643 1452 cum
3683 1399 3823 1451 Evan-

2262 1495 2397 1566 gelii
2421 1494 2536 1550 ﬁne
2564 1499 2758 1549 noster
2789 1510 3015 1565 quoque
3050 1509 3235 1549 sermo
3264 1492 3574 1547 claudatur!

2339 1618 2456 1670 182.
2491 1617 2602 1670 Cur
2637 1614 2954 1670 secundum
2993 1615 3319 1670 Matthaaum
3362 1619 3420 1668 et
3445 1614 3674 1668 Marcum
3702 1629 3830 1667 man-

2262 1711 2356 1764 dat
2377 1710 2669 1780 discipulis
2693 1728 2704 1763 :
2736 1731 2763 1758 «
2783 1708 3110 1763 Prascedam
3133 1725 3228 1763 vos
3247 1707 3306 1762 in
3329 1707 3610 1763 Galilaeam
3630 1707 3830 1776 (Matth,

1557 1800 1810 1913 "alique;
1825 1800 2160 1912 "pogt't
2183 1817 2237 1886 B
2262 1819 2406 1913 X‘XVI,
2435 1804 2552 1913 '32),
2583 1803 2660 1858 ibi
2700 1821 2796 1858 me
2831 1803 3094 1858 videbitis
3123 1803 3344 1905 (Marc.,
3369 1817 3477 1904 xvi,
3505 1800 3586 1896 7);
3615 1821 3640 1847 n
3671 1814 3831 1913 secun-

2266 1897 2404 1952 dum
2434 1899 2637 1952 Lucam
2667 1913 2800 1952 vero
2835 1903 2894 1952 et
2925 1899 3202 1952 Joannem
3239 1896 3412 1951 etiam
3450 1890 3596 1949 intra
3618 1893 3835 1948 conclave

2266 1992 2470 2046 obtulit
2513 2008 2570 2046 se
2613 1991 2920 2046 videndum
2959 1992 3114 2061 (vers.
3159 1993 3255 2059 36;
3299 1992 3480 2051 Joan.,
3523 2005 3607 2057 xx,
3653 1985 3756 2056 19)?
3788 1986 3836 2038 Et

2267 2085 2502 2156 quidem
2535 2085 2686 2156 quod
2726 2101 2784 2140 se
2817 2085 3126 2140 videndum
3161 2084 3492 2154 frequenter
3519 2079 3776 2144 obtulerit,
3798 2082 3839 2130 et

2269 2180 2392 2248 plus
2417 2195 2593 2249 quam
2621 2178 2948 2250 quingentis
2969 2178 3260 2246 fratribus,
3290 2182 3348 2232 et
3373 2178 3556 2242 Petro,
3581 2177 3635 2229 et
3657 2171 3839 2238 Jacobo,

2269 2271 2441 2326 etiam
2475 2273 2787 2342 apostolico
2815 2273 3178 2344 probavimus
3207 2270 3532 2326 testimonio
3562 2270 3597 2338 (Ι
3625 2267 3750 2327 σον..
3776 2281 3839 2330 ιιι

2271 2370 2320 2433 ὅ,
2351 2369 2424 2435 6).
2461 2367 2526 2420 Et
2553 2368 2725 2421 Lucas
2754 2367 2812 2420 in
2845 2365 3070 2421 Actibus
3103 2365 3492 2436 apostolorum
3521 2360 3702 2417 docuit
3725 2357 3843 2431 quod

2271 2459 2558 2531 discipulis
2590 2481 2616 2508 α
2647 2460 3096 2515 manifestaverit
3122 2476 3182 2513 se
3209 2459 3396 2514 vivere
3425 2461 3547 2529 post
3574 2454 3846 2527 passionem

2270 2570 2454 2621 suam,
2484 2553 2544 2607 in
2576 2553 2768 2608 multis
2797 2553 3155 2624 argumentis
3181 2567 3465 2624 apparens
3489 2550 3593 2617 his,
3617 2554 3670 2604 et
3694 2547 3848 2617 dispu-

2271 2654 2392 2701 tans
2431 2648 2502 2701 de
2547 2664 2721 2718 regno
2765 2648 2860 2701 Dei
2898 2649 3061 2716 (Act.,
3095 2663 3132 2713 1,
3163 2646 3235 2716 3).
3273 2668 3304 2696 ››
3336 2647 3486 2716 Ergo
3526 2643 3651 2715 quia
3686 2639 3850 2710 sapius

2271 2744 2330 2795 et
2381 2742 2610 2796 diversis
2660 2741 2943 2812 apparuit,
2991 2757 3122 2795 cum
3169 2740 3229 2794 in
3277 2739 3511 2795 Galilaea
3555 2733 3759 2808 quando
3799 2733 3853 2785 sit

2274 2835 2440 2902 visus,
2481 2851 2844 2906 nequaquam
2885 2834 3281 2905 praescriptum
3324 2850 3389 2888 ac
3423 2832 3706 2887 deﬁnitum
3737 2831 3850 2880 tem-

2274 2945 2376 2999 pus
2411 2928 2702 2998 Scriptura
2745 2927 3132 2998 designaverit
3166 2944 3179 2981 :
3214 2928 3273 2981 in
3314 2925 3626 2982 Jerusalem
3664 2918 3852 2993 quando

2274 3039 2330 3077 se
2376 3022 2665 3087 obtulerit,
2698 3025 2754 3076 et
2794 3021 2946 3076 diem
2989 3025 3047 3076 et
3091 3022 3294 3076 horam
3341 3017 3694 3092 expresserit;
3728 3013 3854 3069 timi-

2277 3115 2467 3170 diores
2491 3115 2638 3169 intra
2667 3115 2956 3170 conclavia
2988 3115 3330 3184 revisuntur,
3361 3113 3624 3169 fortiores
3646 3109 3710 3165 ad
3733 3123 3856 3162 mon-

2275 3215 2390 3264 tem
2415 3215 2824 3264 convenerunt.

2350 3345 2468 3397 183.
2499 3342 2752 3414 Denique
2789 3342 2940 3396 intra
2969 3344 3246 3409 conclave,
3281 3342 3438 3397 ostiis
3477 3340 3693 3405 clausis,
3725 3335 3856 3390 indu-

2276 3437 2352 3491 cit
2378 3439 2628 3492 Joannes
2664 3435 2966 3507 discipulos
3007 3440 3382 3508 congregatos
3422 3438 3649 3507 prepter
3681 3433 3858 3486 metum

2275 3531 2602 3586 Judzeorum
2654 3531 2859 3596 (Joan.,
2915 3547 3012 3598 xx,
3072 3531 3153 3600 19)
3207 3549 3218 3584 :
3278 3547 3422 3601 quos
3480 3545 3590 3584 non
3639 3521 3860 3582 undecim

2278 3626 2473 3692 Lucas,
2518 3625 2613 3679 sed
2661 3625 2851 3695 plures
2894 3623 3115 3696 scripsit
3161 3624 3334 3680 fuisse
3377 3626 3536 3695 (vers.
3577 3621 3663 3691 33)
3705 3637 3718 3672 :
3759 3618 3861 3672 istos

2281 3721 2473 3773 autem
2503 3718 2798 3772 Matthaeus
2838 3717 3100 3772 undecim
3139 3719 3287 3772 solos
3326 3719 3386 3772 in
3431 3717 3661 3772 Galilma
3696 3727 3863 3768 conve-

2281 3812 2430 3866 nisse
2479 3828 2594 3866 non
2647 3811 2802 3866 siluit
2846 3812 3089 3880 (Matth,
3137 3829 3324 3880 xxvnr,
3378 3815 3481 3875 16).
3535 3809 3770 3879 Denique
3808 3802 3862 3853 sic

2283 3905 2454 3959 habes
2500 3921 2512 3958 :
2565 3925 2590 3955 ‹‹
2640 3903 2915 3958 Undecim
2974 3907 3166 3958 autem
3222 3904 3486 3976 discipuli
3543 3902 3783 3957 abierunt
3823 3894 3864 3946 in

2283 3998 2596 4062 Galilaeam,
2636 3997 2691 4050 in
2734 4004 2992 4051 montem
3040 3998 3134 4052 ubi
3175 3999 3545 4053 constituerat
3587 3995 3687 4049 illis
3721 3992 3864 4044 Iesus.

2283 4097 2336 4146 et
2364 4091 2614 4146 videntes
2641 4107 2773 4145 eum
2800 4091 3176 4146 adoraverunt
3206 4109 3218 4146 :
3246 4093 3490 4163 quidam
3519 4093 3704 4145 autem
3732 4081 3866 4139 dubi-

2285 4189 2548 4240 taverunt
2580 4186 2758 4252 (Ibid.,
2793 4189 2875 4252 16,
2911 4185 3019 4256 17).
3056 4208 3082 4235 »
3117 4186 3334 4250 Quibus
3361 4183 3604 4241 docendi
3635 4184 3688 4235 et
3719 4175 3866 4247 bapti-

2285 4279 2448 4334 zandi
2487 4277 2687 4332 tribuit
2716 4281 3059 4349 potestatem
3092 4279 3275 4348 (lbid.,
3312 4282 3426 4350 19).
3461 4276 3722 4334 Undecim
3757 4284 3869 4342 quo-

2286 4389 2395 4443 que
2446 4372 2930 4427 discumbentibus
2984 4372 3269 4444 discipulis
3324 4377 3385 4427 et
3432 4374 3644 4428 Marcus
3691 4367 3741 4422 in
3783 4363 3869 4417 ﬁne

2287 4467 2612 4537 apparuisse
2644 4465 2854 4533 scribit,
2884 4467 3110 4537 quando
3147 4467 3419 4521 similiter
3457 4458 3783 4538 praedicandi
3809 4455 3874 4509 bis

552 4560 643 4614 alii
687 4558 1006 4629 prophetia,
1041 4559 1139 4612 alii
1180 4558 1440 4612 discretio
1477 4557 1804 4628 spirituum,
1839 4559 1933 4613 alii
1972 4576 2186 4629 genera
2208 4556 2266 4626 D
2291 4577 2392 4631 per
2418 4565 2599 4614 totum
2633 4559 2829 4613 orbem
2869 4560 3106 4615 mandat
3135 4560 3387 4616 ofﬁcium
3420 4561 3636 4630 (Marc,
3660 4570 3762 4619 xw,
3793 4549 3871 4613 15)·

557 4654 908 4723 linguarum,
939 4652 1034 4706 alii
1066 4652 1461 4723 interpretatio
1493 4669 1822 4706 sermonum
1857 4653 1896 4722 (Ι
1936 4656 2078 4714 Cor.,
2113 4670 2186 4720 x1,

556 4747 732 4812 8-10).
787 4767 812 4794 ››
859 4747 1007 4816 Ergo
1062 4746 1236 4800 aliam
1286 4746 1592 4799 insufﬂavit
1642 4746 1718 4799 ibi
1771 4746 2187 4816 operationem,

561 4840 652 4894 hic
716 4839 886 4893 aliam
953 4839 1284 4910 pollicetur;
1350 4840 1427 4892 ibi
1491 4839 1645 4892 enim
1715 4839 2191 4895 remittendorum

562 4933 748 5003 gratia
789 4933 1002 4986 tributa
1054 4939 1135 4986 est
1181 4939 1566 5003 peccatorum,
1607 4933 1762 5002 quod
1805 4950 1922 4988 esse
1970 4935 2193 4988 videtur

559 5027 882 5098 augustius;
917 5030 974 5080 et
1010 5027 1140 5081 ideo
1174 5026 1492 5080 insufflatur
1517 5044 1547 5079 a
1573 5027 1813 5095 Christo,
1847 5025 2102 5100 1544
2134 5031 2195 5082 ut

561 5121 754 5176 credas
781 5120 1056 5191 Spiritum
1083 5120 1309 5186 Christi,
1339 5123 1396 5174 et
1421 5121 1614 5175 credas
1643 5121 1712 5174 de
1739 5122 1852 5176 Deo
1881 5122 2189 5192 Spiritum;

566 5217 711 5270 Deus
766 5215 922 5268 enim
983 5215 1130 5268 solus
1181 5219 1409 5284 peccata
1465 5215 1720 5269 dimittit.
1774 5216 1947 5269 Lucas
2001 5221 2192 5270 autem

564 5308 890 5379 linguarum
933 5308 1173 5378 gratiam
1217 5308 1480 5363 describit
1524 5308 1780 5362 effusam.
1825 5310 2075 5381 Denique
2115 5310 2192 5364 ibi

624 5476 720 5595 (3:)
759 5476 878 5596 an
919 5477 1080 5540 pauci
1118 5489 1266 5538 mss.,
1320 5478 1535 5540 capitur
1580 5477 1838 5540 appetitu,
1880 5477 1968 5530 sed
2005 5490 2194 5540 repug-

624 5560 676 5594 ιη
702 5562 739 5596 ι.
766 5560 795 5595 e
823 5561 871 5596 c.

567 5559 739 5604 nanti,
766 5559 871 5597 etc.

627 5615 722 5674 (38)
755 5615 922 5675 Edit.,
953 5621 997 5664 et
1029 5615 1305 5668 obstructis
1338 5624 1491 5670 erant
1515 5624 1662 5683 septa
1689 5619 2015 5682 parietibus;
2042 5632 2193 5679 mss.,

569 5686 613 5729 et
640 5685 947 5734 constructis
977 5693 1146 5747 erant,
1174 5693 1280 5740 etc.

2369 4655 2485 4708 184.
2519 4655 2675 4708 Unde
2718 4655 2821 4708 hoc
2860 4655 3293 4709 convenientius
3329 4654 3597 4719 arbitror,
3626 4647 3763 4722 quod
3789 4645 3874 4698 Do-

2295 4748 2481 4802 minus
2515 4747 2748 4819 quidem
2786 4747 3141 4803 mandaverit
3170 4748 3463 4820 discipulis
3502 4751 3565 4802 ut
3599 4747 3655 4798 in
3687 4738 3874 4799 Galilaea

2294 4859 2351 4894 se
2386 4841 2666 4907 viderent;
2698 4842 2797 4896 sed
2832 4841 2942 4895 illis
2978 4846 3137 4897 metu
3175 4843 3325 4898 intra
3363 4842 3624 4897 conclave
3662 4833 3873 4892 residen-

2293 4935 2445 4989 tibus
2485 4937 2610 5006 (39),
2655 4937 2837 5007 primo
2880 4953 2938 4990 se
2983 4936 3273 5005 obtulisse,
3307 4942 3501 5008 postea
3541 4948 3668 4988 vero
3704 4925 3872 4984 contir-

2297 5029 2463 5082 matis
2493 5029 2716 5096 animis,
2756 5030 3018 5084 undecim
3061 5030 3183 5085 illos
3229 5031 3522 5086 Galilzeam
3564 5025 3767 5099 petisse.
3804 5014 3873 5068 Vel

2297 5129 2448 5177 certe
2502 5123 2631 5192 (hoc
2687 5140 2917 5194 quoque
2973 5123 3340 5195 diligentibus
3384 5119 3737 5193 scriptoribus
3778 5111 3869 5182 pla-

2297 5215 2476 5268 cuisse
2521 5217 2767 5286 reperio)
2815 5216 2953 5291 nihil
2999 5217 3184 5270 obstat
3227 5219 3270 5271 si
3322 5217 3578 5271 dicamus
3624 5209 3873 5283 pauciores

2297 5310 2446 5363 intra
2474 5309 2754 5376 conclave,
2786 5309 2840 5363 in
2876 5315 3068 5365 monte
3099 5313 3417 5382 complures
3446 5309 3631 5364 fuisse.

2363 5475 2457 5538 (39)
2486 5475 2650 5540 Edit.,
2680 5479 2826 5528 intra
2855 5478 3098 5529 conclave
3122 5481 3506 5532 vieitantur.....
3533 5467 3872 5543 οοηυοηενγίξί

2299 5535 2543 5610 mare,
2587 5535 2963 5612 convenerint;
2988 5563 3122 5601 mss.
3166 5563 3366 5616 magno
3415 5558 3679 5601 consensu
3717 5535 3872 5616 φιβ’

2297 5632 2425 5668 cum
2454 5619 2681 5681 faciunt,
2712 5620 2817 5670 nisi
2848 5619 2998 5684 quod
3030 5621 3231 5684 legitur
3263 5615 3316 5671 in
3347 5617 3644 5676 nonnullis,
3670 5615 3872 5662 revisan-

2296 5696 2405 5749 tur,
2430 5695 2487 5740 ut
2509 5688 2812 5752 fortiores...
2845 5692 3200 5742 convenirent.
