3936 6158
237 308 335 362 1945
1293 301 1632 355 COMMENT.
1677 300 1745 354 IN
1784 302 2066 357 CANTICA
2108 301 2369 357 CANTIC.
3380 307 3508 360 l9~'l-6

933 742 2722 912 COMMENTARIUS

1254 1050 1346 1135 IN
1403 1050 1772 1138 CANTICA
1829 1050 2389 1137 CANTICORUM

347 1301 435 1425 E
557 1299 1440 1426 SCRIPTIS
1565 1299 2255 1428 SANGTI
2371 1299 3311 1429 AMBROSII

674 1574 723 1638 Α
773 1573 1266 1649 GUILLELMO,
1312 1573 1705 1653 QUONDAM
1756 1574 2066 1640 ABBATE
2116 1575 2396 1643 SANCTI
2445 1575 2958 1650 THEODORICI,

908 1691 1213 1757 POSTEA
1247 1691 1638 1759 MONACHO
1674 1692 2201 1769 SIGNIACENSI,
2241 1693 2725 1761 COLLECTUS.

1560 2087 2077 2174 LECTORI.

219 2308 386 2363 Nostri
417 2308 657 2381 quidem
694 2308 912 2363 consilii
956 2309 1144 2364 fuerat
1184 2311 1290 2365 hoc
1329 2311 1615 2364 volumine
1658 2326 1770 2364 non
1813 2311 1926 2366 alia
1970 2327 2140 2382 opera
2185 2311 2472 2375 exhibere,
2507 2326 2680 2381 quam
2721 2328 2848 2382 qua;
2887 2311 2958 2366 ad
3002 2311 3208 2366 veteris
3245 2309 3492 2381 novique

159 2398 475 2452 Testamenti
519 2397 930 2470 expositionem
976 2399 1348 2470 pertinerent,
1391 2403 1450 2454 et
1486 2417 1610 2471 qua:
1651 2405 1937 2455 constaret
1978 2401 2048 2454 ab
2086 2399 2408 2461 Ambrosio,
2452 2400 2498 2454 si
2539 2402 2760 2454 tantum
2801 2401 3036 2456 alteram
3075 2398 3248 2456 David
3291 2398 3492 2468 Apolo-

158 2487 289 2555 giam
324 2487 600 2559 excipias,
633 2504 754 2542 esse
794 2489 1130 2560 conscripta.
1161 2491 1368 2544 Verum
1413 2507 1539 2544 cum
1583 2493 1925 2544 tractatuum
1955 2489 2454 2561 supposititiorum
2485 2505 2628 2560 quos
2656 2490 2727 2544 ad
2765 2491 2980 2544 calcem
3008 2487 3298 2560 sequentis
3325 2489 3488 2543 volu-

159 2575 302 2629 minis
329 2577 501 2632 edere
534 2579 960 2642 constituimus,
999 2595 1303 2634 numerum
1334 2579 1744 2650 expendentes,
1784 2595 1858 2634 ne
1889 2579 2041 2634 idem
2080 2579 2244 2633 mulis
2281 2595 2445 2650 aequo
2485 2578 2722 2650 majoris
2760 2581 3013 2634 futurum
3051 2580 3218 2643 esset,
3259 2593 3488 2631 verere-

155 2682 279 2734 mur,
309 2667 438 2721 huic
465 2667 664 2739 primo
688 2669 1152 2739 supplementum
1184 2669 1410 2741 aliquod
1442 2669 1771 2740 putavimus
1799 2669 2208 2740 adjiciendum.
2241 2671 2382 2724 Cum
2411 2675 2602 2723 autem
2632 2686 2700 2723 ex
2738 2668 3013 2740 legitimis
3037 2667 3285 2722 doctoris
3314 2667 3493 2722 nostri

151 2755 621 2811 lucubrationibus
650 2758 810 2812 nulla
848 2763 1171 2813 occurreret
1209 2775 1338 2829 quae
1375 2759 1460 2812 vel
1499 2759 1633 2812 satis
1671 2775 1803 2813 cum
1838 2759 2199 2828 superiorum
2241 2761 2587 2829 argumento
2633 2763 2995 2830 congrueret,
3033 2757 3119 2812 vel
3153 2756 3488 2812 inducenda:

153 2844 280 2898 inter
303 2851 619 2918 utrumque
656 2848 923 2902 volumen
963 2849 1268 2920 mqualitati
1308 2849 1442 2902 satis
1482 2854 1656 2915 esset;
1691 2847 1832 2902 nihil
1877 2848 2239 2903 commodius
2265 2850 2448 2903 visum
2487 2852 2591 2914 est,
2623 2865 2794 2918 quam
2835 2851 2900 2902 ut
2937 2846 3490 2902 commentationem

149 2933 273 2988 hanc
301 2935 736 3007 subjiceremus.
771 2940 842 2993 Ea
869 2955 1005 2994 sane
1036 2937 1244 2993 mediae
1271 2938 1570 3009 cujusdam
1601 2939 1750 2994 inter
1782 2954 1912 2994 vera
1955 2941 2013 2992 et
2048 2939 2221 2992 notha
2260 2942 2317 2994 Β.
2356 2939 2632 2994 Ambrosii
2669 2955 2840 3010 opera
2876 2937 3218 2993 conditionis
3253 2939 3357 3003 est,
3386 2950 3488 2990 nec

148 3021 207 3074 ab
231 3040 292 3078 eo
319 3041 557 3096 prorsus
594 3028 803 3097 aliena,
831 3045 963 3083 cum
993 3029 1251 3099 ejusdem
1280 3029 1465 3084 verbis
1495 3032 1716 3084 constet
1741 3043 1808 3082 ac
1836 3029 2132 3083 sententiis
2163 3046 2174 3082 :
2208 3045 2310 3084 nec
2349 3045 2542 3082 rursus
2573 3030 2804 3084 omnino
2840 3029 2945 3100 ipsi
2977 3026 3225 3098 propria,
3263 3041 3392 3078 cum
3418 3024 3487 3078 ab

143 3112 234 3166 alio
257 3113 433 3170 fuerit
463 3118 832 3174 concinnata.
863 3122 1097 3176 Certum
1125 3119 1336 3190 quippe
1363 3125 1448 3174 est
1474 3118 1834 3173 Ambrosium
1853 3134 2153 3190 nunquam
2183 3136 2248 3173 ex
2277 3118 2568 3190 proposito
2598 3119 2886 3190 scripsisse
2908 3117 2966 3172 in
2994 3115 3219 3172 Cantica
3249 3113 3489 3168 cantico-

145 3217 274 3272 rum,
301 3205 400 3260 sed
428 3223 570 3262 cum
599 3224 667 3262 eo
699 3209 843 3264 libro
869 3213 1164 3281 tantOpere
1193 3209 1380 3280 ipsum
1411 3210 1758 3264 delectatum
1792 3226 1910 3264 esse
1946 3214 2268 3282 appareret,
2301 3216 2361 3264 ut
2402 3210 2555 3264 illius
2593 3209 2917 3264 illustrandi
2959 3208 3172 3263 nullam
3216 3206 3272 3259 in
3319 3204 3489 3259 variis

137 3291 235 3346 suis
259 3295 488 3367 scriptis
518 3299 953 3368 praetermiserit
978 3299 1356 3366 occasionem,
1385 3299 1490 3354 hoc
1526 3299 1585 3354 in
1625 3303 1880 3354 mentem
1917 3299 2141 3354 induxit
2180 3299 2517 3370 quibusdam
2559 3316 2797 3370 operum
2834 3297 3344 3353 Ambrosianorum
3375 3300 3487 3349 stu-

138 3380 311 3451 diosis,
341 3389 407 3439 nt
435 3385 556 3441 illic
583 3404 779 3458 sparsa
808 3393 981 3461 atque
1010 3389 1247 3460 disjecta
1272 3389 1627 3460 colligentes,
1659 3405 1724 3443 ex
1752 3389 1968 3444 eisdem
1993 3389 2143 3444 inter
2172 3407 2229 3444 se
2256 3391 2313 3444 in
2341 3390 2602 3444 centonis
2632 3406 2852 3444 morem
2891 3388 3094 3442 assutis
3123 3402 3302 3441 unum
3331 3401 3482 3440 com-

134 3475 384 3529 mentarii
417 3492 635 3548 corpus
666 3478 1031 3534 conﬁcerent.
1065 3478 1204 3533 Inde
1238 3482 1323 3535 est
1350 3480 1498 3549 quod
1532 3495 1682 3533 anno
1715 3481 1847 3533 l558
1890 3479 2121 3533 Lovanii
2159 3479 2367 3549 prodiit
2395 3479 2680 3550 Expositio
2711 3478 2767 3532 in
2804 3477 3038 3534 Cantica
3072 3475 3423 3530 canticorum
3454 3491 3486 3526 a

132 3559 366 3620 Costerio
401 3583 532 3639 reg.
562 3569 724 3624 Cant.
755 3575 1047 3641 excerpta;
1083 3570 1240 3640 cujus
1282 3569 1639 3640 diligentiam
1676 3570 1906 3624 tametsi
1946 3569 2216 3640 prmdicet
2259 3569 2544 3636 Gillotius,
2589 3585 2720 3622 eum
2763 3575 2952 3622 tamen
2991 3566 3185 3622 omnia
3221 3579 3483 3620 commu-

133 3655 278 3722 tasse,
311 3659 503 3714 multa
531 3659 829 3728 ademisse,
859 3661 1024 3733 plura
1054 3662 1122 3716 de
1155 3677 1257 3717 suo
1283 3661 1566 3716 addidisse
1594 3661 1945 3715 testiﬁcatur.
1977 3660 2262 3715 Decennio
2289 3665 2415 3731 post
2440 3660 2592 3714 idem
2623 3658 2876 3714 Gillotius
2900 3659 2958 3723 in
2983 3657 3130 3712 calce
3161 3670 3397 3726 operum
3425 3653 3483 3707 S.

131 3744 394 3801 Ambrosii
427 3766 572 3804 cura
601 3767 700 3805 sua
739 3752 1166 3822 recognitorum
1199 3751 1370 3806 aliam
1399 3751 1611 3806 Cantici
1643 3749 1996 3804 canticorum
2024 3749 2274 3821 vulgavit
2309 3748 2734 3820 Expositionem
2767 3765 2894 3820 quae
2929 3747 2999 3802 ab
3033 3747 3166 3798 Ant.
3196 3740 3480 3798 Monchia-

129 3847 258 3889 ceno
287 3837 682 3906 Demochare,
715 3840 944 3896 doctore
975 3841 1308 3906 Sorbonico,
1337 3844 1625 3912 excerpta,
1656 3844 1714 3894 et
1740 3840 1800 3895 in
1829 3856 2009 3894 unum
2034 3857 2236 3910 corpus
2266 3839 2502 3894 collecta
2533 3843 2904 3893 memoratur.
2933 3837 3337 3891 Verumtamen
3363 3831 3483 3884 veri

128 3925 290 3978 multo
320 3926 565 3982 videtur
585 3929 827 3985 similius
851 3947 978 3985 eam
1005 3929 1395 3985 collectionem
1421 3948 1453 3984 a
1480 3929 1830 3984 Demochare
1860 3934 2084 3984 tantum
2111 3935 2334 3984 auctam
2363 3934 2535 4000 atque
2563 3929 2966 3998 interpolatam
2995 3924 3194 3991 fuisse;
3219 3921 3481 3993 quando-

126 4012 346 4081 quidem
390 4034 520 4072 non
564 4019 735 4074 modo
775 4021 833 4074 in
867 4020 1087 4091 collegii
1130 4019 1410 4074 Navarrici
1450 4019 1836 4091 manuscripto
1875 4035 2156 4073 annorum
2193 4019 2322 4072 circ.
2369 4020 2494 4085 400,
2538 4023 2593 4072 et
2631 4017 2690 4072 in
2729 4016 2922 4071 codice
2959 4011 3198 4070 cmnobii
3229 4009 3484 4065 Vindoci-

126 4104 300 4158 nensis
326 4110 470 4161 ante
501 4125 684 4163 annos
710 4112 812 4164 600
838 4112 1069 4163 exarato
1107 4109 1311 4164 eadem
1350 4109 1482 4163 licet
1513 4109 1736 4164 brevior
1770 4108 2114 4175 continetur,
2161 4108 2258 4162 sed
2297 4108 2472 4163 etiam
2510 4107 2756 4162 habetur
2794 4107 2852 4161 in
2895 4101 3206 4175 exemplari
3240 4117 3377 4155 ann.
3424 4102 3485 4153 ut

125 4192 424 4250 minimum
457 4200 590 4264 800,
621 4205 676 4253 et
703 4216 736 4253 a
769 4200 933 4254 Floro
961 4199 1199 4254 diacono
1228 4199 1615 4270 Lugdunensi,
1648 4198 1744 4270 qui
1772 4197 1903 4253 circ.
1936 4215 2028 4253 an.
2059 4201 2160 4252 855
2194 4198 2434 4265 vivebat,
2473 4198 2532 4253 in
2575 4197 2988 4252 commentario
3019 4195 3078 4248 in
3121 4191 3399 4264 Epistolas
3424 4189 3478 4244 S.

121 4281 266 4338 Pauli
297 4287 577 4342 nondum
609 4289 760 4344 edito
786 4290 952 4345 citata
990 4290 1290 4362 reperitur.
1325 4292 1430 4344 Hos
1456 4294 1647 4344 autem
1682 4289 1822 4344 duos
1859 4288 2077 4344 codices
2121 4291 2318 4344 Petrus
2362 4290 2555 4345 Franc.
2603 4289 2896 4346 Chitletius
2937 4301 3109 4359 penes
3146 4299 3226 4349 se,
3257 4283 3396 4336 dum
3423 4281 3483 4333 in

123 4371 246 4427 vivis
284 4383 524 4448 ageret,
569 4379 910 4434 asservabat.
951 4381 1199 4435 Tertiam
1237 4397 1408 4452 porro
1449 4395 1620 4451 super
1663 4379 1858 4435 eadem
1906 4379 2140 4434 materia
2186 4381 2732 4435 commentationem
2778 4393 3070 4450 nunquam
3103 4379 3273 4429 antea
3308 4372 3483 4443 praelo

120 4464 435 4534 subjectam
472 4468 704 4535 damus,
736 4485 912 4540 quam
940 4470 1041 4524 etsi
1091 4469 1283 4524 multis
1323 4469 1380 4523 in
1425 4469 1786 4524 bibliothecis
1812 4486 2116 4541 suppresso
2141 4469 2387 4523 auctoris
2427 4470 2658 4524 nomine
2699 4468 3052 4540 reperiamus
3084 4479 3256 4518 manu
3286 4476 3480 4515 exara-

121 4555 244 4621 tam,
273 4561 551 4614 attamen
577 4562 798 4614 constat
822 4560 891 4614 ab
918 4561 1096 4615 altero
1125 4561 1412 4614 collectam
1444 4576 1558 4614 non
1587 4575 1728 4626 esse,
1758 4575 1934 4630 quam
1966 4576 2000 4613 a
2029 4558 2349 4624 Guillelmo,
2380 4561 2539 4630 prius
2573 4559 2774 4613 abbate
2807 4559 2860 4613 S.
2898 4551 3254 4619 Theodorici,
3285 4554 3482 4622 postea

116 4640 479 4714 Signiacensi
510 4649 814 4704 monacho.
846 4649 910 4705 Id
937 4649 1172 4721 quidem
1200 4666 1270 4703 ex
1297 4665 1363 4703 eo
1391 4649 1511 4720 ipso
1547 4650 1677 4704 licet
1707 4648 2053 4720 intelligere,
2083 4649 2220 4702 dum
2251 4647 2670 4702 lucubrationes
2711 4664 2840 4701 suas
2883 4647 2937 4700 in
2977 4643 3312 4700 Praefatione
3341 4646 3484 4694 trac-

117 4736 254 4786 tatus
280 4739 357 4790 De
383 4741 518 4792 vita
545 4741 796 4793 solitaria
821 4741 896 4794 ad
921 4742 1125 4807 fratres
1154 4741 1220 4794 de
1258 4742 1436 4794 Monte
1464 4743 1556 4795 Dei
1581 4755 1904 4807 recensens,
1939 4739 2019 4793 ita
2058 4738 2326 4810 loquitur,
2362 4740 2618 4808 Excerpsi
2654 4740 2794 4792 enim
2835 4753 2902 4792 ea:
2937 4736 3088 4790 libris
3121 4733 3180 4789 S.
3211 4730 3487 4786 Ambrosii

113 4826 390 4897 quidquid
418 4831 483 4881 in
514 4830 590 4883 eis
615 4829 870 4884 disseruit
892 4846 1051 4900 super
1081 4833 1305 4887 Cantica
1334 4833 1682 4894 canticorum,
1715 4845 1848 4900 opus
1874 4829 2082 4898 grande
2113 4835 2162 4882 et
2194 4828 2479 4897 inclytum.
2508 4828 2663 4892 Quod
2702 4844 2838 4882 sane
2879 4826 2949 4881 de
2976 4822 3310 4880 Chitletiano
3338 4833 3487 4873 com-

116 4917 401 4970 mentario
432 4917 686 4990 intelligi
716 4919 1050 4990 neutiquam
1085 4923 1289 4990 potest,
1319 4935 1446 4972 cum
1479 4919 1814 4973 Guillelmus
1838 4918 1930 4972 ille
1959 4921 2178 4971 tantum
2205 4934 2299 4971 an.
2331 4916 2554 4972 circiter
2583 4919 2718 4972 1142
2745 4916 3020 4971 ﬂoruerit.
3048 4912 3157 4968 Sed
3183 4923 3485 4981 argumen-

115 5007 226 5058 tum
259 5005 675 5062 decretorium
708 5007 849 5062 illud
879 5013 980 5078 est,
1012 5007 1164 5079 quod
1207 5025 1415 5078 nempe
1458 5008 1712 5079 ejusdem
1751 5007 2036 5063 Guillelmi
2063 5006 2237 5062 codex
2273 5008 2684 5078 autographus,
2722 5006 2990 5076 inscripto
3027 5002 3199 5075 ipsius
3225 4997 3483 5060 nomine,

115 5097 290 5150 exstet
318 5096 616 5168 Signiaci,
649 5099 798 5153 unde
824 5098 986 5152 nobis
1013 5099 1410 5170 apographum
1434 5099 1497 5153 Β.
1530 5100 1588 5152 Ρ.
1609 5097 1916 5152 Casimirus
1936 5097 2138 5152 Oudin.
2169 5099 2310 5152 Can.
2341 5098 2472 5152 0rd.
2501 5099 2840 5152 Praemonst.
2868 5112 2898 5150 e
2922 5109 3116 5164 congr.
3147 5089 3483 5152 reformata,

115 5181 190 5236 vir
218 5185 291 5240 ad
312 5184 483 5242 bene
517 5186 586 5241 de
617 5188 880 5242 omnibus
907 5188 1247 5242 merendum
1275 5193 1465 5253 natus,
1499 5204 1670 5242 manu
1702 5187 1928 5258 propria
1956 5187 2268 5258 descripsit.
2300 5187 2474 5258 Hujus
2499 5193 2687 5242 autem
2711 5185 3050 5241 collectionis
3077 5185 3135 5238 in
3168 5188 3481 5239 memorato

112 5271 483 5343 Signiacensi
517 5277 708 5334 codice
735 5277 825 5332 hic
855 5277 1054 5333 titulus
1081 5285 1164 5333 est
1195 5295 1208 5332 :
1237 5282 1511 5349 Ecca-pta
1539 5279 1606 5334 de
1633 5278 1785 5334 libris
1825 5278 1970 5332 beati
1999 5277 2268 5333 Ambrosii
2293 5292 2455 5347 super
2484 5279 2710 5335 Cantica
2736 5278 3088 5330 canticorum.
