3936 6158
457 277 584 329 HM?
638 272 642 275 ’

1579 276 1926 333 COMMENT.
1977 278 2039 331 IN
2079 277 2372 333 CANTICA
2410 276 2667 333 CANTIC.

3629 287 3730 341 l9i8

1818 480 2442 574 PROLOGUS.

517 687 565 761 1
582 687 771 761 545
804 692 848 743 1.
874 689 1152 743 Osculetur
1172 704 1253 744 me
1275 688 1452 743 osculo
1473 691 1581 744 oris
1603 690 1690 742 sui
1712 690 1916 755 (Cant,
1939 704 1976 755 ι,
2004 690 2073 758 1),
2096 700 2154 772 Α
2177 690 2358 749 exeat,
2393 688 2451 741 in
2478 685 2722 740 castellis
2748 690 3007 754 maneat;
3037 686 3089 740 in
3118 684 3398 759 principio
3432 690 3597 743 tamen
3619 695 3738 747 retro

442 798 559 838 non
587 782 679 836 hic
714 781 990 837 fmditatis
1020 782 1320 846 incentiva,
1351 781 1445 836 sed
1474 781 1755 836 castitatis
1781 780 2069 837 celebran-

414 862 538 931 Itur
565 877 835 947 mysteria
867 893 879 929 :
923 876 1016 931 ubi
1055 875 1426 947 spiritualiter
1467 875 1658 946 agitur
1698 877 1755 929 et
1793 874 2074 930 atl'ectuali

440 970 685 1044 quadam
709 970 1198 1041 contemplatione
1235 970 1305 1024 de
1346 968 1556 1041 nuptiis
1587 976 1642 1023 et
1670 969 2074 1040 conjunctione

443 1063 647 1119 Christi
684 1069 738 1117 et
777 1064 1055 1129 Ecclesia},
1096 1063 1336 1118 increati
1365 1062 1595 1134 spiritus
1622 1067 1679 1118 et
1719 1062 1919 1129 creati,
1949 1078 2070 1117 car-

445 1157 530 1212 nis
572 1162 628 1212 et
668 1156 917 1229 spiritus.
965 1156 1445 1212 Circumcidamus
1487 1173 1623 1227 ergo
1671 1172 1772 1211 cor
1812 1161 2076 1212 nostrum

442 1253 488 1315 (1
501 1250 518 1321 )
530 1268 546 1319 ;
581 1250 721 1307 nihil
748 1251 877 1319 vile,
910 1249 1051 1305 nihil
1091 1266 1429 1321 corporeum
1460 1267 1813 1323 quaeramus;
1844 1249 1952 1305 vile
1979 1266 2075 1306 au-

441 1350 557 1398 tem
604 1360 771 1399 omne
821 1347 1131 1399 terrenum.
1182 1345 1329 1399 Nihil
1380 1360 1521 1415 ergo
1570 1350 1887 1411 terrenum,
1932 1344 2075 1399 nihil

441 1438 686 1505 carnale,
721 1438 862 1493 nihil
891 1439 1182 1503 saeculare,
1221 1438 1360 1493 nihil
1390 1454 1749 1510 corporeum,
1783 1438 1924 1493 nihil
1950 1438 2072 1493 leve

440 1534 609 1601 atque
648 1532 920 1586 mutabile
955 1532 1010 1585 in
1050 1532 1137 1586 his
1171 1532 1413 1603 eloquiis
1443 1532 1857 1587 constituamus
1884 1532 2076 1587 celes-

440 1624 590 1679 tibus
622 1644 631 1678 :
667 1646 695 1673 «
729 1626 964 1698 Eloquia
995 1626 1151 1682 enim
1193 1627 1419 1682 Domini
1464 1627 1689 1699 eloquia
1722 1629 1875 1683 casta
1903 1627 2071 1698 (Psal.

444 1735 514 1786 χι,
556 1718 639 1787 7);
674 1743 699 1766 ››
739 1726 799 1773 ut
835 1720 891 1774 in
932 1720 1020 1774 his
1061 1720 1370 1775 coalestium
1423 1721 1827 1791 mysteriorum
1868 1721 2071 1775 imma-

442 1813 626 1868 culata
667 1816 723 1866 et
762 1812 963 1883 pudica
995 1814 1289 1869 sinceritas
1316 1813 1574 1888 1546
1613 1814 1853 1887 spiritali
1898 1814 2069 1869 inter-

446 1907 764 1977 pretatione
820 1906 1200 1977 resplendeat.
1254 1909 1373 1961 Non
1436 1907 1758 1963 adulterina
1824 1908 2073 1980 quadam

446 1998 713 2071 opinione
744 2000 1085 2054 misceamus
1112 2006 1339 2055 terrena
1368 2001 1594 2069 divinis,
1629 2008 1690 2056 et
1717 2001 1859 2056 illud
1892 2001 2071 2056 invio-

2175 781 2408 836 odorem
2436 780 2615 835 currit
2638 778 2938 852 unguenti,
2959 795 3085 835 cum
3114 779 3169 834 in
3194 779 3592 837 tabernaculum
3612 799 3745 839 vene-

2178 875 2270 944 rit,
2293 878 2649 946 unguentum
2670 880 2955 929 mutatura
2974 873 3233 929 castellis.
3267 873 3502 945 Denique
3527 891 3624 947 quo
3645 893 3745 933 eva-

2178 968 2293 1035 dat,
2330 968 2472 1023 vide.

2249 1066 2298 1117 3.
2330 1064 2391 1119 Si
2414 1078 2619 1124 murus,
2649 1062 2857 1133 inquit,
2889 1068 2988 1123 est,
3019 1063 3341 1132 aediﬁcemus
3363 1077 3510 1132 super
3530 1078 3635 1117 eum
3655 1068 3745 1117 tur-

2177 1172 2259 1211 res
2284 1160 2571 1226 argenteas
2613 1155 2818 1225 (Cant,
2860 1171 2973 1222 vni,
3015 1156 3086 1226 9).
3132 1157 3265 1220 Qua:
3305 1154 3528 1209 ludebat
3562 1157 3751 1226 osculis,

2170 1250 2296 1320 jam
2345 1256 2528 1304 turres
2576 1248 2762 1320 erigit,
2818 1252 2875 1303 ut
2922 1249 3181 1320 pretiosis
3229 1254 3538 1303 sanctorum
3587 1250 3753 1305 turrita

2175 1342 2436 1415 fastigiis,
2466 1358 2581 1397 non
2605 1343 2789 1397 solum
2824 1342 3056 1398 hostiles
3082 1343 3389 1397 frustretur
3414 1343 3665 1409 incursus,
3687 1360 3757 1398 ve-

2176 1454 2303 1492 rum
2331 1438 2505 1492 etiam
2543 1437 2829 1492 bonorum
2860 1436 3289 1509 propugnacula
3326 1440 3500 1491 struat
3533 1441 3637 1491 tuta
3662 1453 3756 1493 me-

2176 1531 2440 1587 ritorum.
2484 1531 2667 1587 Etiam
2706 1532 2763 1586 in
2793 1531 2884 1585 his
2920 1530 3208 1602 conjugiis
3243 1529 3640 1601 temporalibus
3672 1546 3759 1585 nu-

2174 1625 2331 1680 benti
2354 1624 2511 1697 prius
2534 1625 2842 1696 plauditur,
2863 1640 3040 1696 quam
3058 1624 3400 1695 imperatur;
3423 1639 3490 1678 ne
3508 1629 3628 1677 ante
3648 1623 3763 1678 dura

2177 1718 2469 1773 offendant
2496 1717 2756 1790 imperia,
2785 1734 2958 1790 quam
2989 1717 3276 1772 blanditiis
3302 1732 3463 1771 amor
3489 1716 3630 1771 totus
3655 1716 3761 1771 ino-

2176 1812 2366 1867 lescat.
2428 1812 2640 1867 Bucula
2693 1813 2924 1884 plausus
2991 1811 3288 1882 cujusdam
3344 1810 3584 1866 sonitum
3633 1810 3767 1865 discit

2176 1922 2386 1974 amare,
2428 1906 2656 1961 cervicis
2701 1922 2771 1961 nc
2810 1908 3033 1960 recuset
3069 1905 3309 1977 jugum;
3365 1904 3602 1976 denique
3636 1903 3767 1974 prius

2175 2000 2516 2055 assuescitur
2541 1999 2710 2054 verbo
2730 1999 2992 2067 lasciviae,
3016 2014 3190 2071 quam
3210 1997 3448 2053 verbere
3470 1996 3769 2069 disciplinas.

443 2093 612 2148 labile
640 2095 1060 2147 sacramentum
1093 2094 1444 2166 prophetica
1482 2094 1710 2150 visionis
1738 2100 1837 2150 aut
1873 2111 2071 2165 peren-
2096 2071 2152 2142 Β
2176 2097 2275 2149 Ast
2303 2093 2398 2147 ubi
2423 2094 2564 2148 colla
2593 2093 2912 2149 subdiderit
2924 2094 3090 2165 jugo,
3116 2096 3173 2148 ct
3194 2092 3421 2147 habena
3446 2091 3769 2162 constringit,

448 2185 534 2239 nis
560 2186 794 2254 oraculi,
827 2190 1046 2241 naturae
1085 2193 1296 2242 nostra!
1338 2186 1717 2243 aestimatione
1753 2188 2029 2243 violemus
2059 2209 2070 2243 :

444 2279 561 2335 sive
589 2281 742 2334 enim
790 2281 860 2336 de
896 2280 1118 2349 osculis,
1145 2281 1259 2336 sive
1300 2281 1370 2337 de
1410 2280 1638 2350 talibus,
1672 2284 1853 2336 totum
1892 2281 2073 2348 decet,

445 2372 722 2444 quidquid
749 2373 1005 2429 defertur
1043 2373 1335 2446 religioni;
1368 2378 1430 2429 ut
1470 2374 1692 2429 nullum
1736 2374 2076 2447 obsequium

446 2466 595 2538 quod
638 2466 894 2538 proticiat
928 2468 999 2523 ad
1044 2468 1261 2523 cultum
1299 2472 1355 2524 et
1396 2468 1817 2524 observantiam
1870 2467 2076 2524 Christi

446 2560 867 2628 erubescamus,
913 2562 1059 2616 sicut
1109 2561 1167 2616 in
1216 2561 1310 2616 illa
1363 2562 1665 2617 saltatione
1713 2562 1889 2616 David
1941 2565 2075 2616 ante

444 2668 668 2720 arcam;
700 2670 811 2709 non
854 2654 1005 2710 enim
1048 2655 1137 2709 illa
1174 2655 1504 2710 deliciarum
1539 2671 1727 2710 comes
1763 2656 1869 2710 fuit
1902 2660 2075 2727 atque

446 2747 685 2805 luxuria
743 2748 998 2818 saltatio,
1058 2749 1156 2804 sed
1216 2749 1363 2820 quod
1428 2748 1819 2821 unusquisque
1870 2765 2076 2821 corpus

448 2841 673 2896 attollat
696 2842 1028 2915 impigrum,
1057 2859 1160 2899 nec
1186 2842 1350 2898 humi
1380 2843 1541 2915 pigra
1570 2844 1761 2913 jacere
1796 2843 2071 2909 membra,

447 2935 531 2990 vel
562 2936 735 2990 tardis
756 2936 906 2990 sinat
935 2943 1164 3008 torpere
1202 2937 1472 3007 vestigiis.
1508 2938 1618 2990 Hoc
1644 2936 1797 2991 enim
1830 2952 1931 2990 nos
1964 2952 2075 2989 ma-

450 3028 746 3099 gisterium
777 3047 886 3085 non
933 3029 1274 3096 invenimus,
1311 3031 1405 3084 sed
1437 3030 1783 3100 accepimus;
1815 3032 1890 3084 sic
1919 3031 2075 3084 insti-

451 3122 559 3176 tuit
584 3124 848 3178 ordinem
874 3124 1094 3194 mystici
1115 3124 1403 3192 carminis,
1432 3124 1691 3179 doctrina
1717 3125 1974 3179 ccelestis.

524 3215 776 3289 1547
823 3221 875 3271 2.
923 3218 1203 3273 Osculetur
1243 3217 1317 3288 (2)
1355 3234 1436 3273 me
1478 3219 1546 3273 ab
1580 3220 1773 3274 osculis
1807 3221 1913 3273 oris
1954 3221 2071 3283 sui;

449 3311 579 3379 quia
611 3310 750 3364 bona
776 3312 943 3365 ubera
982 3316 1079 3366 tua
1108 3327 1269 3383 super
1292 3313 1501 3375 vinum,
1534 3318 1585 3366 et
1611 3312 1743 3367 odor
1768 3318 2068 3381 unguento-

448 3418 569 3457 rum
613 3419 777 3473 super
815 3407 996 3459 omnia
1033 3412 1301 3460 aromata.
1346 3409 1689 3474 Unguentum
1735 3407 2074 3461 exinanitum

448 3501 524 3552 est
554 3513 739 3552 nomen
771 3502 924 3552 tuum
954 3499 1141 3568 (Ibid.,
1178 3502 1225 3566 1,
1264 3499 1340 3570 2).
1381 3500 1551 3554 Totus
1591 3498 1697 3554 iste
1738 3498 2073 3554 deliciarum

449 3589 606 3644 locus
636 3590 832 3645 ludum
874 3595 1056 3661 sonat,
1094 3593 1356 3663 plausum
1395 3592 1617 3659 excitat,
1658 3608 1914 3647 amorem
1948 3608 2076 3665 pro-

448 3686 623 3738 vocat.
670 3685 817 3747 Ideo,
866 3685 1069 3757 inquit,
1114 3686 1523 3741 adolescentulz
1573 3687 1881 3742 dilexerunt
1932 3693 1981 3741 te
2025 3694 2077 3742 et

447 3782 796 3833 attramerunt
818 3786 897 3845 te;
913 3786 1055 3834 retro
1076 3780 1288 3835 odorem
1312 3786 1703 3850 unguentorum
1729 3787 1943 3835 tuorum
1960 3796 2077 3835 cur-

448 3886 651 3926 ramus.
683 3873 909 3928 Indumit
932 3889 1013 3928 me
1047 3888 1144 3928 rex
1173 3876 1231 3928 in
1267 3873 1675 3928 tabernaculum
1703 3888 1860 3928 suum
1886 3874 2071 3944 (lbid.,

449 3962 523 4033 3).
546 3965 629 4020 Ab
657 3966 862 4020 osculis
888 3968 1059 4038 coepit
1081 3970 1140 4020 ut
1169 3966 1239 4020 ad
1272 3966 1703 4021 tabernaculum
1731 3968 2072 4037 perveniret,

447 4063 615 4129 atque
644 4059 741 4113 illa
766 4060 1072 4131 impatiens
1098 4060 1373 4115 dominici
1402 4060 1608 4116 laboris
1638 4062 2076 4133 exercitatusque

447 4150 696 4220 virtutis,
719 4152 908 4223 agitur
939 4156 1001 4206 ut
1024 4153 1243 4224 aperiat
1286 4170 1455 4208 manu
1495 4156 1761 4219 claustra,
1790 4155 1846 4209 in
1872 4172 2075 4227 agrum

511 4267 574 4327 (1)
610 4267 671 4316 In
704 4267 840 4331 psal.
869 4278 1067 4329 cxvm,
1096 4282 1258 4320 serm.
1295 4269 1372 4331 12,
1401 4284 1553 4321 num.
1580 4270 1626 4320 2.

457 4434 1093 4445 -ῌΜς-Μηδ
1116 4438 1200 4445 ...-

2177 2190 2235 2242 et
2262 2187 2525 2241 stimulus
2568 2190 2761 2258 urget,
2792 2191 2849 2242 et
2882 2202 3173 2258 compares
3218 2186 3476 2253 trahunt,
3504 2190 3562 2239 et
3589 2183 3773 2255 jngalis

2175 2281 2399 2336 invitat.
2430 2280 2523 2336 Sic
2562 2280 2733 2336 etiam
2763 2280 2922 2351 virgo
2963 2285 3153 2335 nostra
3191 2279 3391 2339 debuit
3419 2278 3572 2350 prius
3607 2292 3773 2332 amore

2179 2374 2271 2446 pio
2294 2375 2532 2442 cudere;
2564 2390 2735 2429 aurea
2760 2373 2910 2428 thori
2942 2373 3180 2429 caelestis
3205 2374 3393 2428 fulcra
3422 2371 3634 2440 mirari,
3661 2375 3713 2425 et
3730 2372 3776 2424 in

2177 2468 2298 2540 ipso
2323 2467 2599 2523 vestibulo
2631 2467 2968 2540 nuptiarum
3000 2473 3056 2522 et
3092 2473 3283 2539 postes
3307 2466 3605 2522 frondium
3635 2464 3775 2519 sertis

2177 2578 2407 2618 cernere
2434 2565 2757 2628 coronatos,
2789 2565 2846 2616 et
2873 2561 3033 2616 chori
3058 2562 3370 2633 strepentis
3409 2559 3644 2616 interius
3668 2558 3780 2612 hau-

2176 2656 2291 2711 rire
2320 2655 2567 2722 delicias,
2604 2672 2676 2710 ne
2717 2672 2776 2710 se
2815 2655 2972 2726 prius
3012 2655 3300 2710 dominico
3326 2655 3478 2727 jugo
3520 2652 3777 2708 timefacta

2176 2750 2534 2820 subduceret,
2581 2765 2755 2821 quam
2799 2751 2993 2804 vocata
3028 2749 3350 2804 inclinaret.
3389 2750 3623 2820 Oportet
3652 2745 3784 2800 enim

2178 2850 2239 2899 ut
2268 2844 2475 2916 gradus
2503 2835 2780 2916 quosdam
2810 2843 3165 2914 profectuum
3190 2845 3251 2897 et
3277 2841 3551 2897 ordinem
3582 2839 3780 2895 noveri-

2177 2953 2322 3005 lnus,
2355 2936 2490 3008 quid
2518 2937 2693 3008 prius,
2724 2935 2859 3008 quid
2884 2952 3241 3007 consequens
3268 2952 3394 2990 esse
3421 2934 3645 3002 debeat,
3670 2948 3785 2987 nam

2176 3031 2317 3085 scire
2347 3030 2482 3103 quid
2519 3029 2713 3096 facias,
2744 3033 2804 3083 et
2832 3028 3094 3085 ordinem
3140 3029 3363 3084 nescire
3400 3026 3660 3094 faciendi,
3691 3042 3784 3080 non

2175 3129 2261 3180 est
2286 3124 2548 3196 perfectae
2577 3123 2936 3194 cognitionis,
2961 3123 3256 3178 offendunt
3286 3122 3450 3177 enim
3481 3123 3790 3194 plerumque

2175 3222 2535 3290 prepostera.
2570 3218 2762 3289 Itaque
2794 3217 2929 3288 quia
2966 3220 3106 3288 quot
3141 3215 3428 3283 homines,
3460 3220 3548 3271 tot
3585 3217 3787 3269 senten-

2174 3313 2286 3378 tiae,
2318 3312 2363 3366 si
2389 3311 2528 3384 quid
2565 3311 2887 3366 defecatum
2918 3316 3005 3366 est
3042 3311 3099 3364 in
3136 3326 3409 3366 sermone
3454 3314 3667 3375 nostro,
3694 3323 3794 3362 omo

2174 3423 2273 3461 nes
2301 3407 2494 3477 legant
2521 3422 2534 3459 :
2569 3405 2616 3459 si
2642 3404 2779 3477 quid
2811 3404 3130 3473 decoctum,
3165 3405 3513 3459 maturiores
3539 3402 3789 3475 probent;

2176 3500 2218 3554 si
2274 3499 2408 3571 quid
2472 3499 2826 3567 modestum,
2880 3498 3195 3569 pectoribus
3254 3497 3584 3563 inhaereat,
3637 3510 3793 3566 genas

2175 3593 2406 3665 pingat;
2449 3593 2495 3647 si
2540 3591 2674 3664 quid
2714 3592 3113 3658 ﬂorulentum,
3161 3595 3301 3646 tetas
3349 3591 3656 3646 florulenta
3694 3603 3793 3642 non

2176 3688 2478 3760 improbet.
2534 3686 2846 3741 Debuimus
2907 3701 3129 3757 sponsze
3195 3686 3455 3741 excitare
3526 3697 3792 3747 amorem;

2177 3781 2452 3854 scriptum
2473 3782 2562 3835 est
2585 3779 2739 3834 enim
2771 3795 2785 3833 :
2820 3802 2847 3829 ‹‹
2874 3779 3084 3850 Diliges
3107 3778 3426 3833 Dominum
3450 3778 3628 3832 Deum
3654 3779 3792 3829 tuum

2177 3875 2374 3948 (Deut,
2412 3891 2487 3941 v1,
2519 3873 2606 3944 5);
2645 3895 2671 3923 ››
2707 3872 3008 3928 debuimus
3037 3873 3093 3926 in
3136 3872 3354 3944 nuptiis
3385 3871 3577 3926 crines
3601 3882 3796 3942 sponsa:

2177 3969 2508 4024 calamistris
2526 3966 2873 4040 quibusdam
2885 3966 3156 4021 orationis
3176 3982 3390 4021 ornare
3405 3983 3423 4035 ;
3437 3965 3705 4036 scriptum
3726 3962 3796 4014 est

2178 4062 2333 4117 enim
2360 4078 2373 4117 :
2401 4083 2427 4111 ‹‹
2453 4061 2663 4117 Plaude
2695 4077 2890 4127 manu,
2916 4065 2973 4114 et
3000 4063 3229 4131 percute
3258 4061 3416 4132 pede
3448 4059 3681 4128 (Bacch,
3702 4069 3796 4119 nl,

2179 4156 2288 4225 14),
2314 4177 2340 4205 ››
2366 4155 2662 4211 debuimus
2689 4160 2997 4227 perpetuos
3025 4170 3294 4225 spargere
3328 4153 3618 4209 thalamos
3645 4149 3791 4204 rosis.

2237 4271 2307 4334 (2)
2334 4272 2407 4322 De
2441 4272 2585 4334 Virg.
2615 4270 2707 4321 lib.
2740 4285 2796 4332 ιι,
2822 4284 2940 4335 cap.
2966 4271 3014 4320 6.

1641 4591 2056 4684 INCIPIT
2136 4589 2606 4683 TEXTUS.

518 4779 566 4853 1
584 4779 770 4854 547
805 4786 851 4837 1.
879 4784 951 4854 (3)
974 4785 1115 4839 Ante
1141 4785 1256 4839 vita
1276 4802 1451 4858 quam
1475 4787 1734 4843 doctrina
1755 4786 2075 4859 quaerenda
2094 4796 2153 4869 D
2176 4783 2402 4855 piendaa
2449 4783 2793 4854 cognitionis
2834 4782 3129 4837 veniamus
3178 4798 3277 4836 suo
3337 4781 3543 4837 ordine
3595 4783 3650 4833 et
3697 4780 3790 4830 via.

448 4880 562 4939 est;
590 4875 707 4930 vita
735 4875 891 4929 enim
919 4875 1069 4931 bona
1091 4880 1152 4931 et
1176 4877 1296 4933 sine
1326 4879 1583 4935 doctrina
1602 4881 1775 4936 habet
1801 4880 2073 4952 gratiam,

447 4968 698 5023 doctrina
731 4968 852 5023 sine
885 4969 999 5024 vita
1030 4969 1418 5042 integritatem
1449 4990 1561 5028 non
1591 4973 1784 5042 habet,
1815 4994 1842 5023 «
1871 4976 1930 5029 In
1963 4990 2079 5028 ma-

445 5061 691 5116 Ievolam
720 5062 932 5117 etenim
965 5063 1217 5118 animam
1260 5081 1373 5119 non
1405 5067 1559 5121 cadit
1583 5067 1868 5138 sapientia
1897 5068 2075 5137 (δίψη

449 5171 485 5220 l,
510 5155 595 5224 4);
632 5177 660 5205 »
698 5155 947 5227 ideoque
983 5156 1063 5211 ait
1101 5173 1113 5211 :
1160 5179 1186 5205 ‹‹
1219 5158 1486 5222 Quaerant
1522 5174 1613 5213 me
1660 5159 1817 5228 mali,
1859 5167 1916 5215 et
1961 5177 2076 5216 non

447 5246 743 5303 invenient
769 5251 970 5318 (Prom,
1006 5266 1046 5315 ι,
1073 5249 1196 5319 28);
1231 5272 1259 5300 »
1288 5250 1421 5322 quia
1452 5252 1812 5323 improbitate
1836 5258 2078 5310 caecatur

446 5343 657 5396 mentis
684 5344 900 5407 oculus,
935 5351 991 5398 et
1023 5344 1309 5416 caligante
1336 5344 1444 5399 sibi
1481 5345 1781 5416 iniquitate
1811 5348 2079 5418 mysteria

448 5434 732 5502 profunda
761 5437 1015 5493 invenire
1044 5454 1161 5493 non
1200 5440 1406 5509 potest.
1439 5438 1698 5493 Primum
1744 5456 1883 5510 ergo
1913 5455 2074 5494 exer-

450 5529 622 5582 cenda
650 5533 733 5584 est
758 5529 887 5585 vita:
932 5531 1158 5599 militia,
1188 5532 1509 5604 corrigendi
1544 5548 1750 5588 mores.
1788 5533 1931 5587 Cum
1956 5532 2078 5588 haec

452 5618 863 5679 instituerimus
893 5625 961 5680 ad
992 5642 1221 5681 cursum
1250 5625 1533 5695 debitum,
1566 5632 1627 5682 ut
1648 5627 1721 5682 sit
1750 5625 2081 5681 offensionis

450 5714 757 5781 correctio,
803 5718 1060 5785 puritatis
1105 5719 1320 5789 gratia,
1370 5724 1503 5775 tunc
1545 5719 1614 5774 ad
1667 5719 1850 5774 studia
1893 5718 2078 5791 perci-

513 5831 576 5897 (3)
609 5831 669 5880 In
703 5831 837 5893 psal.
870 5842 1068 5895 cxvin,
1102 5848 1264 5885 serm.
1301 5840 1345 5897 1,
1378 5851 1534 5887 num.
1559 5839 1606 5889 3.

2178 4876 2365 4931 Prima
2406 4876 2583 4947 igitur
2630 4879 2763 4931 sunt
2808 4875 3067 4942 moralia,
3109 4875 3365 4930 secunda
3422 4875 3657 4946 mystica
3692 4890 3704 4924 :
3745 4870 3793 4922 in

2178 4970 2285 5024 illis
2308 4971 2443 5036 vita,
2472 4969 2531 5023 in
2565 4968 2652 5023 his
2683 4967 2965 5040 cognitio;
2999 4970 3075 5024 ita
3103 4974 3164 5023 nt
3191 4969 3235 5023 si
3262 4967 3684 5039 perfectionem
3714 4977 3790 5016 re-

2179 5065 2391 5136 quiras,
2423 5079 2525 5119 nec
2566 5064 2677 5117 vita
2715 5063 2838 5117 sine
2878 5061 3228 5134 cognitione,
3260 5078 3369 5117 nec
3411 5061 3660 5132 cognitio
3686 5057 3793 5111 sine

2179 5158 2290 5212 vita
2326 5157 2417 5224 sit,
2464 5160 2776 5228 utrumque
2819 5156 3159 5227 astipuletur
3195 5154 3385 5211 alteri.
3434 5155 3614 5220 Quam
3659 5148 3793 5206 insti-

2178 5252 2456 5307 tutionem
2517 5254 2745 5305 secutus
2792 5250 3056 5306 Salomon
3111 5249 3322 5304 librum
3378 5249 3451 5304 de
3502 5243 3793 5304 Proverbiis

2180 5346 2421 5417 scripsit,
2446 5361 2561 5416 quo
2594 5346 2867 5400 moralem
2902 5344 3087 5399 locum
3123 5342 3358 5397 uberius
3385 5340 3678 5413 expressit,
3706 5352 3790 5391 na-

2181 5440 2422 5494 turalem
2448 5438 2507 5492 in
2544 5437 2892 5503 Ecclesiaste,
2935 5435 3238 5509 mysticum
3275 5436 3337 5491 in
3373 5435 3611 5491 Canticis
3639 5429 3790 5486 canti-

2181 5549 2411 5597 corum;
2464 5547 2795 5603 quanquam
2848 5530 2894 5585 si
2944 5529 3255 5601 diligenter
3311 5529 3593 5593 discutias,
3644 5530 3697 5578 et
3739 5522 3787 5575 in

2184 5626 2500 5680 Proverbiis
2525 5625 2761 5697 mystica
2785 5624 3057 5695 pleraque
3082 5623 3364 5694 reperias,
3393 5627 3451 5678 et
3483 5622 3540 5676 in
3566 5616 3790 5676 Canticis

2183 5720 2482 5774 moralium
2525 5718 2882 5775 suavitatem.
2923 5717 3063 5772 Nam
3105 5716 3298 5788 utique
3338 5714 3636 5783 mysticum
3671 5711 3788 5764 est:
