3936 6158
253 309 266 359 l
279 304 362 358 949

1212 294 1252 347 Ε
1297 294 1600 370 SCRIP’I‘IS
1638 296 1690 348 s.
1733 274 2049 350 AMBROSH
2090 294 2504 352 COLLECTUS.

248 454 268 478 .‹
303 422 551 496 Sapientia
582 420 877 476 aedificavit
913 420 1020 474 sibi
1062 420 1319 486 domum,
1354 424 1411 473 et
1449 418 1699 473 subdidit
1722 434 1815 472 co-
1842 431 1899 502 Α
1923 434 2076 489 pore,
2105 418 2381 474 abdicatis
2406 419 2647 485 luxuria,
2682 423 2851 491 atque
2879 421 3112 489 deliciis,
3146 422 3546 493 voluptatibus-

242 523 433 577 lumnas
461 517 687 586 septem,
707 513 993 570 interfecit
1014 514 1228 569 hostias
1254 530 1404 580 suas,
1428 535 1455 563 ››
1485 518 1592 568 etc.
1617 512 1817 583 (Prata,

244 631 301 680 ιι,
329 614 391 682 t).
421 612 523 666 Hoc
551 609 761 680 quippe
792 608 851 663 in
882 608 1127 665 Canticis
1158 607 1311 663 lucet
1337 607 1641 678 mysticum
1665 607 1819 677 quod

242 706 436 771 morale,
481 704 535 758 in
578 719 692 776 quo
742 701 1149 758 blanditiarum
1189 701 1434 756 suavitas
1484 707 1538 755 et
1587 699 1820 756 affectus

236 798 442 856 amantis
468 796 823 868 exprimitur.

291 899 335 949 2.
378 894 529 960 (Vers.
580 895 627 956 t,
671 890 749 957 2.)
783 892 1066 949 Osculelur
1096 907 1177 946 me
1220 892 1287 944 ab
1331 892 1506 947 osculo
1554 892 1662 945 oris
1709 892 1815 951 sui,

231 990 448 1060 quoniam
493 988 695 1055 optima
746 987 913 1042 ubera
967 992 1061 1041 tua
1114 1001 1277 1055 super
1328 988 1535 1046 vinum,
1588 989 1637 1038 et
1688 985 1820 1038 odor

229 1086 578 1150 mguentorum
627 1087 841 1135 tuorum
910 1095 1072 1149 super
1112 1081 1295 1134 omnia
1347 1084 1614 1135 aromata.
1671 1079 1816 1133 Con-

228 1177 372 1230 stitue
400 1191 530 1246 ergo
566 1173 846 1243 virginem
885 1174 1285 1245 desponsatam
1318 1173 1498 1228 multo
1533 1176 1816 1243 tempore,

228 1274 273 1323 et
312 1269 451 1338 justo
496 1268 809 1323 ferventem
859 1284 1074 1335 amore,
1129 1284 1257 1339 quas
1312 1267 1493 1322 multa
1542 1266 1818 1338 praeclara

224 1379 372 1433 opera
407 1361 611 1428 dilecti,
654 1360 1036 1432 probabilium
1078 1363 1307 1417 testium
1343 1360 1649 1416 assertione
1688 1376 1819 1431 cog-

224 1456 433 1524 noverit,
482 1455 778 1511 desideriis
828 1455 1116 1527 suspensis
1167 1455 1402 1511 dilatam
1468 1454 1814 1526 frequenter,

216 1553 318 1622 jam
364 1567 471 1605 non
512 1550 789 1605 ferentem
838 1566 1048 1616 moras,
1089 1566 1217 1621 quae
1262 1550 1461 1604 omnia
1507 1548 1726 1603 fecisset
1759 1551 1819 1603 ut

223 1661 461 1716 sponsum
490 1644 706 1699 videret
734 1661 746 1698 :
782 1643 1094 1715 aliquando
1120 1644 1266 1699 votis
1301 1643 1543 1714 potitam
1580 1642 1716 1709 suis,
1747 1641 1817 1696 ad

1921 528 2032 583 que
2080 513 2418 578 carnalibus,
2461 516 2630 568 exuta
2672 528 2904 585 quoque
2951 514 3332 570 sollicitudine
3374 533 3546 573 secu—

1920 606 2123 661 larium
2164 607 2495 677 vanitatum,
2537 607 2883 678 jamdudum
2930 608 3273 664 infusionem
3317 610 3420 665 sibi
3463 611 3548 666 di-

1919 703 2066 757 vinas
2094 701 2409 771 praesentiae
2441 704 2497 755 et
2533 701 2781 772 gratiam
2811 701 2979 756 Verbi
3002 702 3260 757 salutaris
3293 707 3541 775 exeptet,

1920 796 2324 850 commacerari
2366 811 2494 850 eam
2542 796 2693 867 quod
2735 812 2861 851 sero
2902 795 3111 863 veniat,
3145 800 3203 851 et
3238 796 3540 868 afﬂigitur;

1919 889 2051 944 ideo
2098 889 2261 960 quasi
2311 890 2608 944 vulnerata
2652 890 2961 959 charitatis,
3005 906 3135 945 cum
3186 906 3375 945 moras
3421 892 3542 962 ejus

1919 983 2068 1037 ferre
2112 1000 2224 1038 non
2272 984 2468 1055 possit,
2515 1000 2787 1039 conversa
2835 985 2905 1038 ad
2946 986 3195 1053 Patrem,
3237 1000 3445 1056 rogare
3484 990 3546 1041 ut

1922 1077 2111 1132 mittat
2157 1077 2260 1132 sibi
2314 1080 2456 1132 Deus
2508 1077 2780 1144 Verbum,
2830 1082 2888 1132 et
2929 1095 3155 1134 causam
3196 1095 3307 1151 qua
3348 1078 3420 1133 sit
3469 1078 3547 1133 ita

1920 1172 2227 1243 impatiens
2279 1171 2567 1227 declarare
2620 1171 2903 1228 dicentem
2950 1190 2962 1227 :
3020 1174 3297 1231 Osculetur
3340 1188 3423 1227 me
3476 1173 3545 1227 ab

1918 1266 2109 1321 osculis
2131 1269 2238 1321 oris
2263 1269 2369 1322 sui.

1990 1364 2041 1415 5.
2074 1360 2190 1415 Non
2237 1377 2412 1416 unum
2455 1363 2711 1416 osculum
2751 1362 2976 1433 quaerit,
3006 1363 3104 1417 sed
3134 1363 3300 1434 plura
3331 1362 3540 1428 oscula,
3632 1428 3641 1439 .

1922 1458 1982 1508 ut
2009 1454 2353 1510 desiderium
2391 1472 2560 1509 suum
2607 1455 2782 1526 possit
2817 1456 3069 1527 explere;
3109 1471 3239 1526 qua:
3268 1455 3423 1511 enim
3455 1454 3542 1510 di—

1921 1548 2065 1620 ligit,
2107 1565 2220 1603 non
2263 1554 2347 1603 est
2385 1549 2549 1604 unius
2594 1550 2766 1604 osculi
2812 1550 3082 1621 parcitate
3120 1551 3410 1617 contenta,
3446 1548 3545 1603 sed

1918 1642 2167 1712 plurima
2208 1642 2406 1713 exigit,
2464 1644 2623 1714 plura
2668 1644 2933 1711 vindicat,
2978 1648 3034 1699 et
3080 1643 3156 1698 ita
3194 1660 3254 1698 se
3292 1641 3541 1714 amplius

3420 300 3554 355 1950
3665 371 3668 379 η

220 1738 559 1809 improvisum
586 1738 777 1810 sponsi
800 1737 1112 1793 adventum
1135 1736 1348 1809 gaudio
1369 1736 1680 1803 turbatam,
1705 1752 1815 1790 non
1840 1802 1886 1810 _
1921 1735 2127 1790 dilecto
2185 1737 2588 1792 commendare
2657 1738 2965 1793 consuevit.
3029 1736 3281 1808 Denique
3343 1736 3438 1791 illa
3483 1736 3544 1789 in

221 1848 450 1902 quaerere
485 1831 800 1904 primordia
829 1830 1208 1897 salutationis,
1248 1847 1363 1885 non
1395 1829 1698 1884 verborum
1739 1829 1813 1883 vi-
1840 1802 1896 1874 B
1923 1830 2223 1901 Evangelio
2251 1831 2331 1885 sic
2366 1831 2601 1902 probata
2638 1839 2743 1899 est,
2780 1855 2806 1881 ‹‹
2843 1831 2986 1895 Quia
3023 1847 3140 1886 non
3168 1830 3423 1898 cessavit,
3454 1830 3544 1884 in-

217 1942 310 1995 ces,
336 1926 427 1980 sed
458 1926 653 1981 statim
691 1926 841 1997 quod
882 1924 1258 1980 desiderasset
1296 1923 1541 1996 exigere.
1575 1925 1650 1978 Ita
1678 1939 1818 1995 ergo
1922 1924 2048 1995 quit
2078 1924 2376 1992 Dominus,
2405 1924 2642 1981 osculari
2672 1926 2846 1996 pedes
2872 1941 3049 1991 meos,
3071 1929 3130 1980 et
3157 1924 3285 1980 ideo
3310 1923 3547 1979 remissa

217 2026 261 2073 ct
300 2024 484 2074 sancta
529 2019 777 2075 Ecclesia
819 2036 949 2091 quae
992 2019 1049 2073 in
1096 2018 1423 2089 primordiis
1470 2017 1670 2072 mundi
1718 2016 1813 2071 de-

214 2119 453 2184 sponsata
494 2114 554 2168 in
605 2113 891 2185 paradiso,
940 2113 1308 2184 praefigurata
1352 2112 1409 2166 in
1452 2110 1684 2179 diluvio,
1725 2128 1821 2165 an-

214 2207 444 2262 nuntiata
492 2223 598 2278 per
654 2208 861 2279 legem,
914 2210 1112 2261 vocata
1156 2222 1260 2277 per
1312 2205 1640 2277 prophetas,
1686 2221 1818 2259 cum

211 2300 292 2354 diu
328 2301 784 2373 redemptionem
830 2299 1149 2366 hominum,
1198 2299 1486 2370 Evangelii
1531 2299 1818 2368 decorem,

212 2393 378 2449 dilecti
408 2397 786 2467 exspectasset
811 2394 1147 2461 adventum;
1190 2393 1496 2465 impatiens
1535 2408 1730 2459 morm,
1764 2392 1823 2446 in

209 2489 377 2542 oscula
409 2488 523 2543 ruit
557 2488 750 2543 dicens
779 2505 793 2542 :
829 2488 1111 2543 Osculetur
1138 2504 1220 2542 me
1255 2488 1324 2542 ab
1354 2488 1529 2542 osculo
1558 2488 1667 2541 oris
1696 2488 1818 2551 sui;

209 2585 256 2635 et
288 2583 557 2637 delectata
595 2583 819 2650 osculis,
860 2580 1051 2653 adjicit
1089 2600 1099 2635 :
1132 2583 1386 2652 quoniam
1420 2583 1623 2650 optimo
1656 2579 1821 2635 ubera

209 2682 290 2732 tua
313 2693 466 2749 super
491 2680 706 2733 vinum.
1653 2730 1660 2736 .

269 2774 315 2826 3.
342 2773 409 2826 Et
433 2778 498 2827 ut
531 2772 806 2828 moralius
838 2771 1112 2837 dicamus,
1138 2770 1395 2840 intelligo
1421 2769 1560 2824 mihi
1590 2785 1822 2823 carnem

209 2865 342 2921 illam
400 2884 529 2938 quae
597 2866 913 2921 madefacta
960 2864 1152 2920 fuerat
1200 2864 1256 2918 in
1308 2864 1488 2918 Adam
1543 2863 1823 2935 serpentis

206 2975 425 3029 veneno,
456 2977 595 3032 qua:
626 2959 934 3014 criminum
967 2958 1259 3013 marcebat
1294 2957 1493 3024 fetore,
1531 2973 1659 3028 qua:
1688 2973 1820 3028 pro-

205 3054 424 3109 cedebat
472 3056 536 3109 in
591 3052 815 3109 ﬁliabus
864 3054 997 3108 Sion
1050 3051 1166 3106 alta
1224 3051 1439 3107 cervice
1488 3056 1547 3106 et
1593 3050 1823 3106 nutibus

205 3148 510 3215 oculorum,
569 3150 627 3202 et
676 3146 880 3201 itinere
930 3146 1140 3216 pedum
1192 3145 1423 3200 trahens
1476 3144 1713 3214 tunicas,
1766 3147 1824 3199 et

204 3240 423 3310 pedibus
453 3243 575 3297 suis
612 3240 837 3308 ludens,
867 3239 1111 3295 crinium
1142 3238 1420 3294 cincinnis
1451 3244 1507 3294 et
1536 3237 1817 3309 composi-

201 3334 263 3388 tis
311 3335 559 3390 vultibus
611 3337 783 3406 atque
835 3332 1195 3398 ridimiculis,
1253 3338 1310 3387 et
1359 3332 1513 3387 omni
1566 3330 1823 3386 affectata

202 3426 391 3485 decore
442 3430 578 3501 plus
622 3428 929 3495 dedecens,
984 3426 1245 3482 eamdem
1306 3432 1496 3481 tamen
1558 3426 1822 3498 plurimis

201 3521 445 3597 1548
476 3524 747 3579 edoctam
776 3521 1036 3587 oraculis,
1066 3520 1217 3592 quod
1245 3522 1518 3575 venturus
1546 3524 1695 3575 esset
1724 3519 1821 3591 qui

201 3618 467 3687 serpentis
511 3616 800 3672 illecebris
842 3614 1096 3683 exclusis,
1143 3614 1387 3685 Spiritus
1425 3615 1602 3668 sancti
1634 3614 1821 3669 infun-

198 3709 345 3764 deret
373 3711 661 3782 gratiam;
691 3712 753 3763 ut
785 3708 972 3764 omnis
1001 3724 1134 3763 caro
1171 3706 1393 3761 videret
1422 3708 1669 3762 salutare
1696 3708 1818 3773 Dei,

200 3805 370 3858 omnis
398 3822 540 3860 caro
579 3804 652 3858 ad
689 3805 861 3858 Deum
892 3802 1128 3869 veniret,
1166 3800 1473 3856 marcuisse
1504 3800 1820 3870 desiderio;

197 3896 282 3950 sed
304 3901 666 3953 metuentem
695 3912 768 3951 ne
797 3901 859 3951 ut
886 3895 1214 3967 impatiens,
1244 3898 1305 3948 ut
1329 3894 1552 3963 lasciva,
1579 3898 1639 3948 ut
1665 3895 1825 3949 luxu-

196 3988 348 4055 riosa,
402 3995 470 4045 ut
530 3990 792 4062 querula,
841 3988 984 4043 sicut
1043 3992 1173 4043 ante
1235 3988 1422 4043 fuerat
1474 3987 1819 4059 displiceret,

195 4085 440 4153 quamvis
459 4083 728 4155 longiore
755 4099 925 4154 quam
951 4082 1102 4137 ferre
1124 4082 1248 4153 jam
1275 4084 1523 4152 poterat,
1547 4082 1824 4138 morantis

194 4174 455 4233 adventus
509 4177 793 4233 Dominici
842 4175 1257 4247 exspectatione
1303 4180 1658 4246 quateretur;
1706 4192 1823 4231 non

194 4276 655 4328 murmurantem
680 4275 873 4325 tamen
903 4285 1004 4325 nec
1031 4269 1570 4341 transgredientem,
1599 4269 1698 4325 sed
1740 4271 1818 4324 le-

194 4368 415 4420 vantem
447 4366 510 4421 in
548 4364 705 4420 omni
733 4365 855 4419 loco
886 4379 1058 4435 puras
1092 4379 1318 4432 manus,
1355 4362 1476 4417 sine
1507 4362 1593 4418 ira
1624 4366 1680 4417 et
1708 4362 1818 4418 dis-

194 4460 539 4530 ceptatione,
595 4459 654 4513 in
706 4458 906 4513 habitu
956 4459 1156 4512 ornato
1201 4473 1331 4511 cum
1375 4456 1717 4512 verecundia
1767 4460 1824 4512 et

1920 2022 2050 2071 sunt
2096 2018 2149 2071 ei
2190 2022 2419 2088 peccata
2462 2020 2658 2085 multa,
2690 2018 2826 2090 quia
2857 2017 3052 2073 dilexit
3092 2018 3338 2073 multum
3371 2016 3541 2087 (Luc.,

1923 2127 2017 2176 vn,
2046 2111 2245 2182 45-47).
2275 2132 2303 2159 ››
2333 2113 2482 2183 Ergo
2507 2118 2562 2167 et
2590 2112 2712 2167 haec
2737 2114 2928 2167 anima
2958 2112 3149 2167 oscula
3176 2110 3340 2167 Verbi
3368 2110 3548 2165 multa

1923 2204 2222 2272 desiderat,
2248 2208 2308 2260 ut
2328 2206 2677 2261 illuminetur
2697 2207 2907 2263 divinas
2930 2206 3275 2279 cognitionis
3298 2204 3543 2272 lumine;

1921 2299 2027 2353 hoc
2057 2303 2141 2353 est
2182 2299 2336 2353 enim
2374 2299 2627 2354 osculum
2673 2300 2854 2367 Verbi,
2888 2302 3081 2356 lumen
3111 2300 3325 2355 scilicet
3351 2297 3569 2369 cogni-~

1923 2393 2095 2447 tionis
2144 2409 2333 2448 sacra).
2389 2393 2685 2448 Osculatur
2733 2394 2883 2449 enim
2937 2411 3037 2449 nos
3090 2395 3233 2448 Deus
3278 2392 3545 2458 Verbum,

1922 2486 2155 2557 quando
2182 2503 2281 2542 cor
2321 2494 2577 2542 nostrum
2624 2492 2681 2543 et
2722 2488 2906 2560 ipsum
2956 2486 3269 2559 principale
3298 2485 3548 2541 hominis

1923 2580 2166 2651 Spiritus
2208 2580 2413 2636 divinae
2457 2581 2795 2652 cognitionis
2835 2581 3151 2649 illuminat;
3201 2596 3312 2651 quo
3352 2578 3545 2634 anima

1922 2674 2132 2729 donata
2160 2673 2448 2729 charitatis
2470 2674 2716 2746 pignore
2742 2674 2999 2747 nuptiali,
3024 2675 3153 2729 laeta
3177 2676 3348 2745 atque
3376 2688 3547 2727 ovans

1924 2767 2098 2822 dicit:
2130 2788 2158 2816 α
2185 2768 2258 2824 Os
2303 2784 2494 2825 meum
2531 2768 2729 2840 aperui
2770 2774 2827 2823 et
2869 2767 3037 2823 eduxi
3070 2767 3335 2839 spiritum
3376 2767 3544 2836 (Psal.

1924 2877 2107 2928 CXVIII,
2175 2861 2318 2927 131).
2381 2885 2408 2912 ››
2463 2861 2728 2917 Osculum
2783 2866 2867 2916 est
2918 2861 3074 2916 enim
3130 2877 3242 2932 quo
3300 2859 3547 2914 invicem
3658 2924 3661 2931 λ

1922 2962 2175 3010 amantes
2222 2955 2325 3010 sibi
2380 2955 2693 3021 adhaerent,
2738 2960 2797 3010 et
2834 2954 2984 3010 velut
3025 2954 3223 3027 gratiae
3262 2952 3548 3008 interioris

1922 3050 2194 3105 suavitate
2256 3050 2573 3121 potiuntur.
2638 3051 2744 3104 Per
2809 3051 2915 3104 hoc
2972 3048 3226 3105 osculum
3293 3047 3549 3102 adhaeret

1922 3144 2112 3198 anima
2153 3144 2245 3199 Dei
2283 3143 2485 3213 Verbo,
2523 3143 2671 3215 quod
2713 3144 2816 3198 sibi
2856 3143 3096 3215 Spiritus
3130 3140 3547 3197 transfunditur

1924 3237 2265 3307 osculantis;
2309 3237 2452 3292 sicut
2493 3238 2663 3293 etiam
2709 3236 2767 3291 hi
2808 3237 2908 3308 qui
2947 3252 3006 3292 se
3050 3236 3398 3299 osculantur,
3432 3249 3550 3288 non

1924 3336 2056 3385 sunt
2092 3332 2377 3386 labiorum
2424 3331 2814 3403 praelibatione
2849 3330 3126 3395 contenti,
3159 3329 3260 3384 sed
3285 3326 3549 3399 spiritum

1924 3442 2090 3479 suum
2118 3425 2220 3480 sibi
2248 3425 2483 3480 invicem
2513 3426 2781 3480 videntur
2803 3424 3129 3480 infundere.

1995 3517 2254 3591 1549
2298 3522 2349 3573 6.
2393 3518 2469 3589 (5)
2515 3520 2793 3575 Osculetur
2836 3535 2917 3574 me
2959 3520 3027 3573 ab
3070 3519 3266 3572 osculis
3304 3520 3412 3571 oris
3439 3520 3543 3571 sui.

1924 3614 2013 3666 Vis
2041 3613 2107 3666 ad
2143 3612 2431 3669 Christum
2466 3613 2711 3684 aptare?
2741 3612 2887 3667 Nihil
2922 3612 3155 3683 gratius.
3189 3611 3280 3665 Vis
3316 3610 3388 3665 ad
3419 3610 3546 3665 ani-

1922 3722 2076 3760 mam
2105 3711 2261 3760 tuam
2280 3707 2307 3760 ?
2335 3705 2482 3760 Nihil
2506 3704 2835 3776 jucundius.
2875 3706 3155 3762 Osculetur
3180 3719 3281 3765 me,
3310 3703 3465 3758 videt
3492 3708 3549 3759 te

1922 3800 2198 3855 mundum
2239 3816 2358 3856 esse
2402 3799 2474 3854 ab
2517 3798 2671 3854 omni
2722 3804 2973 3870 peccato,
3028 3798 3161 3869 quia
3214 3796 3424 3851 delicta
3472 3797 3545 3851 de

1922 3899 2071 3949 terra
2102 3898 2265 3963 sunt;
2302 3893 2432 3948 ideo
2470 3898 2524 3949 te
2554 3893 2925 3948 sacramentis
2964 3890 3277 3947 coelestibus
3308 3889 3548 3961 dignum

1915 3988 2151 4059 judicat,
2194 3994 2249 4044 et
2292 3987 2426 4043 ideo
2462 3987 2665 4043 invitat
2704 3987 2773 4042 ad
2819 3985 3044 4042 caeleste
3084 3982 3442 4048 convivium;
3486 3987 3548 4039 ut

1922 4083 2190 4138 osculetur
2245 4087 2293 4138 te
2354 4082 2424 4136 ab
2483 4082 2675 4137 osculis
2730 4083 2838 4137 oris
2890 4083 2995 4137 sui.
3047 4081 3261 4135 Tamen
3310 4081 3547 4151 propter

1923 4176 2238 4248 sequentia,
2296 4176 2491 4231 anima
2537 4180 2655 4244 tua,
2706 4176 2792 4230 vel
2842 4175 3093 4230 humana
3139 4172 3412 4239 conditio,
3461 4172 3549 4227 vel

1924 4269 2167 4324 Ecclesia
2203 4269 2340 4325 vidit
2378 4287 2437 4325 se
2480 4269 2550 4324 ab
2593 4269 2860 4325 omnibus
2904 4269 3237 4324 mundatam
3269 4281 3390 4322 esse
3419 4282 3547 4338 pec-

1922 4364 2080 4430 catis,
2127 4363 2360 4436 dignam
2411 4380 2538 4436 qua
2582 4363 2655 4418 ad
2693 4364 2868 4418 altare
2910 4362 3004 4418 Dei
3043 4361 3219 4433 possit
3254 4360 3546 4416 accedere.

1922 4458 2068 4522 Quid
2098 4463 2183 4514 est
2224 4458 2379 4513 enim
2414 4458 2610 4526 altare,
2651 4458 2757 4512 nisi
2794 4457 2982 4511 forma
3017 4455 3269 4527 corporis
3308 4455 3549 4511 Christi?

197 4552 521 4622 sobrietate,
552 4555 853 4608 amantem
895 4567 951 4606 se
989 4567 1101 4605 non
1142 4550 1199 4604 in
1239 4550 1401 4605 tortis
1440 4550 1691 4605 crinibus
1726 4540 1901 4612 autD
1927 4552 2072 4607 Vidit
2099 4556 2450 4607 sacramenta
2487 4550 2789 4618 mirabilia,
2817 4553 2875 4605 et
2903 4550 2982 4604 ait
3013 4566 3025 4603 :
3060 4550 3338 4606 Osculetur
3365 4565 3444 4604 me
3480 4551 3548 4604 ab

194 4661 321 4701 auro
359 4651 466 4703 aut
504 4645 828 4719 margaritis
852 4649 952 4699 aut
976 4648 1127 4699 veste
1154 4644 1421 4715 pretiosa,
1451 4643 1552 4698 sed
1582 4644 1669 4699 his
1697 4659 1824 4715 qua:

197 4741 454 4796 castitatis
483 4746 546 4797 et
578 4740 742 4795 bonae
781 4737 1224 4794 conversationis
1254 4737 1522 4792 decerent
1557 4738 1821 4809 gratiam,

194 4848 343 4888 orare
388 4834 686 4890 dicentem
740 4851 753 4888 :
800 4834 1078 4889 Osculetur
1116 4848 1197 4887 me
1243 4833 1309 4885 ab
1350 4834 1526 4886 osculo
1570 4835 1677 4886 oris
1716 4835 1821 4895 sui,

194 4930 443 4993 quoniam
471 4930 681 4999 optima
706 4928 873 4982 ubera
902 4933 999 4981 tua
1023 4942 1187 4997 super
1208 4927 1414 4980 uinum.
1442 4927 1566 4979 lam
1598 4925 1826 4981 volebat

192 5017 486 5076 adhaerere
537 5020 759 5076 Christo
808 5035 958 5090 caro,
1002 5020 1123 5091 jam
1176 5018 1482 5073 festinabat
1526 5018 1820 5085 innubere,

196 5119 250 5164 ut
287 5118 437 5170 esset
483 5131 635 5169 unus
674 5113 924 5185 spiritus,
971 5118 1029 5168 et
1065 5113 1227 5167 fieret
1269 5128 1401 5166 caro
1445 5112 1653 5168 Christi
1693 5129 1822 5184 quae

193 5209 303 5260 erat
342 5213 483 5263 ante
534 5207 867 5263 meretricis.
917 5207 1223 5273 Osculetur,
1266 5205 1471 5277 inquit,
1517 5223 1627 5271 me;
1666 5223 1822 5261 oscu-

197 5298 334 5354 latur
380 5317 494 5356 nos
541 5300 635 5357 Dei
682 5300 959 5366 Verbum,
1011 5298 1243 5371 quando
1288 5315 1515 5354 sensum
1559 5305 1821 5355 nostrum

192 5390 413 5461 spiritus
443 5393 794 5465 cognitionis
821 5393 1125 5448 illuminat.

256 5488 308 5540 4.
361 5489 435 5559 (4)
488 5489 669 5559 Igitur
718 5488 800 5543 vel
857 5486 1101 5542 Ecclesia
1139 5490 1225 5542 est
1270 5487 1495 5558 jamdiu
1539 5488 1821 5559 promisso

195 5577 289 5633 sibi
316 5597 423 5652 per
452 5582 764 5653 prophetas
801 5580 1091 5636 Dominico
1135 5580 1383 5635 adventu
1424 5597 1527 5652 per
1565 5585 1824 5653 tempora

198 5674 364 5728 multa
394 5691 695 5746 suspensa,
739 5675 828 5730 vel
868 5675 1060 5729 anima
1102 5691 1227 5745 qua:
1277 5674 1502 5728 elevans
1542 5690 1600 5729 se
1632 5691 1664 5727 a
1702 5691 1823 5729 cor-

253 5787 313 5844 (41
338 5788 459 5839 Lib.
489 5788 556 5839 de
579 5790 743 5847 Isaac,
773 5803 891 5854 cap.
917 5791 963 5840 3.

255 5857 317 5917 t5)
340 5858 462 5909 Lib.
498 5872 539 5910 v
561 5859 623 5910 de
649 5860 910 5917 Sacram,
946 5873 1064 5924 cap.
1098 5859 1146 5911 2.

1925 4646 2117 4700 osculis
2171 4648 2277 4699 oris
2328 4647 2431 4707 sui,
2489 4645 2595 4699 hoc
2644 4649 2747 4710 est,
2800 4643 3053 4699 osculum
3105 4642 3247 4698 mihi
3298 4642 3549 4698 Christus

1928 4738 2140 4811 inﬁgat.
2177 4739 2403 4802 Quare?
2432 4738 2564 4811 quia
2592 4755 2605 4793 :

1997 4837 2047 4885 7.
2093 4833 2318 4889 Meliora
2366 4833 2533 4888 ubera
2577 4839 2671 4887 tua
2705 4850 2866 4904 super
2893 4836 3099 4897 vinum,
3142 4833 3248 4887 hoc
3286 4834 3390 4895 est,
3427 4846 3546 4885 me-

1924 4925 2096 4981 liores
2124 4943 2341 4994 sensus,
2372 4927 2608 4981 meliora
2634 4931 2732 4981 tua
2757 4932 3109 4983 sacramenta
3133 4941 3307 4997 super
3333 4923 3546 4990 vinum,

1923 5036 2094 5091 super
2120 5020 2258 5075 illud
2291 5020 2485 5075 vinum
2526 5021 2680 5092 quod
2722 5020 2828 5075 etsi
2860 5021 3192 5075 suavitatem
3221 5018 3413 5085 habet,
3446 5018 3543 5072 Ιω-

1924 5114 2108 5168 titiam
2151 5113 2346 5181 habet,
2393 5113 2634 5185 gratiam
2670 5114 2872 5180 habet;
2907 5119 3097 5169 tamen
3140 5113 3197 5166 in
3230 5111 3322 5166 illo
3352 5110 3548 5167 laetitia

1924 5207 2229 5274 saecularis,
2264 5207 2320 5262 in
2351 5210 2407 5262 te
2437 5214 2629 5262 autem
2652 5207 2974 5278 jucunditas
3002 5205 3265 5278 spiritalis
3293 5208 3396 5260 est.
3426 5206 3547 5261 lam

1926 5305 2060 5355 tunc
2085 5316 2224 5371 ergo
2254 5300 2526 5357 Salomon
2560 5300 2864 5355 inducebat
2886 5299 3115 5372 nuptias
3144 5300 3231 5354 vel
3259 5298 3464 5356 Christi
3491 5302 3548 5354 et

1924 5395 2204 5462 Ecclesiae,
2252 5395 2339 5449 vel
2388 5394 2618 5466 spiritus
2655 5400 2711 5449 et
2758 5394 2942 5449 carnis
2986 5401 3041 5449 et
3084 5394 3313 5449 animas.
3361 5396 3434 5466 (6)
3483 5396 3550 5450 Et

1922 5491 2194 5560 tanquam
2222 5488 2541 5560 despiciens
2570 5504 2771 5543 omnes
2789 5488 3179 5559 jucunditates
3208 5494 3266 5543 et
3294 5488 3545 5543 delecta-

1923 5581 2103 5637 tiones
2136 5598 2283 5648 suas,
2312 5580 2632 5636 cmlestibus
2661 5581 2891 5653 cupiens
2923 5580 3205 5639 inhaerere
3236 5581 3548 5649 mandatis,

1922 5674 2000 5729 ait
2025 5695 2039 5727 :
2070 5675 2341 5746 quoniam
2367 5674 2586 5745 optima
2614 5680 2894 5749 praecepta
2921 5678 3392 5733 testamentorum
3425 5681 3549 5729 tuo-

1985 5788 2050 5851 (6)
2086 5790 2146 5839 In
2177 5790 2315 5854 psal.
2340 5802 2538 5853 cxvm,
2570 5805 2733 5845 serm.
2766 5796 2812 5857 t,
2839 5806 2994 5845 num.
3028 5794 3077 5845 5.
