3936 6158
390 293 514 344 1951

1515 292 1857 347 COMMENT.
1903 292 1968 346 ΙΝ
2011 293 2303 350 CANTICA
2341 293 2601 350 CANTIC.

3560 300 3663 354 l93'.’

375 431 497 468 rum
549 430 719 484 super
774 430 1007 470 omnem
1052 416 1436 487 appetentiam
1484 416 1669 470 carnis
1713 422 1771 470 et
1815 417 1999 471 saculi
2026 419 2425 500 AJudaorum
2471 417 2756 472 mentibus
2798 415 3217 470 claudebatur:
3255 438 3280 460 ‹‹
3329 416 3480 471 Notus
3517 422 3666 490 (enim)

371 509 750 579 voluptatem;
797 509 1144 564 meminerat
1185 509 1337 564 enim
1385 527 1441 563 se
1489 510 1546 564 in
1595 511 1705 565 Eva
1749 515 1879 564 ante
1924 512 2003 565 sic

374 603 613 672 lapsam,
645 601 780 656 dum
809 603 1160 673 voluptatem
1189 604 1439 676 corporis
1465 603 1696 674 praefert
1721 604 2004 660 mandatis

369 695 710 751 coelestibus.
760 696 833 766 (7)
883 696 1200 752 Ostendens
1244 699 1438 768 itaque
1487 714 1598 752 non
1650 698 1826 752 solam
1875 715 1998 769 spe-

373 788 521 844 ciem
567 789 753 857 Verbi,
799 793 860 844 et
902 792 1122 846 vultum
1170 791 1504 863 quemdam,
1547 792 1647 847 sed
1690 792 1885 847 omnia
1921 793 2003 846 in-

376 882 586 938 teriora
629 884 754 954 ejus
799 884 1059 956 diligere,
1099 885 1361 956 adjungit
1398 886 1470 940 ad
1513 887 1838 942 osculorum
1879 903 2002 958 gra-

371 976 510 1032 tiam
555 995 569 1031 :
611 978 751 1045 Quia
802 979 960 1042 bona,
999 978 1204 1050 inquit,
1249 981 1412 1035 ubera
1459 986 1551 1035 tua
1594 995 1754 1051 super
1791 983 2000 1043 vinum,

374 1077 426 1126 et
465 1071 598 1126 odor
636 1077 1035 1142 unguentorum
1073 1080 1288 1128 tuorum
1320 1090 1483 1144 super
1510 1077 1693 1129 omnia
1731 1082 1999 1131 aromata.

377 1164 480 1220 llla
513 1167 770 1220 osculum
803 1166 1077 1237 poposcit,
1115 1167 1258 1222 Deus
1284 1168 1527 1223 Verbum
1565 1184 1623 1222 se
1650 1168 1702 1223 ei
1739 1172 1894 1224 totus
1922 1169 2003 1224 in-

373 1258 541 1325 fudit,
572 1264 630 1314 et
657 1259 886 1314 nudavit
911 1261 965 1314 ei
995 1260 1166 1315 ubera
1193 1277 1311 1329 sua,
1345 1262 1450 1316 hoc
1479 1265 1582 1330 est,
1617 1261 1881 1334 dogmata
1904 1279 2004 1319 sua

376 1356 434 1406 et
457 1351 744 1406 interioris
775 1352 1074 1424 sapientia
1101 1354 1448 1426 disciplinas,
1482 1361 1539 1410 et
1570 1361 2003 1427 unguentorum

377 1461 613 1500 suorum
651 1446 799 1500 dulci
847 1447 1025 1501 odore
1067 1447 1382 1519 fragravit:
1425 1449 1629 1521 quibus
1669 1456 1832 1522 capta
1873 1451 2005 1507 dicit

375 1537 703 1593 uberiorem
754 1555 874 1594 esse
918 1541 1335 1610 jucunditatem
1390 1542 1596 1598 divina
1640 1544 2001 1616 cognitionis,

374 1648 545 1702 quam
573 1633 826 1688 latitiam
852 1635 1039 1689 omnis
1065 1651 1349 1706 corporea
1374 1637 1704 1708 voluptatis.

441 1729 492 1780 8.
541 1727 612 1794 (8)
662 1730 999 1797 Unguentum
1046 1732 1390 1784 exinanitum
1438 1732 1522 1786 oet
1563 1733 1737 1786 oleum
1776 1732 2004 1802 effusum

377 1835 565 1875 nomen
603 1828 787 1886 tuum;
829 1821 934 1875 hoc
975 1827 1078 1887 est,
1125 1828 1276 1879 totus
1315 1823 1628 1880 immundis
1673 1803 2081 1895 impuritati-B

372 1913 476 1967 bus
540 1913 891 1969 diversorum
945 1915 1256 1970 facinorum
1306 1917 1518 1972 fetebat
1581 1918 1672 1972 hic
1727 1919 2000 1987 mundus,

373 2023 528 2062 nunc
557 2008 734 2078 spirat
765 2008 976 2080 ubique
1016 2010 1259 2064 suavitas
1302 2010 1611 2080 pudicitiae,
1641 2017 2007 2083 unguentum

376 2099 527 2168 tidei,
565 2101 669 2156 ﬂos
717 2101 1075 2172 integritatis.
1121 2103 1196 2172 (9)
1235 2104 1464 2174 Aspirat
1502 2105 1672 2159 etiam
1715 2106 1773 2160 in
1821 2107 2005 2161 Verbo

376 2193 516 2248 odor
545 2195 743 2264 gratia
775 2199 832 2250 et
858 2196 1124 2251 remissio
1156 2202 1536 2269 peccatorum,
1569 2215 1699 2271 qua
1731 2200 1789 2254 in
1823 2203 2002 2256 totum

379 2286 580 2342 diffusa
606 2289 907 2354 mundum,
952 2291 1146 2345 omnia
1187 2294 1459 2363 tanquam
1503 2292 1790 2348 exinanito
1823 2296 2001 2365 reple-

375 2381 455 2434 vit
511 2385 824 2452 unguento,
870 2383 1004 2454 quia
1058 2401 1160 2454 per
1211 2386 1498 2440 universos
1551 2387 1736 2458 gravis
1787 2389 2005 2442 illuvies

379 2475 603 2530 detersa
642 2475 905 2531 vitiorum
947 2480 1050 2532 est.
1095 2479 1202 2548 (10)
1247 2480 1356 2533 Hoc
1405 2487 1760 2552 unguentum
1802 2484 2001 2537 exina-

375 2567 562 2623 nitum
582 2571 670 2623 est
693 2586 867 2641 supra
886 2571 1126 2639 Judaos,
1152 2577 1209 2626 et
1228 2573 1523 2628 collectum
1549 2579 1633 2629 est
1657 2593 1690 2629 a
1716 2575 2001 2646 gentibus;

379 2662 734 2718 exinanitum
760 2665 820 2719 in
843 2665 1058 2733 Judaa,
1087 2673 1142 2721 et
1169 2667 1418 2722 redoluit
1438 2668 1492 2722 in
1524 2670 1790 2724 omnibus
1815 2672 2000 2725 terris.

381 2757 493 2811 Hoc
529 2762 826 2830 unguento
856 2762 1028 2814 uncta
1072 2765 1158 2814 est
1192 2762 1383 2828 Maria,
1425 2765 1481 2815 et
1512 2762 1680 2834 Virgo
1720 2765 2001 2834 concepit,

380 2851 547 2923 Virgo
575 2853 799 2923 peperit
823 2853 1036 2908 bonum
1083 2854 1316 2910 odorem
1348 2857 1444 2910 Dei
1479 2857 1678 2911 Filium
1714 2875 1726 2910 :
1763 2858 1867 2913 hoc
1899 2875 2001 2912 un-

379 2952 655 3015 guentum
697 2946 941 3001 effusum
981 2952 1066 3002 est
1106 2965 1278 3019 super
1312 2966 1506 3020 aquas,
1543 2955 1600 3004 et
1639 2952 2006 3006 sanctiticavit

376 3055 553 3109 aquas
582 3057 594 3093 :
631 3040 737 3094 hoc
763 3046 1060 3112 unguento
1093 3042 1251 3095 uncti
1281 3049 1412 3096 sunt
1451 3048 1563 3097 tres
1598 3046 1775 3114 pueri,
1807 3051 1861 3099 et
1894 3047 2001 3099 lm-

378 3147 598 3188 morem
637 3133 725 3187 his
769 3133 1006 3188 ﬂamma
1049 3135 1298 3202 roravit;
1338 3136 1446 3191 hoc
1480 3142 1774 3208 unguento
1807 3139 2003 3194 Daniel
2025 3169 2079 3242 Ο

380 3230 580 3279 unctus
619 3230 726 3294 est,
773 3230 829 3280 et
879 3227 1111 3282 leonum
1157 3244 1254 3281 ora
1299 3229 1555 3297 mollivit,
1603 3231 2003 3303 feritatemque

376 3318 696 3388 permulsit.
732 3319 879 3374 Fluit
917 3321 1024 3375 hoc
1066 3327 1428 3392 unguentum
1463 3323 1737 3394 quotidie,
1769 3329 1827 3379 et
1854 3343 2002 3380 nun-

377 3426 548 3481 quam
595 3412 801 3466 deﬁcit.
847 3413 1046 3485 Accipe
1088 3431 1180 3469 vas
1227 3420 1408 3482 tuum,
1457 3417 1637 3488 virgo,
1685 3421 1742 3472 et
1781 3421 2000 3487 accede,

380 3505 440 3556 ut
469 3505 648 3575 possis
673 3505 783 3560 hoc
814 3511 1108 3578 unguento
1138 3510 1341 3581 repleri
1373 3527 1385 3574 ;
1420 3511 1610 3582 accipe
1645 3517 2002 3584 unguentum

376 3598 717 3654 aestimatum
764 3601 1034 3656 trecentis
1089 3602 1361 3670 denariis,
1413 3605 1510 3658 sed
1561 3607 1736 3676 gratis
1783 3607 2001 3673 datum,

380 3708 494 3746 non
548 3694 858 3761 venditum,
901 3701 965 3750 ut
1013 3712 1211 3752 omnes
1257 3698 1536 3754 haberent
1581 3701 1778 3770 gratis.
1810 3700 2001 3771 Virgo,

377 3804 633 3858 ungere;
668 3789 782 3843 noli
822 3791 1143 3846 contristari
1181 3791 1324 3846 sicut
1360 3792 1550 3859 Judas,
1582 3794 1712 3864 quia
1754 3794 1860 3849 hoc
1894 3813 1999 3848 nn-

378 3886 652 3952 guentum
686 3883 1020 3952 effunditur,
1050 3885 1151 3939 sed
1179 3887 1463 3958 consepeli
1490 3886 1551 3940 in
1587 3891 1640 3940 te
1680 3888 2000 3952 Christum;

374 3976 567 4030 claude
589 3993 724 4031 sane
747 3994 839 4032 vas
867 3981 1050 4044 tuum,
1071 3996 1144 4032 ne
1173 3985 1528 4050 unguentum
1555 3981 1776 4046 effluat;
1800 3982 2000 4037 claude

378 4069 716 4140 integritatis
745 4071 917 4140 clave,
958 4072 1230 4142 loquendi
1273 4074 1626 4142 verecundia,
1661 4075 2002 4130 abstinentia

377 4162 693 4231 gloriandi;
743 4163 852 4217 hoc
895 4181 1024 4235 qua
1075 4165 1245 4220 habet
1291 4170 1674 4238 unguentum,
1715 4169 1999 4224 Christum

377 4255 578 4327 recipit
607 4273 619 4310 :
656 4258 999 4325 Unguentum
1028 4261 1366 4314 exinanitum
1395 4276 1582 4315 nomen
1614 4268 1785 4316 tuum.

443 4353 496 4403 9.
537 4351 715 4418 (Vers.
758 4353 833 4421 2.)
875 4355 980 4421 (Η)
1031 4355 1317 4423 Propterea
1357 4355 1769 4414 adolescentuta
1807 4357 2002 4412 ditare-

372 4449 502 4498 runt
531 4449 598 4499 te.
648 4443 784 4509 Qua
828 4451 959 4500 sunt
1001 4446 1123 4502 ista
1167 4446 1622 4515 adolescentula,
1654 4449 1762 4503 nisi
1797 4450 2002 4506 anima

2105 513 2161 565 in
2211 511 2404 566 Judaa
2458 512 2621 575 Deus,
2680 511 2736 564 in
2790 509 2956 565 Israel
3013 525 3288 580 magnum
3338 525 3525 565 nomen
3571 516 3668 584 ejus

2106 607 2268 672 (Psat.
2300 621 2458 672 Lxxv,
2492 606 2561 676 t).
2595 627 2620 653 ››
2658 606 2772 660 Hoc
2811 604 3005 674 itaque
3046 619 3254 657 nomen
3292 603 3436 673 quod
3469 621 3578 660 vasa
3601 609 3672 662 Ju-
3705 628 3708 630 ν

2103 699 2357 755 daorum
2387 699 2663 772 angustiis
2690 698 2806 754 suis
2836 698 3149 752 coercitum
3175 696 3540 753 continebant.
3558 701 3673 773 Mag-

2106 810 2243 848 num
2299 794 2532 865 quidem
2585 796 2644 847 et
2707 799 2841 846 tunc
2892 807 3126 860 nomen,
3181 806 3314 844 cum
3365 790 3676 851 inﬁrmorum

2101 893 2268 960 atque
2297 903 2609 960 paucorum
2642 887 2893 941 hareret
2921 884 3219 956 angustiis,
3250 883 3347 939 sed
3379 887 3675 957 magnitudi-

2104 997 2232 1036 nem
2281 983 2364 1036 sui
2413 980 2672 1035 nondum
2719 996 2824 1051 per
2864 979 3030 1033 corda
3083 977 3344 1050 gentium
3390 980 3531 1033 etin
3568 980 3682 1036 ﬁnes

2105 1076 2273 1130 totius
2302 1075 2454 1130 orbis
2484 1073 2768 1128 effuderat
2797 1090 2810 1127 :
2841 1072 2889 1145 1
2907 1071 3099 1145 550
3132 1076 3430 1143 postquam
3458 1088 3573 1127 vero
3601 1090 3683 1144 per

2105 1185 2338 1224 omnem
2396 1168 2673 1223 mundum
2730 1184 2830 1222 suo
2879 1167 3062 1221 illuxit
3109 1165 3394 1232 adventu,
3445 1181 3536 1236 per
3585 1183 3682 1220 om-

2104 1279 2236 1317 nem
2289 1263 2484 1334 utique
2538 1265 2853 1316 creaturam
2908 1261 3168 1315 divinum
3222 1259 3361 1313 illud
3413 1275 3562 1313 suum
3608 1277 3690 1314 no-

2106 1373 2236 1412 men
2289 1355 2569 1421 extendit,
2622 1372 2735 1410 non
2793 1355 3075 1426 repletum
3125 1352 3436 1408 accessione
3488 1353 3689 1425 aliqua;

2105 1450 2402 1523 plenitudo
2429 1449 2586 1504 enim
2616 1449 2792 1504 nescit
2821 1451 3223 1519 augmentum;
3255 1446 3353 1502 sed
3380 1447 3588 1517 replens
3609 1463 3691 1500 va-

2106 1562 2228 1611 cua,
2271 1549 2331 1598 ut
2376 1547 2519 1598 esset
2564 1542 2900 1598 admirabile
2943 1558 3152 1596 nomen
3200 1541 3326 1612 ejus
3369 1541 3424 1594 in
3461 1539 3698 1594 universa

2105 1645 2277 1692 terra.
2337 1637 2511 1708 Hujus
2563 1637 2737 1708 igitur
2787 1635 2986 1690 effusio
3044 1633 3293 1690 nominis
3339 1632 3698 1688 abundantem

2104 1731 2411 1804 quamdam
2457 1730 2882 1786 exuberantiam
2937 1728 3276 1801 gratiarum,
3329 1728 3698 1797 bonorumque

2105 1825 2420 1882 caelestium
2450 1825 2733 1896 signiﬁcat
2767 1824 3103 1889 ubertatem,
3137 1839 3199 1877 ex
3232 1820 3538 1876 abundanti
3566 1820 3701 1874 enim

2106 1919 2403 1992 superﬂuit
2443 1919 2716 1991 quidquid
2758 1917 3086 1972 effunditur.
3121 1916 3230 1987 (l3)
3260 1916 3388 1971 Ideo
3424 1915 3700 1969 adolescen-

2109 2015 2236 2069 tuta
2293 2014 2601 2068 dilexerunt
2646 2018 2715 2066 te.
2771 2011 2942 2077 Bona,
2999 2009 3204 2081 inquit,
3260 2007 3577 2080 prudentia,
3619 2006 3703 2060 sed

2107 2107 2284 2162 dulcis
2337 2105 2761 2173 misericordia;
2816 2104 2965 2158 illam
3011 2103 3162 2158 enim
3208 2102 3378 2174 pauci
3421 2116 3703 2172 assequun-

2109 2205 2218 2266 tur,
2276 2200 2394 2254 hac
2439 2200 2504 2254 ad
2558 2215 2756 2252 omnes
2808 2196 3095 2268 pervenit;
3149 2198 3388 2267 prOpter
3437 2195 3596 2257 hanc,
3635 2193 3706 2246 in-

2106 2294 2246 2365 quit,
2289 2293 2706 2363 indulgentiam
2743 2296 2902 2346 tuam
2944 2291 3192 2362 diligunt
3228 2294 3283 2344 te
3329 2289 3534 2343 anima
3572 2302 3708 2341 reno-

2105 2393 2246 2442 vata
2274 2387 2493 2458 spiritu.

2183 2484 2263 2534 lO.
2295 2481 2468 2550 (Vers.
2502 2480 2580 2552 3.)
2609 2481 2711 2551 (14)
2753 2481 2986 2535 Attrahe
3012 2495 3110 2534 nos
3133 2484 3255 2548 post
3282 2484 3352 2542 te,
3384 2477 3714 2532 curremusin

2105 2577 2318 2630 odorem
2355 2580 2750 2644 unguentorum
2792 2580 3024 2628 tuorum.
3075 2572 3345 2627 Osculata
3380 2572 3504 2642 jam
3547 2570 3718 2623 anima

2105 2674 2297 2724 sancta
2325 2668 2571 2724 Verbum
2610 2667 2728 2736 Dei,
2765 2666 3003 2722 modum
3036 2682 3153 2721 non
3189 2666 3363 2738 capit,
3399 2681 3505 2719 nec
3541 2662 3714 2734 exple-

2106 2767 2200 2817 tur
2242 2763 2432 2817 dicens
2464 2779 2477 2817 :
2519 2762 2720 2817 Suavis
2757 2779 2837 2829 es,
2886 2761 3144 2827 Domine,
3184 2763 3244 2814 et
3288 2760 3347 2814 in
3381 2757 3717 2830 jucunditate

2105 2862 2204 2912 tua
2234 2857 2375 2911 doce
2413 2872 2502 2911 me
2532 2855 2966 2926 justiﬂcationes
3011 2859 3136 2909 tuas
3177 2855 3350 2925 (Psal.
3398 2869 3585 2916 cxvm,
3625 2853 3716 2916 t2).

2106 2951 2363 3006 Osculata
2413 2949 2510 3004 Dei
2561 2949 2809 3003 Verbum
2873 2948 3217 3019 concupiscit
3270 2964 3445 3018 super
3503 2960 3718 3001 omnem

2107 3046 2397 3111 decorem,
2427 3042 2614 3114 diligit
2641 3059 2810 3113 super
2842 3058 3074 3096 omnem
3107 3041 3396 3106 latitiam,
3424 3040 3724 3095 delectatur

2105 3155 2277 3209 super
2296 3138 2489 3192 omnia
2509 3139 2790 3202 aromata,
2813 3135 2972 3206 cupit
2996 3135 3334 3206 frequenter
3356 3134 3569 3201 videre,
3589 3147 3725 3203 sape

2105 3232 2422 3299 intendere,
2453 3230 2610 3302 cupit
2649 3229 2863 3284 attrahi
2909 3235 2968 3283 ut
3007 3229 3170 3300 sequi
3212 3228 3396 3298 possit
3433 3245 3444 3281 :
3486 3229 3721 3296 Unguen-

2107 3331 2238 3388 tum,
2280 3325 2485 3396 inquit,
2518 3327 2862 3379 exinanitum
2906 3339 3094 3378 nomen
3138 3329 3316 3385 tuum,
3361 3329 3650 3392 propterea
3687 3327 3730 3373 te

2106 3421 2384 3489 diligimus
2429 3419 2872 3483 adulescentula;
2926 3422 3230 3488 propterea
3281 3421 3592 3480 certamus,
3641 3412 3726 3466 sed

2106 3512 2598 3584 comprehendere
2651 3528 2764 3566 non
2820 3526 3156 3581 possumus;
3210 3510 3446 3564 attrahe
3506 3525 3631 3573 nos,
3675 3511 3730 3560 ut

2105 3607 2382 3678 possimus
2420 3622 2670 3671 currere,
2719 3609 2779 3659 ut
2823 3604 2998 3660 odore
3043 3608 3480 3676 unguentorum
3513 3609 3726 3656 tuorum

2105 3701 2450 3772 accipiamus
2489 3699 2756 3753 virtutem
2799 3699 3093 3769 sequendi.
3142 3698 3396 3753 Festinat
3432 3699 3609 3752 etiam
3653 3695 3726 3748 in-

2106 3798 2267 3848 terna
2322 3792 2592 3864 mysteria
2641 3791 2853 3858 videre,
2906 3791 3085 3862 ipsam
3133 3790 3268 3846 boni
3329 3791 3483 3845 illius
3535 3786 3729 3843 summi

2104 3887 2539 3952 habitationem,
2585 3890 2640 3940 et
2687 3885 2869 3940 lucem
2916 3886 3037 3956 ejus
3079 3890 3136 3939 et
3177 3885 3506 3940 claritatem
3545 3885 3601 3937 in
3645 3881 3729 3936 illo

2104 3981 2230 4035 sinu
2252 3998 2315 4036 ac
2337 3996 2556 4035 recessu
2579 3979 2794 4050 patrio;
2821 3979 3048 4034 festinat
3064 3978 3260 4033 audire
3277 3994 3581 4034 sermones
3598 3976 3726 4046 ejus,

2104 4082 2160 4130 et
2189 4091 2317 4129 cum
2357 4073 2603 4128 audierit
2642 4089 2810 4143 super
2850 4088 3080 4127 omnem
3119 4073 3472 4128 suavitatem
3513 4068 3728 4141 accipit.

2181 4173 2261 4223 tl.
2319 4170 2522 4222 Doceat
2570 4173 2624 4222 te
2674 4165 2960 4237 Pmpbeta
3007 4167 3103 4237 qui
3161 4167 3439 4237 gustavit,
3501 4169 3557 4219 et
3601 4163 3674 4216 ait
3715 4178 3726 4214 :

2107 4285 2131 4309 ‹‹
2173 4263 2352 4326 Quam
2382 4261 2566 4316 dulcia
2607 4259 2862 4314 faucibus
2899 4261 3041 4313 meis
3073 4259 3244 4313 verba
3274 4264 3402 4327 tua,
3433 4273 3607 4329 super
3631 4255 3730 4310 mel

2105 4363 2160 4410 et
2195 4357 2387 4410 favum
2424 4354 2508 4408 ori
2546 4369 2678 4408 meo
2709 4353 2880 4424 (Psat.
2923 4369 3102 4417 CXVIII,
3139 4353 3302 4420 £03)!
3339 4376 3368 4401 ››
3408 4351 3562 4416 Quid
3588 4349 3728 4404 enim

2103 4449 2258 4504 aliud
2290 4447 2577 4503 desiderat
2602 4447 2812 4514 anima,
2843 4463 2970 4518 qua
3001 4446 3172 4501 semel
3201 4446 3376 4500 Verbi
3405 4445 3730 4500 suavitatem

371 4537 751 4609 singulorum,
801 4556 930 4611 qua
981 4540 1370 4612 deposuerunt
1414 4541 1572 4596 istius
1620 4544 1873 4614 corporis
1911 4537 2450 4616 se-Dgustaverit,
2507 4557 2634 4612 qua
2695 4542 2868 4596 semel
2923 4538 3236 4594 claritatem
3303 4540 3434 4610 ejus
3496 4535 3728 4592 viderit?

373 4633 679 4697 nectutem,
733 4638 1016 4688 renovata
1067 4651 1170 4705 per
1216 4635 1493 4705 Spiritum
1541 4637 1844 4691 sanctum?
1887 4638 1996 4708 (t2)
2099 4638 2312 4707 Moyses
2354 4634 2412 4688 in
2462 4637 2661 4689 monte
2706 4633 2920 4704 positus
2968 4632 3359 4704 quadraginta
3412 4631 3610 4688 diebus
3653 4628 3724 4683 le-

377 4727 713 4793 Unguentum
747 4726 972 4795 effusum
1007 4743 1198 4782 nomen
1236 4733 1409 4790 tuum,
1443 4731 1602 4801 cujus
1638 4731 1844 4786 virtute
1877 4749 1995 4785 ser-

376 4819 562 4873 monis
591 4817 735 4873 nihil
767 4824 953 4890 potest
983 4836 1100 4874 esse
1144 4823 1522 4890 praestantius.
1557 4825 1698 4878 Nam
1737 4825 1881 4878 sicut
1911 4825 1997 4878 in-

373 4912 593 4967 clusum
629 4911 686 4966 in
727 4929 851 4966 vase
887 4912 1080 4984 aliquo
1113 4920 1471 4983 unguentum
1499 4916 1726 4970 cohibet
1763 4918 1999 4972 odorem

374 5022 559 5076 suum,
587 5006 683 5076 qui
725 5006 866 5060 odor
892 5005 1146 5077 quandiu
1178 5007 1321 5061 vasis
1358 5008 1504 5062 illius
1535 5010 1813 5081 angustiis
1838 5027 1996 5066 coer-

371 5105 550 5166 cetur,
581 5099 688 5155 etsi
728 5100 798 5154 ad
840 5100 1029 5170 plures
1070 5117 1180 5154 non
1224 5105 1412 5170 potest
1452 5104 1770 5173 pervenire,
1805 5109 2000 5158 tamen

375 5193 486 5247 vim
518 5211 679 5248 suam
711 5201 929 5258 servat;
969 5208 1099 5248 cum
1131 5211 1264 5248 vero
1303 5196 1373 5250 de
1400 5212 1526 5250 vase
1563 5197 1660 5251 illo
1692 5214 1803 5268 quo
1844 5198 1997 5252 clau-

373 5286 614 5342 debatur
644 5293 1003 5360 unguentum
1048 5287 1220 5342 fuerit
1260 5289 1529 5358 effusum,
1566 5291 1737 5362 longe
1773 5291 2000 5364 lateque

375 5379 642 5438 ditfusum
685 5381 919 5450 dicitur;
974 5383 1052 5436 ita
1096 5386 1154 5438 et
1196 5382 1405 5438 Christi
1452 5400 1662 5439 nomen
1706 5389 1839 5440 ante
1879 5385 2002 5456 ejus

377 5471 684 5529 adventum
729 5475 787 5530 in
831 5477 1000 5531 Israel
1050 5478 1291 5548 populo,
1335 5477 1494 5548 quasi
1541 5478 1599 5532 in
1643 5494 1770 5533 vase
1809 5479 2000 5550 aliquo

441 5638 505 5699 (7)
530 5639 647 5690 Lib.
679 5641 741 5691 de
762 5644 930 5703 Isaac,
957 5656 1075 5706 cap.
1103 5645 1149 5694 3.

441 5710 506 5772 (8)
532 5710 594 5760 In
624 5712 761 5775 psal.
790 5722 988 5775 oxvm,
1015 5727 1177 5764 serm.
1212 5717 1257 5776 t,
1286 5728 1443 5766 num.
1468 5719 1515 5766 5.

439 5784 506 5844 (9)
536 5782 654 5834 Lib.
685 5783 750 5833 de
774 5785 945 5844 Isaac,
970 5797 1089 5846 cap.
1119 5787 1165 5834 3.

439 5853 535 5919 (10)
567 5853 686 5904 Lib.
718 5853 780 5902 de
817 5853 1152 5914 Virginitate,
1178 5867 1297 5917 cap.
1330 5859 1402 5906 Η.

2102 4746 2233 4800 gem
2279 4728 2560 4800 accipiens
2586 4771 2599 4794 ,
2650 4727 2839 4782 cibum
2884 4727 3136 4798 corporis
3181 4743 3300 4781 non
3350 4724 3674 4797 requirebat
3713 4741 3722 4772 :

2103 4823 2246 4877 Elias
2309 4822 2378 4876 ad
2447 4822 2603 4875 illam
2667 4821 2946 4875 festinans
3015 4820 3315 4892 requiem,
3384 4817 3626 4891 rogabat
3671 4817 3727 4869 ut

2101 4915 2452 4986 acciperetur
2497 4914 2685 4968 anima
2720 4931 2824 4969 sua
2869 4932 2902 4968 a
2947 4930 3003 4968 se
3051 4932 3062 4968 :
3106 4916 3310 4968 Petrus
3347 4913 3628 4983 aspiciens
3678 4913 3729 4960 et

2102 5009 2221 5080 ipse
2274 5010 2332 5062 in
2383 5013 2577 5062 monte
2627 5007 2933 5062 Dominica
2986 5007 3424 5062 resurrectionis
3469 5003 3726 5077 gloriam,

2101 5103 2330 5157 nolebat
2361 5101 2706 5156 descendere
2748 5101 2942 5156 dicens
2983 5120 2994 5154 :
3034 5123 3061 5149 α
3103 5101 3370 5168 Domine,
3402 5101 3614 5155 bonum
3652 5098 3728 5148 est

2102 5213 2204 5251 nos
2251 5196 2342 5250 hic
2387 5212 2507 5250 esse
2550 5196 2793 5265 (Matth.,
2835 5211 2960 5261 xvn,
2999 5195 3074 5258 4).
3109 5217 3138 5243 ››
3168 5195 3404 5258 Quanta
3443 5192 3615 5265 igitur
3643 5187 3729 5243 illa

2102 5289 2305 5344 divinae
2349 5288 2675 5344 substantia
2724 5289 2924 5360 gloria,
2978 5291 3194 5359 quanta
3245 5288 3417 5344 Verbi
3467 5286 3629 5350 dona,
3673 5282 3724 5334 in

2103 5399 2230 5454 qua
2260 5382 2663 5453 concupiscunt
2690 5386 2747 5436 et
2773 5382 2968 5453 angeli
2994 5381 3326 5453 prospicere
3349 5383 3364 5436 !

2179 5481 2260 5531 l2.
2301 5476 2503 5532 Anima
2552 5476 2726 5547 igitur
2772 5492 2902 5546 qua
2949 5475 3089 5530 illud
3142 5475 3323 5542 videt,
3379 5490 3576 5544 corpus
3621 5470 3720 5524 hoc

2167 5646 2265 5708 (tl)
2289 5643 2407 5695 Lib.
2444 5657 2480 5695 v
2508 5643 2571 5694 de
2599 5643 2867 5702 Sacram,
2897 5656 3019 5707 cap.
3055 5643 3101 5693 2.

2167 5715 2263 5779 (12)
2290 5715 2408 5766 Lib.
2440 5728 2456 5764 ι
2483 5714 2547 5766 de
2577 5715 2629 5764 S.
2666 5714 2831 5778 Spir.,
2863 5727 2984 5778 cap.
3013 5715 3063 5765 8.

2167 5787 2269 5850 (13)
2298 5786 2416 5836 Lib.
2452 5785 2518 5835 de
2544 5786 2718 5840 Isaac,
2749 5798 2872 5851 cap.
2898 5785 2949 5836 3.

2173 5858 2270 5921 (14)
2295 5856 2467 5922 Epist.
2497 5855 2569 5908 ad
2591 5857 2866 5908 truncum.
