3936 6158
55 0 3886 72 ἡ

268 318 282 366 1
295 313 378 364 953

1246 306 1286 359 1-1
1325 304 1625 359 SCRIPTIS
1663 308 1718 358 S.
1766 305 2080 361 AMBROSII
2122 306 2530 362 COLLECTUS.

3437 315 3453 364 1
3469 313 3569 366 954

263 450 355 488 non
389 428 618 500 requirit,
650 427 1071 499 minimamque
1113 428 1562 483 familiaritatem
1594 445 1722 483 cum
1769 445 1835 483 eo
1860 445 1916 512 Α
1939 429 2273 495 attrahatur,
2309 447 2380 483 ne
2424 430 2568 484 forte
2608 430 3059 502 derelinquatur;
3087 433 3219 504 quia
3258 435 3433 489 currit
3463 436 3560 489 Dei

259 543 355 581 esse
388 523 569 578 debere
611 521 894 591 intelligit,
938 521 1228 576 renuntiat
1266 523 1486 590 saeculo,
1521 522 1750 577 abducit
1779 540 1834 576 se

253 637 278 673 a
322 615 524 672 vinculis
582 615 797 683 carnis,
851 619 909 668 et
959 616 1114 671 exuit
1167 616 1430 670 omnibus
1479 617 1830 687 voluptatum

253 714 453 767 istarum
496 708 750 764 nexibus.
798 709 1052 780 Denique
1093 710 1412 781 Stephanus
1447 712 1638 765 .lesum
1677 710 1830 764 vide-

249 807 344 872 bat,
383 809 431 859 et
465 802 696 874 lapidari
727 820 844 858 non
886 803 1260 872 formidabat;
1295 805 1412 858 imo
1440 821 1568 859 cum
1618 804 1829 874 lapida-

248 906 395 967 retur,
421 914 527 953 non
556 913 659 968 pro
691 915 773 964 se,
811 897 911 953 sed
941 915 1043 970 pro
1081 898 1190 952 illis
1220 914 1252 952 a
1279 898 1487 970 quibus
1515 898 1828 969 perimeba-

246 998 337 1060 tur,
364 991 599 1063 rogabat.
641 992 848 1045 Paulus
885 1007 1112 1062 quoque
1152 997 1350 1062 raptus
1393 1008 1573 1063 usque
1613 992 1680 1046 ad
1716 995 1828 1047 ter-

242 1085 364 1140 tium
404 1085 616 1153 caslum,
650 1101 779 1139 cum
826 1101 1065 1156 corpore
1111 1088 1260 1140 esset
1299 1086 1384 1140 vel
1429 1086 1550 1140 sine
1589 1101 1830 1157 corpore

241 1179 511 1246 nesciebat,
562 1185 777 1249 raptus,
837 1180 1093 1250 inquam,
1149 1180 1208 1233 in
1259 1179 1611 1250 paradisum,
1666 1197 1828 1234 usum

237 1272 424 1343 proprii
440 1272 557 1342 jam
584 1289 698 1327 non
723 1273 1002 1328 sentiebat
1021 1273 1298 1345 corporis,
1327 1277 1386 1328 et
1403 1273 1642 1328 audiens
1660 1274 1830 1327 verba

237 1366 337 1433 Dei,
365 1366 635 1437 quomodo
665 1366 733 1421 ad
771 1367 1026 1437 corporis
1052 1367 1414 1422 inﬁrmitates
1441 1367 1827 1433 descenderet,

231 1459 585 1515 erubescebat.
637 1461 828 1531 Itaque
875 1461 1059 1516 sciens
1103 1461 1238 1532 quid
1289 1461 1520 1516 vidisset
1567 1461 1624 1515 in
1653 1478 1830 1532 para-

232 1554 350 1622 diso,
388 1555 467 1609 vel
503 1554 640 1625 quid
682 1554 949 1621 audisset,
993 1555 1272 1610 clamabat
1321 1556 1515 1610 dicens
1558 1574 1571 1610 :
1609 1578 1635 1604 «
1680 1555 1827 1620 Quid

227 1649 387 1702 adhuc
440 1649 589 1701 velut
639 1648 892 1703 viventes
941 1649 1009 1702 de
1063 1649 1172 1703 hoc
1225 1650 1438 1704 mundo
1487 1649 1830 1705 decernitis?

228 1742 294 1795 Ne
330 1741 640 1812 tetigeritis,
682 1759 754 1796 ne
797 1742 1299 1810 attaminaveritis,
1345 1761 1415 1797 ne
1452 1745 1825 1815 gustaveritis,

1938 523 2205 590 Verbum,
2240 527 2296 578 et
2338 540 2448 578 non
2489 528 2575 578 est
2614 525 2932 595 alligatum.
2969 526 3218 597 Denique
3252 549 3280 577 (ι
3308 528 3564 583 Exsultat

1935 621 2203 688 tanquam
2237 617 2398 688 gigas
2423 618 2496 672 ad
2523 618 2860 672 currendam
2893 618 3037 672 viam
3068 621 3234 688 (Psal.
3265 637 3410 688 xvm,
3436 624 3506 691 6).
3531 645 3558 670 ››

1935 711 2002 764 Et
2037 711 2171 781 quia
2211 731 2236 761 α
2278 713 2551 782 Egressus
2588 713 2710 782 ejus
2751 728 2975 767 summo
3021 713 3181 780 ccelo,
3213 721 3268 767 et
3299 730 3563 769 occursus

1935 804 2058 874 ejus
2095 821 2272 876 usque
2307 806 2376 858 ad
2420 822 2713 860 summum
2749 807 2871 876 ejus
2896 806 3082 875 (Ibid.,
3113 811 3186 874 7),
3223 829 3249 856 »
3277 807 3470 862 videns
3507 825 3563 864 se

1935 897 2210 968 imparem
2241 903 2410 953 tantae
2438 899 2745 966 velocitati,
2777 899 2912 954 dicit
2944 917 2956 953 :
2989 901 3221 955 Attrahe
3244 917 3356 956 nos.

2008 993 2092 1045 14.
2135 992 2284 1046 Bona
2322 993 2516 1047 anima
2559 1009 2687 1064 qua:
2729 1009 2844 1048 non
2890 1009 2992 1064 pro
3035 1011 3093 1048 se
3139 995 3280 1061 sola,
3321 995 3418 1050 sed
3461 1012 3563 1067 pro

1931 1085 2195 1140 omnibus
2241 1090 2406 1155 rogat
2452 1105 2464 1140 :
2512 1089 2759 1150 Attrahe,
2809 1088 3060 1158 inquam,
3111 1105 3204 1144 nos
3220 1108 3237 1154 ;
3283 1089 3564 1144 habemus

1932 1179 2086 1233 enim
2141 1180 2509 1248 cupiditatem
2563 1181 2860 1252 sequendi,
2913 1198 3084 1253 quam
3140 1187 3561 1253 unguentorum

1934 1276 2158 1327 tuorum
2192 1274 2429 1344 inspirat
2459 1274 2667 1345 gratia;
2693 1275 2788 1329 sed
2815 1275 2948 1346 quia
2972 1293 3170 1331 cursus
3193 1282 3314 1332 tuos
3338 1293 3562 1349 mquare

1932 1383 2046 1421 non
2089 1384 2408 1438 possumus,
2454 1369 2687 1423 Attrahe
2730 1385 2842 1432 nos,
2888 1375 2952 1424 ut
2994 1370 3201 1425 auxilio
3245 1377 3343 1426 tuo
3385 1371 3561 1438 fultae,

1931 1461 2184 1533 vestigiis
2212 1463 2322 1516 tuis
2354 1463 2634 1532 possimus
2660 1464 2938 1519 insistere.
2969 1465 3026 1520 Si
3059 1465 3211 1519 enim
3239 1471 3296 1519 tu
3326 1470 3564 1520 attraxe-

1929 1555 2026 1621 ris,
2060 1571 2358 1609 curremus
2395 1561 2451 1610 et
2491 1573 2611 1621 nos,
2646 1563 2700 1611 et
2733 1558 3005 1628 spiritalia
3036 1559 3348 1613 velocitatis
3385 1559 3563 1614 ﬂabra

1932 1649 2239 1719 capiemus.
2284 1651 2597 1720 Deponitur
2647 1651 2796 1705 enim
2844 1651 3066 1706 sarcina
3109 1652 3315 1724 quibus
3360 1669 3564 1707 manus

1933 1747 2028 1797 tua
2055 1744 2234 1797 fulcro
2263 1749 2376 1812 est;
2403 1749 2458 1798 et
2487 1744 2679 1798 oleum
2706 1749 2870 1800 tuum
2900 1746 3237 1813 infunditur,
3267 1763 3378 1818 quo
3409 1762 3562 1800 cura-

226 1852 337 1905 quaa
367 1843 494 1890 sunt
523 1836 718 1890 omnia
760 1836 832 1890 ad
868 1839 1254 1908 corruptelam
1289 1838 1414 1908 ipso
1452 1855 1555 1892 usu
1584 1841 1825 1907 (Cotoss.,
1853 1817 1908 1885 Β
1932 1843 2022 1891 tus
2052 1843 2132 1891 est
2158 1837 2251 1892 ille
2279 1838 2376 1908 qui
2406 1855 2439 1892 a
2467 1838 2778 1893 latronibus
2812 1840 3142 1894 vulneratus
3169 1846 3272 1895 est.

225 1945 272 1998 ιι,
299 1932 379 1995 20,
413 1929 522 2000 21).
564 1953 592 1979 ››
625 1930 857 1986 Volebat
885 1930 1038 1985 enim
1069 1947 1174 1985 nos
1203 1931 1261 1985 in
1293 1933 1478 2003 figura
1516 1948 1634 1987 esse
1671 1933 1830 1988 istius

223 2024 422 2090 mundi,
465 2039 580 2078 non
626 2023 980 2095 possessione
1022 2031 1193 2096 atque
1231 2042 1357 2093 usu,
1398 2031 1460 2080 ut
1492 2027 1567 2080 ita
1598 2030 1831 2082 utamur

222 2117 310 2170 hoc
345 2116 558 2171 mundo
601 2124 872 2189 tanquam
917 2119 1272 2186 residentes;
1313 2119 1674 2175 ambulantes
1712 2126 1830 2174 tan-

215 2226 368 2280 quam
397 2212 451 2265 in
483 2211 741 2282 imagine
771 2212 983 2280 saeculi,
1015 2229 1126 2266 non
1158 2213 1215 2266 in
1237 2213 1567 2283 cupiditate,
1593 2220 1655 2269 ut
1673 2215 1824 2270 velo-

217 2304 415 2357 cissima
442 2305 831 2376 disputatione
865 2306 1047 2377 ipsam
1081 2307 1393 2377 imaginem
1426 2307 1595 2378 hujus
1625 2310 1824 2363 mundi

214 2400 574 2453 transeamus.
612 2399 862 2470 Denique
900 2400 1021 2470 ipse
1054 2399 1164 2454 ﬁde
1204 2400 1520 2467 ambulans,
1553 2417 1665 2455 non
1693 2419 1821 2473 spe-

211 2489 303 2557 cie,
329 2493 818 2562 peregrinabatur
843 2509 877 2547 a
901 2509 1167 2565 corpore,
1205 2494 1405 2549 aderat
1435 2495 1578 2564 Deo;
1609 2499 1664 2549 et
1693 2512 1822 2550 cum

2007 1935 2089 1985 15.
2141 1935 2209 1985 At
2261 1949 2333 1986 ne
2389 1932 2691 2003 impudens
2749 1932 2848 1986 tibi
2906 1933 3158 1988 videatur
3211 1933 3362 2004 quod
3415 1934 3493 1988 ait
3545 1953 3556 1988 :

1931 2026 2164 2080 Attruhe
2188 2041 2302 2086 nos,
2333 2025 2466 2080 audi
2492 2026 2770 2081 dicentem
2799 2044 2812 2080 :
2847 2047 2874 2074 ‹‹
2900 2027 3095 2081 Venite
3121 2028 3190 2081 ad
3221 2043 3332 2095 me,
3364 2044 3564 2083 omnes

1932 2119 2028 2189 qui
2066 2119 2354 2186 laboratis,
2387 2127 2442 2174 et
2485 2120 2704 2174 onerati
2735 2120 2887 2187 estis,
2927 2125 2983 2174 et
3023 2136 3133 2192 ego
3175 2138 3272 2176 vos
3310 2122 3560 2176 reficiam

1933 2215 2176 2280 (Matth,
2205 2229 2278 2282 χι,
2309 2214 2420 2282 28).
2452 2234 2478 2261 »
2516 2213 2677 2268 Vides
2711 2213 2866 2285 quod
2895 2214 3140 2269 libenter
3177 2231 3282 2270 nos
3307 2217 3560 2280 attrahit,

1930 2322 2001 2360 ne
2045 2323 2449 2361 remaneamus
2493 2313 2823 2378 sequentes;
2872 2308 2967 2362 sed
3019 2309 3117 2379 qui
3169 2309 3284 2362 vult
3326 2310 3558 2377 attrahi,

1930 2405 2118 2455 currat
2155 2405 2218 2454 ut
2257 2401 2730 2472 comprehendat,
2765 2407 2822 2455 et
2850 2407 3041 2455 currat
3067 2402 3382 2472 posteriora
3413 2403 3557 2457 obli-

1930 2494 2168 2559 viscens,
2203 2500 2258 2548 et
2301 2510 2369 2548 ea
2402 2510 2531 2564 qua:
2565 2499 2699 2548 sunt
2739 2496 2930 2565 priora
2969 2501 3264 2566 appetens,
3297 2496 3374 2550 sic
3405 2497 3562 2551 enim

209 2587 340 2639 esset
377 2586 434 2639 in
475 2587 665 2653 terris,
709 2603 821 2640 non
865 2587 923 2640 in
963 2588 1230 2652 terrenis,
1271 2588 1367 2642 sed
1409 2589 1463 2642 in
1509 2589 1827 2644 ccelestibus
1927 2589 2135 2658 poterit
2159 2587 2450 2642 Christum
2477 2588 3003 2658 comprehendere;
3040 2588 3190 2642 unde
3223 2593 3281 2642 et
3317 2593 3555 2660 Aposto-

209 2680 652 2736 conversabatur.
693 2683 841 2752 Ergo
889 2682 1083 2736 anima
1136 2687 1325 2737 nostra
1373 2698 1502 2754 qum
1546 2683 1659 2738 Deo
1707 2685 1828 2738 vult
1929 2683 2016 2735 lus
2053 2681 2133 2735 ait
2174 2697 2186 2734 :
2234 2703 2260 2729 ‹‹
2299 2681 2385 2736 Sic
2429 2681 2641 2735 currite
2684 2685 2748 2735 ut
2791 2682 3290 2754 comprehendatis
3326 2685 3367 2751 (Ι
3413 2683 3558 2747 Cor.,

204 2774 678 2845 appropinquare,
733 2775 911 2829 elevet
965 2793 1022 2830 se
1066 2793 1096 2829 a
1153 2791 1414 2846 corpore,
1474 2793 1699 2848 semper
1746 2778 1825 2832 illi
1930 2791 2001 2842 ιι,
2043 2777 2153 2842 24).
2184 2797 2209 2823 ››
2253 2775 2380 2829 Vult
2417 2780 2474 2830 et
2515 2775 2620 2828 ista
2660 2775 2733 2829 ad
2775 2775 3035 2829 bravium
3078 2777 3399 2846 pervenire,
3431 2793 3560 2848 quin

206 2880 416 2922 summo
447 2868 602 2922 bono
628 2868 944 2936 adhaereat,
973 2869 1054 2923 illi
1086 2869 1240 2924 bono
1263 2869 1417 2940 quod
1439 2876 1524 2925 est
1545 2871 1820 2939 divinum,
1929 2869 2208 2924 desiderat
2231 2868 2746 2940 comprehendere.
2783 2869 3098 2924 Prudenter
3129 2886 3266 2941 ergo
3306 2876 3473 2941 rogat
3501 2879 3559 2925 ut

203 2960 335 3030 quod
383 2967 467 3017 est
509 2979 762 3033 semper,
803 2967 858 3016 et
896 2963 1048 3034 quod
1087 2969 1205 3018 erat
1241 2965 1312 3019 ab
1351 2964 1531 3035 initio,
1574 2969 1632 3020 et
1673 2966 1823 3037 quod
1926 2963 2264 3028 attrahatur,
2297 2963 2428 3032 quia
2455 2978 2571 3017 non
2603 2978 2802 3016 omnes
2828 2962 2992 3033 sequi
3017 2969 3273 3033 possunt.
3307 2963 3557 3035 Denique

203 3060 311 3109 erat
348 3057 500 3127 apud
540 3059 722 3113 Deum
765 3057 803 3125 (1
841 3059 1021 3119 Joan.,
1063 3075 1098 3122 ι,
1150 3059 1223 3124 1),
1262 3059 1368 3113 hoc
1407 3063 1510 3126 est,
1551 3061 1650 3114 Dei
1691 3062 1820 3115 Ver-
1927 3057 2094 3110 Petro
2135 3056 2385 3112 dicenti:
2422 3057 2598 3120 «Quo
2645 3055 2797 3110 vadis
2828 3055 3030 3125 (Joan.,
3073 3073 3187 3124 xm,
3221 3058 3350 3128 36)?
3379 3081 3405 3107 n
3437 3075 3554 3112 res-

199 3145 364 3204 bum:
405 3151 602 3222 ipsum
642 3158 725 3204 est
763 3151 901 3205 illud
939 3152 1214 3219 divinum,
1252 3174 1279 3200 «
1310 3154 1369 3206 ln
1418 3170 1533 3224 quo
1565 3155 1823 3222 vivimus,
1848 3182 1902 3256 Ο
1930 3149 2133 3221 pondit
2159 3149 2400 3204 Verbum
2438 3150 2576 3204 Dei:
2618 3171 2644 3196 ‹‹
2675 3150 2792 3204 Νοη
2838 3155 2998 3220 potes
3029 3166 3122 3204 me
3162 3150 3322 3221 sequi
3361 3151 3554 3217 modo,

199 3246 245 3295 et
266 3259 479 3314 sumus,
511 3252 571 3301 et
600 3261 906 3300 movemur
934 3247 1102 3316 (Act.,
1139 3263 1264 3314 xvn,
1291 3249 1401 3316 28).
1434 3268 1461 3296 ››
1855 3243 1902 3256 ν
1929 3244 2180 3316 sequeris
2205 3247 2398 3298 autem
2423 3249 2637 3314 postea.
2666 3265 2692 3294 »
2719 3243 2912 3298 Claves
2933 3243 2985 3298 ei
3005 3243 3372 3298 commiserat
3394 3246 3553 3316 regni

260 3339 338 3392 13.
358 3338 657 3395 Curremus
677 3340 967 3394 inodorem
985 3345 1384 3408 unguentorum
1408 3349 1640 3397 tuorum.
1668 3345 1822 3397 Hunc
1926 3338 2193 3392 caelorum
2225 3337 2468 3408 (Matth.,
2501 3353 2608 3402 xvr,
2645 3339 2751 3405 19),
2784 3344 2840 3392 et
2871 3337 2930 3390 in
2967 3337 3256 3409 sequendo
3289 3355 3347 3393 se
3375 3339 3557 3410 impa-

195 3429 415 3486 odorem
448 3433 678 3504 fragrat
701 3434 891 3487 anima
922 3449 1051 3505 quae
1091 3434 1314 3491 Christo
1342 3437 1565 3506 aperire
1599 3437 1818 3508 incipit,

194 3527 247 3577 ut
279 3525 519 3597 accipiat
563 3527 816 3598 primum
862 3527 1099 3582 odorem
1144 3528 1445 3584 Dominicee
1491 3531 1820 3600 sepulturas,

193 3620 242 3669 et
271 3620 483 3683 credat,
524 3620 666 3692 quia
705 3637 836 3675 caro
876 3621 997 3691 ejus
1038 3637 1149 3675 non
1198 3621 1338 3676 vidit
1370 3624 1818 3694 corruptionem,

192 3725 285 3765 nec
309 3711 488 3768 odore
515 3714 717 3784 aliquo
749 3715 949 3768 mortis
981 3715 1284 3785 emarcuit;
1315 3717 1410 3771 sed
1441 3718 1640 3771 aeterni
1675 3717 1822 3771 illius

191 3802 329 3860 floris
375 3811 436 3860 et
480 3823 722 3878 semper
772 3809 1005 3864 virentis
1053 3809 1224 3864 odore
1281 3810 1510 3864 condita
1558 3811 1818 3878 surrexit,

193 3894 484 3960 Quomodo
533 3901 694 3957 enim
738 3906 957 3973 poterat
997 3903 1084 3957 vel
1131 3904 1189 3957 in
1232 3920 1404 3958 carne
1451 3920 1816 3971 marcescere,

189 3994 335 4063 cujus
373 4013 597 4052 nomen
647 3997 991 4066 Unguentum
1023 4001 1368 4053 eminanitum
1403 3996 1649 4070 1551
1703 4003 1823 4054 est?

190 4085 508 4144 Exinanivit
533 4107 596 4146 se
631 4095 690 4146 ut
723 4091 967 4162 spiraret
1001 4093 1130 4160 tibi;
1162 4108 1388 4162 semper
1419 4093 1526 4148 hoc
1564 4109 1817 4166 unguen-

185 4183 296 4235 tum
343 4189 497 4251 erat,
547 4183 648 4238 sed
700 4187 822 4238 erat
862 4184 1015 4255 apud
1069 4186 1316 4253 Patrem,
1365 4190 1486 4240 erat
1533 4187 1590 4240 in
1637 4188 1816 4254 Patre,

187 4273 360 4329 olebat
388 4282 626 4332 tantum
652 4277 868 4349 angelis
894 4282 950 4332 et
977 4279 1352 4349 archangelis,
1385 4286 1651 4352 tanquam
1675 4281 1821 4336 intra

183 4382 271 4421 vas
295 4371 446 4425 creti.
478 4371 729 4442 Aperuit
767 4388 829 4426 os
864 4373 1027 4426 Pater
1064 4372 1259 4427 dicens
1294 4390 1306 4427 :
1340 4396 1367 4421 «ι
1400 4375 1537 4428 Ecce
1571 4375 1732 4445 posui
1768 4381 1821 4431 te

186 4459 236 4514 in
261 4467 684 4520 testamentum
716 4465 941 4537 generis
968 4465 1101 4532 mei,
1135 4467 1190 4521 in
1220 4467 1406 4522 lucem
1437 4469 1730 4539 gentium;
1760 4473 1823 4524 ut

1925 3448 2049 3487 rem
2083 3432 2379 3500 judicavit.
2426 3433 2576 3486 Hanc
2622 3437 2815 3486 tamen
2865 3431 3115 3485 animam
3161 3449 3275 3487 non
3317 3432 3553 3501 distulit,

1923 3526 2056 3597 quia
2080 3542 2192 3579 non
2222 3525 2623 3594 praesumebat,
2657 3525 2753 3578 sed
2784 3523 3043 3594 rogabat.
3080 3525 3352 3596 Denique,

1999 3623 2081 3672 16.
2128 3619 2302 3687 (Vers.
2349 3621 2423 3684 3.)
2476 3622 2586 3686 ((6)
2641 3619 2963 3672 Introduxit
3009 3634 3090 3672 me
3136 3621 3194 3673 in
3242 3620 3554 3675 cubiculum

1920 3728 2097 3768 suum.
2139 3714 2300 3765 Beata
2345 3711 2536 3765 anima
2566 3727 2695 3781 qum
2731 3710 2891 3764 Verbi
2934 3710 3254 3782 ingreditur
3293 3718 3553 3783 penetra-

1923 3807 2014 3873 lia,
2047 3821 2294 3876 namque
2337 3822 2402 3859 ea
2441 3806 2742 3876 insurgens
2779 3804 2849 3858 de
2888 3820 3148 3874 corpore,
3179 3805 3250 3858 ab
3287 3807 3558 3862 omnibus

1922 3901 1985 3956 fit
2005 3899 2302 3966 remotior;
2325 3904 2498 3970 atque
2524 3897 2660 3952 illud
2680 3897 2832 3969 quod
2853 3903 2938 3952 est
2961 3914 3130 3968 supra
3151 3900 3554 3970 semetipsum,

1922 3994 2177 4050 divinum
2210 3993 2348 4047 illud
2388 3993 2433 4046 si
2473 3992 2764 4064 quomodo
2793 3991 3020 4063 assequi
3048 3993 3242 4062 possit,
3271 3998 3558 4048 scrutatur

1923 4095 1979 4144 et
2015 4089 2218 4160 quaerit
2250 4106 2260 4140 :
2297 4086 2448 4158 quod
2486 4102 2615 4141 cum
2659 4086 2903 4156 potuerit
2941 4086 3448 4156 comprehendere,
3487 4105 3556 4142 ea

1924 4199 2049 4254 quae
2093 4188 2225 4236 sunt
2266 4180 2643 4251 intelligibilia
2684 4195 3072 4250 supergressa,
3112 4180 3171 4234 in
3211 4179 3308 4234 illo
3349 4181 3555 4236 contir-

1926 4283 2130 4344 matur,
2180 4281 2349 4348 atque
2397 4291 2464 4330 eo
2518 4275 2781 4345 pascitur.
2835 4274 2978 4330 Talis
3033 4279 3157 4328 erat
3208 4275 3410 4329 Paulus
3456 4277 3558 4347 qui

1923 4371 2131 4427 sciebat
2159 4387 2216 4427 se
2244 4378 2470 4441 raptum
2504 4370 2560 4424 in
2591 4369 2941 4440 paradisum,
2973 4370 3069 4423 sed
3098 4370 3212 4423 sive
3249 4375 3407 4424 extra
3439 4386 3560 4425 cor-

1925 4482 2030 4536 pus
2074 4466 2188 4520 sive
2233 4465 2290 4519 in
2338 4480 2578 4535 corpore
2618 4462 2926 4517 nesciebat.
2965 4466 3365 4517 Assurrexerat
3405 4463 3556 4518 enim

183 4555 249 4610 sis
273 4559 332 4612 in
361 4560 624 4614 salutem
655 4575 831 4630 usque
862 4560 935 4614 ad
962 4565 1280 4616 extremum
1311 4569 1479 4616 terrae
1500 4562 1654 4633 (150.,
1677 4579 1820 4630 xux,
1845 4555 1904 4626 D
1925 4560 2117 4614 anima
2153 4559 2274 4630 ejus
2311 4558 2380 4613 de
2411 4573 2667 4628 corpore,
2699 4561 2755 4610 et
2790 4571 2850 4610 se
2876 4573 2908 4609 a
2935 4556 3240 4610 visceribus
3271 4563 3326 4611 et
3359 4557 3555 4611 vincu-

186 4651 250 4716 6).
301 4671 328 4701 η
385 4653 703 4708 Descendit
751 4653 938 4721 Filius,
996 4655 1213 4726 repleta
1254 4660 1386 4710 sunt
1430 4657 1624 4711 omnia
1676 4673 1823 4712 novo

183 4744 351 4801 odore
391 4747 598 4813 Verbi,
633 4748 904 4802 eructavit
939 4764 1038 4803 cor
1073 4749 1254 4804 Patris
1293 4750 1542 4805 Verbum
1585 4751 1822 4818 bonum,

187 4836 458 4910 fragravit
509 4841 704 4902 Filius,
744 4841 982 4912 Spiritus
1030 4849 1255 4897 sanctus
1299 4844 1609 4911 exhalavit,
1653 4851 1825 4916 atque

183 4947 279 5000 per
327 4934 607 4990 omnium
653 4934 824 4990 corda
872 4936 1095 4991 diffudit
1141 4954 1153 4992 ε
1203 4958 1231 4985 ‹‹
1277 4937 1484 4992 Diffusa
1539 4944 1622 4992 est
1670 4940 1822 4993 enim

186 5023 429 5082 charitas
461 5029 568 5084 Dei
596 5029 652 5083 in
685 5029 948 5084 cordibus
978 5030 1182 5086 nostris
1208 5047 1309 5102 per
1345 5030 1620 5102 Spiritum
1659 5048 1822 5086 sanc-

183 5123 300 5175 tum
352 5125 570 5191 (80111.,
623 5140 672 5189 v,
727 5125 800 5190 ὅ).
851 5144 878 5172 η
935 5125 1057 5195 Ipse
1113 5125 1206 5178 Dei
1259 5124 1428 5179 Filius
1477 5125 1534 5178 in
1585 5141 1825 5196 corpore

188 5216 465 5286 tauquam
513 5217 578 5271 in
620 5233 746 5272 vase
792 5218 1021 5272 odorem
1067 5219 1253 5289 primo
1296 5218 1598 5274 cohibebat
1640 5235 1825 5285 suum,

186 5311 500 5380 cpperiens
549 5317 776 5382 tempus
818 5311 960 5366 sicut
1000 5312 1081 5367 ait
1119 5331 1129 5365 :
1173 5334 1199 5360 ‹‹
1234 5313 1506 5368 Dominus
1550 5313 1644 5368 dat
1689 5313 1824 5368 mihi

187 5399 446 5473 linguam
502 5404 862 5471 eruditionis,
913 5412 975 5460 ut
1023 5406 1193 5460 sciam
1245 5407 1473 5479 quando
1529 5412 1831 5480 opporteat

186 5493 367 5553 dicere
408 5514 747 5554 sermonem
773 5501 926 5572 (130.,
960 5517 1010 5568 1.,
1042 5501 1114 5568 4).
1151 5522 1176 5549 ››
1210 5501 1369 5555 Venit
1407 5501 1562 5570 hora,
1604 5501 1832 5573 aperuit

189 5603 266 5655 os,
293 5593 479 5646 exivit
519 5599 907 5663 unguentum,
941 5594 1174 5665 quando
1211 5594 1387 5648 virtus
1425 5595 1614 5650 exibat
1653 5596 1722 5649 de
1761 5612 1830 5649 eo

189 5683 310 5752 (15).
344 5689 410 5741 Et
455 5686 596 5742 ideo
637 5688 741 5742 ista
775 5688 1003 5742 festinat
1039 5689 1110 5743 ad
1154 5688 1420 5754 Verbum,
1462 5693 1516 5742 et
1563 5697 1725 5760 rogat
1771 5693 1831 5742 ut

251 5806 348 5868 (15)
383 5807 510 5858 Lib.
551 5808 612 5857 de
641 5811 806 5866 Isaac,
835 5823 952 5875 cap.
981 5810 1026 5861 3.

247 5877 344 5942 (ω)
384 5877 542 5944 Ibid,

1927 4653 1996 4706 lis
2039 4652 2228 4707 carnis
2271 4651 2583 4706 abduxerat
2629 4653 2800 4719 atque
2846 4649 3143 4716 levaverat,
3191 4650 3482 4721 factusque
3528 4668 3556 4703 a

1929 4747 2227 4817 semetipso
2270 4746 2504 4810 alienus,
2548 4743 2697 4798 intra
2743 4743 3108 4814 semetipsum
3156 4745 3340 4798 tenuit
3390 4744 3560 4799 verba

1927 4839 2238 4895 ineffabilia
2275 4855 2402 4910 quae
2435 4837 2650 4893 audivit
2679 4841 2736 4892 et
2773 4837 3000 4908 vulgare
3040 4855 3152 4892 non
3193 4839 3400 4908 potuit,
3430 4853 3557 4909 quae

1929 4934 2172 4990 advertit
2213 4949 2281 4986 ea
2325 4932 2546 4988 homini
2589 4933 2742 5002 loqui
2785 4948 2898 4985 non
2942 4930 3133 4986 licere.
3174 4931 3385 4985 Anima
3423 4947 3560 5002 ergo

1929 5027 2079 5082 bona
2109 5025 2431 5082 contemnit
2466 5025 2706 5080 visibilia
2736 5030 2794 5079 et
2829 5024 3140 5093 sensibilia,
3175 5040 3278 5078 nec
3306 5024 3563 5079 consistit

1930 5123 1987 5176 in
2010 5122 2112 5189 eis,
2136 5137 2239 5176 nec
2267 5121 2324 5174 in
2355 5119 2727 5190 respiciendis
2754 5119 2838 5172 his
2869 5119 3208 5172 immoratur
3235 5123 3293 5172 et
3319 5119 3558 5185 residet;

1932 5215 2030 5270 sed
2069 5215 2319 5270 ascendit
2357 5214 2422 5268 ad
2473 5214 2568 5268 illa
2609 5220 2822 5268 aeterna
2859 5215 2916 5265 et
2961 5212 3259 5266 invisibilia
3301 5219 3357 5267 et
3397 5213 3562 5284 plena

1933 5309 2249 5376 miraculis,
2304 5324 2444 5379 puro
2501 5324 2668 5361 sensu
2731 5323 2789 5359 se
2851 5306 2955 5376 pit}?
3013 5305 3222 5359 mentis
3278 5306 3558 5361 attollens.

1932 5404 2154 5459 Etenim
2207 5402 2540 5474 perfectioui
2598 5400 2851 5465 studens,
2906 5399 3089 5453 solum
3142 5399 3280 5454 illud
3338 5400 3558 5455 bonum

1931 5497 2236 5553 divinitatis
2274 5496 2538 5564 intendit,
2575 5511 2678 5550 nec
2719 5493 2873 5549 aliud
2911 5493 3223 5564 quidquam
3258 5494 3562 5564 requiren-

1933 5595 2072 5648 dum
2101 5597 2280 5664 putat,
2309 5591 2443 5662 quia
2469 5592 2628 5644 tenet
2652 5588 2804 5660 quod
2837 5603 3127 5642 summum
3156 5595 3260 5641 est.

2009 5691 2093 5740 17.
2144 5687 2253 5755 (l7)
2301 5683 2611 5740 Introduxit
2660 5699 2740 5736 me
2789 5698 2884 5738 rea:
2927 5684 2984 5736 in
3034 5681 3338 5736 cubiculum
3385 5698 3565 5736 suum.

1999 5809 2093 5873 (t7)
2126 5808 2185 5856 In
2213 5806 2348 5871 psal.
2381 5818 2581 5868 cxvm,
2611 5819 2773 5858 serm.
2813 5809 2854 5868 1,
2889 5819 3045 5856 num.
3079 5807 3128 5868 5,
3160 5806 3236 5856 16.
