4022 6176
350 268 354 272 θ
398 209 529 261 1955

1526 199 1873 257 COMMENT.
1914 198 1980 253 IN
2024 196 2310 252 CANTICA
2349 195 2609 251 CANTIC.
3396 224 3397 227 η
3586 186 3692 240 1956

395 327 647 399 Simplex
691 331 774 381 est
808 326 1087 394 osculum,
1122 326 1219 380 sed
1264 325 1627 396 negotiosum
1664 322 1906 377 cubiculi
1932 338 2018 376 se-
2045 319 2380 404 ADenique
2441 319 2495 371 in
2559 315 2691 371 illud
2749 313 2919 367 divini
2983 311 3129 365 illius
3183 307 3371 379 sponsi
3426 307 3699 362 introducta

389 426 639 489 cretum;
666 422 770 475 hoc
798 420 953 474 enim
979 420 1101 474 loco
1130 419 1406 491 mysteria
1428 418 1652 489 plenius
1681 432 2019 487 cognoscere

390 532 450 569 se
491 515 631 568 velle
666 518 921 581 testatur,
958 517 1022 567 ut
1058 512 1416 583 ingrediatur
1454 512 1765 583 penetralia
1811 516 2015 580 myste-

391 609 608 664 riorum
653 608 989 673 caelestium,
1027 614 1083 661 et
1119 607 1449 678 aperiantur
1486 605 1593 659 sibi
1640 604 1886 658 thesauri
1930 620 2014 657 sa-

374 702 625 775 pientiae
662 708 717 756 et
745 701 992 756 scientiae
1032 701 1090 755 in
1119 700 1342 756 Christo
1383 698 1737 767 absconditi;
1765 697 1921 768 quod
1959 700 2021 750 ut

394 798 588 869 possit,
628 797 862 850 fortasse
898 795 1035 848 illud
1075 794 1155 849 ait
1191 794 1345 865 quod
1385 810 1555 863 supra
1585 809 1598 847 :
1628 792 1904 847 Osculelur
1941 806 2022 845 me

398 891 467 945 ab
504 891 695 945 osculis
729 892 838 943 oris
867 892 970 944 sui.
1010 888 1310 960 Signiﬁcat
1342 887 1583 958 Spiritus
1613 885 1790 940 sancti
1823 901 2018 955 super-

396 984 671 1040 venientis
712 982 979 1055 gratiam,
1013 983 1154 1036 sicut
1193 982 1431 1052 angelus
1464 981 1532 1034 ad
1568 979 1795 1034 Mariam
1840 978 1976 1033 dixit
2007 995 2019 1032 :

400 1099 427 1126 α
460 1078 702 1149 Spiritus
743 1083 965 1132 sanctus
1002 1076 1294 1147 perveniet
1335 1075 1392 1129 in
1437 1080 1512 1141 te,
1546 1080 1603 1128 et
1642 1075 1817 1128 virtus
1856 1072 2020 1126 Altis-

398 1171 528 1227 simi
559 1170 919 1227 obumbrabit
946 1170 1045 1224 tibi
1075 1170 1246 1239 (Lua,
1281 1186 1317 1234 1,
1348 1168 1456 1237 35).
1493 1192 1519 1217 ››
1553 1168 1796 1231 Quando
1834 1171 2023 1220 autem

397 1264 709 1320 introduxit
746 1280 870 1318 eam
916 1279 1013 1317 rex
1056 1264 1115 1316 in
1156 1262 1477 1317 cubiculum
1521 1278 1708 1327 suum,
1748 1259 2026 1331 passionis

398 1365 641 1431 tempus,
671 1357 863 1412 lateris
886 1356 1245 1427 compunctio
1276 1356 1539 1423 declarat,
1570 1353 1863 1426 sanguinis
1892 1352 2028 1407 etl'u-

398 1453 499 1520 sio,
534 1453 842 1523 sepulturas
881 1454 1262 1522 unguentum,
1297 1449 1727 1504 resurrectionis
1769 1445 2026 1519 1552

400 1547 764 1617 mysterium;
813 1551 873 1599 ut
915 1545 1170 1598 osculum
1219 1544 1382 1614 quasi
1433 1559 1637 1613 sponsa
1681 1541 1962 1612 acceperit
2012 1558 2023 1594 :

398 1642 460 1694 in
502 1639 828 1694 cubiculum
871 1643 1058 1693 autem
1102 1638 1308 1693 Christi
1354 1637 1425 1691 sit
1472 1636 1793 1691 introducta
1838 1636 2025 1690 Eccle-

2121 416 2407 469 secretum
2439 430 2452 465 :

2192 510 2280 561 2t.
2334 506 2440 575 (20)
2495 505 2853 563 Exsulte-mus,
2908 499 3115 570 inquit,
3165 502 3216 551 et
3265 497 3497 550 laetemur
3540 497 3592 548 in
3637 500 3704 555 te;

2120 603 2415 669 diligamus
2440 601 2605 654 ubera
2634 602 2727 652 tua
2755 612 2917 666 super
2945 597 3167 656 uinum;
3195 606 3310 644 non
3340 588 3485 643 enim
3510 588 3559 641 in
3586 587 3703 641 divi-

2123 695 2214 751 tiis
2242 699 2302 750 et
2336 693 2463 748 auri
2499 693 2836 764 argentique
2872 686 3176 754 thesauris,
3206 700 3319 739 non
3350 682 3407 736 in
3442 682 3705 754 possessio-

2123 806 2263 845 num
2298 788 2591 855 fructibus,
2626 802 2741 841 non
2781 784 2837 838 in
2878 779 3275 855 potestatibus,
3307 794 3420 830 non
3458 776 3511 829 in
3548 775 3707 829 convi-

2122 883 2246 945 viis,
2294 883 2391 936 sed
2446 882 2504 935 in
2554 882 2668 933 solo
2718 880 2835 933 Deo
2885 876 3146 940 exsultat,
3192 872 3383 927 dicens
3434 869 3498 924 ad
3545 885 3660 923 eum
3703 884 3714 921 :

2126 979 2424 1047 Diligamus
2462 976 2574 1044 (21)
2616 975 2787 1028 ubera
2830 978 2926 1026 tua
2970 984 3133 1039 super
3174 970 3383 1022 vinum.
3426 963 3508 1018 Sic
3548 968 3717 1016 tamen

2126 1071 2376 1137 bibebat,
2406 1076 2469 1124 ut
2495 1085 2607 1123 non
2638 1067 3035 1122 absorberetur
3058 1079 3090 1116 a
3118 1062 3266 1129 vino,
3295 1057 3393 1113 sed
3423 1055 3595 1127 gratia
3615 1055 3721 1125 ejus

2126 1164 2382 1220 ltetitiam
2433 1162 2621 1216 cordis
2674 1160 2952 1225 hauriret,
3008 1172 3119 1210 non
3174 1151 3427 1223 corporis
3479 1148 3721 1204 ebrietate

2128 1259 2418 1313 titubaret.
2449 1255 2704 1326 Denique
2732 1252 2937 1307 bibens
2975 1252 3079 1305 hoc
3116 1248 3332 1311 vinum,
3361 1243 3578 1316 aperuit
3611 1258 3722 1296 ocu-

2128 1355 2213 1408 los
2254 1368 2405 1419 suos,
2451 1355 2508 1405 et
2550 1349 2688 1404 vidit
2730 1348 2877 1401 viam
2925 1350 3160 1409 rectam,
3203 1338 3434 1411 reliquit
3475 1340 3728 1391 tortuosas

2128 1448 2242 1502 vias
2268 1446 2461 1501 dicens
2489 1462 2501 1499 :
2527 1445 2779 1513 ﬂquitas
2806 1441 3001 1496 dilexit
3026 1443 3094 1499 te,
3122 1437 3227 1491 hoc
3253 1439 3341 1489 est
3367 1448 3479 1487 non
3506 1431 3730 1484 ﬂexuosa

2130 1543 2333 1598 itinera
2357 1545 2410 1594 te
2436 1540 2777 1610 sequuntur;
2806 1534 2904 1589 sed
2937 1533 3085 1587 solus
3116 1530 3186 1584 ad
3223 1533 3281 1583 te
3309 1530 3496 1599 potest
3516 1522 3731 1595 justitie:

2130 1642 2337 1691 trames
2363 1632 2690 1706 pervenire;
2720 1629 2817 1701 qui
2848 1627 3005 1683 enim
3035 1623 3222 1696 diligit
3238 1620 3521 1693 justitiam
3550 1633 3657 1671 non
3683 1630 3733 1668 se

404 1733 502 1802 sia,
550 1751 663 1788 non
704 1734 826 1803 jam
874 1731 1035 1803 quasi
1085 1731 1479 1785 tantummodo
1527 1731 1881 1801 desponsata,
1934 1728 2029 1783 sed
2052 1703 2108 1775 Β
2132 1729 2334 1784 avertit
2359 1703 2390 1782 ὁ
2417 1726 2659 1783 Christo.
2691 1721 2985 1788 Quomodo
3013 1718 3169 1775 enim
3198 1715 3477 1771 arbitrum
3500 1709 3734 1783 justitize,

404 1829 570 1884 etiam
617 1827 777 1899 quasi
824 1829 1031 1897 nupta:
1082 1842 1187 1879 nec
1237 1826 1417 1879 solum
1466 1825 1776 1878 thalamum
1827 1824 1899 1876 sit
1944 1825 2027 1876 in-

403 1936 615 1992 gressa,
643 1919 742 1973 sed
774 1920 946 1974 etiam
975 1918 1245 1989 legitimae
1277 1919 1458 1972 claves
1484 1918 1705 1988 copula).
1735 1922 2029 1971 consecuta

405 2016 494 2069 sit.
542 2015 781 2084 Ideoque
822 2012 979 2084 quasi
1023 2012 1079 2065 in
1125 2011 1382 2065 thalamo
1426 2012 1529 2066 sita
1572 2011 1649 2065 ait
1695 2033 1703 2063 :
1750 2012 2034 2078 Colligatio

405 2114 576 2179 gullw
629 2109 810 2172 frater
861 2120 1008 2161 meus
1058 2108 1219 2167 mihi,
1276 2108 1416 2159 inter
1468 2105 1644 2159 media
1700 2106 1863 2159 ubera
1919 2120 2035 2157 mea

406 2205 689 2274 requiescit
714 2201 871 2269 (vers.
906 2200 1014 2269 12).

483 2299 568 2351 18.
604 2295 765 2360 Quod
795 2295 841 2348 si
871 2295 1194 2349 cubiculum
1233 2293 1565 2364 quaerimus,
1602 2294 1719 2363 ipse
1762 2310 1863 2346 nos
1901 2293 2033 2347 edo-

408 2396 497 2447 cet
532 2390 625 2462 qui
666 2390 748 2444 ait
779 2408 788 2442 :
824 2395 881 2442 tu
920 2395 1112 2442 autem
1146 2403 1278 2441 cum
1307 2388 1514 2453 orabis,
1549 2409 1575 2435 ‹‹
1604 2387 1749 2441 intra
1778 2388 1835 2440 in
1878 2387 2033 2440 cubi-

408 2485 597 2540 culum
637 2487 819 2550 tuum,
854 2488 911 2537 et
948 2483 1135 2536 clauso
1175 2482 1339 2547 ostio,
1374 2497 1477 2536 ora
1517 2482 1737 2535 Patrem
1778 2486 1936 2535 tuum
1980 2481 2035 2532 in

409 2579 735 2636 abscondito
781 2578 1025 2648 (Mutila,
1073 2593 1146 2642 γι,
1192 2577 1264 2647 6).
1319 2598 1345 2624 η
1394 2575 1725 2629 Cubiculum
1777 2574 2036 2629 Ecclesiae

409 2690 612 2746 corpus
654 2676 739 2726 est
786 2670 1006 2725 Christi.
1058 2670 1373 2724 Introduxit
1418 2686 1540 2724 eam
1594 2686 1686 2723 rex
1738 2669 1795 2723 in
1846 2668 2037 2723 omnia

409 2767 679 2823 interiora
713 2765 1000 2837 mysteria,
1045 2764 1201 2818 dedit
1240 2764 1291 2818 ei
1330 2764 1511 2818 claves
1553 2769 1613 2817 ut
1651 2763 1897 2834 aperiret
1933 2762 2038 2815 sibi

412 2862 709 2917 thesauros
763 2859 1045 2925 scientiae,
1100 2864 1583 2913 sacramentorum
1634 2857 1851 2911 clausas
1907 2862 2040 2909 ante

414 2956 564 3011 fores
616 2954 906 3025 panderet,
960 2957 1331 3023 cognosceret
1381 2951 1723 3022 quiescentis
1773 2950 2039 3021 gratiam,

416 3048 669 3105 defuncti
704 3063 994 3114 somnum,
1025 3046 1292 3100 virtutem
1333 3046 1699 3116 resurgentis.
1736 3046 1795 3099 In
1827 3044 1921 3098 illo
1954 3060 2045 3097 cu-
2066 3074 2120 3147 Ο

416 3142 604 3199 biculo
647 3140 898 3211 justitias
949 3139 1177 3194 Domini
1223 3140 1351 3193 Jesu
1404 3144 1579 3208 nupta
1631 3137 1863 3209 reperit.
1909 3138 2043 3201 Quae

419 3239 555 3289 sunt
586 3235 694 3287 illae
726 3233 1006 3303 justitiaa?
1033 3232 1239 3302 Utique
1278 3237 1633 3286 sacramenta
1673 3230 2041 3301 baptismatis,

420 3327 565 3383 sicut
616 3327 881 3399 legimus,
928 3326 1060 3397 quia
1108 3341 1237 3380 cum
1284 3325 1526 3381 venienti
1579 3325 1650 3379 ad
1697 3325 2041 3395 baptismum

420 3423 638 3478 diceret
664 3423 901 3476 Joannes
931 3439 944 3474 :
983 3442 1009 3468 ‹‹
1045 3421 1159 3489 Ego
1188 3436 1221 3474 a
1250 3425 1303 3474 te
1345 3419 1528 3475 debeo
1570 3419 1859 3489 baptizari,
1893 3426 1949 3472 et
1986 3424 2045 3471 tu

420 3517 579 3573 venis
630 3516 698 3570 ad
746 3531 836 3570 me
885 3516 1086 3584 (Joan.,
1134 3530 1215 3581 ιιι,
1260 3515 1375 3584 lli);
1422 3535 1446 3562 η
1489 3513 1784 3584 respondit
1823 3513 1982 3567 Jesus
2031 3529 2042 3564 :

426 3633 455 3663 ‹‹
484 3611 619 3667 Sine
661 3610 850 3678 modo,
890 3609 967 3663 sic
1010 3608 1163 3663 enim
1200 3608 1359 3663 decet
1395 3623 1501 3662 nos
1539 3607 1780 3678 implere
1818 3622 2045 3660 omnem

414 3706 690 3777 justitiam
711 3705 895 3775 (lbid.,
930 3703 1034 3775 l5).
1062 3726 1089 3751 ››
1115 3704 1173 3756 In
1205 3702 1299 3756 illo
1329 3701 1592 3756 cubiculo
1613 3700 2049 3771 justificationes

423 3799 650 3855 Domini
699 3799 879 3865 discit,
927 3797 1229 3853 consilium
1279 3796 1368 3850 Dei
1417 3794 1702 3866 cognovit,
1749 3811 1861 3866 quo
1908 3794 2045 3848 nihil

421 3898 612 3966 potest
653 3909 775 3948 esse
817 3891 1147 3959 sublimius;
1193 3890 1299 3945 hoc
1344 3895 1431 3944 est
1470 3890 1625 3944 enim
1672 3889 1949 3955 divinum,
1992 3889 2047 3941 in

423 4004 537 4061 quo
566 3988 629 4042 ﬁt
659 3987 916 4042 remissio
948 3989 1333 4057 peccatorum.

498 4084 582 4136 l9.
616 4082 727 4151 (18)
749 4081 877 4134 Haec
900 4096 933 4133 a
962 4079 1202 4134 Domino
1225 4077 1428 4150 quu'rit
1453 4077 1691 4145 discere,
1720 4093 1847 4148 quae
1875 4078 2051 4132 homi‘

424 4191 525 4231 nes
565 4175 766 4229 docere
807 4190 920 4228 non
960 4179 1243 4245 poterant,
1284 4172 1388 4226 nisi
1429 4175 1596 4226 antea
1638 4172 1782 4226 Deus
1823 4171 2048 4226 docuis-

425 4273 513 4327 set
540 4288 552 4324 :
583 4284 712 4341 quae
741 4273 1106 4340 posteaquam
1135 4284 1168 4320 a
1192 4266 1414 4321 Christo
1442 4265 1762 4321 didicerunt
1786 4266 2050 4337 apostoli,

425 4363 673 4420 Ecclesia
710 4362 843 4418 dicit
884 4380 895 4417 :
938 4362 1254 4417 Introduxit
1294 4377 1393 4415 rea:
1434 4364 1490 4414 in
1530 4360 1833 4415 cubiculum
1871 4377 2046 4418 suum.

2136 1826 2746 1889 remuneratoremque
2808 1814 3146 1870 meritorum
3214 1810 3488 1864 innocens
3544 1806 3740 1858 metuat

2135 1916 2513 1973 conscientia?
2555 1913 2665 1986 (22)
2706 1911 2913 1965 Eadem
2949 1914 3145 1964 tamen
3182 1904 3379 1959 anima
3415 1911 3741 1971 cognoscens

2136 2009 2384 2082 corporis
2410 2008 2674 2062 societate
2701 2022 2760 2060 se
2784 2004 3078 2068 fuscatam,
3108 1998 3248 2054 dicit
3270 1997 3340 2051 ad
3368 1994 3503 2049 alias
3529 1991 3742 2056 animas,

2137 2107 2222 2160 vel
2262 2105 2331 2159 ad
2373 2104 2513 2158 alias
2553 2101 2808 2156 caelestes
2854 2102 2911 2151 et
2953 2093 3241 2166 appositas
3285 2105 3449 2145 sacro
3493 2082 3744 2157 mysterio

2137 2199 2447 2271 potestates
2496 2213 2510 2249 :
2564 2194 2692 2253 Noli
2741 2193 2978 2263 aspicere
3026 2203 3129 2250 me,
3182 2187 3440 2255 quoniam
3490 2180 3748 2245 obfuscata

2137 2309 2274 2355 sum,
2303 2293 2436 2361 quia
2465 2305 2572 2343 non
2600 2292 2676 2343 est
2700 2287 2937 2341 intuitus
2963 2298 3046 2337 me
3073 2281 3172 2336 sol.

2209 2390 2297 2441 22.
2329 2386 2502 2449 (Vers.
2531 2384 2607 2453 4.)
2636 2382 2745 2451 (23)
2776 2382 2946 2435 Fusco
2975 2391 3094 2431 sum
3132 2381 3181 2429 el
3221 2374 3439 2433 decora,
3467 2370 3591 2438 ﬁliae
3618 2368 3752 2420 Jeru-

2137 2482 2324 2537 salem.
2362 2475 2646 2531 Constitue
2683 2473 2986 2528 Dominum
3016 2472 3204 2525 Jesum
3246 2464 3672 2520 recumbentem
3700 2457 3750 2510 iu

2141 2568 2413 2640 convivio,
2436 2571 2807 2625 reclinantem
2837 2582 2896 2620 se
2921 2566 3196 2619 Joannem
3218 2576 3391 2631 supra
3411 2561 3607 2629 pectus
3625 2553 3750 2623 ejus,

2143 2670 2419 2724 mirantes
2446 2666 2582 2719 alios
2607 2662 2759 2735 quod
2786 2675 2980 2715 servus
3007 2672 3181 2730 supra
3209 2653 3515 2710 dominum
3545 2646 3753 2704 reclina-

2143 2767 2247 2829 ret,
2277 2760 2431 2834 quod
2463 2774 2591 2813 caro
2632 2757 2725 2811 illa
2761 2751 3046 2826 peccatrix
3085 2765 3253 2820 supra
3283 2746 3573 2819 templum
3605 2738 3755 2794 Verbi

2144 2855 2516 2919 recumberet,
2549 2850 2699 2923 quod
2725 2848 2917 2903 anima
2943 2846 3042 2900 illa
3073 2842 3259 2899 carnis
3290 2839 3531 2895 vinculis
3563 2838 3756 2890 innexa

2144 2952 2330 3006 aulam
2378 2947 2581 3003 divinae
2628 2940 2998 3016 plenitudinis
3044 2941 3418 2992 scrutaretur.
3467 2934 3593 2987 Rrec
3634 2942 3758 2997 ergo

2146 3042 2486 3100 mirantibus
2526 3040 2668 3107 aliis,
2704 3035 2996 3108 respondit
3039 3032 3230 3087 anima
3268 3028 3505 3085 Joannis
3547 3042 3559 3078 :
3606 3025 3759 3079 Fusoa

2146 3155 2262 3194 sum
2302 3144 2353 3191 et
2395 3136 2601 3196 decora,
2646 3132 2773 3202 ﬁlia:
2812 3128 3137 3192 Jerusalem;
3177 3124 3337 3179 fusca
3385 3138 3491 3195 per
3528 3119 3760 3188 culpam,

2150 3234 2349 3287 decora
2405 3246 2506 3301 per
2555 3225 2816 3299 gratiam.
2870 3222 3011 3279 Dicit
3064 3223 3120 3274 et
3167 3234 3318 3285 caro,
3367 3218 3529 3284 fusca
3568 3226 3680 3268 sum
3721 3211 3763 3261 et

2149 3328 2371 3391 decora;
2407 3324 2556 3379 fusca
2584 3320 2815 3393 pulvere
2845 3314 3121 3379 saeculari,
3149 3328 3322 3384 quem
3356 3306 3633 3365 certando
3661 3303 3763 3357 col-

2149 3420 2307 3491 legit,
2337 3418 2544 3473 decora
2578 3414 2738 3469 oculo
2774 3409 3036 3483 spiritali,
3064 3425 3177 3480 quo
3212 3404 3420 3461 mundi
3458 3400 3625 3472 hujus
3654 3395 3764 3491 puli

2148 3489 2337 3569 verem
2367 3511 2795 3582 squaloremque
2824 3503 3091 3571 detersit;
3122 3501 3274 3555 fusca
3298 3514 3411 3571 per
3438 3495 3658 3559 vitium,
3683 3489 3766 3544 sed

2150 3608 2352 3663 decora
2380 3607 2500 3676 jam
2539 3618 2643 3674 per
2670 3601 2955 3655 lavacrum
2994 3595 3143 3669 quod
3187 3592 3370 3649 abluit
3400 3605 3575 3647 omne
3604 3584 3766 3642 delic-

2150 3706 2269 3757 tum
2303 3717 2315 3755 :
2343 3700 2498 3754 fusca
2538 3712 2665 3751 sum
2696 3693 2829 3766 quia
2864 3689 3111 3763 peccavi,
3143 3688 3352 3743 decora
3378 3685 3517 3756 quia
3540 3684 3657 3753 jam
3688 3693 3768 3732 me

2152 3794 2338 3866 diligit
2384 3791 2673 3859 Christus;
2721 3804 2893 3859 quam
2939 3784 3289 3855 relegaverat
3331 3779 3492 3835 enim
3548 3777 3607 3830 in
3649 3773 3768 3837 Eva,

2150 3888 2352 3959 recipit
2378 3887 2434 3941 in
2462 3884 2706 3957 virgine,
2735 3879 2966 3950 suscipit
2992 3894 3060 3933 ex
3089 3875 3275 3931 Maria.

2222 3985 2310 4039 23.
2339 3980 2480 4035 Dicit
2505 3979 2678 4034 etiam
2704 3976 3024 4048 Synagoga,
3047 3971 3209 4042 cujus
3234 3966 3509 4040 mysteria
3537 3965 3640 4019 hoc
3663 3961 3773 4015 loco

2152 4077 2439 4150 plerisque
2464 4074 2728 4127 videntur
2748 4066 3018 4140 exprimi;
3044 4081 3170 4137 qua:
3197 4078 3326 4118 cum
3358 4078 3419 4116 se
3447 4059 3605 4130 rejici
3631 4055 3772 4109 vide-

2153 4175 2243 4228 ret
2281 4174 2518 4243 prOpter
2548 4165 2721 4221 totius
2759 4161 2941 4235 plebis
2978 4158 3362 4230 impietatem,
3395 4153 3689 4210 solabatur
3723 4161 3774 4199 se

2154 4240 2367 4332 tamen,
2410 4258 2666 4335 1553
2720 4259 2854 4331 quia
2893 4256 3081 4328 ipsum
3123 4252 3411 4307 Christum
3461 4248 3534 4302 de
3579 4240 3775 4317 populo

2152 4377 2254 4416 suo
2282 4376 2395 4414 non
2426 4360 2672 4424 tantum,
2700 4353 2799 4409 sed
2824 4355 2882 4406 et
2911 4352 3162 4417 Petrum,
3190 4347 3501 4409 Joannem,
3522 4337 3775 4396 Jacobum

425 4460 533 4515 hoc
584 4462 689 4523 est,
737 4458 793 4512 in
850 4456 990 4512 illud
1041 4459 1344 4525 secretum,
1398 4454 1455 4509 in
1510 4471 1624 4527 quo
1673 4458 1808 4509 sunt
1857 4445 2376 4519 omnesDChristo
2415 4451 2771 4507 adhaerentes
2809 4444 3056 4511 videbat,
3098 4441 3236 4514 quia
3281 4437 3531 4493 habebat
3567 4428 3777 4502 eloquia

423 4552 677 4609 thesauri
716 4551 967 4606 scientiae
1008 4554 1064 4605 et
1100 4549 1444 4621 cognitionis
1484 4566 1618 4604 sum.
1664 4549 1908 4621 Ideoque
1953 4549 2053 4602 tibi

425 4647 634 4703 dicitur
684 4663 696 4699 :
755 4668 781 4694 ‹‹
825 4649 964 4699 Cum
1016 4660 1163 4711 oras,
1212 4645 1356 4699 intra
1409 4644 1464 4698 in
1515 4644 1842 4698 cubiculum
1890 4650 2053 4697 tuum

427 4743 672 4813 (Mutila,
706 4757 775 4808 v1,
811 4742 888 4807 6),
922 4762 947 4789 ››
983 4739 1138 4808 quod
1178 4738 1462 4809 signiﬁcat
1494 4738 1696 4792 mentis
1733 4737 2052 4808 animaeque

424 4839 726 4891 secretum.
786 4836 841 4888 In
892 4834 997 4887 hoc
1041 4832 1303 4887 cubiculo
1345 4832 1696 4903 justitiarum
1753 4848 1953 4902 sponsa
1997 4848 2054 4885 se

424 4930 684 5002 poposcit
708 4928 921 4995 induci,
956 4943 1085 4982 cum
1119 4932 1246 4998 post
1272 4925 1505 4981 odorem
1546 4926 1820 4995 unguenti
1855 4942 2050 4979 excur-

424 5025 584 5090 rerit,
619 5021 773 5095 quod
800 5038 1030 5093 semper
1055 5022 1200 5087 ﬂuit,
1229 5024 1285 5075 et
1313 5036 1603 5092 nunquam
1629 5020 1836 5075 deﬁcit.

498 5121 584 5173 20.
632 5120 736 5189 (19)
788 5117 1103 5173 Introdurit
1143 5132 1226 5171 me
1274 5132 1372 5171 rm:
1421 5119 1477 5169 in
1526 5115 1832 5170 cubiculum
1875 5129 2052 5169 suum.

425 5214 651 5268 Graecus
701 5213 759 5266 in
810 5210 1277 5284 promptuarium
1335 5225 1498 5264 suum
1548 5213 1603 5263 et
1652 5209 1707 5262 in
1763 5208 2053 5263 cellarium

425 5323 593 5363 suum
635 5307 836 5375 habet;
882 5306 979 5360 ubi
1010 5305 1165 5360 bona
1204 5303 1497 5369 libamina,
1532 5302 1624 5356 ubi
1664 5302 1799 5358 boni
1830 5304 2053 5372 odores,

425 5401 593 5456 mella
624 5399 836 5465 suavia,
878 5399 974 5455 ubi
1012 5400 1231 5454 fructus
1268 5397 1494 5466 diversi,
1532 5397 1626 5451 ubi
1668 5397 1848 5468 epulae
1889 5398 2055 5452 variae

427 5500 577 5559 sunt,
609 5498 673 5547 ut
709 5493 968 5563 plurimis
1003 5493 1187 5566 epulis
1217 5496 1374 5547 tuum
1406 5491 1706 5562 prandium
1733 5491 2054 5546 condiatur.

496 5632 589 5693 (18)
624 5633 681 5680 In
714 5635 850 5694 νέαι.
884 5645 1080 5695 cxvm,
1111 5638 1160 5696 Ξ,
1184 5650 1335 5686 num.
1371 5638 1446 5685 28.

495 5701 592 5770 (t9)
619 5702 735 5770 Lib.
769 5715 805 5770 v
835 5704 897 5751 de
922 5705 1181 5766 Sacram,
1208 5720 1328 5770 cap.
1360 5710 1406 5757 2.

497 5769 594 5838 (20)
627 5769 742 5819 Lib.
770 5769 834 5817 de
860 5772 1025 5830 Isaac,
1052 5788 1169 5838 cep.
1202 5778 1248 5837 4,
1278 5769 1433 5829 num.
1466 5779 1539 5829 l3.

2153 4549 2256 4604 sibi
2285 4547 2520 4603 credita.
2562 4545 2629 4599 Et
2658 4542 2790 4597 ideo
2824 4539 3086 4595 dicebat:
3122 4538 3292 4592 Fusco
3327 4548 3451 4588 sum
3487 4536 3538 4585 et
3577 4528 3775 4583 decora.

2152 4644 2280 4713 ﬁliae
2324 4640 2651 4703 Jerusalem;
2698 4636 2854 4691 fusca
2900 4648 3001 4704 per
3048 4627 3538 4693 incredulitatem,
3586 4621 3778 4713 decora

2154 4710 2259 4809 per
2296 4737 2480 4806 legem
2516 4750 2529 4786 :
2558 4732 2715 4787 fusca
2754 4744 2859 4800 per
2896 4725 3139 4797 lapsum,
3177 4723 3385 4778 decora
3421 4718 3560 4791 quia
3589 4710 3777 4809 dilexit

2157 4807 2247 4886 me
2285 4830 2386 4897 sol,
2426 4832 2479 4883 et
2523 4826 2680 4898 prior
2714 4824 2863 4877 facta
2893 4835 3021 4875 sum
3058 4814 3429 4888 congregatio
3459 4812 3580 4866 Dei.
3609 4807 3777 4865 Nolite

2153 4941 2237 4980 me
2258 4925 2506 4992 refugere
2529 4922 2659 4990 quia
2685 4921 2845 4985 fusca
2866 4930 3018 4980 sum;
3042 4913 3169 4968 ideo
3194 4911 3351 4966 fusca
3380 4923 3531 4973 sum,
3554 4901 3684 4976 quia
3704 4897 3777 4953 sol

2155 5035 2247 5074 me
2276 5016 2506 5088 reliquit
2525 5012 2785 5086 justitiae,
2818 5011 2915 5083 qui
2945 5014 3079 5063 ante
3107 5004 3436 5061 illuminare
3474 5010 3772 5055 consueve-

2156 5115 2263 5168 rat.
2290 5087 2463 5166 Amisi
2486 5108 2732 5163 colorem
2762 5107 2946 5159 vultus
2974 5101 3109 5170 mei,
3132 5100 3335 5155 obtusa
3362 5097 3515 5151 facta
3536 5094 3622 5148 est
3644 5087 3776 5143 acies

2155 5207 2449 5263 oculorum
2484 5216 2769 5269 meorum,
2798 5198 3002 5271 quibus
3031 5200 3165 5250 ante
3190 5193 3362 5249 solem
3388 5187 3651 5244 videbam
3683 5199 3695 5236 :
3724 5180 3772 5233 in

2158 5299 2407 5357 tenebris
2450 5296 2701 5363 ambulo,
2733 5309 2861 5366 quae,
2904 5292 3055 5346 diem
3100 5286 3311 5344 Christi
3354 5282 3569 5339 nescio.
3609 5274 3772 5333 Nolite

2154 5400 2350 5451 tamen
2390 5392 2684 5464 despicere
2725 5404 2842 5456 me,
2868 5384 3138 5459 quoniam
3183 5380 3281 5453 qui
3319 5375 3573 5450 reliquit,
3598 5369 3773 5444 potest

2158 5504 2384 5544 rursum
2413 5486 2682 5556 aspicere.
2714 5480 2957 5538 Misereri
2998 5478 3201 5534 iterum
3240 5474 3402 5535 solet,
3432 5474 3771 5539 congregare

2220 5635 2312 5697 (21)
2347 5632 2411 5682 In
2439 5632 2572 5696 psal.
2605 5640 2803 5689 cxvm,
2834 5639 2998 5676 serm.
3027 5624 3079 5684 2,
3115 5635 3267 5697 num.
3294 5620 3340 5668 7.

2344 5693 2461 5755 Lib:
2493 5703 2556 5753 de
2584 5704 2752 5759 Isaac,
2784 5711 2901 5763 cap.
2932 5698 2979 5759 4,
3008 5707 3159 5771 num.
3197 5693 3275 5743 l3.

2220 5761 2317 5839 (23)
2353 5776 2413 5825 In
2441 5773 2576 5839 psal.
2608 5783 2806 5836 cxvm,
2837 5761 3001 5821 serm.
3027 5766 3075 5830 2,
3103 5776 3257 5814 num.
3282 5761 3313 5811 8
3339 5770 3460 5825 seq.

3962 850 3971 1033 ἓ
