4022 6176
258 234 278 285 i
289 234 389 286 957

1314 236 1353 289 E
1391 234 1694 292 SCRIPTIS
1730 238 1787 289 ὃ.
1830 233 2145 290 AMBROSII
2185 232 2588 290 CULLECTUS.

3486 241 3621 293 1958

253 355 557 427 dispersos,
598 357 857 413 desertos
901 358 1211 430 requirere,
1252 360 1521 431 colligere
1566 360 1884 415 destitutos.
1912 363 2123 443 Asunt
2175 359 2352 413 vestiti
2411 374 2535 412 esse
2590 356 2885 429 pelliceas;
2941 359 3265 429 corporales
3316 362 3469 416 enim
3519 379 3619 417 eos

253 449 461 505 Omnes
480 450 662 505 tribus
685 451 874 519 Israel,
896 452 1216 519 convenite,
1240 454 1471 523 aspicite
1499 471 1587 508 me
1615 454 1878 509 decoram

255 546 386 597 ante
416 542 618 599 delicta
647 562 660 599 :
704 545 881 601 Nolite
916 549 1150 616 aspicere
1176 562 1279 610 me,
1305 550 1563 618 quoniam
1598 548 1881 615 obfuscata

251 652 397 701 sum;
430 637 536 692 hoc
576 644 678 703 est,
710 654 824 694 non
861 638 967 694 hoc
1001 639 1184 694 solum
1222 640 1504 712 aspiciatis
1545 641 1683 713 quia
1713 641 1878 696 obfu-

255 735 408 785 scata
432 747 587 801 sum;
614 748 729 786 non
752 734 838 785 est
861 732 1101 788 intuitus
1122 749 1213 788 me
1235 735 1338 800 sol,
1364 740 1420 789 et
1444 734 1572 789 ideo
1593 734 1881 789 obfuscata

255 840 400 878 sum.
433 823 544 880 Sed
584 826 732 880 lucet
769 826 849 880 sol
892 843 1062 898 super
1096 827 1277 898 justas
1319 833 1376 882 et
1422 828 1678 897 injustas,
1710 843 1880 899 super

246 918 433 987 justos
464 935 566 990 pro
604 919 813 989 gratia,
841 936 1016 992 super
1042 920 1281 992 injustas
1322 938 1428 993 pro
1461 921 1877 989 misericordia;

252 1010 362 1066 illis
394 1013 716 1068 mercedem
743 1014 1080 1070 meritorum
1108 1014 1381 1082 tribuens,
1406 1015 1525 1070 istis
1547 1021 1775 1086 peccata
1802 1015 1881 1070 di-

252 1106 506 1161 mittens.
538 1107 607 1160 Et
635 1106 900 1177 gentibus
925 1124 1041 1163 non
1080 1108 1302 1164 lucebat
1343 1113 1495 1177 ante,
1524 1126 1677 1164 nunc
1705 1109 1875 1175 lucet,

251 1215 402 1254 nunc
435 1198 543 1254 illis
570 1201 754 1254 oritur
792 1202 889 1274 qui
926 1202 1212 1257 oriebatur
1249 1203 1410 1269 mihi,
1442 1204 1541 1275 qui
1568 1203 1676 1257 illis
1704 1203 1874 1258 remi-

250 1293 342 1359 sit,
377 1293 625 1348 remittet
653 1300 708 1349 et
742 1294 900 1349 mihi.
926 1295 1109 1350 Nolite
1133 1294 1395 1351 arbitrari
1426 1296 1698 1369 quoniam
1724 1296 1878 1351 obfu-

248 1390 404 1441 scata
433 1403 580 1455 sum,
608 1388 762 1458 quod
802 1388 1030 1460 penitus
1069 1389 1368 1461 reliquerit
1397 1407 1488 1445 me
1528 1390 1630 1457 sol,
1674 1396 1731 1445 et
1756 1390 1877 1461 jam

248 1498 367 1536 non
394 1482 704 1551 intueatur,
732 1499 847 1539 non
883 1486 1136 1556 requirat
1162 1501 1398 1557 tegram.
1436 1486 1817 1541 Dissimulavit
1845 1504 1878 1541 a

248 1592 364 1639 me,
400 1577 535 1647 quia
564 1592 677 1631 non
708 1578 919 1631 servavi
959 1578 1221 1633 mandata
1249 1579 1391 1648 ejus,
1424 1578 1879 1635 reconciliabitur

247 1685 382 1723 cum
408 1669 614 1724 viderit
639 1686 899 1725 meorum
930 1672 1329 1742 paenitentiam
1360 1672 1720 1728 delictorum.
1751 1674 1875 1728 Non

1991 452 2203 506 fecerat
2229 452 2299 506 de
2330 450 2723 523 spiritualibus
2756 450 2924 522 culpa
2953 453 3274 507 commissa.

2056 549 2141 600 26.
2174 546 2284 600 Nec
2325 545 2463 600 illud
2501 544 2813 599 absurdum
2853 543 2919 599 ad
2965 544 3425 616 intelligendum,
3460 550 3613 620 quod

1982 641 2060 695 ita
2091 657 2150 695 se
2183 639 2319 694 dicit
2347 655 2552 710 sponsa
2581 639 2791 694 factam
2826 637 2971 693 sicut
3011 638 3184 709 pelles
3214 640 3347 695 solis
3391 641 3616 697 adustas

1981 733 2297 801 ardoribus,
2332 749 2400 787 eo
2426 732 2579 805 quod
2612 732 2669 786 in
2692 731 2993 802 asperitate
3025 732 3154 787 licet
3182 732 3613 790 tribulationum

1982 827 2182 896 posita,
2226 826 2649 882 mortiﬁcaverit
2691 831 2882 880 tamen
2929 842 3131 896 corpus
3165 843 3355 893 suum,
3385 843 3457 883 ne.
3486 846 3612 884 sen-

1981 920 2087 975 tire
2131 921 2310 992 possit
2340 921 2497 975 illam
2527 920 2921 991 asperitatem;
2965 920 3111 974 sicut
3140 920 3297 975 enim
3342 922 3609 978 ardorem

1980 1013 2117 1068 solis
2147 1030 2262 1068 non
2288 1015 2463 1069 sentit
2487 1014 2645 1085 pellis
2678 1013 3050 1082 tabernaculi,
3082 1030 3148 1069 eo
3172 1015 3323 1086 quod
3352 1016 3513 1086 pellis
3538 1017 3610 1071 sit

1978 1108 2237 1161 animalis
2270 1108 2498 1175 mortui,
2532 1108 2605 1161 ita
2643 1108 2767 1162 haec
2809 1112 3037 1163 mortua
3068 1114 3318 1180 peccato,
3350 1108 3612 1165 ardorem

1979 1203 2196 1273 peccati
2225 1202 2434 1256 sentire
2464 1217 2577 1255 non
2599 1206 2863 1273 poterat:
2889 1203 2972 1257 vel
3002 1203 3141 1274 quia
3170 1220 3286 1258 non
3312 1204 3615 1276 frangeba-

1977 1300 2072 1349 tur
2099 1295 2551 1362 necessitatibus,
2587 1295 2669 1349 vel
2709 1296 2843 1366 quia
2887 1311 3090 1366 corpus
3131 1295 3393 1370 1554
3432 1297 3610 1354 uillic-

1979 1388 2145 1443 tionis
2182 1406 2398 1455 sumus,
2443 1392 2499 1443 et
2543 1394 2788 1444 mortem
2833 1389 3059 1444 Domini
3097 1391 3225 1444 Jesu
3272 1407 3501 1463 semper
3551 1393 3607 1446 in

1977 1498 2215 1553 corpore
2246 1486 2433 1536 nostro
2457 1481 2827 1537 circumferre
2855 1482 3153 1537 debemus.

2046 1578 2134 1630 27.
2178 1577 2351 1641 (Vers.
2396 1577 2469 1643 ὅ.)
2512 1576 2618 1645 (26)
2662 1577 2790 1630 Filii
2820 1579 3011 1632 matris
3056 1592 3185 1632 mea
3224 1587 3611 1648 pugnaverunt

1976 1670 2265 1724 adversum
2303 1686 2405 1734 me,
2444 1669 2551 1723 hoc
2590 1674 2697 1736 est,
2739 1670 3232 1741 impugnaverunt
3269 1688 3363 1725 me
3404 1688 3606 1743 corpo-

247 1762 391 1818 vidit
437 1779 529 1818 me
577 1763 684 1831 sol,
731 1765 864 1835 quia
905 1781 1019 1820 non
1066 1767 1252 1838 recepi
1300 1767 1716 1835 advenientem,
1762 1737 1953 1823 nonB
1981 1763 2053 1817 ris
2103 1762 2421 1834 passiones,
2483 1762 2672 1817 carnis
2730 1763 3013 1819 illecebrae
3068 1764 3537 1821 decoloraverunt
3594 1784 3606 1821 :

246 1856 445 1928 aperui
476 1857 775 1926 fenestras,
805 1864 868 1912 ut
892 1859 1023 1914 vitae
1051 1861 1246 1914 lumen
1278 1860 1517 1916 intraret
1543 1878 1556 1916 :
1591 1878 1722 1917 cum
1748 1878 1876 1933 ape-

250 1966 439 2017 ruero,
482 1950 829 2006 illuminabit
866 1954 1052 2007 oculos
1088 1969 1265 2021 meos,
1300 1954 1396 2025 qui
1427 1956 1581 2009 venit
1607 1961 1669 2010 ut
1696 1961 1873 2011 totum

246 2044 530 2098 mundum
551 2045 923 2114 illuminaret,
948 2051 1006 2101 et
1028 2047 1257 2101 videant
1275 2047 1441 2103 etiam
1464 2064 1577 2103 non
1598 2048 1868 2104 videntes.

314 2139 404 2191 24.
436 2138 530 2191 Vel
558 2138 693 2193 dicit
722 2139 960 2195 Ecclesia
991 2140 1063 2194 de
1094 2140 1358 2211 gentibus
1387 2159 1398 2195 :
1432 2143 1612 2198 Nolite
1638 2145 1878 2213 aspicere

242 2248 328 2285 me
377 2234 631 2300 quoniam
672 2236 827 2300 fusca
870 2250 1009 2296 sum,
1046 2237 1175 2305 quia
1220 2251 1326 2289 non
1366 2239 1601 2307 respexit
1637 2253 1720 2291 me
1760 2238 1871 2301 sol;

242 2342 310 2380 eo
343 2326 496 2397 quod
523 2327 673 2380 velut
700 2327 919 2398 pruinis
939 2328 1280 2383 hiemalibus
1309 2330 1553 2403 geluque
1574 2330 1873 2385 constricta

244 2419 476 2489 gentilis
512 2419 737 2486 erroris,
779 2422 1288 2493 congregationem
1330 2423 1590 2495 gentium
1632 2425 1717 2479 sol
1748 2425 1869 2495 jus-

242 2512 384 2568 titite
410 2512 510 2567 diu
539 2513 841 2586 indignam
861 2515 1242 2583 aestimaverit,
1266 2533 1435 2588 quam
1460 2533 1664 2573 serena
1693 2519 1873 2573 vultus

242 2606 330 2661 sui
384 2606 510 2661 luce
561 2608 845 2662 lustraret.
892 2609 1088 2663 Nonne
1136 2610 1236 2664 tibi
1291 2610 1596 2666 videbatur
1645 2611 1871 2666 hiberni

242 2701 404 2772 rigor
440 2701 729 2772 temporis,
772 2702 1000 2773 quando
1039 2707 1204 2758 notus
1244 2708 1368 2759 erat
1406 2705 1462 2759 in
1507 2705 1701 2760 Judaaa
1744 2710 1868 2760 tan-

242 2795 544 2850 tummodo
576 2795 759 2851 Deus?
785 2796 943 2851 Nunc
970 2803 1165 2852 autem
1196 2798 1491 2870 plenitudo
1519 2798 1661 2853 lucis
1688 2800 1873 2870 fulget

241 2890 474 2956 estivze,
494 2888 720 2961 quando
731 2891 927 2945 omnia
944 2894 1001 2945 et
1019 2891 1073 2945 in
1094 2892 1362 2947 omnibus
1382 2893 1656 2948 Christus.
1680 2894 1872 2949 Nonne

242 3004 271 3031 α
311 2988 467 3037 terra
502 2982 724 3039 Domini
762 2988 819 3038 et
856 2983 1153 3056 plenitudo
1196 2986 1319 3057 ejus
1346 2989 1511 3057 (Psal.
1545 3003 1691 3054 χχιιι,
1726 2988 1815 3058 t)?
1846 3010 1869 3034 η

238 3076 307 3130 Et
366 3093 490 3132 vere
542 3077 692 3132 orbis
739 3082 1021 3133 terrarum
1074 3079 1132 3134 in
1184 3080 1447 3147 Ecclesia,
1494 3083 1629 3153 quia
1680 3103 1707 3133 ιιι
1756 3099 1946 3182 nouC

233 3170 467 3225 Iudaeus
495 3172 894 3227 tantummodo
920 3178 1020 3228 aut
1044 3174 1292 3243 Graecus,
1326 3191 1439 3229 non
1474 3176 1749 3231 Barbarus
1776 3183 1875 3232 aut

238 3263 474 3335 Scytha,
506 3283 620 3321 non
647 3283 840 3321 servus
866 3273 966 3322 aut
996 3268 1179 3336 liber;
1212 3270 1307 3324 sed
1338 3286 1537 3324 omnes
1562 3270 1619 3324 in
1650 3270 1873 3326 Christo

237 3374 424 3413 unum
451 3376 644 3415 sumus
671 3361 907 3425 (Coloss.,
942 3378 1018 3429 ιιι,
1057 3365 1160 3434 Η).
1194 3386 1220 3413 ››
1254 3365 1341 3419 Sol
1374 3362 1639 3419 omnibus
1665 3365 1868 3435 fulget,

239 3451 368 3507 dies
398 3453 663 3508 omnibus
703 3454 868 3509 lucet.
901 3456 1011 3529 (24)
1038 3460 1214 3527 Nigra
1243 3473 1363 3512 sum
1402 3465 1453 3513 et
1487 3459 1700 3515 decora.
1729 3461 1873 3514 Pras-

238 3546 399 3601 misit
425 3548 669 3618 nigram,
699 3553 763 3603 ut
788 3556 1022 3620 angeret
1047 3550 1333 3619 decorem,
1355 3568 1470 3607 non
1496 3553 1639 3607 dixit
1664 3571 1676 3607 :
1699 3553 1874 3624 Nigra

239 3655 371 3695 sum
396 3641 621 3710 decora,
652 3658 724 3696 ne
754 3643 907 3714 quod
940 3643 1171 3714 nigrum
1207 3648 1292 3699 est
1322 3646 1594 3701 decorum
1623 3647 1867 3702 mstima-

240 3740 422 3801 retur,
463 3734 561 3789 sed
597 3736 719 3791 ait:
758 3736 928 3807 Nigra
970 3753 1096 3792 sum
1140 3739 1432 3810 superiore
1479 3744 1728 3811 peccato,
1774 3742 1870 3795 sed

242 3827 448 3884 decora
488 3830 840 3886 confessione
884 3831 1119 3903 peccati,
1164 3839 1220 3888 et
1258 3835 1623 3888 correctionis
1664 3835 1869 3901 studio,

240 3924 415 3994 atque
456 3938 650 3977 amore
693 3923 938 3979 virtutis.
980 3925 1250 3990 Quamvis
1297 3943 1435 3998 ergo
1471 3934 1522 3982 et
1560 3928 1772 3999 syllaba
1814 3935 1873 3982 ut

239 4016 600 4088 grammatici
625 4018 917 4089 appellant
953 4019 1312 4091 conjunctiva
1347 4021 1437 4087 sit,
1478 4021 1651 4077 habet
1678 4027 1871 4077 tamen

236 4107 684 4180 distinctionem,
715 4127 826 4184 qua
851 4112 1106 4167 confusio
1138 4113 1511 4187 distinguitur
1545 4131 1609 4169 ac
1641 4133 1871 4188 separa-

235 4208 355 4270 tur,
387 4209 448 4257 ut
474 4205 517 4258 si
548 4204 700 4260 dicas
721 4206 1084 4262 Ambrosium
1116 4208 1343 4263 Bassum
1374 4210 1525 4264 intus
1556 4225 1695 4277 esse,
1728 4226 1874 4265 unus

234 4301 504 4369 putatur;
540 4299 625 4352 sin
663 4303 855 4355 autem
893 4317 1109 4355 asseras
1146 4302 1508 4358 Ambrosium
1550 4308 1605 4358 et
1645 4305 1872 4359 Bassum

234 4390 395 4446 intus
422 4407 564 4459 esse,
591 4392 703 4447 duo
732 4393 924 4466 utique
952 4394 1372 4466 intelliguntur.

1977 1856 2103 1912 ideo
2143 1857 2234 1913 Sol
2280 1856 2517 1927 justitite
2566 1857 2707 1912 mihi
2758 1874 2874 1913 non
2920 1858 3159 1927 refulsit,
3198 1859 3333 1930 quia
3378 1860 3610 1915 viduata

1978 1950 2239 2022 praesidio
2263 1951 2627 2007 devotionem
2651 1967 2840 2006 meam
2864 1955 2923 2006 et
2942 1952 3356 2008 observantiam
3380 1955 3607 2025 plenam

1976 2061 2196 2100 servare
2235 2062 2349 2100 non
2381 2046 2564 2116 potui,
2601 2046 2710 2101 hoc
2741 2048 2827 2100 est
2856 2045 3030 2112 enim,
3066 2050 3279 2101 vineam
3305 2061 3479 2103 meam
3503 2064 3608 2104 non

1974 2139 2261 2202 custodiat,
2291 2139 2426 2211 quia
2450 2139 2637 2210 spinas
2662 2143 2721 2193 et
2755 2155 2866 2193 non
2895 2155 3062 2194 uvam
3093 2140 3279 2207 attuli,
3309 2140 3367 2195 id
3398 2146 3504 2209 est,
3531 2142 3611 2197 fa-

1974 2233 2129 2286 ciens
2158 2237 2380 2303 peccata
2411 2249 2513 2304 pro
2543 2233 2840 2288 fructibus.
2877 2234 2940 2287 Et
2965 2249 3097 2288 cum
3121 2234 3191 2288 de
3224 2234 3398 2290 verbo
3423 2236 3607 2307 loqui-

1974 2329 2088 2393 tur,
2134 2325 2440 2380 irradiante
2480 2326 2586 2380 sibi
2633 2326 2790 2381 verbi
2840 2326 3171 2397 splendore,
3216 2344 3485 2383 conversa
3535 2328 3607 2383 ad

1975 2420 2162 2491 ipsum
2192 2419 2331 2475 dicit
2362 2439 2373 2473 :

2043 2517 2134 2569 28.
2173 2514 2345 2582 (Vers.
2381 2513 2459 2584 6.)
2496 2515 2596 2568 Ubi
2615 2516 2818 2583 pascis,
2851 2516 2947 2568 ubi
2971 2530 3157 2570 manes
3180 2518 3242 2569 in
3267 2517 3611 2572 meridiano?

1975 2609 2146 2663 Recte
2174 2606 2331 2675 dicit,
2356 2608 2449 2661 ubi
2474 2609 2669 2677 pascis,
2691 2608 2824 2678 quia
2853 2609 3050 2677 regale
3075 2614 3160 2663 est
3192 2609 3289 2663 Dei
3322 2610 3565 2665 Verbum
3595 2629 3607 2665 :

1972 2702 2069 2756 ubi
2091 2717 2290 2763 manes,
2321 2700 2456 2772 quia
2495 2700 2707 2755 morale
2738 2718 2750 2754 :
2785 2704 2843 2755 in
2878 2702 3203 2763 meridiano.
3239 2704 3371 2774 quia
3404 2704 3605 2775 mysti—

1974 2811 2103 2850 cum
2141 2812 2154 2849 :
2194 2794 2477 2866 siquidem
2509 2793 2744 2849 meridie
2783 2795 2995 2866 Ioseph
3032 2812 3159 2850 cum
3188 2795 3456 2852 fratribus
3491 2799 3608 2852 suis

1974 2888 2031 2943 in
2060 2888 2315 2943 convivio
2344 2887 2683 2942 constitutus
2714 2888 3041 2943 futurorum
3083 2889 3356 2960 mysteria
3384 2893 3604 2962 tempo-

1974 2999 2100 3037 rum
2131 2982 2436 3037 revelabat.
2467 2981 2578 3037 Sed
2606 2982 2781 3037 etiam
2818 2982 2996 3037 David
3025 2983 3162 3038 dicit
3192 3000 3203 3036 :
3236 3006 3262 3029 (ι
3294 2985 3505 3040 Revela
3536 2986 3606 3039 ad

1976 3077 2276 3132 Dominum
2323 3076 2500 3131 vitam
2552 3083 2712 3130 tuam
2768 3083 2825 3131 et
2865 3093 3031 3148 spera
3070 3078 3128 3131 in
3171 3094 3327 3142 eum,
3378 3083 3437 3132 et
3484 3078 3606 3149 ipse

1974 3172 2162 3237 faciet,
2196 3177 2252 3226 et
2280 3170 2485 3226 educet
2509 3171 2653 3225 sicut
2680 3172 2878 3225 lumen
2898 3170 3186 3241 justitiam
3217 3176 3398 3240 tuam,
3430 3178 3487 3226 et
3508 3174 3604 3243 ju-

1974 3266 2186 3321 dicium
2231 3271 2392 3320 tuum
2432 3265 2576 3320 sicut
2617 3265 2920 3320 meridiem
2958 3266 3124 3336 (Paul.
3169 3281 3348 3332 xxxvr,
3385 3270 3437 3333 5,
3466 3266 3543 3338 6).
3578 3291 3604 3316 ››

1973 3362 2040 3415 Et
2082 3360 2204 3433 ipse
2244 3360 2450 3415 Paulus
2489 3358 2931 3413 circumfulsisse
2973 3359 3077 3414 sibi
3127 3359 3319 3414 lumen
3370 3359 3606 3415 meridie

1972 3454 2212 3509 asseruit
2255 3455 2420 3523 (Act.,
2474 3470 2545 3519 lx,
2596 3455 2670 3521 3),
2723 3452 2954 3523 quando
3006 3469 3039 3505 a
3088 3454 3486 3523 persecutione
3526 3460 3609 3510 est

1974 3564 2276 3604 conversus
2304 3548 2374 3601 ad
2404 3546 2673 3616 gratiam.

2045 3645 2131 3697 29.
2164 3641 2438 3707 Queritur
2466 3655 2605 3711 ergo
2640 3641 2790 3711 quod
2818 3639 3092 3695 derelicta
3120 3641 3214 3707 sit,
3247 3641 3403 3712 quod
3430 3640 3605 3696 desti-

1973 3740 2097 3791 tuta
2123 3736 2194 3790 sit
2234 3750 2454 3807 pauper
2493 3750 2557 3788 ex
2587 3733 2794 3800 divite;
2822 3732 3148 3788 abundabat
3177 3734 3332 3787 enim
3371 3751 3607 3803 munere

1973 3830 2287 3902 gratiarum
2318 3846 2330 3883 :
2362 3827 2462 3883 sed
2498 3843 2671 3898 egere
2700 3827 2890 3899 cmpit,
2922 3826 3015 3881 ubi
3056 3826 3260 3881 divine
3289 3828 3607 3897 praesentiae

1974 3924 2078 3979 sibi
2108 3924 2272 3995 copia
2298 3922 2582 3994 denegata
2609 3926 2713 3975 est.
2747 3922 2815 3975 Et
2846 3920 2972 3975 ideo
3009 3921 3095 3974 vel
3122 3922 3281 3992 quasi
3313 3936 3603 3975 mercena.

1976 4019 2059 4072 ria
2113 4017 2307 4071 haberi
2362 4014 2644 4087 postulat,
2707 4031 2835 4086 quae
2898 4018 3028 4069 ante
3089 4014 3195 4069 sibi
3260 4014 3607 4085 pretiosioris

1974 4113 2191 4182 copula:
2230 4109 2474 4182 gratiam
2506 4108 2839 4164 vindicabat.

2046 4208 2133 4260 30.
2169 4205 2277 4276 ('27)
2310 4207 2609 4259 Posuerunt
2641 4220 2725 4259 me
2762 4204 3034 4259 custodem
3075 4207 3133 4258 in
3178 4207 3366 4264 vineis,
3397 4206 3608 4259 vineam

1970 4316 2144 4355 meam
2186 4315 2295 4353 non
2334 4298 2603 4353 custodiri
2632 4297 2786 4367 (vers.
2832 4298 2903 4368 5).
2935 4298 3141 4351 Putant
3167 4298 3343 4369 aliqui
3388 4298 3492 4352 hoc
3538 4299 3606 4354 de

1975 4394 2086 4449 illis
2116 4393 2223 4448 dici
2254 4392 2351 4464 qui
2373 4394 2739 4463 Synagogam
2765 4391 2837 4445 ad
2860 4390 3006 4460 legis
3024 4398 3308 4462 prmcepta
3329 4392 3609 4445 constrin-

309 4487 401 4540 25.
434 4486 539 4555 (25)
575 4489 727 4543 Sicut
768 4488 1117 4544 tabernacula
1158 4489 1351 4561 ϐρίζειν,
1392 4494 1530 4545 sicut
1569 4493 1735 4562 pelles
1771 4494 1867 4549 Sa-
1893 4481 1952 4553 D
1976 4492 2141 4560 guut,
2194 4493 2254 4541 ut
2296 4488 2479 4557 legem
2530 4484 2831 4553 custodiat,
2876 4483 3093 4537 vineam
3140 4500 3302 4537 suam
3353 4488 3600 4547 tueatur,

235 4579 507 4645 temonis;
538 4581 784 4636 tentoria
810 4583 963 4638 enim
1003 4582 1074 4638 de
1099 4584 1309 4638 exuviis
1339 4584 1484 4640 fiunt
1512 4588 1871 4641 mortuorum

232 4673 601 4729 animalium.
647 4675 826 4746 Igitur
864 4692 991 4748 quas
1030 4678 1141 4733 hoc
1190 4678 1435 4745 dicebat,
1485 4682 1706 4733 mortua
1749 4687 1873 4734 erat

230 4774 501 4842 peccato,
530 4773 587 4823 et
611 4769 834 4825 vivebat
871 4771 979 4826 Deo
1011 4790 1023 4827 :
1059 4776 1117 4826 et
1141 4788 1242 4827 nos
1273 4772 1450 4843 igitur
1479 4779 1711 4843 peccato
1748 4790 1868 4828 mo-

230 4862 483 4929 riamur,
516 4865 581 4916 ut
604 4862 723 4917 Deo
764 4863 1032 4920 vivamus.
1066 4865 1284 4937 Repleti
1322 4865 1577 4937 spiritus,
1603 4866 1868 4937 jucundi-

230 4958 354 5012 tate
385 4961 445 5011 et
479 4957 751 5011 suavitate
790 4957 1017 5027 latitius,
1048 4959 1261 5015 erimus
1292 4959 1503 5015 exuvias
1532 4959 1872 5031 spirituales,

230 5056 501 5106 carentes
550 5050 879 5106 infirmitate
930 5069 1222 5124 corporea,
1278 5058 1335 5109 et
1387 5055 1610 5125 integro
1668 5055 1875 5110 mentis

229 5143 369 5200 sinu
399 5144 645 5200 infusam
668 5145 829 5200 nobis
859 5146 1181 5202 divinorum
1205 5148 1604 5220 mysteriorum
1627 5150 1871 5219 gratiam

229 5244 615 5294 reservantes.
669 5240 1060 5295 Tabernacula
1116 5245 1309 5297 autem
1364 5242 1575 5311 Cedar,
1632 5243 1873 5313 pellesve

235 5329 561 5387 Salomonis
588 5348 794 5405 corpus
823 5335 929 5390 hoc
949 5334 1062 5390 dici
1088 5335 1272 5407 liquet
1304 5353 1370 5391 ex
1403 5336 1661 5408 pluribus
1691 5338 1832 5393 locis
1856 5354 1868 5391 :

241 5426 431 5481 tamen
466 5426 641 5481 etiam
681 5427 818 5482 inde
846 5429 1124 5500 intellige,
1155 5430 1310 5501 quod
1337 5431 1519 5485 Adam
1555 5438 1611 5485 et
1637 5432 1752 5486 Eva
1780 5432 1869 5486 ubi

244 5516 555 5592 imaginem
588 5520 901 5592 deposuere
932 5523 1168 5579 celestis
1194 5539 1362 5595 quam
1388 5531 1521 5579 ante
1550 5524 1869 5595 portabant,

245 5608 557 5684 imaginem
590 5616 803 5670 terreni
846 5616 1095 5671 hominis
1134 5616 1454 5686 induentes,
1488 5618 1707 5671 tunicas
1737 5618 1870 5672 dicti

307 5727 406 5791 (ει)
432 5728 493 5778 In
524 5730 659 5794 paul.
693 5742 892 5789 cxvui,
920 5745 1082 5781 serm.
1112 5733 1188 5783 18.

311 5797 405 5867 (Β)
432 5799 550 5853 Lib.
579 5815 594 5853 ι
618 5802 681 5851 de
709 5803 851 5869 Spir.
879 5803 930 5852 S.
964 5817 1012 5855 c.
1042 5805 1126 5865 tl;
1155 5804 1211 5854 in
1239 5806 1372 5870 psal.
1403 5816 1602 5870 cxvm,
1626 5817 1789 5855 serm.
1823 5805 1869 5855 2.

1975 4599 2147 4654 quam
2173 4579 2457 4636 custodire
2488 4596 2600 4633 non
2632 4578 2836 4649 potuit.
2872 4576 3125 4648 Denique
3163 4577 3514 4632 custodiebat
3542 4584 3605 4631 ut

1974 4677 2184 4731 faceret
2216 4690 2370 4742 uvas,
2407 4674 2538 4728 fecit
2569 4676 2763 4727 autem
2792 4672 3002 4743 spinas.
3032 4671 3175 4734 Quid
3220 4672 3289 4725 sit
3319 4671 3493 4742 igitur
3521 4672 3602 4725 vi-

1976 4786 2106 4838 nea,
2128 4769 2283 4823 venit
2309 4766 2483 4822 David
2510 4765 2808 4822 testiﬁcare
2841 4764 3006 4820 nobis
3035 4764 3230 4819 dicens
3263 4781 3275 4819 :
3307 4788 3331 4814 ι(
3364 4765 3602 4818 Vineam

1973 4865 2042 4919 de
2061 4864 2300 4933 Egypto
2320 4860 2680 4927 transtulisti,
2703 4863 2761 4914 et
2779 4859 2999 4930 ejecisti
3018 4864 3240 4929 gentes,
3264 4864 3321 4912 et
3342 4859 3602 4930 plantasti

1976 4974 2103 5012 eam
2132 4957 2296 5027 (Psul.
2331 4972 2510 5023 anx,
2543 4957 2615 5025 9).
2645 4976 2673 5003 »
2707 4955 2944 5007 Possunt
2984 4958 3042 5007 et
3068 4951 3307 5024 apostoli
3349 4968 3471 5005 esse
3501 4951 3604 5005 ﬁlii

1977 5050 2173 5107 matris
2194 5050 2335 5121 ejus,
2358 5050 2452 5122 qui
2480 5065 2608 5103 vere
2632 5048 3119 5119 impugnaverunt
3138 5046 3502 5118 Synagogam
3525 5045 3605 5099 dis

1975 5150 2169 5201 centes
2210 5161 2223 5199 :
2266 5166 2293 5192 ‹‹
2327 5146 2461 5198 Ecce
2499 5142 2885 5197 convertimur
2924 5140 2994 5194 ad
3038 5143 3239 5209 gentes
3280 5140 3450 5203 (Act.,
3490 5155 3600 5205 xm,

1974 5242 2093 5311 46);
2118 5258 2147 5290 ι
2173 5244 2230 5293 et
2257 5237 2582 5292 nationibus
2604 5236 2838 5290 verbum
2864 5235 2958 5289 Dei
2986 5234 3269 5289 seminare
3290 5237 3600 5303 cmperunt.

1976 5338 2215 5391 Possunt
2242 5338 2297 5387 et
2328 5331 2620 5403 propheta!
2649 5328 2910 5399 intelligi,
2939 5327 3036 5397 qui
3066 5326 3353 5381 monendo
3382 5325 3603 5381 denun-

1974 5428 2284 5499 tiandoque
2309 5431 2370 5481 ut
2397 5425 2620 5479 vineam
2648 5439 2807 5477 suam
2831 5421 3140 5476 custodiret
3161 5419 3491 5491 Synagoga,
3519 5420 3606 5474 ni-

1976 5523 2053 5578 hil
2076 5521 2470 5595 profeceruut;
2495 5517 2628 5572 fecit
2653 5516 2808 5571 enim
2832 5515 3024 5585 spinas
3050 5511 3453 5583 improbitatis,
3474 5529 3602 5584 qua

1973 5616 2198 5672 virtutis
2242 5614 2448 5668 uberes
2490 5611 2705 5665 fructus
2742 5608 2962 5662 deferre
3008 5606 3325 5662 debuerat:
3382 5610 3439 5659 et
3473 5606 3603 5661 ideo

2038 5733 2133 5793 (ΞΘ)
2164 5731 2282 5782 Lib.
2314 5730 2377 5777 de
2403 5730 2574 5781 Isaac,
2606 5738 2725 5789 cap.
2754 5725 2803 5784 4,
2832 5736 2985 5773 num.
3020 5723 3080 5773 t3
3120 5736 3237 5788 seq.

2035 5803 2131 5867 (τι)
2164 5803 2223 5853 ιη
2256 5801 2390 5873 psal.
2426 5808 2598 5859 cxvn,
2627 5808 2789 5847 serm.
2817 5796 2867 5860 ἲ,
2898 5807 3051 5846 num.
3084 5794 3159 5847 to.
