4022 6176
505 205 638 258 1959

1639 199 1984 258 COMMENT.
2031 200 2092 255 ΙΝ
2135 199 2421 255 CANTICA
2461 199 2725 255 CANTIC.

3683 208 3787 260 1960

499 325 798 380 confitetur
823 312 977 396 quod
1001 327 1276 396 populum
1305 341 1469 378 suum
1500 323 1786 379 custodire
1807 341 1923 380 non
1947 325 2131 395 potuit
2155 339 2208 409 Α
2235 325 2409 391 Disce,
2436 324 2629 392 homo,
2659 324 2750 377 ubi
2783 323 3016 393 grandis
3043 327 3213 392 atque
3245 321 3514 391 pretiosus
3537 325 3618 378 sis.
3646 326 3789 381 Vilem

498 419 820 489 meritoque
849 435 974 473 sero
1014 417 1223 489 quaerit
1259 425 1481 486 tenere,
1511 434 1682 489 quem
1716 434 1849 471 cum
1883 421 2126 484 teneret,

498 512 706 580 amisit,
751 513 933 567 multo
977 512 1312 567 dissimilior
1356 513 1477 582 ejus
1524 528 1654 582 quae
1699 512 1836 566 dicit
1885 529 1897 565 :
1944 515 2131 567 Inveni

499 622 656 677 quem
683 607 869 677 diligit
892 609 1075 661 anima
1100 623 1238 669 mea,
1272 609 1422 662 tenui
1441 622 1582 668 eum,
1610 612 1659 660 et
1691 622 1798 659 non
1821 607 2129 676 relinquam

499 717 619 755 eum
646 700 846 770 (Cant.,
889 717 965 766 Ill,
1005 701 1082 770 4).
1124 699 1381 770 Denique
1423 700 1517 754 illa
1558 699 1761 754 invitat
1794 699 1851 752 in
1897 700 2127 754 hortum

498 811 664 849 suum
695 810 965 865 sponsum
1001 811 1012 848 :
1048 795 1170 849 hinc
1199 794 1293 848 ubi
1326 800 1513 864 pascat
1541 793 1856 863 requirens,
1890 792 2026 847 dicit
2055 794 2127 847 ad

502 888 688 958 ipsum
725 904 737 942 :

573 985 660 1036 31.
689 985 978 1038 Annuntia
1019 983 1153 1037 mihi
1196 998 1351 1052 quem
1395 983 1586 1036 ditarit
1632 985 1816 1036 anima
1854 996 1991 1035 mea.
2019 982 2130 1036 Cur

498 1092 654 1146 quem
680 1076 873 1131 dilexit
897 1079 1086 1131 anima.
1113 1092 1251 1136 mea,
1278 1075 1432 1141 dicis,
1473 1080 1527 1130 et
1553 1091 1670 1129 non
1702 1091 1873 1145 quem
1907 1073 2129 1144 diligit?

501 1171 613 1225 Cur
639 1169 905 1223 dimisisti
933 1185 1106 1240 quem
1135 1169 1416 1222 tenebas?
1455 1167 1706 1223 Dilexisti
1734 1173 1961 1238 patrum
1996 1167 2125 1233 fide,

501 1263 736 1317 amisisti
778 1262 1219 1317 incredulitate:
1267 1263 1501 1316 tenebas
1536 1263 1826 1316 charitatis
1871 1260 2126 1323 vinculis,

500 1357 740 1411 amisisti
765 1359 934 1426 longo
960 1357 1096 1410 fune
1124 1356 1398 1426 perfidia.
1427 1355 1561 1410 ldeo
1593 1356 1771 1409 nescis
1798 1355 1891 1410 ubi
1918 1359 2126 1427 pascat,

497 1452 594 1505 ubi
649 1454 921 1517 maneat;
960 1466 1096 1504 nam
1139 1451 1185 1503 si
1234 1449 1421 1516 scires,
1468 1466 1585 1503 non
1626 1465 1933 1520 quaereres.
1985 1449 2130 1502 Dicis

499 1544 652 1598 enim
686 1561 698 1598 :
735 1545 837 1598 Ubi
855 1546 1057 1614 pascis,
1097 1545 1195 1598 ubi
1227 1559 1412 1598 manes
1449 1547 1508 1598 in
1547 1544 1810 1598 meridie?
1837 1542 2127 1596 Meridiem

498 1638 646 1693 nosti
672 1633 810 1692 esse.
827 1638 1126 1692 Ecclesiam
1151 1653 1276 1708 quae
1303 1637 1808 1703 teneatChristum,
1833 1639 1889 1689 et
1909 1641 1968 1690 tu
1992 1652 2125 1690 eum

2232 424 2284 474 te
2308 423 2461 473 terra
2485 418 2857 486 demonstrat,
2879 415 2979 470 sed
3004 415 3310 485 gloriosum
3338 415 3505 469 virtus
3526 416 3660 486 facit,
3681 420 3792 473 ﬁdes

2231 528 2448 578 rarum,
2491 511 2684 582 imago
2723 510 3060 581 pretiosum.
3100 509 3204 564 Ubi
3241 524 3486 580 namque
3527 511 3794 583 quidquam

2230 610 2348 660 tam
2411 605 2741 675 pretiosum,
2787 620 2959 674 quam
3010 604 3203 673 imago
3251 607 3336 656 est
3386 601 3512 656 Dei?
3557 619 3668 674 qua:
3718 606 3795 660 tibi

2230 699 2416 769 primo
2444 699 2619 753 fidem
2648 697 2817 753 debet
2837 697 3161 762 infundere,
3191 699 3252 750 ut
3277 696 3339 750 in
3363 696 3524 750 corde
3550 702 3638 752 tuo
3663 699 3800 753 reful-

2232 797 2364 865 geat
2381 793 2644 864 quaedam
2667 793 2915 847 auctoris
2935 791 3181 862 eﬂigies;
3205 806 3278 843 ne
3302 790 3397 861 qui
3421 793 3649 845 mentem
3671 795 3800 847 tuam

2230 887 2568 957 interrogat,
2608 903 2724 941 non
2763 889 3031 956 agnoscat
3066 887 3376 939 auctorem.
3409 887 3488 939 An
3530 883 3802 956 quidquam

2233 983 2347 1034 tam
2383 979 2714 1050 pretiosum,
2757 996 2935 1050 quam
2977 977 3293 1045 humilitas,
3323 982 3385 1031 ut
3421 982 3664 1032 naturam
3701 995 3802 1032 cor-

2232 1074 2383 1144 poris
2408 1074 2726 1145 aniquue
2756 1073 3120 1144 perspiciens,
3151 1073 3328 1126 altero
3369 1078 3422 1124 te
3459 1071 3714 1141 subjicias,
3738 1072 3804 1126 al-

2231 1171 2350 1222 tero
2375 1183 2767 1237 recognoscas.
2802 1168 2984 1221 Prona
3025 1165 3084 1220 in
3119 1165 3320 1219 vitium
3361 1165 3541 1219 carnis
3577 1165 3807 1219 illecebra

2232 1261 2683 1315 misericordiam
2709 1260 2927 1327 suadet,
2957 1259 3090 1331 quia
3129 1259 3282 1330 quod
3323 1258 3486 1313 alteri
3522 1258 3809 1326 contuleris,

2233 1355 2332 1409 tibi
2359 1355 2545 1421 solvis,
2575 1355 2853 1427 quidquid
2879 1371 2910 1409 a
2937 1359 2993 1408 te
3025 1353 3305 1426 procedit,
3334 1353 3395 1407 in
3427 1357 3479 1406 te
3506 1353 3742 1418 recurrit,
3767 1357 3810 1406 et

2231 1449 2504 1520 quidquid
2534 1449 2749 1516 feceris,
2788 1448 2888 1503 tibi
2928 1448 3117 1516 solvis,
3147 1453 3201 1502 et
3244 1445 3520 1518 quidquid
3549 1445 3811 1517 profueris.

2228 1543 2332 1598 tibi
2373 1544 2615 1614 proficit.
2663 1542 2874 1597 Vivacis
2917 1541 3126 1597 animae
3166 1541 3345 1612 vigor,
3391 1557 3581 1596 sensus
3612 1540 3814 1594 rationis

2229 1639 2285 1692 et
2312 1654 2490 1708 capax
2529 1637 2850 1691 intellectus
2885 1639 3058 1706 atque
3091 1635 3312 1706 judicii,
3350 1637 3412 1688 ut
3448 1633 3622 1704 digna
3646 1632 3817 1687 domus

497 1733 555 1786 in
581 1732 842 1786 noctibus
885 1731 1112 1802 quaeris.
1143 1707 1258 1798 Dic,
1299 1731 1505 1802 inquit,
1551 1730 1712 1795 mihi,
1741 1730 1983 1797 Christe,
2019 1746 2126 1784 res-
2149 1707 2203 1778 B
2227 1707 2396 1785 tanto
2418 1731 2738 1785 habitatore
2779 1729 3056 1796 videatur,
3090 1745 3206 1783 non
3243 1728 3466 1783 amittat
3500 1743 3608 1782 suae
3633 1742 3813 1798 praero-

496 1825 685 1897 ponde
719 1827 802 1878 vel
832 1832 1065 1896 propter
1103 1824 1160 1878 id
1195 1825 1328 1895 quia
1364 1830 1495 1879 ante
1533 1824 1737 1877 charus
1775 1823 1930 1877 fuisti
1955 1830 2124 1893 atque

498 1919 737 1974 dilectus
770 1919 943 1987 mihi;
975 1918 1084 1973 etsi
1111 1934 1248 1989 ergo
1277 1921 1448 1972 tantae
1479 1917 1916 1988 praerogativam
1948 1917 2125 1970 chari-

495 2015 627 2068 tatis
673 2012 857 2079 amisi,
908 2018 967 2067 ut
1013 2017 1203 2066 tamen
1248 2012 1405 2082 quasi
1449 2011 1596 2082 pius,
1643 2010 1925 2080 responde
1961 2009 2121 2075 mihi,

499 2107 596 2162 Ubi
623 2108 825 2176 pascis,
849 2106 942 2160 ubi
963 2107 1188 2160 manes?
1212 2104 1509 2175 lteliquisti
1542 2120 1652 2170 me,
1681 2103 1866 2157 abiisti
1899 2103 1967 2157 ad
1993 2120 2125 2174 geu-

497 2203 599 2265 tes,
631 2199 908 2254 recessisti
939 2199 1111 2269 longe
1157 2216 1188 2253 a
1218 2215 1328 2264 me,
1360 2203 1417 2251 et
1457 2197 1566 2251 illis
1607 2198 1835 2268 propior
1861 2197 2038 2251 factus
2065 2213 2124 2251 es

494 2309 528 2346 a
555 2293 760 2364 quibus
786 2293 957 2364 longe
990 2309 1133 2347 eras.
1164 2293 1271 2347 Sed
1306 2293 1485 2346 factus
1516 2309 1576 2346 es
1606 2307 1809 2362 prope,
1842 2290 1975 2361 quia
2001 2307 2123 2344 san-

493 2387 668 2458 guine
711 2394 809 2442 tuo
856 2386 1241 2441 crediderunt.
1284 2389 1324 2439 A
1371 2403 1461 2440 me
1503 2385 1800 2453 recessisti,
1837 2384 1974 2455 quia
2016 2400 2122 2454 ego

487 2496 715 2536 crucem
748 2497 860 2535 non
901 2481 1124 2552 suscepi
1161 2487 1223 2534 ut
1265 2480 1468 2534 mundi
1513 2478 1994 2550 redemptionem,
2023 2478 2121 2531 sed

487 2581 552 2630 ut
575 2576 726 2630 noxii
755 2574 1212 2630 damnationem.
1247 2575 1350 2638 Qui
1379 2579 1575 2628 autem
1613 2575 1958 2642 receperunt
1983 2572 2122 2625 sicut

488 2668 681 2723 salutis
717 2672 1028 2735 auctorem,
1070 2667 1130 2721 in
1175 2666 1414 2722 meridie
1458 2669 1618 2733 sunt;
1667 2665 1774 2719 illis
1812 2666 1983 2729 luces,
2015 2664 2120 2718 illis

487 2761 755 2834 refulges,
791 2763 898 2816 illis
929 2763 1074 2816 calet
1119 2761 1300 2832 gratia
1343 2765 1436 2815 tua
1475 2761 1623 2815 sicut
1667 2759 1954 2814 meridies.
1987 2759 2118 2813 Mihi

485 2858 798 2911 matutinus
826 2873 973 2923 eras,
1007 2873 1138 2910 cum
1168 2856 1351 2910 adhuc
1381 2854 1698 2921 crederem,
1735 2853 1828 2906 sed
1859 2869 1971 2906 non
1994 2869 2116 2906 cre-

483 2950 688 3006 debam
714 2952 898 3021 plene,
918 2950 1051 3022 quia
1071 2967 1183 3005 nou
1207 2966 1334 3004 sum
1361 2950 1588 3004 inventa
1613 2947 1670 3001 in
1691 2947 1954 3012 meridie,
1981 2947 2121 3000 sicut

481 3045 689 3115 Ioseph
719 3061 848 3099 cum
881 3044 1152 3098 fratribus
1187 3044 1301 3097 suis
1337 3043 1435 3114 qui
1473 3041 1748 3096 tenebant
1776 3041 2113 3108 meridiem;

482 3137 590 3192 illis
636 3136 903 3191 meridies
950 3137 1132 3190 factus
1168 3153 1246 3202 es,
1290 3136 1388 3207 qui
1438 3138 1750 3206 pascuntur
1806 3134 1862 3187 in
1908 3132 2117 3188 divitiis

481 3231 615 3297 tuis,
645 3238 697 3283 et
730 3231 784 3283 in
816 3234 868 3283 te
895 3233 1146 3300 sperant.
1183 3231 1314 3284 Ideo
1357 3232 1416 3282 ut
1452 3227 1590 3282 dixit
1618 3228 1789 3280 David
1823 3245 1834 3281 ε
1873 3251 1897 3274 ‹‹
1929 3227 2110 3282 Dedu-

484 3339 576 3378 ces
615 3340 811 3378 eorum
846 3323 1127 3393 justitiam
1173 3329 1441 3394 tanquam
1482 3322 1704 3387 lumen,
1737 3327 1795 3376 et
1829 3321 2110 3391 judicium

483 3434 680 3472 eorum
713 3422 988 3489 tanquam
1018 3417 1321 3472 meridiem
1353 3417 1514 3486 (Psal.
1553 3431 1736 3484 xxxvr,
1765 3419 1836 3487 6).
1871 3438 1895 3464 η

556 3517 641 3567 32.
696 3512 911 3576 Quaeris
951 3528 1087 3584 ergo
1138 3515 1414 3582 tanquam
1457 3510 1642 3565 aliena
1684 3526 1811 3582 qum
1858 3509 2114 3580 proxima

485 3622 636 3673 eras,
680 3609 955 3678 tanquam
1004 3622 1219 3677 pauper
1248 3621 1377 3676 quae
1416 3603 1574 3659 dives
1613 3603 1762 3659 fuisti
1799 3624 1808 3658 :
1845 3603 1925 3657 vis
1953 3603 2112 3674 sequi

478 3717 608 3772 qum
651 3701 1022 3771 praecedebas,
1069 3703 1240 3770 atque
1283 3700 1504 3753 utinam
1546 3699 1628 3752 vel
1678 3697 1933 3769 sequaris
1974 3714 2113 3769 quos

479 3795 807 3866 praecedere
875 3793 1153 3848 debuisti!
1219 3793 1561 3848 Merceuaria
1634 3808 1756 3847 esse
1827 3791 2112 3846 desideras

479 3904 609 3960 qua:
643 3896 775 3942 ante
826 3888 1212 3942 mercenarios
1253 3886 1583 3958 colligebas,
1616 3885 1982 3940 mercenaria:
2013 3885 2112 3939 ita-

479 3998 593 4054 que
643 3999 748 4037 vox
793 3983 897 4036 ista
942 3981 1184 4036 dicentis
1223 3985 1350 4035 est:
1392 3981 1470 4035 Ne
1507 3977 1765 4052 1555
1799 3981 1944 4046 forte
1971 3982 2112 4046 fiam

477 4077 884 4130 circumnmicta
938 4091 1102 4144 super
1142 4090 1324 4143 greges
1373 4074 1644 4128 sodalium
1691 4079 1928 4128 tuorum.
1974 4074 2109 4137 Quae

475 4169 792 4240 proselytos
824 4185 888 4222 ex
923 4169 1190 4238 gentibus
1225 4174 1359 4222 ante
1404 4167 1764 4239 suscipiebas,
1799 4184 1950 4222 nunc
1990 4168 2106 4238 ipsa

472 4263 533 4318 in
560 4262 885 4317 nationibus
915 4262 995 4315 vis
1024 4278 1127 4333 pro
1157 4260 1460 4333 proselytis
1486 4261 1715 4331 suscipi,
1750 4266 1804 4315 et
1835 4264 2106 4333 tanquam

473 4356 689 4412 advena
720 4357 1088 4428 congregari.
1133 4354 1444 4426 Respondit
1483 4353 1729 4409 Verbum
1773 4353 1870 4408 Dei
1900 4355 2107 4410 animus

475 4450 824 4506 desideranti
858 4469 868 4504 :

542 4548 630 4600 33.
665 4547 839 4610 (Vers.
883 4551 960 4613 7.)
996 4546 1104 4616 (28)
1147 4547 1268 4602 Nisi
1311 4559 1590 4612 cognoscas
1635 4551 1683 4599 te
1729 4544 1921 4598 decora.
1961 4546 2106 4598 inter

467 4639 736 4694 mulieres.
767 4639 943 4692 Nosce
977 4639 1244 4709 teipsum,
1277 4639 1470 4704 homo,
1495 4643 1608 4692 tua:
1636 4637 1848 4692 animle
1876 4637 2099 4705 dicitur,

467 4732 578 4787 nisi
620 4732 957 4802 cognoveris
1008 4736 1058 4786 te
1108 4732 1421 4787 formosam
1465 4731 1520 4784 in
1567 4730 1915 4784 mulieribus.
1957 4731 2099 4801 Cog-

467 4842 637 4882 nosce
669 4829 746 4891 te,
770 4825 985 4893 anima,
1019 4825 1150 4896 quia
1177 4841 1288 4878 non
1319 4824 1390 4878 de
1425 4828 1598 4894 terra,
1629 4841 1739 4878 non
1770 4824 1838 4878 de
1869 4825 1988 4879 luto
2019 4842 2098 4890 es,

467 4921 604 4992 quia
658 4919 968 4974 insutﬂavit
1017 4920 1073 4973 in
1117 4924 1170 4973 te
1223 4919 1388 4984 Deus,
1441 4925 1497 4972 et
1545 4918 1676 4972 fecit
1729 4918 1786 4971 in
1843 4917 2098 4972 animam

463 5015 770 5070 viventem.
822 5015 976 5086 Opus
1023 5029 1083 5067 es
1131 5012 1526 5083 magniﬁcum,
1571 5013 1673 5066 Dei
1727 5012 2100 5083 inspiratione

461 5110 770 5164 formatum
804 5125 815 5163 :
850 5128 877 5155 «
905 5107 1151 5162 Attende
1185 5106 1305 5172 tibi,
1340 5125 1364 5157 ν
1402 5111 1462 5160 ut
1489 5107 1579 5160 lex
1607 5106 1745 5160 dicit
1777 5107 1976 5173 (Deut.,
2010 5123 2097 5173 xv,

463 5205 540 5275 9),
569 5204 623 5259 id
654 5209 756 5268 est,
789 5202 998 5256 animus
1028 5207 1140 5256 tuas
1163 5217 1175 5256 :
1202 5201 1495 5255 saecularia
1517 5203 1566 5253 te
1591 5206 1642 5254 et
1675 5200 1965 5254 mundana
1989 5217 2098 5256 non

462 5298 712 5365 teneant,
741 5295 1034 5351 terrestria
1061 5311 1175 5350 non
1212 5300 1529 5349 morentur.
1563 5293 1645 5348 Ad
1683 5294 1838 5348 illum
1873 5299 1988 5350 tota
2017 5294 2099 5348 in-

460 5393 723 5447 tentione
771 5390 992 5456 festina,
1047 5405 1119 5444 ex
1165 5388 1326 5458 cujus
1371 5387 1741 5457 inspiratione
1784 5387 2038 5442 consistis
2082 5405 2093 5442 :

465 5503 496 5532 «
532 5484 778 5548 Grande,
811 5482 1018 5554 inquit,
1059 5482 1252 5548 homo,
1285 5491 1344 5536 et
1387 5481 1694 5552 pretiosum
1743 5482 1827 5535 vir
1873 5482 2094 5536 miseri-

465 5589 606 5640 cors,
634 5577 813 5628 virum
834 5576 1060 5630 fidelem
1084 5592 1224 5646 opus
1245 5581 1331 5629 est
1352 5575 1606 5630 invenire
1628 5574 1835 5646 (Prov.,
1861 5592 1949 5641 xx,
1969 5578 2040 5646 6).
2066 5598 2094 5625 ››

527 5750 620 5817 (38)
650 5751 711 5799 In
742 5750 878 5813 psal.
909 5761 1108 5812 cxvui,
1141 5765 1306 5803 serm.
1346 5755 1425 5817 10,
1455 5769 1608 5806 num.
1645 5758 1718 5805 10.

2228 1826 2474 1896 gativam
2508 1829 2746 1879 naturm.
2776 1826 2884 1893 (29)
2916 1826 3032 1882 Nisi
3065 1839 3346 1891 cognoscas
3390 1828 3460 1885 te,
3495 1822 3676 1876 decora
3704 1823 3821 1874 inter

2225 1920 2492 1974 mulieres.
2535 1918 2674 1982 Quae
2717 1919 2974 1990 quereris
3007 1918 3157 1988 quod
3195 1916 3465 1971 derelicta
3507 1916 3598 1980 sis,
3642 1914 3740 1968 nisi
3775 1917 3818 1966 te

2225 2029 2551 2084 cognoscas,
2580 2012 2688 2066 nisi
2719 2012 2990 2082 poeniteat
3021 2018 3076 2066 te
3103 2012 3293 2082 lapsus
3319 2009 3428 2077 tui,
3457 2009 3566 2064 nisi
3589 2006 3823 2062 intentio-

2226 2123 2357 2161 nem
2392 2106 2708 2160 devotionis
2733 2105 3036 2176 approbes,
3068 2105 3176 2159 nisi
3199 2103 3342 2158 ﬁdes
3370 2111 3465 2157 tua
3487 2106 3542 2157 et
3567 2101 3823 2156 sinceritas

2223 2204 2519 2270 augeatur,
2554 2199 2792 2269 querela
2831 2198 2971 2252 nihil
3001 2197 3276 2268 proderit.
3306 2199 3421 2251 Aut
3457 2197 3555 2262 sic,
3584 2195 3686 2249 nisi
3712 2209 3822 2263 cog-

2224 2309 2418 2348 noscas
2439 2298 2492 2347 te
2516 2293 2650 2364 quia
2671 2293 2874 2347 decora
2896 2308 2974 2354 es,
2995 2291 3106 2346 nisi
3127 2290 3614 2362 pulchritudinem
3637 2292 3824 2342 natura

2225 2389 2337 2441 tua:
2367 2403 2574 2455 serves,
2599 2390 2658 2441 et
2680 2386 2930 2458 corporis
2957 2392 3012 2442 te
3037 2385 3320 2440 illecebras
3348 2401 3468 2439 non
3496 2384 3826 2452 demergant,

2224 2498 2325 2536 nec
2350 2480 2762 2552 impedimenta
2787 2479 3098 2544 detineant,
3132 2479 3269 2534 nihil
3297 2479 3403 2534 tibi
3432 2483 3704 2532 creaturae
3734 2490 3828 2528 me-

2223 2575 2376 2630 lioris
2396 2573 2658 2628 nobilitas
2681 2573 3115 2645 suffragabitur.

2294 2669 2379 2724 34.
2421 2671 2702 2739 Cognosce
2734 2667 2911 2738 igitur
2950 2671 3005 2721 te
3045 2670 3100 2722 et
3140 2672 3355 2721 naturae
3406 2671 3524 2720 tuas
3571 2666 3829 2719 decorem.

2223 2766 2278 2817 et
2304 2763 2394 2816 exi
2432 2762 2592 2833 quasi
2623 2766 2788 2816 exuta
2823 2761 3060 2815 vinculis
3099 2761 3334 2832 pedum,
3374 2768 3434 2815 et
3465 2759 3624 2814 nudo
3668 2760 3834 2811 exerta

2223 2855 2480 2927 vestigio,
2512 2861 2571 2909 ut
2594 2855 2844 2910 carnalia
2873 2854 3276 2926 integumenta
3300 2871 3424 2910 non
3453 2853 3666 2908 sentias
3695 2869 3706 2906 :
3735 2866 3835 2902 ves-

2222 2933 2424 3020 tigium
2477 2950 2681 3005 mentis
2732 2954 2843 3004 tuae
2891 2949 3207 3021 corporalia
3259 2950 3451 3004 vincla
3503 2965 3618 3002 non
3673 2943 3835 3016 impli-

2220 3051 2366 3110 cent,
2410 3048 2473 3098 ut
2520 3061 2612 3114 pes
2653 3048 2786 3098 tuus
2826 3044 3114 3115 speciosus
3153 3047 3454 3115 appareat.
3505 3043 3662 3097 Tales
3703 3039 3834 3093 enim

2218 3143 2368 3206 sunt,
2401 3139 2500 3209 qui
2539 3139 2610 3192 ad
2646 3154 2894 3209 regnum
2923 3138 3198 3204 ccelorum
3241 3136 3714 3192 annuntiandum
3751 3133 3837 3186 eli-

2218 3237 2431 3302 guntur
2465 3251 2499 3286 a
2540 3232 2796 3298 Domino,
2837 3231 2906 3285 de
2945 3231 3150 3303 quibus
3182 3231 3405 3286 dictum
3443 3236 3574 3286 est:
3620 3250 3646 3277 ι(
3675 3228 3836 3292 Quam

2216 3326 2450 3397 speciosi
2506 3326 2678 3396 pedes
2727 3325 3245 3396 evangelizantium
3298 3341 3507 3396 pacem
3566 3324 3716 3395 (Isa.,
3759 3337 3836 3387 LII,

2215 3418 2302 3488 7)!
2351 3442 2377 3467 ››
2428 3418 2575 3473 Talis
2621 3419 2833 3490 Moyses
2879 3418 2970 3473 cui
3017 3419 3224 3474 dicitur
3269 3435 3282 3472 :
3340 3440 3370 3466 ‹‹
3419 3419 3593 3474 Solve
3642 3416 3834 3471 calcea-

2215 3520 2475 3567 mentum
2523 3513 2735 3583 pedum
2782 3517 3010 3567 tuorum
3052 3513 3270 3581 (Exod,
3324 3529 3411 3581 ιιι,
3457 3513 3512 3582 5)
3528 3530 3546 3582 ς
3581 3535 3609 3562 ››
3651 3516 3714 3567 ut
3757 3509 3838 3579 qui

2214 3613 2517 3662 vocaturus
2572 3607 2846 3678 populum
2901 3606 2972 3661 ad
3031 3607 3124 3661 Dei
3176 3622 3436 3678 regnum
3493 3604 3835 3678 procederet,

2213 3700 2369 3771 prius
2410 3701 2597 3755 carnis
2639 3700 2911 3771 abjiciens
2943 3699 3192 3767 exuvias,
3237 3699 3400 3755 nudo
3444 3700 3652 3772 spiritu
3691 3697 3837 3752 vesti-

2214 3795 2420 3866 gioque
2463 3795 2671 3850 mentis
2713 3794 3032 3862 incederet;
3079 3795 3188 3850 hoc
3223 3800 3309 3850 est
3355 3811 3502 3866 ergo
3540 3791 3694 3866 quod
3733 3791 3836 3844 ait:

2211 3889 2319 3943 Eri
2359 3895 2417 3943 tu
2459 3891 2517 3943 in
2550 3889 2923 3944 calceamentis
2957 3904 3202 3959 gregum,
3234 3895 3284 3943 et
3318 3906 3487 3959 pasce
3523 3889 3704 3944 haedos
3742 3892 3842 3941 tuos

2209 3984 2268 4036 in
2296 3983 2662 4038 tabernaculis
2683 3987 2989 4053 pastorum.

2282 4079 2370 4132 35.
2400 4078 2504 4132 Per
2530 4092 2737 4148 greges
2765 4092 3013 4148 regnum
3039 4077 3442 4149 intelligimus,
3472 4095 3546 4134 eo
3577 4077 3724 4149 quod
3755 4091 3839 4146 po-

2211 4171 2436 4226 testatis
2487 4171 2559 4225 sit
2625 4171 2896 4242 gregibus
2946 4171 3268 4242 praesidere.
3326 4172 3608 4228 Pmsidet
3665 4174 3839 4225 autem

2209 4265 2604 4336 unusquisque
2641 4264 2745 4318 sibi
2775 4264 3026 4336 quadam
3071 4268 3348 4336 potestate
3385 4267 3602 4338 regali,
3630 4266 3675 4320 si
3703 4278 3839 4319 coer-

2210 4362 2341 4413 ceat
2367 4359 2425 4412 in
2468 4375 2526 4412 se
2574 4359 2829 4430 corporis
2867 4359 3053 4428 luxus,
3086 4363 3144 4414 et
3173 4361 3436 4416 servituti
3486 4361 3708 4432 redigat
3729 4372 3836 4412 car-

2124 4451 2339 4522 Dnem
2381 4469 2582 4520 suam;
2628 4453 2873 4524 ideoque
2914 4453 3132 4508 dictum
3179 4459 3312 4510 est:
3366 4477 3396 4503 ‹‹
3445 4456 3713 4526 Regnum
3753 4450 3838 4505 Dei

2207 4547 2356 4602 intra
2392 4563 2490 4602 vos
2529 4550 2614 4601 est
2655 4547 2828 4618 (Luc.,
2875 4563 3001 4614 xvn,
3044 4551 3156 4618 2t).
3200 4571 3226 4598 ››
3273 4549 3449 4604 Unde
3496 4548 3735 4621 pulchre
3771 4543 3839 4598 ait

2203 4641 2278 4695 ad
2306 4641 2562 4696 animam
2596 4658 2609 4694 :
2642 4643 2766 4704 Emi,
2805 4641 2862 4695 id
2905 4647 3010 4710 est,
3041 4641 3133 4696 exi
3162 4659 3196 4696 a
3231 4643 3492 4711 servitio,
3537 4644 3625 4698 exi
3660 4660 3692 4696 a
3730 4656 3836 4695 car-

2203 4734 2290 4788 nis
2329 4735 2574 4806 imperio
2611 4739 2783 4806 atque
2823 4735 3143 4804 dominatu,
3186 4743 3239 4791 et
3268 4737 3362 4792 exi
3401 4755 3527 4792 non
3571 4739 3629 4792 in
3657 4750 3835 4796 carne,

2203 4829 2296 4884 sed
2330 4830 2390 4884 in
2431 4829 2656 4900 spiritu,
2688 4829 2777 4884 exi
2812 4831 2881 4884 ad
2924 4830 3190 4902 regimen
3229 4833 3568 4902 potestatis.
3608 4832 3838 4901 Ideoque

2204 4922 2424 4978 addidit
2452 4940 2464 4977 :
2500 4926 2662 4978 Pasce
2686 4924 2864 4978 haedos
2907 4930 3045 4988 tuos,
3087 4925 3195 4980 hoc
3221 4930 3326 4994 est,
3365 4943 3512 4998 rege
3544 4943 3608 4981 ea
3638 4940 3764 4997 quas
3786 4923 3835 4977 in

2203 5016 2426 5072 sinistra
2468 5022 2563 5072 tua
2598 5022 2763 5088 sunt;
2799 5035 2932 5074 nam
2975 5019 3020 5072 si
3064 5035 3178 5072 non
3219 5027 3532 5090 regantur,
3562 5021 3726 5076 facile
3763 5019 3832 5072 la-

2209 5110 2442 5166 buntur.
2481 5111 2683 5166 Coerce
2725 5112 3117 5183 petulantiam,
3147 5113 3440 5168 lasciviam
3490 5115 3574 5169 tui
3603 5110 3835 5185 corporis

2200 5207 2257 5258 et
2307 5205 2591 5259 luxuriam
2643 5205 3110 5276 irrationabilem,
3163 5207 3375 5262 edoma
3426 5211 3588 5264 leves
3634 5212 3830 5272 motus;

2200 5313 2367 5367 pasce
2412 5315 2510 5353 eos
2537 5315 2654 5354 non
2697 5301 2753 5354 in
2780 5301 3069 5372 corporeis
3100 5300 3510 5371 tabernaculis,
3543 5303 3643 5357 sed
3673 5303 3727 5356 in
3754 5305 3827 5353 ta-

2199 5390 2524 5447 bernaculis
2568 5399 2858 5464 pastorum
2906 5395 3003 5466 qui
3052 5410 3249 5466 regere
3292 5411 3550 5468 gregem
3601 5398 3828 5458 norunt;

2200 5491 2332 5539 sunt
2381 5487 2538 5542 enim
2583 5488 2844 5543 amabilia
2892 5489 3254 5544 tabernacula
3309 5491 3511 5560 Israel,
3557 5490 3701 5546 sicut
3747 5502 3828 5543 ne-

2200 5595 2354 5633 mora
2388 5581 2796 5637 obumbrantia
2827 5600 2999 5654 super
3033 5585 3269 5652 flumen,
3308 5585 3370 5638 in
3411 5585 3628 5656 quibus
3652 5585 3827 5639 anima

2261 5759 2363 5824 (9.9)
2391 5760 2506 5811 Lib.
2537 5761 2600 5812 de
2624 5762 2797 5819 Isaac.
2819 5776 2938 5829 cap.
2969 5765 3015 5827 4,
3048 5777 3201 5814 num.
3232 5765 3306 5815 15.
