  <div class='ocr_page' id='page_1' title='image "/cluster/home/n/w/nwhite01/storage/ocr_20150623/15/hvd.32044048207278/362.png"; bbox 0 0 4022 6176; ppageno 0'>
   <div class='ocr_carea' id='block_1_1' title="bbox 202 236 326 288">
    <p class='ocr_par' dir='ltr' id='par_1_1' title="bbox 202 236 326 288">
     <span class='ocr_line' id='line_1_1' title="bbox 202 236 326 288; baseline -0.008 0"><span class='ocrx_word' id='word_1_1' title='bbox 202 236 326 288; x_wconf 74' lang='grc'><strong>1961</strong></span> 
     </span>
    </p>
   </div>
   <div class='ocr_carea' id='block_1_2' title="bbox 1215 237 2519 297">
    <p class='ocr_par' dir='ltr' id='par_1_2' title="bbox 1215 237 2519 297">
     <span class='ocr_line' id='line_1_2' title="bbox 1215 237 2519 297; baseline 0 -5"><span class='ocrx_word' id='word_1_2' title='bbox 1215 238 1254 292; x_wconf 89' lang='grc' dir='ltr'><strong>Ε</strong></span> <span class='ocrx_word' id='word_1_3' title='bbox 1300 237 1607 294; x_wconf 81' lang='lat' dir='ltr'><strong>SCRIPTIS</strong></span> <span class='ocrx_word' id='word_1_4' title='bbox 1645 241 1699 294; x_wconf 88' lang='lat' dir='ltr'><strong>S.</strong></span> <span class='ocrx_word' id='word_1_5' title='bbox 1742 241 2064 296; x_wconf 79' lang='lat' dir='ltr'><strong>AMBROSII</strong></span> <span class='ocrx_word' id='word_1_6' title='bbox 2101 239 2519 297; x_wconf 82' lang='lat' dir='ltr'><strong>COLLECTUS.</strong></span> 
     </span>
    </p>
   </div>
   <div class='ocr_carea' id='block_1_3' title="bbox 3406 247 3554 297">
    <p class='ocr_par' dir='ltr' id='par_1_3' title="bbox 3406 247 3554 297">
     <span class='ocr_line' id='line_1_3' title="bbox 3406 247 3554 297; baseline -0.034 -2"><span class='ocrx_word' id='word_1_7' title='bbox 3406 247 3554 297; x_wconf 58' lang='lat' dir='ltr'><strong>tu?!)</strong></span> 
     </span>
    </p>
   </div>
   <div class='ocr_carea' id='block_1_4' title="bbox 197 358 3554 448">
    <p class='ocr_par' dir='ltr' id='par_1_4' title="bbox 197 358 3554 448">
     <span class='ocr_line' id='line_1_4' title="bbox 197 358 3554 448; baseline 0.003 -37"><span class='ocrx_word' id='word_1_8' title='bbox 197 363 467 429; x_wconf 85' lang='lat' dir='ltr'><strong>tanquam</strong></span> <span class='ocrx_word' id='word_1_9' title='bbox 513 359 570 412; x_wconf 93' lang='lat' dir='ltr'><strong>in</strong></span> <span class='ocrx_word' id='word_1_10' title='bbox 621 358 914 430; x_wconf 79' lang='lat' dir='ltr'><strong>procinctu</strong></span> <span class='ocrx_word' id='word_1_11' title='bbox 951 359 1155 416; x_wconf 91' lang='lat' dir='ltr'><strong>bellico</strong></span> <span class='ocrx_word' id='word_1_12' title='bbox 1195 361 1303 415; x_wconf 91' lang='lat' dir='ltr'><strong>sita</strong></span> <span class='ocrx_word' id='word_1_13' title='bbox 1342 362 1558 417; x_wconf 82' lang='lat' dir='ltr'><strong>bonam</strong></span> <span class='ocrx_word' id='word_1_14' title='bbox 1599 371 1822 418; x_wconf 81' lang='lat' dir='ltr'><strong>exercet</strong></span> <span class='ocrx_word' id='word_1_15' title='bbox 1848 367 2044 448; x_wconf 71' lang='lat' dir='ltr'><strong>Atera</strong></span> <span class='ocrx_word' id='word_1_16' title='bbox 2085 363 2374 430; x_wconf 85' lang='lat' dir='ltr'><strong>collocari;</strong></span> <span class='ocrx_word' id='word_1_17' title='bbox 2421 363 2662 434; x_wconf 85' lang='lat' dir='ltr'><strong>ideoque</strong></span> <span class='ocrx_word' id='word_1_18' title='bbox 2711 363 2762 418; x_wconf 85' lang='lat' dir='ltr'><strong>ei</strong></span> <span class='ocrx_word' id='word_1_19' title='bbox 2812 363 3063 418; x_wconf 88' lang='lat' dir='ltr'><strong>dicitur:</strong></span> <span class='ocrx_word' id='word_1_20' title='bbox 3101 385 3128 412; x_wconf 89' lang='grc'><strong>‹‹</strong></span> <span class='ocrx_word' id='word_1_21' title='bbox 3176 366 3341 420; x_wconf 89' lang='lat' dir='ltr'><strong>Pasce</strong></span> <span class='ocrx_word' id='word_1_22' title='bbox 3389 367 3554 436; x_wconf 90' lang='lat' dir='ltr'><strong>agni-</strong></span> 
     </span>
    </p>
   </div>
   <div class='ocr_carea' id='block_1_5' title="bbox 193 451 1337 525">
    <p class='ocr_par' dir='ltr' id='par_1_5' title="bbox 193 451 1337 525">
     <span class='ocr_line' id='line_1_5' title="bbox 193 451 1337 525; baseline 0.003 -20"><span class='ocrx_word' id='word_1_23' title='bbox 193 451 479 518; x_wconf 87' lang='lat' dir='ltr'><strong>militiam,</strong></span> <span class='ocrx_word' id='word_1_24' title='bbox 513 452 772 507; x_wconf 88' lang='lat' dir='ltr'><strong>incursus</strong></span> <span class='ocrx_word' id='word_1_25' title='bbox 797 454 1054 525; x_wconf 83' lang='lat' dir='ltr'><strong>explorat</strong></span> <span class='ocrx_word' id='word_1_26' title='bbox 1084 454 1337 510; x_wconf 81' lang='lat' dir='ltr'><strong>hostiles.</strong></span> 
     </span>
    </p>
   </div>
   <div class='ocr_carea' id='block_1_6' title="bbox 265 546 1823 615">
    <p class='ocr_par' dir='ltr' id='par_1_6' title="bbox 265 546 1823 615">
     <span class='ocr_line' id='line_1_6' title="bbox 265 546 1823 615; baseline 0.003 -16"><span class='ocrx_word' id='word_1_27' title='bbox 265 547 352 599; x_wconf 87' lang='grc'><strong>36.</strong></span> <span class='ocrx_word' id='word_1_28' title='bbox 413 546 518 615; x_wconf 89' lang='grc'>(30)</span> <span class='ocrx_word' id='word_1_29' title='bbox 569 547 695 602; x_wconf 86' lang='lat' dir='ltr'><strong>Nisi</strong></span> <span class='ocrx_word' id='word_1_30' title='bbox 738 562 926 603; x_wconf 84' lang='lat' dir='ltr'><strong>noscas</strong></span> <span class='ocrx_word' id='word_1_31' title='bbox 983 555 1060 613; x_wconf 87' lang='lat' dir='ltr'><strong>te,</strong></span> <span class='ocrx_word' id='word_1_32' title='bbox 1113 549 1304 604; x_wconf 85' lang='lat' dir='ltr'><strong>decora</strong></span> <span class='ocrx_word' id='word_1_33' title='bbox 1359 553 1502 605; x_wconf 81' lang='lat' dir='ltr'><strong>inter</strong></span> <span class='ocrx_word' id='word_1_34' title='bbox 1553 552 1823 606; x_wconf 78' lang='lat' dir='ltr'><strong>mulieres.</strong></span> 
     </span>
    </p>
   </div>
   <div class='ocr_carea' id='block_1_7' title="bbox 190 639 1826 716">
    <p class='ocr_par' dir='ltr' id='par_1_7' title="bbox 190 639 1826 716">
     <span class='ocr_line' id='line_1_7' title="bbox 190 639 1826 716; baseline 0.004 -23"><span class='ocrx_word' id='word_1_35' title='bbox 190 639 339 703; x_wconf 82' lang='lat' dir='ltr'><strong>Quid</strong></span> <span class='ocrx_word' id='word_1_36' title='bbox 366 644 452 694; x_wconf 87' lang='lat' dir='ltr'><strong>est</strong></span> <span class='ocrx_word' id='word_1_37' title='bbox 491 656 550 693; x_wconf 91' lang='lat' dir='ltr'><strong>se</strong></span> <span class='ocrx_word' id='word_1_38' title='bbox 586 656 840 706; x_wconf 89' lang='lat' dir='ltr'><strong>noscere,</strong></span> <span class='ocrx_word' id='word_1_39' title='bbox 884 641 994 695; x_wconf 87' lang='lat' dir='ltr'><strong>nisi</strong></span> <span class='ocrx_word' id='word_1_40' title='bbox 1027 647 1089 696; x_wconf 90' lang='lat' dir='ltr'><strong>ut</strong></span> <span class='ocrx_word' id='word_1_41' title='bbox 1127 643 1262 697; x_wconf 84' lang='lat' dir='ltr'><strong>sciat</strong></span> <span class='ocrx_word' id='word_1_42' title='bbox 1297 644 1690 716; x_wconf 86' lang='lat' dir='ltr'><strong>unusquisque</strong></span> <span class='ocrx_word' id='word_1_43' title='bbox 1723 645 1826 698; x_wconf 89' lang='lat' dir='ltr'><strong>ho-</strong></span> 
     </span>
    </p>
   </div>
   <div class='ocr_carea' id='block_1_8' title="bbox 193 733 1826 804">
    <p class='ocr_par' dir='ltr' id='par_1_8' title="bbox 193 733 1826 804">
     <span class='ocr_line' id='line_1_8' title="bbox 193 733 1826 804; baseline 0.003 -17"><span class='ocrx_word' id='word_1_44' title='bbox 193 733 411 788; x_wconf 88' lang='lat' dir='ltr'><strong>minem</strong></span> <span class='ocrx_word' id='word_1_45' title='bbox 451 750 508 787; x_wconf 92' lang='lat' dir='ltr'><strong>se</strong></span> <span class='ocrx_word' id='word_1_46' title='bbox 548 734 621 788; x_wconf 90' lang='lat' dir='ltr'><strong>ad</strong></span> <span class='ocrx_word' id='word_1_47' title='bbox 660 733 972 804; x_wconf 78' lang='lat' dir='ltr'><strong>imaginem</strong></span> <span class='ocrx_word' id='word_1_48' title='bbox 1015 738 1072 790; x_wconf 90' lang='lat' dir='ltr'><strong>et</strong></span> <span class='ocrx_word' id='word_1_49' title='bbox 1102 736 1537 792; x_wconf 87' lang='lat' dir='ltr'><strong>similitudinem</strong></span> <span class='ocrx_word' id='word_1_50' title='bbox 1569 739 1669 792; x_wconf 86' lang='lat' dir='ltr'><strong>Dei</strong></span> <span class='ocrx_word' id='word_1_51' title='bbox 1706 739 1826 792; x_wconf 86' lang='lat' dir='ltr'><strong>fac-</strong></span> 
     </span>
    </p>
   </div>
   <div class='ocr_carea' id='block_1_9' title="bbox 195 826 1828 900">
    <p class='ocr_par' dir='ltr' id='par_1_9' title="bbox 195 826 1828 900">
     <span class='ocr_line' id='line_1_9' title="bbox 195 826 1828 900; baseline 0.004 -20"><span class='ocrx_word' id='word_1_52' title='bbox 195 833 342 893; x_wconf 90' lang='lat' dir='ltr'><strong>tum,</strong></span> <span class='ocrx_word' id='word_1_53' title='bbox 386 826 619 881; x_wconf 82' lang='lat' dir='ltr'><strong>rationis</strong></span> <span class='ocrx_word' id='word_1_54' title='bbox 653 843 944 899; x_wconf 85' lang='lat' dir='ltr'><strong>capacem,</strong></span> <span class='ocrx_word' id='word_1_55' title='bbox 977 829 1071 900; x_wconf 90' lang='lat' dir='ltr'><strong>qui</strong></span> <span class='ocrx_word' id='word_1_56' title='bbox 1117 837 1328 884; x_wconf 87' lang='lat' dir='ltr'><strong>terram</strong></span> <span class='ocrx_word' id='word_1_57' title='bbox 1371 847 1529 885; x_wconf 89' lang='lat' dir='ltr'><strong>suam</strong></span> <span class='ocrx_word' id='word_1_58' title='bbox 1570 833 1828 887; x_wconf 79' lang='lat' dir='ltr'><strong>excolere</strong></span> 
     </span>
    </p>
   </div>
   <div class='ocr_carea' id='block_1_10' title="bbox 197 920 1830 995">
    <p class='ocr_par' dir='ltr' id='par_1_10' title="bbox 197 920 1830 995">
     <span class='ocr_line' id='line_1_10' title="bbox 197 920 1830 995; baseline 0.004 -22"><span class='ocrx_word' id='word_1_59' title='bbox 197 928 475 991; x_wconf 76' lang='lat' dir='ltr'><strong>tanquam</strong></span> <span class='ocrx_word' id='word_1_60' title='bbox 513 920 699 975; x_wconf 91' lang='lat' dir='ltr'><strong>bonus</strong></span> <span class='ocrx_word' id='word_1_61' title='bbox 736 921 984 991; x_wconf 82' lang='lat' dir='ltr'><strong>agricola</strong></span> <span class='ocrx_word' id='word_1_62' title='bbox 1023 922 1224 978; x_wconf 89' lang='lat' dir='ltr'><strong>debeat</strong></span> <span class='ocrx_word' id='word_1_63' title='bbox 1255 931 1441 978; x_wconf 87' lang='lat' dir='ltr'><strong>aratro</strong></span> <span class='ocrx_word' id='word_1_64' title='bbox 1483 926 1732 995; x_wconf 89' lang='lat' dir='ltr'><strong>quodam</strong></span> <span class='ocrx_word' id='word_1_65' title='bbox 1775 933 1830 980; x_wconf 89' lang='lat' dir='ltr'><strong>et</strong></span> 
     </span>
    </p>
   </div>
   <div class='ocr_carea' id='block_1_11' title="bbox 196 1014 1828 1085">
    <p class='ocr_par' dir='ltr' id='par_1_11' title="bbox 196 1014 1828 1085">
     <span class='ocr_line' id='line_1_11' title="bbox 196 1014 1828 1085; baseline 0.004 -17"><span class='ocrx_word' id='word_1_66' title='bbox 196 1014 339 1068; x_wconf 83' lang='lat' dir='ltr'><strong>falce</strong></span> <span class='ocrx_word' id='word_1_67' title='bbox 379 1014 704 1085; x_wconf 86' lang='lat' dir='ltr'><strong>sapientia;</strong></span> <span class='ocrx_word' id='word_1_68' title='bbox 752 1021 812 1069; x_wconf 92' lang='lat' dir='ltr'><strong>ut</strong></span> <span class='ocrx_word' id='word_1_69' title='bbox 856 1016 939 1069; x_wconf 87' lang='lat' dir='ltr'><strong>vel</strong></span> <span class='ocrx_word' id='word_1_70' title='bbox 989 1015 1134 1071; x_wconf 90' lang='lat' dir='ltr'><strong>dura</strong></span> <span class='ocrx_word' id='word_1_71' title='bbox 1174 1018 1494 1083; x_wconf 86' lang='lat' dir='ltr'><strong>findantur,</strong></span> <span class='ocrx_word' id='word_1_72' title='bbox 1539 1020 1624 1073; x_wconf 85' lang='lat' dir='ltr'><strong>vel</strong></span> <span class='ocrx_word' id='word_1_73' title='bbox 1665 1021 1828 1075; x_wconf 87' lang='lat' dir='ltr'><strong>luxu-</strong></span> 
     </span>
    </p>
   </div>
   <div class='ocr_carea' id='block_1_12' title="bbox 198 1107 1832 1183">
    <p class='ocr_par' dir='ltr' id='par_1_12' title="bbox 198 1107 1832 1183">
     <span class='ocr_line' id='line_1_12' title="bbox 198 1107 1832 1183; baseline 0.005 -23"><span class='ocrx_word' id='word_1_74' title='bbox 198 1107 405 1162; x_wconf 87' lang='lat' dir='ltr'><strong>riantia</strong></span> <span class='ocrx_word' id='word_1_75' title='bbox 451 1108 804 1174; x_wconf 84' lang='lat' dir='ltr'><strong>recidantur,</strong></span> <span class='ocrx_word' id='word_1_76' title='bbox 853 1109 948 1178; x_wconf 90' lang='lat' dir='ltr'><strong>qui</strong></span> <span class='ocrx_word' id='word_1_77' title='bbox 994 1109 1327 1165; x_wconf 90' lang='lat' dir='ltr'><strong>interiorem</strong></span> <span class='ocrx_word' id='word_1_78' title='bbox 1373 1113 1459 1166; x_wconf 91' lang='lat' dir='ltr'><strong>sui</strong></span> <span class='ocrx_word' id='word_1_79' title='bbox 1508 1112 1832 1183; x_wconf 90' lang='lat' dir='ltr'><strong>portionem</strong></span> 
     </span>
    </p>
   </div>
   <div class='ocr_carea' id='block_1_13' title="bbox 193 1201 1831 1273">
    <p class='ocr_par' dir='ltr' id='par_1_13' title="bbox 193 1201 1831 1273">
     <span class='ocr_line' id='line_1_13' title="bbox 193 1201 1831 1273; baseline 0.004 -17"><span class='ocrx_word' id='word_1_80' title='bbox 193 1201 372 1256; x_wconf 86' lang='lat' dir='ltr'><strong>animi</strong></span> <span class='ocrx_word' id='word_1_81' title='bbox 415 1202 657 1272; x_wconf 86' lang='lat' dir='ltr'><strong>imperio</strong></span> <span class='ocrx_word' id='word_1_82' title='bbox 709 1202 915 1258; x_wconf 82' lang='lat' dir='ltr'><strong>debeat</strong></span> <span class='ocrx_word' id='word_1_83' title='bbox 960 1203 1296 1273; x_wconf 83' lang='lat' dir='ltr'><strong>gubernare.</strong></span> <span class='ocrx_word' id='word_1_84' title='bbox 1350 1205 1504 1260; x_wconf 87' lang='lat' dir='ltr'><strong>Unde</strong></span> <span class='ocrx_word' id='word_1_85' title='bbox 1559 1208 1728 1262; x_wconf 91' lang='lat' dir='ltr'><strong>etiam</strong></span> <span class='ocrx_word' id='word_1_86' title='bbox 1773 1209 1831 1263; x_wconf 93' lang='lat' dir='ltr'><strong>in</strong></span> 
     </span>
    </p>
   </div>
   <div class='ocr_carea' id='block_1_14' title="bbox 196 1296 1830 1366">
    <p class='ocr_par' dir='ltr' id='par_1_14' title="bbox 196 1296 1830 1366">
     <span class='ocr_line' id='line_1_14' title="bbox 196 1296 1830 1366; baseline 0.004 -17"><span class='ocrx_word' id='word_1_87' title='bbox 196 1296 326 1366; x_wconf 89' lang='lat' dir='ltr'><strong>lege</strong></span> <span class='ocrx_word' id='word_1_88' title='bbox 364 1296 639 1366; x_wconf 85' lang='lat' dir='ltr'><strong>scriptum</strong></span> <span class='ocrx_word' id='word_1_89' title='bbox 681 1302 766 1350; x_wconf 91' lang='lat' dir='ltr'><strong>est</strong></span> <span class='ocrx_word' id='word_1_90' title='bbox 797 1316 810 1350; x_wconf 88' lang='lat'><strong>:</strong></span> <span class='ocrx_word' id='word_1_91' title='bbox 847 1319 875 1346; x_wconf 86' lang='lat'><strong>«</strong></span> <span class='ocrx_word' id='word_1_92' title='bbox 907 1297 1146 1352; x_wconf 86' lang='lat' dir='ltr'><strong>Attende</strong></span> <span class='ocrx_word' id='word_1_93' title='bbox 1185 1297 1306 1366; x_wconf 88' lang='lat' dir='ltr'><strong>tibi,</strong></span> <span class='ocrx_word' id='word_1_94' title='bbox 1337 1315 1408 1354; x_wconf 88' lang='lat' dir='ltr'><strong>ne</strong></span> <span class='ocrx_word' id='word_1_95' title='bbox 1451 1299 1552 1354; x_wconf 83' lang='lat' dir='ltr'><strong>ﬁat</strong></span> <span class='ocrx_word' id='word_1_96' title='bbox 1593 1301 1830 1356; x_wconf 83' lang='lat' dir='ltr'><strong>verbum</strong></span> 
     </span>
    </p>
   </div>
   <div class='ocr_carea' id='block_1_15' title="bbox 195 1389 1832 1462">
    <p class='ocr_par' dir='ltr' id='par_1_15' title="bbox 195 1389 1832 1462">
     <span class='ocr_line' id='line_1_15' title="bbox 195 1389 1832 1462; baseline 0.004 -19"><span class='ocrx_word' id='word_1_97' title='bbox 195 1389 596 1444; x_wconf 87' lang='lat' dir='ltr'><strong>absconditum</strong></span> <span class='ocrx_word' id='word_1_98' title='bbox 645 1391 701 1443; x_wconf 91' lang='lat' dir='ltr'><strong>in</strong></span> <span class='ocrx_word' id='word_1_99' title='bbox 747 1391 911 1445; x_wconf 84' lang='lat' dir='ltr'><strong>corde</strong></span> <span class='ocrx_word' id='word_1_100' title='bbox 953 1397 1050 1445; x_wconf 88' lang='lat' dir='ltr'><strong>tuo</strong></span> <span class='ocrx_word' id='word_1_101' title='bbox 1103 1395 1301 1455; x_wconf 82' lang='lat' dir='ltr'><strong>(Deut.,</strong></span> <span class='ocrx_word' id='word_1_102' title='bbox 1347 1409 1435 1462; x_wconf 91' lang='lat' dir='ltr'><strong>xv,</strong></span> <span class='ocrx_word' id='word_1_103' title='bbox 1487 1399 1558 1462; x_wconf 83' lang='lat'><strong>9).</strong></span> <span class='ocrx_word' id='word_1_104' title='bbox 1608 1418 1633 1442; x_wconf 81' lang='grc'><strong>››</strong></span> <span class='ocrx_word' id='word_1_105' title='bbox 1680 1395 1832 1462; x_wconf 89' lang='lat' dir='ltr'><strong>Tibi,</strong></span> 
     </span>
    </p>
   </div>
   <div class='ocr_carea' id='block_1_16' title="bbox 196 1483 1832 1559">
    <p class='ocr_par' dir='ltr' id='par_1_16' title="bbox 196 1483 1832 1559">
     <span class='ocr_line' id='line_1_16' title="bbox 196 1483 1832 1559; baseline 0.002 -21"><span class='ocrx_word' id='word_1_106' title='bbox 196 1483 406 1554; x_wconf 83' lang='lat' dir='ltr'><strong>inquit,</strong></span> <span class='ocrx_word' id='word_1_107' title='bbox 436 1483 684 1552; x_wconf 90' lang='lat' dir='ltr'><strong>attende,</strong></span> <span class='ocrx_word' id='word_1_108' title='bbox 715 1501 831 1538; x_wconf 92' lang='lat' dir='ltr'><strong>non</strong></span> <span class='ocrx_word' id='word_1_109' title='bbox 872 1485 1071 1556; x_wconf 77' lang='lat' dir='ltr'><strong>utique</strong></span> <span class='ocrx_word' id='word_1_110' title='bbox 1110 1484 1368 1559; x_wconf 69' lang='lat'><strong>1556</strong></span> <span class='ocrx_word' id='word_1_111' title='bbox 1408 1487 1543 1542; x_wconf 88' lang='lat' dir='ltr'><strong>dicit</strong></span> <span class='ocrx_word' id='word_1_112' title='bbox 1580 1491 1832 1558; x_wconf 71' lang='lat' dir='ltr'><strong>pecuniae</strong></span> 
     </span>
    </p>
   </div>
   <div class='ocr_carea' id='block_1_17' title="bbox 195 1578 1830 1653">
    <p class='ocr_par' dir='ltr' id='par_1_17' title="bbox 195 1578 1830 1653">
     <span class='ocr_line' id='line_1_17' title="bbox 195 1578 1830 1653; baseline 0.004 -22"><span class='ocrx_word' id='word_1_113' title='bbox 195 1582 330 1645; x_wconf 81' lang='lat' dir='ltr'><strong>tua,</strong></span> <span class='ocrx_word' id='word_1_114' title='bbox 363 1593 478 1630; x_wconf 93' lang='lat' dir='ltr'><strong>non</strong></span> <span class='ocrx_word' id='word_1_115' title='bbox 506 1578 961 1648; x_wconf 87' lang='lat' dir='ltr'><strong>possessionibus</strong></span> <span class='ocrx_word' id='word_1_116' title='bbox 991 1579 1123 1639; x_wconf 87' lang='lat' dir='ltr'><strong>tuis.</strong></span> <span class='ocrx_word' id='word_1_117' title='bbox 1167 1596 1283 1635; x_wconf 89' lang='lat' dir='ltr'><strong>non</strong></span> <span class='ocrx_word' id='word_1_118' title='bbox 1321 1580 1531 1635; x_wconf 89' lang='lat' dir='ltr'><strong>viribus</strong></span> <span class='ocrx_word' id='word_1_119' title='bbox 1559 1585 1830 1653; x_wconf 89' lang='lat' dir='ltr'><strong>corporis,</strong></span> 
     </span>
    </p>
   </div>
   <div class='ocr_carea' id='block_1_18' title="bbox 188 1670 1830 1743">
    <p class='ocr_par' dir='ltr' id='par_1_18' title="bbox 188 1670 1830 1743">
     <span class='ocr_line' id='line_1_18' title="bbox 188 1670 1830 1743; baseline 0.003 -18"><span class='ocrx_word' id='word_1_120' title='bbox 188 1671 294 1726; x_wconf 78' lang='lat' dir='ltr'><strong>“sed</strong></span> <span class='ocrx_word' id='word_1_121' title='bbox 323 1670 514 1726; x_wconf 90' lang='lat' dir='ltr'><strong>animo</strong></span> <span class='ocrx_word' id='word_1_122' title='bbox 550 1674 648 1726; x_wconf 92' lang='lat' dir='ltr'><strong>tuo</strong></span> <span class='ocrx_word' id='word_1_123' title='bbox 682 1687 748 1726; x_wconf 89' lang='lat' dir='ltr'><strong>ac</strong></span> <span class='ocrx_word' id='word_1_124' title='bbox 785 1672 960 1726; x_wconf 89' lang='lat' dir='ltr'><strong>menti</strong></span> <span class='ocrx_word' id='word_1_125' title='bbox 996 1676 1128 1739; x_wconf 86' lang='lat' dir='ltr'><strong>tua,</strong></span> <span class='ocrx_word' id='word_1_126' title='bbox 1159 1674 1315 1728; x_wconf 89' lang='lat' dir='ltr'><strong>unde</strong></span> <span class='ocrx_word' id='word_1_127' title='bbox 1352 1674 1544 1729; x_wconf 87' lang='lat' dir='ltr'><strong>omnia</strong></span> <span class='ocrx_word' id='word_1_128' title='bbox 1578 1677 1830 1743; x_wconf 89' lang='lat' dir='ltr'><strong>consilia,</strong></span> 
     </span>
    </p>
   </div>
   <div class='ocr_carea' id='block_1_19' title="bbox 1929 457 3549 528">
    <p class='ocr_par' dir='ltr' id='par_1_19' title="bbox 1929 457 3549 528">
     <span class='ocr_line' id='line_1_19' title="bbox 1929 457 3549 528; baseline 0.001 -17"><span class='ocrx_word' id='word_1_129' title='bbox 1929 457 2088 512; x_wconf 91' lang='lat' dir='ltr'><strong>culos</strong></span> <span class='ocrx_word' id='word_1_130' title='bbox 2117 473 2270 512; x_wconf 89' lang='lat' dir='ltr'><strong>meos</strong></span> <span class='ocrx_word' id='word_1_131' title='bbox 2299 457 2498 527; x_wconf 82' lang='lat' dir='ltr'><strong>(Joan.,</strong></span> <span class='ocrx_word' id='word_1_132' title='bbox 2540 474 2648 524; x_wconf 78' lang='lat' dir='ltr'><strong>xxi,</strong></span> <span class='ocrx_word' id='word_1_133' title='bbox 2681 460 2787 528; x_wconf 82' lang='grc'><strong>16).</strong></span> <span class='ocrx_word' id='word_1_134' title='bbox 2822 479 2848 504; x_wconf 78' lang='grc'><strong>››</strong></span> <span class='ocrx_word' id='word_1_135' title='bbox 2879 458 2990 512; x_wconf 91' lang='lat' dir='ltr'><strong>Sed</strong></span> <span class='ocrx_word' id='word_1_136' title='bbox 3021 475 3133 528; x_wconf 90' lang='lat' dir='ltr'><strong>quo</strong></span> <span class='ocrx_word' id='word_1_137' title='bbox 3170 467 3332 512; x_wconf 82' lang='lat' dir='ltr'><strong>exeat</strong></span> <span class='ocrx_word' id='word_1_138' title='bbox 3371 460 3506 515; x_wconf 89' lang='lat' dir='ltr'><strong>audi</strong></span> <span class='ocrx_word' id='word_1_139' title='bbox 3536 479 3549 513; x_wconf 93' lang='lat'><strong>:</strong></span> 
     </span>
    </p>
   </div>
   <div class='ocr_carea' id='block_1_20' title="bbox 1933 550 3554 623">
    <p class='ocr_par' dir='ltr' id='par_1_20' title="bbox 1933 550 3554 623">
     <span class='ocr_line' id='line_1_20' title="bbox 1933 550 3554 623; baseline 0.001 -17"><span class='ocrx_word' id='word_1_140' title='bbox 1933 552 2019 606; x_wconf 84' lang='lat' dir='ltr'><strong>Ad</strong></span> <span class='ocrx_word' id='word_1_141' title='bbox 2052 551 2427 613; x_wconf 72' lang='lat' dir='ltr'><strong>tabernacula,</strong></span> <span class='ocrx_word' id='word_1_142' title='bbox 2459 550 2667 622; x_wconf 90' lang='lat' dir='ltr'><strong>inquit,</strong></span> <span class='ocrx_word' id='word_1_143' title='bbox 2693 555 2992 620; x_wconf 80' lang='lat' dir='ltr'><strong>pastorum,</strong></span> <span class='ocrx_word' id='word_1_144' title='bbox 3030 550 3140 606; x_wconf 93' lang='lat' dir='ltr'><strong>hoc</strong></span> <span class='ocrx_word' id='word_1_145' title='bbox 3178 555 3283 620; x_wconf 90' lang='lat' dir='ltr'><strong>est,</strong></span> <span class='ocrx_word' id='word_1_146' title='bbox 3317 551 3390 606; x_wconf 90' lang='lat' dir='ltr'><strong>ad</strong></span> <span class='ocrx_word' id='word_1_147' title='bbox 3420 568 3554 623; x_wconf 91' lang='lat' dir='ltr'><strong>gen-</strong></span> 
     </span>
    </p>
   </div>
   <div class='ocr_carea' id='block_1_21' title="bbox 1931 644 3556 714">
    <p class='ocr_par' dir='ltr' id='par_1_21' title="bbox 1931 644 3556 714">
     <span class='ocr_line' id='line_1_21' title="bbox 1931 644 3556 714; baseline 0.002 -18"><span class='ocrx_word' id='word_1_148' title='bbox 1931 648 2032 711; x_wconf 89' lang='lat' dir='ltr'><strong>tes,</strong></span> <span class='ocrx_word' id='word_1_149' title='bbox 2075 645 2145 698; x_wconf 92' lang='lat' dir='ltr'><strong>ad</strong></span> <span class='ocrx_word' id='word_1_150' title='bbox 2185 644 2620 714; x_wconf 89' lang='lat' dir='ltr'><strong>dispersionem.</strong></span> <span class='ocrx_word' id='word_1_151' title='bbox 2651 645 2897 714; x_wconf 85' lang='lat' dir='ltr'><strong>Ideoque</strong></span> <span class='ocrx_word' id='word_1_152' title='bbox 2935 644 3074 698; x_wconf 85' lang='lat' dir='ltr'><strong>dixit</strong></span> <span class='ocrx_word' id='word_1_153' title='bbox 3114 661 3127 698; x_wconf 93' lang='lat'>:</span> <span class='ocrx_word' id='word_1_154' title='bbox 3169 666 3195 691; x_wconf 89' lang='grc'><strong><em>‹‹</em></strong></span> <span class='ocrx_word' id='word_1_155' title='bbox 3240 646 3556 700; x_wconf 87' lang='lat' dir='ltr'><strong>Percutiam</strong></span> 
     </span>
    </p>
   </div>
   <div class='ocr_carea' id='block_1_22' title="bbox 1930 738 3560 809">
    <p class='ocr_par' dir='ltr' id='par_1_22' title="bbox 1930 738 3560 809">
     <span class='ocr_line' id='line_1_22' title="bbox 1930 738 3560 809; baseline 0.004 -19"><span class='ocrx_word' id='word_1_156' title='bbox 1930 743 2237 809; x_wconf 86' lang='lat' dir='ltr'><strong>pastorem,</strong></span> <span class='ocrx_word' id='word_1_157' title='bbox 2279 741 2335 792; x_wconf 87' lang='lat' dir='ltr'><strong>et</strong></span> <span class='ocrx_word' id='word_1_158' title='bbox 2375 738 2782 809; x_wconf 89' lang='lat' dir='ltr'><strong>dispergentur</strong></span> <span class='ocrx_word' id='word_1_159' title='bbox 2812 754 2942 792; x_wconf 90' lang='lat' dir='ltr'><strong>oves</strong></span> <span class='ocrx_word' id='word_1_160' title='bbox 2979 738 3167 809; x_wconf 83' lang='lat' dir='ltr'><strong>gregis</strong></span> <span class='ocrx_word' id='word_1_161' title='bbox 3202 738 3410 808; x_wconf 61' lang='lat' dir='ltr'><strong>(luctu,</strong></span> <span class='ocrx_word' id='word_1_162' title='bbox 3446 755 3560 796; x_wconf 79' lang='lat' dir='ltr'><strong>xui.</strong></span> 
     </span>
    </p>
   </div>
   <div class='ocr_carea' id='block_1_23' title="bbox 1932 831 3558 904">
    <p class='ocr_par' dir='ltr' id='par_1_23' title="bbox 1932 831 3558 904">
     <span class='ocr_line' id='line_1_23' title="bbox 1932 831 3558 904; baseline 0.001 -20"><span class='ocrx_word' id='word_1_163' title='bbox 1932 831 2017 902; x_wconf 80' lang='lat'><strong>7);</strong></span> <span class='ocrx_word' id='word_1_164' title='bbox 2076 857 2099 879; x_wconf 86' lang='grc'><strong><em>››</em></strong></span> <span class='ocrx_word' id='word_1_165' title='bbox 2158 837 2222 885; x_wconf 91' lang='lat' dir='ltr'><strong>ut</strong></span> <span class='ocrx_word' id='word_1_166' title='bbox 2271 831 2560 902; x_wconf 86' lang='lat' dir='ltr'><strong>repleatur</strong></span> <span class='ocrx_word' id='word_1_167' title='bbox 2612 835 2762 886; x_wconf 86' lang='lat' dir='ltr'><strong>totus</strong></span> <span class='ocrx_word' id='word_1_168' title='bbox 2823 831 2972 885; x_wconf 86' lang='lat' dir='ltr'><strong>orbis</strong></span> <span class='ocrx_word' id='word_1_169' title='bbox 3036 837 3318 887; x_wconf 87' lang='lat' dir='ltr'><strong>terrarum</strong></span> <span class='ocrx_word' id='word_1_170' title='bbox 3380 849 3558 904; x_wconf 87' lang='lat' dir='ltr'><strong>grege</strong></span> 
     </span>
    </p>
   </div>
   <div class='ocr_carea' id='block_1_24' title="bbox 1931 924 3558 997">
    <p class='ocr_par' dir='ltr' id='par_1_24' title="bbox 1931 924 3558 997">
     <span class='ocr_line' id='line_1_24' title="bbox 1931 924 3558 997; baseline 0.002 -16"><span class='ocrx_word' id='word_1_171' title='bbox 1931 925 2156 991; x_wconf 90' lang='lat' dir='ltr'><strong>Christi,</strong></span> <span class='ocrx_word' id='word_1_172' title='bbox 2197 924 2524 994; x_wconf 85' lang='lat' dir='ltr'><strong>significans</strong></span> <span class='ocrx_word' id='word_1_173' title='bbox 2565 930 2700 980; x_wconf 90' lang='lat' dir='ltr'><strong>tunc</strong></span> <span class='ocrx_word' id='word_1_174' title='bbox 2749 925 2869 979; x_wconf 88' lang='lat' dir='ltr'><strong>fore</strong></span> <span class='ocrx_word' id='word_1_175' title='bbox 2916 926 3133 980; x_wconf 88' lang='lat' dir='ltr'><strong>salvam</strong></span> <span class='ocrx_word' id='word_1_176' title='bbox 3176 926 3558 997; x_wconf 80' lang='lat' dir='ltr'><strong>Synagogam.</strong></span> 
     </span>
    </p>
   </div>
   <div class='ocr_carea' id='block_1_25' title="bbox 1932 1018 3561 1091">
    <p class='ocr_par' dir='ltr' id='par_1_25' title="bbox 1932 1018 3561 1091">
     <span class='ocr_line' id='line_1_25' title="bbox 1932 1018 3561 1091; baseline 0.002 -20"><span class='ocrx_word' id='word_1_177' title='bbox 1932 1035 2062 1073; x_wconf 90' lang='lat' dir='ltr'><strong>cum</strong></span> <span class='ocrx_word' id='word_1_178' title='bbox 2109 1035 2167 1073; x_wconf 92' lang='lat' dir='ltr'><strong>se</strong></span> <span class='ocrx_word' id='word_1_179' title='bbox 2212 1018 2344 1072; x_wconf 89' lang='lat' dir='ltr'><strong>huic</strong></span> <span class='ocrx_word' id='word_1_180' title='bbox 2396 1018 2739 1089; x_wconf 90' lang='lat' dir='ltr'><strong>dispersioni</strong></span> <span class='ocrx_word' id='word_1_181' title='bbox 2793 1023 2851 1073; x_wconf 91' lang='lat' dir='ltr'><strong>et</strong></span> <span class='ocrx_word' id='word_1_182' title='bbox 2900 1018 3019 1090; x_wconf 87' lang='lat' dir='ltr'><strong>ipsa</strong></span> <span class='ocrx_word' id='word_1_183' title='bbox 3069 1020 3384 1088; x_wconf 89' lang='lat' dir='ltr'><strong>sociaverit,</strong></span> <span class='ocrx_word' id='word_1_184' title='bbox 3437 1038 3561 1091; x_wconf 85' lang='lat' dir='ltr'><strong>qua</strong></span> 
     </span>
    </p>
   </div>
   <div class='ocr_carea' id='block_1_26' title="bbox 1935 1111 3560 1184">
    <p class='ocr_par' dir='ltr' id='par_1_26' title="bbox 1935 1111 3560 1184">
     <span class='ocr_line' id='line_1_26' title="bbox 1935 1111 3560 1184; baseline 0.001 -19"><span class='ocrx_word' id='word_1_185' title='bbox 1935 1112 2171 1182; x_wconf 85' lang='lat' dir='ltr'><strong>replevit</strong></span> <span class='ocrx_word' id='word_1_186' title='bbox 2214 1112 2364 1166; x_wconf 92' lang='lat' dir='ltr'><strong>hunc</strong></span> <span class='ocrx_word' id='word_1_187' title='bbox 2399 1111 2716 1179; x_wconf 86' lang='lat' dir='ltr'><strong>mundum;</strong></span> <span class='ocrx_word' id='word_1_188' title='bbox 2759 1113 3118 1168; x_wconf 86' lang='lat' dir='ltr'><strong>tabernacula</strong></span> <span class='ocrx_word' id='word_1_189' title='bbox 3173 1114 3327 1168; x_wconf 83' lang='lat' dir='ltr'><strong>enim</strong></span> <span class='ocrx_word' id='word_1_190' title='bbox 3372 1124 3560 1184; x_wconf 87' lang='lat' dir='ltr'><strong>pasto-</strong></span> 
     </span>
    </p>
   </div>
   <div class='ocr_carea' id='block_1_27' title="bbox 1933 1209 2645 1276">
    <p class='ocr_par' dir='ltr' id='par_1_27' title="bbox 1933 1209 2645 1276">
     <span class='ocr_line' id='line_1_27' title="bbox 1933 1209 2645 1276; baseline -0.001 -16"><span class='ocrx_word' id='word_1_191' title='bbox 1933 1222 2060 1260; x_wconf 90' lang='lat' dir='ltr'><strong>rum</strong></span> <span class='ocrx_word' id='word_1_192' title='bbox 2088 1209 2222 1259; x_wconf 90' lang='lat' dir='ltr'><strong>sunt</strong></span> <span class='ocrx_word' id='word_1_193' title='bbox 2252 1222 2430 1276; x_wconf 89' lang='lat' dir='ltr'><strong>regna</strong></span> <span class='ocrx_word' id='word_1_194' title='bbox 2454 1210 2645 1260; x_wconf 85' lang='lat' dir='ltr'><strong>terra.</strong></span> 
     </span>
    </p>
   </div>
   <div class='ocr_carea' id='block_1_28' title="bbox 2004 1298 3562 1370">
    <p class='ocr_par' dir='ltr' id='par_1_28' title="bbox 2004 1298 3562 1370">
     <span class='ocr_line' id='line_1_28' title="bbox 2004 1298 3562 1370; baseline 0 -16"><span class='ocrx_word' id='word_1_195' title='bbox 2004 1302 2090 1354; x_wconf 86' lang='lat'><strong>39.</strong></span> <span class='ocrx_word' id='word_1_196' title='bbox 2140 1298 2315 1370; x_wconf 90' lang='lat' dir='ltr'><strong>(Vers.</strong></span> <span class='ocrx_word' id='word_1_197' title='bbox 2365 1301 2443 1367; x_wconf 91' lang='lat'><strong>8.)</strong></span> <span class='ocrx_word' id='word_1_198' title='bbox 2489 1300 2598 1366; x_wconf 80' lang='lat' dir='ltr'><strong>(3t)</strong></span> <span class='ocrx_word' id='word_1_199' title='bbox 2647 1303 2812 1369; x_wconf 79' lang='lat' dir='ltr'><strong>Equa:</strong></span> <span class='ocrx_word' id='word_1_200' title='bbox 2859 1317 2985 1355; x_wconf 76' lang='lat' dir='ltr'><strong>mea</strong></span> <span class='ocrx_word' id='word_1_201' title='bbox 3028 1304 3086 1354; x_wconf 85' lang='lat' dir='ltr'><strong>in</strong></span> <span class='ocrx_word' id='word_1_202' title='bbox 3131 1304 3376 1356; x_wconf 80' lang='lat' dir='ltr'><strong>curribus</strong></span> <span class='ocrx_word' id='word_1_203' title='bbox 3417 1305 3562 1358; x_wconf 65' lang='lat' dir='ltr'><strong>Plia-</strong></span> 
     </span>
    </p>
   </div>
   <div class='ocr_carea' id='block_1_29' title="bbox 1934 1394 3562 1464">
    <p class='ocr_par' dir='ltr' id='par_1_29' title="bbox 1934 1394 3562 1464">
     <span class='ocr_line' id='line_1_29' title="bbox 1934 1394 3562 1464; baseline 0.002 -18"><span class='ocrx_word' id='word_1_204' title='bbox 1934 1396 2119 1447; x_wconf 87' lang='lat' dir='ltr'><strong>raonis</strong></span> <span class='ocrx_word' id='word_1_205' title='bbox 2147 1394 2446 1448; x_wconf 84' lang='lat' dir='ltr'><strong>assimilavi</strong></span> <span class='ocrx_word' id='word_1_206' title='bbox 2482 1399 2548 1454; x_wconf 82' lang='lat' dir='ltr'><strong>te,</strong></span> <span class='ocrx_word' id='word_1_207' title='bbox 2580 1397 2835 1463; x_wconf 68' lang='lat' dir='ltr'><strong>proxima</strong></span> <span class='ocrx_word' id='word_1_208' title='bbox 2867 1409 3004 1448; x_wconf 88' lang='lat' dir='ltr'><strong>mea.</strong></span> <span class='ocrx_word' id='word_1_209' title='bbox 3035 1396 3096 1449; x_wconf 92' lang='lat' dir='ltr'><strong>ln</strong></span> <span class='ocrx_word' id='word_1_210' title='bbox 3139 1411 3254 1464; x_wconf 92' lang='lat' dir='ltr'><strong>quo</strong></span> <span class='ocrx_word' id='word_1_211' title='bbox 3291 1394 3428 1449; x_wconf 91' lang='lat' dir='ltr'><strong>dum</strong></span> <span class='ocrx_word' id='word_1_212' title='bbox 3467 1413 3562 1450; x_wconf 85' lang='lat' dir='ltr'><strong>ve—</strong></span> 
     </span>
    </p>
   </div>
   <div class='ocr_carea' id='block_1_30' title="bbox 1936 1486 3560 1557">
    <p class='ocr_par' dir='ltr' id='par_1_30' title="bbox 1936 1486 3560 1557">
     <span class='ocr_line' id='line_1_30' title="bbox 1936 1486 3560 1557; baseline 0.002 -18"><span class='ocrx_word' id='word_1_213' title='bbox 1936 1486 2141 1540; x_wconf 91' lang='lat' dir='ltr'><strong>locium</strong></span> <span class='ocrx_word' id='word_1_214' title='bbox 2186 1502 2463 1557; x_wconf 88' lang='lat' dir='ltr'><strong>equorum</strong></span> <span class='ocrx_word' id='word_1_215' title='bbox 2505 1487 2694 1540; x_wconf 91' lang='lat' dir='ltr'><strong>cursui</strong></span> <span class='ocrx_word' id='word_1_216' title='bbox 2737 1486 3048 1542; x_wconf 90' lang='lat' dir='ltr'><strong>similitudo</strong></span> <span class='ocrx_word' id='word_1_217' title='bbox 3099 1487 3355 1542; x_wconf 85' lang='lat' dir='ltr'><strong>Ecclesia</strong></span> <span class='ocrx_word' id='word_1_218' title='bbox 3402 1505 3560 1544; x_wconf 91' lang='lat' dir='ltr'><strong>com-</strong></span> 
     </span>
    </p>
   </div>
   <div class='ocr_carea' id='block_1_31' title="bbox 1937 1579 3563 1652">
    <p class='ocr_par' dir='ltr' id='par_1_31' title="bbox 1937 1579 3563 1652">
     <span class='ocr_line' id='line_1_31' title="bbox 1937 1579 3563 1652; baseline 0.002 -19"><span class='ocrx_word' id='word_1_219' title='bbox 1937 1580 2125 1650; x_wconf 90' lang='lat' dir='ltr'><strong>parari</strong></span> <span class='ocrx_word' id='word_1_220' title='bbox 2170 1579 2412 1640; x_wconf 89' lang='lat' dir='ltr'><strong>videtur,</strong></span> <span class='ocrx_word' id='word_1_221' title='bbox 2460 1579 2779 1634; x_wconf 70' lang='lat' dir='ltr'><strong>aestimatur</strong></span> <span class='ocrx_word' id='word_1_222' title='bbox 2825 1580 2980 1634; x_wconf 90' lang='lat' dir='ltr'><strong>dives</strong></span> <span class='ocrx_word' id='word_1_223' title='bbox 3025 1581 3146 1651; x_wconf 88' lang='lat' dir='ltr'><strong>ejus</strong></span> <span class='ocrx_word' id='word_1_224' title='bbox 3195 1582 3395 1652; x_wconf 88' lang='lat' dir='ltr'><strong>gratia.</strong></span> <span class='ocrx_word' id='word_1_225' title='bbox 3444 1582 3563 1636; x_wconf 82' lang='lat' dir='ltr'><strong>Non</strong></span> 
     </span>
    </p>
   </div>
   <div class='ocr_carea' id='block_1_32' title="bbox 1935 1672 3562 1746">
    <p class='ocr_par' dir='ltr' id='par_1_32' title="bbox 1935 1672 3562 1746">
     <span class='ocr_line' id='line_1_32' title="bbox 1935 1672 3562 1746; baseline 0.001 -21"><span class='ocrx_word' id='word_1_226' title='bbox 1935 1673 2113 1742; x_wconf 89' lang='lat' dir='ltr'><strong>igitur</strong></span> <span class='ocrx_word' id='word_1_227' title='bbox 2138 1689 2308 1727; x_wconf 91' lang='lat' dir='ltr'><strong>unam</strong></span> <span class='ocrx_word' id='word_1_228' title='bbox 2333 1689 2538 1744; x_wconf 85' lang='lat' dir='ltr'><strong>equam</strong></span> <span class='ocrx_word' id='word_1_229' title='bbox 2567 1672 2756 1727; x_wconf 89' lang='lat' dir='ltr'><strong>divitis</strong></span> <span class='ocrx_word' id='word_1_230' title='bbox 2795 1673 2946 1745; x_wconf 91' lang='lat' dir='ltr'><strong>regis</strong></span> <span class='ocrx_word' id='word_1_231' title='bbox 2985 1674 3288 1746; x_wconf 85' lang='lat' dir='ltr'><strong>intelligas,</strong></span> <span class='ocrx_word' id='word_1_232' title='bbox 3323 1676 3420 1730; x_wconf 90' lang='lat' dir='ltr'><strong>sed</strong></span> <span class='ocrx_word' id='word_1_233' title='bbox 3461 1677 3562 1729; x_wconf 83' lang='lat' dir='ltr'><strong>ab-</strong></span> 
     </span>
    </p>
   </div>
   <div class='ocr_carea' id='block_1_33' title="bbox 195 1748 3566 1840">
    <p class='ocr_par' dir='ltr' id='par_1_33' title="bbox 195 1748 3566 1840">
     <span class='ocr_line' id='line_1_33' title="bbox 195 1748 3566 1840; baseline 0.002 -22"><span class='ocrx_word' id='word_1_234' title='bbox 195 1765 365 1831; x_wconf 87' lang='lat' dir='ltr'><strong>facta,</strong></span> <span class='ocrx_word' id='word_1_235' title='bbox 407 1764 899 1836; x_wconf 83' lang='lat' dir='ltr'><strong>cogitationesque</strong></span> <span class='ocrx_word' id='word_1_236' title='bbox 947 1770 1204 1821; x_wconf 89' lang='lat' dir='ltr'><strong>manant.</strong></span> <span class='ocrx_word' id='word_1_237' title='bbox 1257 1768 1377 1822; x_wconf 90' lang='lat' dir='ltr'><strong>Tibi</strong></span> <span class='ocrx_word' id='word_1_238' title='bbox 1423 1785 1562 1840; x_wconf 90' lang='lat' dir='ltr'><strong>ergo</strong></span> <span class='ocrx_word' id='word_1_239' title='bbox 1605 1748 2117 1825; x_wconf 80' lang='lat' dir='ltr'><strong>attendeBsoluto</strong></span> <span class='ocrx_word' id='word_1_240' title='bbox 2163 1783 2263 1837; x_wconf 89' lang='lat' dir='ltr'><strong>pro</strong></span> <span class='ocrx_word' id='word_1_241' title='bbox 2301 1766 2574 1837; x_wconf 88' lang='lat' dir='ltr'><strong>equitatu,</strong></span> <span class='ocrx_word' id='word_1_242' title='bbox 2618 1773 2681 1820; x_wconf 92' lang='lat' dir='ltr'><strong>ut</strong></span> <span class='ocrx_word' id='word_1_243' title='bbox 2725 1784 2873 1838; x_wconf 86' lang='lat' dir='ltr'><strong>sape</strong></span> <span class='ocrx_word' id='word_1_244' title='bbox 2916 1767 3179 1835; x_wconf 82' lang='lat' dir='ltr'><strong>diximus,</strong></span> <span class='ocrx_word' id='word_1_245' title='bbox 3215 1771 3400 1840; x_wconf 88' lang='lat' dir='ltr'><strong>qualis</strong></span> <span class='ocrx_word' id='word_1_246' title='bbox 3445 1773 3566 1826; x_wconf 87' lang='lat' dir='ltr'><strong>ovis</strong></span> 
     </span>
    </p>
   </div>
   <div class='ocr_carea' id='block_1_34' title="bbox 197 1859 1832 1935">
    <p class='ocr_par' dir='ltr' id='par_1_34' title="bbox 197 1859 1832 1935">
     <span class='ocr_line' id='line_1_34' title="bbox 197 1859 1832 1935; baseline 0.004 -23"><span class='ocrx_word' id='word_1_247' title='bbox 197 1859 298 1925; x_wconf 91' lang='lat' dir='ltr'><strong>ibi,</strong></span> <span class='ocrx_word' id='word_1_248' title='bbox 355 1859 448 1914; x_wconf 92' lang='lat' dir='ltr'><strong>ubi</strong></span> <span class='ocrx_word' id='word_1_249' title='bbox 499 1859 783 1930; x_wconf 91' lang='lat' dir='ltr'><strong>potiorem</strong></span> <span class='ocrx_word' id='word_1_250' title='bbox 835 1876 954 1915; x_wconf 87' lang='lat' dir='ltr'><strong>esse</strong></span> <span class='ocrx_word' id='word_1_251' title='bbox 1000 1866 1055 1915; x_wconf 89' lang='lat' dir='ltr'><strong>te</strong></span> <span class='ocrx_word' id='word_1_252' title='bbox 1113 1862 1283 1916; x_wconf 86' lang='lat' dir='ltr'><strong>nosti.</strong></span> <span class='ocrx_word' id='word_1_253' title='bbox 1336 1863 1512 1918; x_wconf 85' lang='lat' dir='ltr'><strong>Nosce</strong></span> <span class='ocrx_word' id='word_1_254' title='bbox 1568 1864 1832 1935; x_wconf 88' lang='lat' dir='ltr'><strong>teipsum,</strong></span> 
     </span>
    </p>
   </div>
   <div class='ocr_carea' id='block_1_35' title="bbox 195 1952 1835 2028">
    <p class='ocr_par' dir='ltr' id='par_1_35' title="bbox 195 1952 1835 2028">
     <span class='ocr_line' id='line_1_35' title="bbox 195 1952 1835 2028; baseline 0.004 -22"><span class='ocrx_word' id='word_1_255' title='bbox 195 1952 350 2024; x_wconf 88' lang='lat' dir='ltr'><strong>quod</strong></span> <span class='ocrx_word' id='word_1_256' title='bbox 376 1952 622 2024; x_wconf 79' lang='lat' dir='ltr'><strong>Apollini</strong></span> <span class='ocrx_word' id='word_1_257' title='bbox 655 1953 853 2024; x_wconf 87' lang='lat' dir='ltr'><strong>Pythio</strong></span> <span class='ocrx_word' id='word_1_258' title='bbox 891 1954 1184 2026; x_wconf 86' lang='lat' dir='ltr'><strong>assignant</strong></span> <span class='ocrx_word' id='word_1_259' title='bbox 1227 1956 1469 2027; x_wconf 84' lang='lat' dir='ltr'><strong>gentiles</strong></span> <span class='ocrx_word' id='word_1_260' title='bbox 1510 1958 1636 2024; x_wconf 89' lang='lat' dir='ltr'><strong>viri,</strong></span> <span class='ocrx_word' id='word_1_261' title='bbox 1671 1961 1835 2028; x_wconf 88' lang='lat' dir='ltr'><strong>quasi</strong></span> 
     </span>
    </p>
   </div>
   <div class='ocr_carea' id='block_1_36' title="bbox 198 2046 1834 2118">
    <p class='ocr_par' dir='ltr' id='par_1_36' title="bbox 198 2046 1834 2118">
     <span class='ocr_line' id='line_1_36' title="bbox 198 2046 1834 2118; baseline 0.004 -18"><span class='ocrx_word' id='word_1_262' title='bbox 198 2046 319 2117; x_wconf 89' lang='lat' dir='ltr'><strong>ipse</strong></span> <span class='ocrx_word' id='word_1_263' title='bbox 353 2049 546 2101; x_wconf 89' lang='lat' dir='ltr'><strong>auctor</strong></span> <span class='ocrx_word' id='word_1_264' title='bbox 581 2047 755 2101; x_wconf 89' lang='lat' dir='ltr'><strong>fuerit</strong></span> <span class='ocrx_word' id='word_1_265' title='bbox 794 2047 964 2118; x_wconf 90' lang='lat' dir='ltr'><strong>hujus</strong></span> <span class='ocrx_word' id='word_1_266' title='bbox 1001 2049 1318 2116; x_wconf 85' lang='lat' dir='ltr'><strong>sententia,</strong></span> <span class='ocrx_word' id='word_1_267' title='bbox 1364 2066 1494 2104; x_wconf 93' lang='lat' dir='ltr'><strong>cum</strong></span> <span class='ocrx_word' id='word_1_268' title='bbox 1533 2051 1600 2104; x_wconf 86' lang='lat' dir='ltr'><strong>de</strong></span> <span class='ocrx_word' id='word_1_269' title='bbox 1641 2056 1834 2106; x_wconf 88' lang='lat' dir='ltr'><strong>nostro</strong></span> 
     </span>
    </p>
   </div>
   <div class='ocr_carea' id='block_1_37' title="bbox 203 2140 1837 2214">
    <p class='ocr_par' dir='ltr' id='par_1_37' title="bbox 203 2140 1837 2214">
     <span class='ocr_line' id='line_1_37' title="bbox 203 2140 1837 2214; baseline 0.004 -21"><span class='ocrx_word' id='word_1_270' title='bbox 203 2143 536 2211; x_wconf 85' lang='lat' dir='ltr'><strong>usurpatam</strong></span> <span class='ocrx_word' id='word_1_271' title='bbox 585 2140 656 2194; x_wconf 91' lang='lat' dir='ltr'><strong>ad</strong></span> <span class='ocrx_word' id='word_1_272' title='bbox 698 2157 799 2194; x_wconf 91' lang='lat' dir='ltr'><strong>sua</strong></span> <span class='ocrx_word' id='word_1_273' title='bbox 842 2141 1201 2209; x_wconf 85' lang='lat' dir='ltr'><strong>transferant,</strong></span> <span class='ocrx_word' id='word_1_274' title='bbox 1261 2148 1316 2198; x_wconf 90' lang='lat' dir='ltr'><strong>et</strong></span> <span class='ocrx_word' id='word_1_275' title='bbox 1357 2145 1528 2214; x_wconf 90' lang='lat' dir='ltr'><strong>longe</strong></span> <span class='ocrx_word' id='word_1_276' title='bbox 1583 2145 1837 2200; x_wconf 89' lang='lat' dir='ltr'><strong>anterior</strong></span> 
     </span>
    </p>
   </div>
   <div class='ocr_carea' id='block_1_38' title="bbox 197 2233 1832 2306">
    <p class='ocr_par' dir='ltr' id='par_1_38' title="bbox 197 2233 1832 2306">
     <span class='ocr_line' id='line_1_38' title="bbox 197 2233 1832 2306; baseline 0.004 -19"><span class='ocrx_word' id='word_1_277' title='bbox 197 2233 412 2303; x_wconf 73' lang='lat' dir='ltr'><strong>.onses</strong></span> <span class='ocrx_word' id='word_1_278' title='bbox 459 2233 631 2288; x_wconf 89' lang='lat' dir='ltr'><strong>fuerit</strong></span> <span class='ocrx_word' id='word_1_279' title='bbox 683 2233 778 2305; x_wconf 92' lang='lat' dir='ltr'><strong>qui</strong></span> <span class='ocrx_word' id='word_1_280' title='bbox 835 2235 1058 2306; x_wconf 88' lang='lat' dir='ltr'><strong>scripsit</strong></span> <span class='ocrx_word' id='word_1_281' title='bbox 1111 2235 1324 2290; x_wconf 89' lang='lat' dir='ltr'><strong>librum</strong></span> <span class='ocrx_word' id='word_1_282' title='bbox 1380 2238 1832 2304; x_wconf 90' lang='lat' dir='ltr'><strong>Deuteronomii,</strong></span> 
     </span>
    </p>
   </div>
   <div class='ocr_carea' id='block_1_39' title="bbox 199 2326 1328 2399">
    <p class='ocr_par' dir='ltr' id='par_1_39' title="bbox 199 2326 1328 2399">
     <span class='ocr_line' id='line_1_39' title="bbox 199 2326 1328 2399; baseline 0.004 -19"><span class='ocrx_word' id='word_1_283' title='bbox 199 2340 373 2396; x_wconf 89' lang='lat' dir='ltr'><strong>quam</strong></span> <span class='ocrx_word' id='word_1_284' title='bbox 406 2326 727 2398; x_wconf 88' lang='lat' dir='ltr'><strong>philosophi</strong></span> <span class='ocrx_word' id='word_1_285' title='bbox 757 2328 858 2399; x_wconf 91' lang='lat' dir='ltr'><strong>qui</strong></span> <span class='ocrx_word' id='word_1_286' title='bbox 883 2327 990 2383; x_wconf 87' lang='lat' dir='ltr'><strong>ista</strong></span> <span class='ocrx_word' id='word_1_287' title='bbox 1018 2328 1328 2384; x_wconf 82' lang='lat' dir='ltr'><strong>tinxerunt.</strong></span> 
     </span>
    </p>
   </div>
   <div class='ocr_carea' id='block_1_40' title="bbox 270 2419 1836 2480">
    <p class='ocr_par' dir='ltr' id='par_1_40' title="bbox 270 2419 1836 2480">
     <span class='ocr_line' id='line_1_40' title="bbox 270 2419 1836 2480; baseline 0.004 -6"><span class='ocrx_word' id='word_1_288' title='bbox 270 2424 361 2474; x_wconf 88' lang='lat'><strong>37.</strong></span> <span class='ocrx_word' id='word_1_289' title='bbox 392 2419 552 2475; x_wconf 89' lang='lat' dir='ltr'><strong>Unde</strong></span> <span class='ocrx_word' id='word_1_290' title='bbox 589 2426 645 2475; x_wconf 90' lang='lat' dir='ltr'><strong>et</strong></span> <span class='ocrx_word' id='word_1_291' title='bbox 680 2421 953 2476; x_wconf 91' lang='lat' dir='ltr'><strong>Salomon</strong></span> <span class='ocrx_word' id='word_1_292' title='bbox 987 2421 1276 2477; x_wconf 89' lang='lat' dir='ltr'><strong>oraculum</strong></span> <span class='ocrx_word' id='word_1_293' title='bbox 1309 2423 1568 2478; x_wconf 87' lang='lat' dir='ltr'><strong>divinum</strong></span> <span class='ocrx_word' id='word_1_294' title='bbox 1609 2430 1836 2480; x_wconf 91' lang='lat' dir='ltr'><strong>secutus</strong></span> 
     </span>
    </p>
   </div>
   <div class='ocr_carea' id='block_1_41' title="bbox 198 2513 1829 2585">
    <p class='ocr_par' dir='ltr' id='par_1_41' title="bbox 198 2513 1829 2585">
     <span class='ocr_line' id='line_1_41' title="bbox 198 2513 1829 2585; baseline 0.004 -18"><span class='ocrx_word' id='word_1_295' title='bbox 198 2513 431 2585; x_wconf 83' lang='lat' dir='ltr'><strong>scripsit</strong></span> <span class='ocrx_word' id='word_1_296' title='bbox 471 2513 528 2568; x_wconf 92' lang='lat' dir='ltr'><strong>in</strong></span> <span class='ocrx_word' id='word_1_297' title='bbox 571 2515 816 2570; x_wconf 89' lang='lat' dir='ltr'><strong>Canticis</strong></span> <span class='ocrx_word' id='word_1_298' title='bbox 856 2516 1206 2571; x_wconf 90' lang='lat' dir='ltr'><strong>canticorum</strong></span> <span class='ocrx_word' id='word_1_299' title='bbox 1252 2534 1265 2572; x_wconf 93' lang='lat'>:</span> <span class='ocrx_word' id='word_1_300' title='bbox 1306 2521 1424 2574; x_wconf 86' lang='lat' dir='ltr'><strong>Nisi</strong></span> <span class='ocrx_word' id='word_1_301' title='bbox 1459 2521 1596 2574; x_wconf 87' lang='lat' dir='ltr'><strong>scias</strong></span> <span class='ocrx_word' id='word_1_302' title='bbox 1627 2525 1696 2580; x_wconf 82' lang='lat' dir='ltr'><strong>te,</strong></span> <span class='ocrx_word' id='word_1_303' title='bbox 1738 2521 1829 2573; x_wconf 85' lang='lat' dir='ltr'><strong>de-</strong></span> 
     </span>
    </p>
   </div>
   <div class='ocr_carea' id='block_1_42' title="bbox 199 2609 1832 2682">
    <p class='ocr_par' dir='ltr' id='par_1_42' title="bbox 199 2609 1832 2682">
     <span class='ocr_line' id='line_1_42' title="bbox 199 2609 1832 2682; baseline 0.002 -20"><span class='ocrx_word' id='word_1_304' title='bbox 199 2621 329 2662; x_wconf 85' lang='lat' dir='ltr'><strong>cora</strong></span> <span class='ocrx_word' id='word_1_305' title='bbox 355 2610 497 2662; x_wconf 85' lang='lat' dir='ltr'><strong>inter</strong></span> <span class='ocrx_word' id='word_1_306' title='bbox 525 2609 802 2675; x_wconf 78' lang='lat' dir='ltr'><strong>mulieres;</strong></span> <span class='ocrx_word' id='word_1_307' title='bbox 831 2609 938 2664; x_wconf 92' lang='lat' dir='ltr'><strong>hoc</strong></span> <span class='ocrx_word' id='word_1_308' title='bbox 973 2613 1076 2676; x_wconf 89' lang='lat' dir='ltr'><strong>est,</strong></span> <span class='ocrx_word' id='word_1_309' title='bbox 1107 2611 1212 2664; x_wconf 91' lang='lat' dir='ltr'><strong>nisi</strong></span> <span class='ocrx_word' id='word_1_310' title='bbox 1251 2627 1558 2682; x_wconf 88' lang='lat' dir='ltr'><strong>cognoscas</strong></span> <span class='ocrx_word' id='word_1_311' title='bbox 1594 2618 1649 2666; x_wconf 89' lang='lat' dir='ltr'><strong>te</strong></span> <span class='ocrx_word' id='word_1_312' title='bbox 1678 2629 1832 2668; x_wconf 87' lang='lat' dir='ltr'><strong>mor-</strong></span> 
     </span>
    </p>
   </div>
   <div class='ocr_carea' id='block_1_43' title="bbox 199 2701 1834 2776">
    <p class='ocr_par' dir='ltr' id='par_1_43' title="bbox 199 2701 1834 2776">
     <span class='ocr_line' id='line_1_43' title="bbox 199 2701 1834 2776; baseline 0.004 -21"><span class='ocrx_word' id='word_1_313' title='bbox 199 2702 378 2755; x_wconf 82' lang='lat' dir='ltr'><strong>talem</strong></span> <span class='ocrx_word' id='word_1_314' title='bbox 415 2701 770 2768; x_wconf 87' lang='lat' dir='ltr'><strong>rationalem,</strong></span> <span class='ocrx_word' id='word_1_315' title='bbox 809 2709 865 2757; x_wconf 91' lang='lat' dir='ltr'><strong>et</strong></span> <span class='ocrx_word' id='word_1_316' title='bbox 905 2703 1015 2758; x_wconf 92' lang='lat' dir='ltr'><strong>cito</strong></span> <span class='ocrx_word' id='word_1_317' title='bbox 1051 2709 1148 2758; x_wconf 87' lang='lat' dir='ltr'><strong>tua</strong></span> <span class='ocrx_word' id='word_1_318' title='bbox 1184 2711 1411 2776; x_wconf 87' lang='lat' dir='ltr'><strong>peccata</strong></span> <span class='ocrx_word' id='word_1_319' title='bbox 1449 2706 1691 2773; x_wconf 81' lang='lat' dir='ltr'><strong>fatearis,</strong></span> <span class='ocrx_word' id='word_1_320' title='bbox 1723 2707 1834 2762; x_wconf 89' lang='lat' dir='ltr'><strong>cito</strong></span> 
     </span>
    </p>
   </div>
   <div class='ocr_carea' id='block_1_44' title="bbox 198 2794 1831 2868">
    <p class='ocr_par' dir='ltr' id='par_1_44' title="bbox 198 2794 1831 2868">
     <span class='ocr_line' id='line_1_44' title="bbox 198 2794 1831 2868; baseline 0.004 -19"><span class='ocrx_word' id='word_1_321' title='bbox 198 2794 359 2849; x_wconf 89' lang='lat' dir='ltr'><strong>dicas</strong></span> <span class='ocrx_word' id='word_1_322' title='bbox 396 2794 723 2866; x_wconf 90' lang='lat' dir='ltr'><strong>iniquitates</strong></span> <span class='ocrx_word' id='word_1_323' title='bbox 762 2803 884 2850; x_wconf 90' lang='lat' dir='ltr'><strong>tuas</strong></span> <span class='ocrx_word' id='word_1_324' title='bbox 931 2800 992 2851; x_wconf 90' lang='lat' dir='ltr'><strong>ut</strong></span> <span class='ocrx_word' id='word_1_325' title='bbox 1014 2797 1355 2868; x_wconf 89' lang='lat' dir='ltr'><strong>justiticeris,</strong></span> <span class='ocrx_word' id='word_1_326' title='bbox 1401 2799 1507 2853; x_wconf 89' lang='lat' dir='ltr'><strong>nisi</strong></span> <span class='ocrx_word' id='word_1_327' title='bbox 1537 2803 1831 2856; x_wconf 85' lang='lat' dir='ltr'><strong>converta-</strong></span> 
     </span>
    </p>
   </div>
   <div class='ocr_carea' id='block_1_45' title="bbox 199 2888 1836 2959">
    <p class='ocr_par' dir='ltr' id='par_1_45' title="bbox 199 2888 1836 2959">
     <span class='ocr_line' id='line_1_45' title="bbox 199 2888 1836 2959; baseline 0.005 -18"><span class='ocrx_word' id='word_1_328' title='bbox 199 2888 299 2954; x_wconf 85' lang='lat' dir='ltr'><strong>ris,</strong></span> <span class='ocrx_word' id='word_1_329' title='bbox 339 2894 395 2943; x_wconf 88' lang='lat' dir='ltr'><strong>et</strong></span> <span class='ocrx_word' id='word_1_330' title='bbox 437 2888 594 2959; x_wconf 87' lang='lat' dir='ltr'><strong>prior</strong></span> <span class='ocrx_word' id='word_1_331' title='bbox 638 2905 866 2945; x_wconf 87' lang='lat' dir='ltr'><strong>accuses</strong></span> <span class='ocrx_word' id='word_1_332' title='bbox 904 2890 1107 2945; x_wconf 91' lang='lat' dir='ltr'><strong>delicta</strong></span> <span class='ocrx_word' id='word_1_333' title='bbox 1145 2895 1264 2958; x_wconf 91' lang='lat' dir='ltr'><strong>tua,</strong></span> <span class='ocrx_word' id='word_1_334' title='bbox 1295 2892 1452 2947; x_wconf 86' lang='lat' dir='ltr'><strong>venit</strong></span> <span class='ocrx_word' id='word_1_335' title='bbox 1485 2893 1607 2948; x_wconf 90' lang='lat' dir='ltr'><strong>dies</strong></span> <span class='ocrx_word' id='word_1_336' title='bbox 1636 2895 1836 2950; x_wconf 89' lang='lat' dir='ltr'><strong>mortis</strong></span> 
     </span>
    </p>
   </div>
   <div class='ocr_carea' id='block_1_46' title="bbox 199 2981 1832 3058">
    <p class='ocr_par' dir='ltr' id='par_1_46' title="bbox 199 2981 1832 3058">
     <span class='ocr_line' id='line_1_46' title="bbox 199 2981 1832 3058; baseline 0.004 -23"><span class='ocrx_word' id='word_1_337' title='bbox 199 2987 259 3035; x_wconf 89' lang='lat' dir='ltr'><strong>et</strong></span> <span class='ocrx_word' id='word_1_338' title='bbox 285 2981 410 3052; x_wconf 88' lang='lat' dir='ltr'><strong>jam</strong></span> <span class='ocrx_word' id='word_1_339' title='bbox 459 2982 679 3036; x_wconf 91' lang='lat' dir='ltr'><strong>nultum</strong></span> <span class='ocrx_word' id='word_1_340' title='bbox 718 2984 1101 3039; x_wconf 89' lang='lat' dir='ltr'><strong>conversionis</strong></span> <span class='ocrx_word' id='word_1_341' title='bbox 1127 2985 1448 3040; x_wconf 90' lang='lat' dir='ltr'><strong>remedium</strong></span> <span class='ocrx_word' id='word_1_342' title='bbox 1477 2990 1588 3052; x_wconf 88' lang='lat' dir='ltr'><strong>est;</strong></span> <span class='ocrx_word' id='word_1_343' title='bbox 1618 3004 1832 3058; x_wconf 86' lang='lat' dir='ltr'><strong>prave-</strong></span> 
     </span>
    </p>
   </div>
   <div class='ocr_carea' id='block_1_47' title="bbox 199 3076 1834 3152">
    <p class='ocr_par' dir='ltr' id='par_1_47' title="bbox 199 3076 1834 3152">
     <span class='ocr_line' id='line_1_47' title="bbox 199 3076 1834 3152; baseline 0.004 -23"><span class='ocrx_word' id='word_1_344' title='bbox 199 3076 345 3129; x_wconf 87' lang='lat' dir='ltr'><strong>niris</strong></span> <span class='ocrx_word' id='word_1_345' title='bbox 370 3076 506 3130; x_wconf 90' lang='lat' dir='ltr'><strong>dum</strong></span> <span class='ocrx_word' id='word_1_346' title='bbox 535 3076 769 3146; x_wconf 87' lang='lat' dir='ltr'><strong>cogitas.</strong></span> <span class='ocrx_word' id='word_1_347' title='bbox 799 3077 1056 3133; x_wconf 80' lang='lat' dir='ltr'><strong>Accende</strong></span> <span class='ocrx_word' id='word_1_348' title='bbox 1087 3077 1265 3134; x_wconf 83' lang='lat' dir='ltr'><strong>facem</strong></span> <span class='ocrx_word' id='word_1_349' title='bbox 1296 3085 1470 3148; x_wconf 89' lang='lat' dir='ltr'><strong>tuam,</strong></span> <span class='ocrx_word' id='word_1_350' title='bbox 1503 3081 1834 3152; x_wconf 87' lang='lat' dir='ltr'><strong>priusquam</strong></span> 
     </span>
    </p>
   </div>
   <div class='ocr_carea' id='block_1_48' title="bbox 201 3169 1834 3244">
    <p class='ocr_par' dir='ltr' id='par_1_48' title="bbox 201 3169 1834 3244">
     <span class='ocr_line' id='line_1_48' title="bbox 201 3169 1834 3244; baseline 0.006 -22"><span class='ocrx_word' id='word_1_351' title='bbox 201 3170 401 3240; x_wconf 87' lang='lat' dir='ltr'><strong>sponsi</strong></span> <span class='ocrx_word' id='word_1_352' title='bbox 429 3169 536 3224; x_wconf 91' lang='lat' dir='ltr'><strong>tibi</strong></span> <span class='ocrx_word' id='word_1_353' title='bbox 555 3170 734 3240; x_wconf 88' lang='lat' dir='ltr'><strong>janua</strong></span> <span class='ocrx_word' id='word_1_354' title='bbox 765 3171 1081 3239; x_wconf 89' lang='lat' dir='ltr'><strong>claudatur,</strong></span> <span class='ocrx_word' id='word_1_355' title='bbox 1113 3173 1211 3244; x_wconf 91' lang='lat' dir='ltr'><strong>qui</strong></span> <span class='ocrx_word' id='word_1_356' title='bbox 1241 3179 1564 3244; x_wconf 84' lang='lat' dir='ltr'><strong>exspectare</strong></span> <span class='ocrx_word' id='word_1_357' title='bbox 1593 3175 1688 3230; x_wconf 92' lang='lat' dir='ltr'><strong>diu</strong></span> <span class='ocrx_word' id='word_1_358' title='bbox 1717 3193 1834 3231; x_wconf 92' lang='lat' dir='ltr'><strong>non</strong></span> 
     </span>
    </p>
   </div>
   <div class='ocr_carea' id='block_1_49' title="bbox 195 3263 1837 3338">
    <p class='ocr_par' dir='ltr' id='par_1_49' title="bbox 195 3263 1837 3338">
     <span class='ocr_line' id='line_1_49' title="bbox 195 3263 1837 3338; baseline 0.006 -22"><span class='ocrx_word' id='word_1_359' title='bbox 195 3263 348 3317; x_wconf 87' lang='lat' dir='ltr'><strong>solet</strong></span> <span class='ocrx_word' id='word_1_360' title='bbox 377 3263 760 3334; x_wconf 89' lang='lat' dir='ltr'><strong>negligentes.</strong></span> <span class='ocrx_word' id='word_1_361' title='bbox 785 3267 908 3322; x_wconf 84' lang='lat' dir='ltr'><strong>Nisi</strong></span> <span class='ocrx_word' id='word_1_362' title='bbox 943 3267 1083 3321; x_wconf 86' lang='lat' dir='ltr'><strong>scias</strong></span> <span class='ocrx_word' id='word_1_363' title='bbox 1123 3272 1190 3328; x_wconf 89' lang='lat' dir='ltr'><strong>te,</strong></span> <span class='ocrx_word' id='word_1_364' title='bbox 1231 3267 1436 3338; x_wconf 88' lang='lat' dir='ltr'><strong>inquit,</strong></span> <span class='ocrx_word' id='word_1_365' title='bbox 1473 3269 1666 3324; x_wconf 84' lang='lat' dir='ltr'><strong>decora</strong></span> <span class='ocrx_word' id='word_1_366' title='bbox 1697 3273 1837 3326; x_wconf 83' lang='lat' dir='ltr'><strong>inter</strong></span> 
     </span>
    </p>
   </div>
   <div class='ocr_carea' id='block_1_50' title="bbox 194 3357 1837 3431">
    <p class='ocr_par' dir='ltr' id='par_1_50' title="bbox 194 3357 1837 3431">
     <span class='ocr_line' id='line_1_50' title="bbox 194 3357 1837 3431; baseline 0.005 -20"><span class='ocrx_word' id='word_1_367' title='bbox 194 3357 473 3421; x_wconf 75' lang='lat' dir='ltr'><strong>mlieres;</strong></span> <span class='ocrx_word' id='word_1_368' title='bbox 528 3360 584 3412; x_wconf 89' lang='lat' dir='ltr'><strong>et</strong></span> <span class='ocrx_word' id='word_1_369' title='bbox 635 3357 786 3412; x_wconf 89' lang='lat' dir='ltr'><strong>dicas</strong></span> <span class='ocrx_word' id='word_1_370' title='bbox 836 3377 846 3412; x_wconf 95' lang='lat'>:</span> <span class='ocrx_word' id='word_1_371' title='bbox 897 3361 1068 3414; x_wconf 72' lang='lat' dir='ltr'><strong>Rusca</strong></span> <span class='ocrx_word' id='word_1_372' title='bbox 1110 3375 1228 3415; x_wconf 88' lang='lat' dir='ltr'><strong>sum</strong></span> <span class='ocrx_word' id='word_1_373' title='bbox 1280 3366 1330 3415; x_wconf 83' lang='lat' dir='ltr'><strong>et</strong></span> <span class='ocrx_word' id='word_1_374' title='bbox 1373 3360 1563 3417; x_wconf 85' lang='lat' dir='ltr'><strong>decora</strong></span> <span class='ocrx_word' id='word_1_375' title='bbox 1613 3382 1630 3417; x_wconf 91' lang='lat'><strong><em>:</em></strong></span> <span class='ocrx_word' id='word_1_376' title='bbox 1674 3367 1837 3431; x_wconf 81' lang='lat' dir='ltr'><strong>fusca</strong></span> 
     </span>
    </p>
   </div>
   <div class='ocr_carea' id='block_1_51' title="bbox 197 3451 1835 3528">
    <p class='ocr_par' dir='ltr' id='par_1_51' title="bbox 197 3451 1835 3528">
     <span class='ocr_line' id='line_1_51' title="bbox 197 3451 1835 3528; baseline 0.005 -25"><span class='ocrx_word' id='word_1_377' title='bbox 197 3465 340 3513; x_wconf 77' lang='lat' dir='ltr'><strong>sum,</strong></span> <span class='ocrx_word' id='word_1_378' title='bbox 367 3451 504 3522; x_wconf 88' lang='lat' dir='ltr'><strong>quia</strong></span> <span class='ocrx_word' id='word_1_379' title='bbox 538 3453 796 3522; x_wconf 90' lang='lat' dir='ltr'><strong>peccavi;</strong></span> <span class='ocrx_word' id='word_1_380' title='bbox 823 3453 1036 3516; x_wconf 83' lang='lat' dir='ltr'><strong>decora,</strong></span> <span class='ocrx_word' id='word_1_381' title='bbox 1065 3453 1200 3525; x_wconf 93' lang='lat' dir='ltr'><strong>quia</strong></span> <span class='ocrx_word' id='word_1_382' title='bbox 1227 3454 1454 3526; x_wconf 89' lang='lat' dir='ltr'><strong>diligor,</strong></span> <span class='ocrx_word' id='word_1_383' title='bbox 1485 3457 1620 3527; x_wconf 89' lang='lat' dir='ltr'><strong>quia</strong></span> <span class='ocrx_word' id='word_1_384' title='bbox 1650 3473 1835 3528; x_wconf 91' lang='lat' dir='ltr'><strong>genus</strong></span> 
     </span>
    </p>
   </div>
   <div class='ocr_carea' id='block_1_52' title="bbox 199 3544 1834 3620">
    <p class='ocr_par' dir='ltr' id='par_1_52' title="bbox 199 3544 1834 3620">
     <span class='ocr_line' id='line_1_52' title="bbox 199 3544 1834 3620; baseline 0.005 -22"><span class='ocrx_word' id='word_1_385' title='bbox 199 3561 328 3599; x_wconf 86' lang='lat' dir='ltr'><strong>sum</strong></span> <span class='ocrx_word' id='word_1_386' title='bbox 365 3544 630 3613; x_wconf 66' lang='lat' dir='ltr'><strong>Abrahae,</strong></span> <span class='ocrx_word' id='word_1_387' title='bbox 659 3547 902 3602; x_wconf 89' lang='lat' dir='ltr'><strong>electum</strong></span> <span class='ocrx_word' id='word_1_388' title='bbox 942 3563 1144 3618; x_wconf 89' lang='lat' dir='ltr'><strong>genus,</strong></span> <span class='ocrx_word' id='word_1_389' title='bbox 1190 3547 1464 3604; x_wconf 87' lang='lat' dir='ltr'><strong>dilectum</strong></span> <span class='ocrx_word' id='word_1_390' title='bbox 1505 3551 1650 3620; x_wconf 84' lang='lat' dir='ltr'><strong>Deo;</strong></span> <span class='ocrx_word' id='word_1_391' title='bbox 1692 3551 1834 3606; x_wconf 87' lang='lat' dir='ltr'><strong>nihil</strong></span> 
     </span>
    </p>
   </div>
   <div class='ocr_carea' id='block_1_53' title="bbox 202 3639 1835 3712">
    <p class='ocr_par' dir='ltr' id='par_1_53' title="bbox 202 3639 1835 3712">
     <span class='ocr_line' id='line_1_53' title="bbox 202 3639 1835 3712; baseline 0.005 -21"><span class='ocrx_word' id='word_1_392' title='bbox 202 3639 305 3692; x_wconf 86' lang='lat' dir='ltr'><strong>tibi</strong></span> <span class='ocrx_word' id='word_1_393' title='bbox 346 3639 598 3708; x_wconf 90' lang='lat' dir='ltr'><strong>proderit</strong></span> <span class='ocrx_word' id='word_1_394' title='bbox 637 3643 862 3711; x_wconf 89' lang='lat' dir='ltr'><strong>patrum</strong></span> <span class='ocrx_word' id='word_1_395' title='bbox 903 3641 1132 3712; x_wconf 88' lang='lat' dir='ltr'><strong>gratia:</strong></span> <span class='ocrx_word' id='word_1_396' title='bbox 1175 3663 1202 3692; x_wconf 76' lang='grc' dir='ltr'><strong><em>ι(</em></strong></span> <span class='ocrx_word' id='word_1_397' title='bbox 1247 3643 1453 3698; x_wconf 90' lang='lat' dir='ltr'><strong>Potens</strong></span> <span class='ocrx_word' id='word_1_398' title='bbox 1494 3644 1647 3699; x_wconf 89' lang='lat' dir='ltr'><strong>enim</strong></span> <span class='ocrx_word' id='word_1_399' title='bbox 1688 3645 1835 3700; x_wconf 89' lang='lat' dir='ltr'><strong>Deus</strong></span> 
     </span>
    </p>
   </div>
   <div class='ocr_carea' id='block_1_54' title="bbox 200 3732 1830 3809">
    <p class='ocr_par' dir='ltr' id='par_1_54' title="bbox 200 3732 1830 3809">
     <span class='ocr_line' id='line_1_54' title="bbox 200 3732 1830 3809; baseline 0.004 -24"><span class='ocrx_word' id='word_1_400' title='bbox 200 3738 286 3786; x_wconf 88' lang='lat' dir='ltr'><strong>est</strong></span> <span class='ocrx_word' id='word_1_401' title='bbox 312 3732 383 3786; x_wconf 90' lang='lat' dir='ltr'><strong>de</strong></span> <span class='ocrx_word' id='word_1_402' title='bbox 405 3733 686 3804; x_wconf 88' lang='lat' dir='ltr'><strong>lapidibus</strong></span> <span class='ocrx_word' id='word_1_403' title='bbox 712 3733 832 3788; x_wconf 89' lang='lat' dir='ltr'><strong>istis</strong></span> <span class='ocrx_word' id='word_1_404' title='bbox 860 3734 1127 3789; x_wconf 83' lang='lat' dir='ltr'><strong>suscitare</strong></span> <span class='ocrx_word' id='word_1_405' title='bbox 1155 3735 1298 3790; x_wconf 87' lang='lat' dir='ltr'><strong>filios</strong></span> <span class='ocrx_word' id='word_1_406' title='bbox 1323 3736 1564 3792; x_wconf 84' lang='lat' dir='ltr'><strong>Abraba</strong></span> <span class='ocrx_word' id='word_1_407' title='bbox 1589 3738 1830 3809; x_wconf 82' lang='lat' dir='ltr'><strong>(Matth.,</strong></span> 
     </span>
    </p>
   </div>
   <div class='ocr_carea' id='block_1_55' title="bbox 199 3827 1832 3902">
    <p class='ocr_par' dir='ltr' id='par_1_55' title="bbox 199 3827 1832 3902">
     <span class='ocr_line' id='line_1_55' title="bbox 199 3827 1832 3902; baseline 0.004 -21"><span class='ocrx_word' id='word_1_408' title='bbox 199 3841 277 3892; x_wconf 80' lang='lat' dir='ltr'><strong>ni,</strong></span> <span class='ocrx_word' id='word_1_409' title='bbox 308 3827 384 3894; x_wconf 81' lang='lat'><strong>9).</strong></span> <span class='ocrx_word' id='word_1_410' title='bbox 415 3847 443 3875; x_wconf 86' lang='grc'><strong>››</strong></span> <span class='ocrx_word' id='word_1_411' title='bbox 472 3827 541 3881; x_wconf 87' lang='lat' dir='ltr'><strong>Et</strong></span> <span class='ocrx_word' id='word_1_412' title='bbox 575 3827 709 3882; x_wconf 91' lang='lat' dir='ltr'><strong>alibi</strong></span> <span class='ocrx_word' id='word_1_413' title='bbox 741 3827 800 3882; x_wconf 90' lang='lat' dir='ltr'><strong>in</strong></span> <span class='ocrx_word' id='word_1_414' title='bbox 831 3829 1135 3899; x_wconf 88' lang='lat' dir='ltr'><strong>Evangelio</strong></span> <span class='ocrx_word' id='word_1_415' title='bbox 1179 3830 1389 3900; x_wconf 87' lang='lat' dir='ltr'><strong>legisti,</strong></span> <span class='ocrx_word' id='word_1_416' title='bbox 1422 3831 1555 3902; x_wconf 90' lang='lat' dir='ltr'><strong>quia</strong></span> <span class='ocrx_word' id='word_1_417' title='bbox 1597 3833 1832 3887; x_wconf 79' lang='lat' dir='ltr'><strong>Abraha</strong></span> 
     </span>
    </p>
   </div>
   <div class='ocr_carea' id='block_1_56' title="bbox 197 3919 1831 3998">
    <p class='ocr_par' dir='ltr' id='par_1_56' title="bbox 197 3919 1831 3998">
     <span class='ocr_line' id='line_1_56' title="bbox 197 3919 1831 3998; baseline 0.005 -24"><span class='ocrx_word' id='word_1_418' title='bbox 197 3919 374 3974; x_wconf 82' lang='lat' dir='ltr'><strong>tiliam</strong></span> <span class='ocrx_word' id='word_1_419' title='bbox 412 3919 608 3990; x_wconf 84' lang='lat' dir='ltr'><strong>ligavit</strong></span> <span class='ocrx_word' id='word_1_420' title='bbox 643 3921 902 3976; x_wconf 86' lang='lat' dir='ltr'><strong>diabolus</strong></span> <span class='ocrx_word' id='word_1_421' title='bbox 928 3922 1196 3994; x_wconf 88' lang='lat' dir='ltr'><strong>nequitia</strong></span> <span class='ocrx_word' id='word_1_422' title='bbox 1224 3939 1342 3978; x_wconf 85' lang='lat' dir='ltr'><strong>sua</strong></span> <span class='ocrx_word' id='word_1_423' title='bbox 1370 3925 1627 3993; x_wconf 87' lang='lat' dir='ltr'><strong>vinculis,</strong></span> <span class='ocrx_word' id='word_1_424' title='bbox 1661 3943 1831 3998; x_wconf 90' lang='lat' dir='ltr'><strong>quam</strong></span> 
     </span>
    </p>
   </div>
   <div class='ocr_carea' id='block_1_57' title="bbox 197 4013 1829 4090">
    <p class='ocr_par' dir='ltr' id='par_1_57' title="bbox 197 4013 1829 4090">
     <span class='ocr_line' id='line_1_57' title="bbox 197 4013 1829 4090; baseline 0.004 -22"><span class='ocrx_word' id='word_1_425' title='bbox 197 4013 478 4068; x_wconf 88' lang='lat' dir='ltr'><strong>Dominus</strong></span> <span class='ocrx_word' id='word_1_426' title='bbox 517 4015 684 4068; x_wconf 88' lang='lat' dir='ltr'><strong>solvit</strong></span> <span class='ocrx_word' id='word_1_427' title='bbox 720 4014 779 4069; x_wconf 91' lang='lat' dir='ltr'><strong>in</strong></span> <span class='ocrx_word' id='word_1_428' title='bbox 823 4015 914 4070; x_wconf 89' lang='lat' dir='ltr'><strong>die</strong></span> <span class='ocrx_word' id='word_1_429' title='bbox 961 4016 1204 4070; x_wconf 88' lang='lat' dir='ltr'><strong>Sabbati.</strong></span> <span class='ocrx_word' id='word_1_430' title='bbox 1242 4016 1356 4072; x_wconf 88' lang='lat' dir='ltr'><strong>Nisi</strong></span> <span class='ocrx_word' id='word_1_431' title='bbox 1398 4035 1534 4090; x_wconf 92' lang='lat' dir='ltr'><strong>ergo</strong></span> <span class='ocrx_word' id='word_1_432' title='bbox 1575 4019 1714 4074; x_wconf 91' lang='lat' dir='ltr'><strong>scias</strong></span> <span class='ocrx_word' id='word_1_433' title='bbox 1755 4023 1829 4090; x_wconf 88' lang='lat' dir='ltr'><strong>te,</strong></span> 
     </span>
    </p>
   </div>
   <div class='ocr_carea' id='block_1_58' title="bbox 194 4107 1834 4180">
    <p class='ocr_par' dir='ltr' id='par_1_58' title="bbox 194 4107 1834 4180">
     <span class='ocr_line' id='line_1_58' title="bbox 194 4107 1834 4180; baseline 0.004 -18"><span class='ocrx_word' id='word_1_434' title='bbox 194 4107 344 4162; x_wconf 87' lang='lat' dir='ltr'><strong>nihil</strong></span> <span class='ocrx_word' id='word_1_435' title='bbox 390 4108 491 4162; x_wconf 89' lang='lat' dir='ltr'><strong>tibi</strong></span> <span class='ocrx_word' id='word_1_436' title='bbox 542 4108 814 4180; x_wconf 92' lang='lat' dir='ltr'><strong>proderit.</strong></span> <span class='ocrx_word' id='word_1_437' title='bbox 868 4110 982 4164; x_wconf 89' lang='lat' dir='ltr'><strong>Etsi</strong></span> <span class='ocrx_word' id='word_1_438' title='bbox 1029 4110 1202 4177; x_wconf 85' lang='lat' dir='ltr'><strong>dicas,</strong></span> <span class='ocrx_word' id='word_1_439' title='bbox 1251 4110 1492 4167; x_wconf 85' lang='lat' dir='ltr'><strong>Abraha</strong></span> <span class='ocrx_word' id='word_1_440' title='bbox 1547 4130 1672 4168; x_wconf 90' lang='lat' dir='ltr'><strong>sum</strong></span> <span class='ocrx_word' id='word_1_441' title='bbox 1717 4113 1834 4170; x_wconf 83' lang='lat' dir='ltr'><strong>tilia</strong></span> 
     </span>
    </p>
   </div>
   <div class='ocr_carea' id='block_1_59' title="bbox 197 4201 1829 4278">
    <p class='ocr_par' dir='ltr' id='par_1_59' title="bbox 197 4201 1829 4278">
     <span class='ocr_line' id='line_1_59' title="bbox 197 4201 1829 4278; baseline 0.004 -23"><span class='ocrx_word' id='word_1_442' title='bbox 197 4218 330 4274; x_wconf 83' lang='lat' dir='ltr'><strong>qua</strong></span> <span class='ocrx_word' id='word_1_443' title='bbox 364 4218 484 4256; x_wconf 91' lang='lat' dir='ltr'><strong>non</strong></span> <span class='ocrx_word' id='word_1_444' title='bbox 513 4201 718 4271; x_wconf 90' lang='lat' dir='ltr'><strong>credis,</strong></span> <span class='ocrx_word' id='word_1_445' title='bbox 748 4219 874 4274; x_wconf 85' lang='lat' dir='ltr'><strong>qua</strong></span> <span class='ocrx_word' id='word_1_446' title='bbox 911 4219 1166 4258; x_wconf 90' lang='lat' dir='ltr'><strong>errorem</strong></span> <span class='ocrx_word' id='word_1_447' title='bbox 1197 4221 1310 4259; x_wconf 92' lang='lat' dir='ltr'><strong>non</strong></span> <span class='ocrx_word' id='word_1_448' title='bbox 1342 4205 1611 4278; x_wconf 89' lang='lat' dir='ltr'><strong>corrigis;</strong></span> <span class='ocrx_word' id='word_1_449' title='bbox 1648 4208 1829 4262; x_wconf 84' lang='lat' dir='ltr'><strong>Abra-</strong></span> 
     </span>
    </p>
   </div>
   <div class='ocr_carea' id='block_1_60' title="bbox 199 4295 1829 4371">
    <p class='ocr_par' dir='ltr' id='par_1_60' title="bbox 199 4295 1829 4371">
     <span class='ocr_line' id='line_1_60' title="bbox 199 4295 1829 4371; baseline 0.004 -21"><span class='ocrx_word' id='word_1_450' title='bbox 199 4295 342 4350; x_wconf 84' lang='lat' dir='ltr'><strong>ham</strong></span> <span class='ocrx_word' id='word_1_451' title='bbox 377 4295 613 4367; x_wconf 90' lang='lat' dir='ltr'><strong>quidem</strong></span> <span class='ocrx_word' id='word_1_452' title='bbox 642 4297 906 4364; x_wconf 83' lang='lat' dir='ltr'><strong>salvetur,</strong></span> <span class='ocrx_word' id='word_1_453' title='bbox 936 4297 1035 4352; x_wconf 90' lang='lat' dir='ltr'><strong>sed</strong></span> <span class='ocrx_word' id='word_1_454' title='bbox 1072 4302 1127 4352; x_wconf 89' lang='lat' dir='ltr'><strong>te</strong></span> <span class='ocrx_word' id='word_1_455' title='bbox 1159 4297 1425 4354; x_wconf 88' lang='lat' dir='ltr'><strong>nobilitas</strong></span> <span class='ocrx_word' id='word_1_456' title='bbox 1456 4301 1682 4371; x_wconf 88' lang='lat' dir='ltr'><strong>generis</strong></span> <span class='ocrx_word' id='word_1_457' title='bbox 1714 4318 1829 4356; x_wconf 92' lang='lat' dir='ltr'><strong>non</strong></span> 
     </span>
    </p>
   </div>
   <div class='ocr_carea' id='block_1_61' title="bbox 193 4389 1833 4464">
    <p class='ocr_par' dir='ltr' id='par_1_61' title="bbox 193 4389 1833 4464">
     <span class='ocr_line' id='line_1_61' title="bbox 193 4389 1833 4464; baseline 0.004 -20"><span class='ocrx_word' id='word_1_458' title='bbox 193 4389 438 4460; x_wconf 86' lang='lat' dir='ltr'><strong>juvabit,</strong></span> <span class='ocrx_word' id='word_1_459' title='bbox 481 4390 586 4444; x_wconf 88' lang='lat' dir='ltr'><strong>nisi</strong></span> <span class='ocrx_word' id='word_1_460' title='bbox 627 4389 764 4445; x_wconf 80' lang='lat' dir='ltr'><strong>fides</strong></span> <span class='ocrx_word' id='word_1_461' title='bbox 801 4391 1114 4446; x_wconf 89' lang='lat' dir='ltr'><strong>salvaverit.</strong></span> <span class='ocrx_word' id='word_1_462' title='bbox 1158 4394 1279 4448; x_wconf 87' lang='lat' dir='ltr'><strong>Non</strong></span> <span class='ocrx_word' id='word_1_463' title='bbox 1319 4398 1375 4448; x_wconf 87' lang='lat' dir='ltr'><strong>te</strong></span> <span class='ocrx_word' id='word_1_464' title='bbox 1415 4393 1663 4464; x_wconf 87' lang='lat' dir='ltr'><strong>decipiat</strong></span> <span class='ocrx_word' id='word_1_465' title='bbox 1699 4395 1833 4450; x_wconf 88' lang='lat' dir='ltr'><strong>data</strong></span> 
     </span>
    </p>
   </div>
   <div class='ocr_carea' id='block_1_62' title="bbox 1937 1860 3566 1934">
    <p class='ocr_par' dir='ltr' id='par_1_62' title="bbox 1937 1860 3566 1934">
     <span class='ocr_line' id='line_1_62' title="bbox 1937 1860 3566 1934; baseline 0.004 -21"><span class='ocrx_word' id='word_1_466' title='bbox 1937 1860 2084 1914; x_wconf 91' lang='lat' dir='ltr'><strong>illius</strong></span> <span class='ocrx_word' id='word_1_467' title='bbox 2113 1864 2216 1924; x_wconf 90' lang='lat' dir='ltr'><strong>est,</strong></span> <span class='ocrx_word' id='word_1_468' title='bbox 2246 1877 2346 1931; x_wconf 91' lang='lat' dir='ltr'><strong>pro</strong></span> <span class='ocrx_word' id='word_1_469' title='bbox 2373 1877 2549 1931; x_wconf 87' lang='lat' dir='ltr'><strong>grege</strong></span> <span class='ocrx_word' id='word_1_470' title='bbox 2575 1861 2786 1916; x_wconf 89' lang='lat' dir='ltr'><strong>ovium.</strong></span> <span class='ocrx_word' id='word_1_471' title='bbox 2830 1861 3042 1916; x_wconf 88' lang='lat' dir='ltr'><strong>Pharao</strong></span> <span class='ocrx_word' id='word_1_472' title='bbox 3067 1862 3242 1933; x_wconf 88' lang='lat' dir='ltr'><strong>igitur</strong></span> <span class='ocrx_word' id='word_1_473' title='bbox 3271 1868 3332 1917; x_wconf 91' lang='lat' dir='ltr'><strong>ut</strong></span> <span class='ocrx_word' id='word_1_474' title='bbox 3371 1870 3566 1934; x_wconf 90' lang='lat' dir='ltr'><strong>poten-</strong></span> 
     </span>
    </p>
   </div>
   <div class='ocr_carea' id='block_1_63' title="bbox 1936 1953 3566 2026">
    <p class='ocr_par' dir='ltr' id='par_1_63' title="bbox 1936 1953 3566 2026">
     <span class='ocr_line' id='line_1_63' title="bbox 1936 1953 3566 2026; baseline 0.004 -20"><span class='ocrx_word' id='word_1_475' title='bbox 1936 1953 2181 2006; x_wconf 91' lang='lat' dir='ltr'><strong>tissimus</strong></span> <span class='ocrx_word' id='word_1_476' title='bbox 2211 1969 2310 2008; x_wconf 88' lang='lat' dir='ltr'><strong>rex</strong></span> <span class='ocrx_word' id='word_1_477' title='bbox 2351 1959 2408 2007; x_wconf 91' lang='lat' dir='ltr'><strong>et</strong></span> <span class='ocrx_word' id='word_1_478' title='bbox 2453 1954 2726 2023; x_wconf 82' lang='lat' dir='ltr'><strong>praedives</strong></span> <span class='ocrx_word' id='word_1_479' title='bbox 2769 1953 3012 2010; x_wconf 89' lang='lat' dir='ltr'><strong>habebat</strong></span> <span class='ocrx_word' id='word_1_480' title='bbox 3047 1971 3225 2026; x_wconf 89' lang='lat' dir='ltr'><strong>equos</strong></span> <span class='ocrx_word' id='word_1_481' title='bbox 3267 1961 3566 2025; x_wconf 88' lang='lat' dir='ltr'><strong>potentes;</strong></span> 
     </span>
    </p>
   </div>
   <div class='ocr_carea' id='block_1_64' title="bbox 1935 2046 3570 2119">
    <p class='ocr_par' dir='ltr' id='par_1_64' title="bbox 1935 2046 3570 2119">
     <span class='ocr_line' id='line_1_64' title="bbox 1935 2046 3570 2119; baseline 0.002 -19"><span class='ocrx_word' id='word_1_482' title='bbox 1935 2046 2088 2101; x_wconf 90' lang='lat' dir='ltr'><strong>unde</strong></span> <span class='ocrx_word' id='word_1_483' title='bbox 2117 2051 2175 2100; x_wconf 92' lang='lat' dir='ltr'><strong>et</strong></span> <span class='ocrx_word' id='word_1_484' title='bbox 2199 2046 2492 2117; x_wconf 87' lang='lat' dir='ltr'><strong>Scriptura</strong></span> <span class='ocrx_word' id='word_1_485' title='bbox 2519 2047 2652 2100; x_wconf 91' lang='lat' dir='ltr'><strong>dicit</strong></span> <span class='ocrx_word' id='word_1_486' title='bbox 2681 2064 2693 2100; x_wconf 94' lang='lat'>:</span> <span class='ocrx_word' id='word_1_487' title='bbox 2725 2069 2752 2096; x_wconf 84' lang='grc'><strong>‹‹</strong></span> <span class='ocrx_word' id='word_1_488' title='bbox 2772 2048 2981 2102; x_wconf 90' lang='lat' dir='ltr'><strong>Currus</strong></span> <span class='ocrx_word' id='word_1_489' title='bbox 3008 2048 3320 2103; x_wconf 87' lang='lat' dir='ltr'><strong>Pharaonis</strong></span> <span class='ocrx_word' id='word_1_490' title='bbox 3347 2051 3540 2119; x_wconf 69' lang='lat' dir='ltr'><strong>(Exod.</strong></span> <span class='ocrx_word' id='word_1_491' title='bbox 3558 2095 3570 2112; x_wconf 85' lang='lat'><strong>,</strong></span> 
     </span>
    </p>
   </div>
   <div class='ocr_carea' id='block_1_65' title="bbox 1937 2141 3566 2212">
    <p class='ocr_par' dir='ltr' id='par_1_65' title="bbox 1937 2141 3566 2212">
     <span class='ocr_line' id='line_1_65' title="bbox 1937 2141 3566 2212; baseline 0.003 -18"><span class='ocrx_word' id='word_1_492' title='bbox 1937 2156 2042 2206; x_wconf 80' lang='lat' dir='ltr'><strong>xiv,</strong></span> <span class='ocrx_word' id='word_1_493' title='bbox 2084 2143 2211 2206; x_wconf 83' lang='lat'><strong>9),»</strong></span> <span class='ocrx_word' id='word_1_494' title='bbox 2252 2142 2413 2211; x_wconf 90' lang='lat' dir='ltr'><strong>quasi</strong></span> <span class='ocrx_word' id='word_1_495' title='bbox 2453 2141 2911 2212; x_wconf 89' lang='lat' dir='ltr'><strong>potentissimum</strong></span> <span class='ocrx_word' id='word_1_496' title='bbox 2955 2157 3132 2212; x_wconf 91' lang='lat' dir='ltr'><strong>genus</strong></span> <span class='ocrx_word' id='word_1_497' title='bbox 3175 2143 3246 2197; x_wconf 89' lang='lat' dir='ltr'><strong>ad</strong></span> <span class='ocrx_word' id='word_1_498' title='bbox 3285 2143 3566 2199; x_wconf 90' lang='lat' dir='ltr'><strong>bellorum</strong></span> 
     </span>
    </p>
   </div>
   <div class='ocr_carea' id='block_1_66' title="bbox 1936 2233 3561 2305">
    <p class='ocr_par' dir='ltr' id='par_1_66' title="bbox 1936 2233 3561 2305">
     <span class='ocr_line' id='line_1_66' title="bbox 1936 2233 3561 2305; baseline 0.002 -17"><span class='ocrx_word' id='word_1_499' title='bbox 1936 2250 2121 2298; x_wconf 90' lang='lat' dir='ltr'><strong>usum,</strong></span> <span class='ocrx_word' id='word_1_500' title='bbox 2161 2239 2218 2288; x_wconf 89' lang='lat' dir='ltr'><strong>et</strong></span> <span class='ocrx_word' id='word_1_501' title='bbox 2247 2233 2561 2288; x_wconf 91' lang='lat' dir='ltr'><strong>subsidium</strong></span> <span class='ocrx_word' id='word_1_502' title='bbox 2590 2234 2918 2304; x_wconf 88' lang='lat' dir='ltr'><strong>praliandi;</strong></span> <span class='ocrx_word' id='word_1_503' title='bbox 2960 2235 3209 2305; x_wconf 89' lang='lat' dir='ltr'><strong>denique</strong></span> <span class='ocrx_word' id='word_1_504' title='bbox 3251 2236 3341 2290; x_wconf 89' lang='lat' dir='ltr'><strong>his</strong></span> <span class='ocrx_word' id='word_1_505' title='bbox 3382 2241 3561 2292; x_wconf 88' lang='lat' dir='ltr'><strong>curri-</strong></span> 
     </span>
    </p>
   </div>
   <div class='ocr_carea' id='block_1_67' title="bbox 1935 2325 3564 2399">
    <p class='ocr_par' dir='ltr' id='par_1_67' title="bbox 1935 2325 3564 2399">
     <span class='ocr_line' id='line_1_67' title="bbox 1935 2325 3564 2399; baseline 0.004 -20"><span class='ocrx_word' id='word_1_506' title='bbox 1935 2325 2041 2379; x_wconf 88' lang='lat' dir='ltr'><strong>bus</strong></span> <span class='ocrx_word' id='word_1_507' title='bbox 2068 2327 2282 2380; x_wconf 86' lang='lat' dir='ltr'><strong>Pharao</strong></span> <span class='ocrx_word' id='word_1_508' title='bbox 2306 2325 2591 2396; x_wconf 89' lang='lat' dir='ltr'><strong>fugientes</strong></span> <span class='ocrx_word' id='word_1_509' title='bbox 2619 2326 2882 2380; x_wconf 85' lang='lat' dir='ltr'><strong>Hebraos</strong></span> <span class='ocrx_word' id='word_1_510' title='bbox 2909 2327 3076 2381; x_wconf 88' lang='lat' dir='ltr'><strong>facile</strong></span> <span class='ocrx_word' id='word_1_511' title='bbox 3110 2329 3564 2399; x_wconf 89' lang='lat' dir='ltr'><strong>comprehendit.</strong></span> 
     </span>
    </p>
   </div>
   <div class='ocr_carea' id='block_1_68' title="bbox 1936 2419 3568 2491">
    <p class='ocr_par' dir='ltr' id='par_1_68' title="bbox 1936 2419 3568 2491">
     <span class='ocr_line' id='line_1_68' title="bbox 1936 2419 3568 2491; baseline 0.001 -17"><span class='ocrx_word' id='word_1_512' title='bbox 1936 2419 2094 2474; x_wconf 90' lang='lat' dir='ltr'><strong>Sicut</strong></span> <span class='ocrx_word' id='word_1_513' title='bbox 2134 2435 2271 2490; x_wconf 91' lang='lat' dir='ltr'><strong>ergo</strong></span> <span class='ocrx_word' id='word_1_514' title='bbox 2306 2420 2433 2491; x_wconf 89' lang='lat' dir='ltr'><strong>equi</strong></span> <span class='ocrx_word' id='word_1_515' title='bbox 2476 2420 2660 2490; x_wconf 84' lang='lat' dir='ltr'><strong>juncti</strong></span> <span class='ocrx_word' id='word_1_516' title='bbox 2705 2419 2868 2474; x_wconf 84' lang='lat' dir='ltr'><strong>facile</strong></span> <span class='ocrx_word' id='word_1_517' title='bbox 2918 2419 3156 2475; x_wconf 91' lang='lat' dir='ltr'><strong>trahunt</strong></span> <span class='ocrx_word' id='word_1_518' title='bbox 3203 2438 3460 2491; x_wconf 90' lang='lat' dir='ltr'><strong>currum,</strong></span> <span class='ocrx_word' id='word_1_519' title='bbox 3511 2429 3568 2478; x_wconf 88' lang='lat' dir='ltr'><strong>et</strong></span> 
     </span>
    </p>
   </div>
   <div class='ocr_carea' id='block_1_69' title="bbox 1937 2513 3566 2588">
    <p class='ocr_par' dir='ltr' id='par_1_69' title="bbox 1937 2513 3566 2588">
     <span class='ocr_line' id='line_1_69' title="bbox 1937 2513 3566 2588; baseline 0.003 -22"><span class='ocrx_word' id='word_1_520' title='bbox 1937 2513 2230 2583; x_wconf 83' lang='lat' dir='ltr'><strong>patienter</strong></span> <span class='ocrx_word' id='word_1_521' title='bbox 2259 2513 2577 2583; x_wconf 89' lang='lat' dir='ltr'><strong>suscipiunt</strong></span> <span class='ocrx_word' id='word_1_522' title='bbox 2604 2514 2833 2585; x_wconf 90' lang='lat' dir='ltr'><strong>jugum,</strong></span> <span class='ocrx_word' id='word_1_523' title='bbox 2862 2519 2917 2568; x_wconf 92' lang='lat' dir='ltr'><strong>et</strong></span> <span class='ocrx_word' id='word_1_524' title='bbox 2946 2519 3185 2585; x_wconf 86' lang='lat' dir='ltr'><strong>portant</strong></span> <span class='ocrx_word' id='word_1_525' title='bbox 3211 2531 3342 2571; x_wconf 90' lang='lat' dir='ltr'><strong>cum</strong></span> <span class='ocrx_word' id='word_1_526' title='bbox 3366 2517 3566 2588; x_wconf 88' lang='lat' dir='ltr'><strong>gratia,</strong></span> 
     </span>
    </p>
   </div>
   <div class='ocr_carea' id='block_1_70' title="bbox 1937 2605 3567 2677">
    <p class='ocr_par' dir='ltr' id='par_1_70' title="bbox 1937 2605 3567 2677">
     <span class='ocr_line' id='line_1_70' title="bbox 1937 2605 3567 2677; baseline 0.002 -17"><span class='ocrx_word' id='word_1_527' title='bbox 1937 2610 1995 2660; x_wconf 86' lang='lat' dir='ltr'><strong>et</strong></span> <span class='ocrx_word' id='word_1_528' title='bbox 2017 2607 2144 2677; x_wconf 85' lang='lat' dir='ltr'><strong>jugi</strong></span> <span class='ocrx_word' id='word_1_529' title='bbox 2175 2606 2326 2660; x_wconf 88' lang='lat' dir='ltr'><strong>illius</strong></span> <span class='ocrx_word' id='word_1_530' title='bbox 2364 2607 2715 2677; x_wconf 87' lang='lat' dir='ltr'><strong>susceptione</strong></span> <span class='ocrx_word' id='word_1_531' title='bbox 2755 2605 3181 2675; x_wconf 78' lang='lat' dir='ltr'><strong>mansnescunt,</strong></span> <span class='ocrx_word' id='word_1_532' title='bbox 3223 2609 3302 2664; x_wconf 90' lang='lat' dir='ltr'><strong>sic</strong></span> <span class='ocrx_word' id='word_1_533' title='bbox 3333 2615 3390 2664; x_wconf 90' lang='lat' dir='ltr'><strong>et</strong></span> <span class='ocrx_word' id='word_1_534' title='bbox 3427 2627 3567 2666; x_wconf 90' lang='lat' dir='ltr'><strong>con-</strong></span> 
     </span>
    </p>
   </div>
   <div class='ocr_carea' id='block_1_71' title="bbox 1937 2699 3568 2772">
    <p class='ocr_par' dir='ltr' id='par_1_71' title="bbox 1937 2699 3568 2772">
     <span class='ocr_line' id='line_1_71' title="bbox 1937 2699 3568 2772; baseline 0.004 -19"><span class='ocrx_word' id='word_1_535' title='bbox 1937 2699 2199 2771; x_wconf 89' lang='lat' dir='ltr'><strong>gregatio</strong></span> <span class='ocrx_word' id='word_1_536' title='bbox 2226 2701 2522 2755; x_wconf 84' lang='lat' dir='ltr'><strong>nationum</strong></span> <span class='ocrx_word' id='word_1_537' title='bbox 2551 2700 2859 2772; x_wconf 88' lang='lat' dir='ltr'><strong>gentilibus</strong></span> <span class='ocrx_word' id='word_1_538' title='bbox 2890 2701 3171 2756; x_wconf 90' lang='lat' dir='ltr'><strong>indomita</strong></span> <span class='ocrx_word' id='word_1_539' title='bbox 3213 2703 3471 2759; x_wconf 87' lang='lat' dir='ltr'><strong>moribus</strong></span> <span class='ocrx_word' id='word_1_540' title='bbox 3511 2723 3568 2759; x_wconf 89' lang='lat' dir='ltr'><strong>se</strong></span> 
     </span>
    </p>
   </div>
   <div class='ocr_carea' id='block_1_72' title="bbox 1937 2794 3563 2866">
    <p class='ocr_par' dir='ltr' id='par_1_72' title="bbox 1937 2794 3563 2866">
     <span class='ocr_line' id='line_1_72' title="bbox 1937 2794 3563 2866; baseline 0.003 -18"><span class='ocrx_word' id='word_1_541' title='bbox 1937 2799 2068 2848; x_wconf 87' lang='lat' dir='ltr'><strong>ante</strong></span> <span class='ocrx_word' id='word_1_542' title='bbox 2104 2794 2372 2864; x_wconf 78' lang='lat' dir='ltr'><strong>jactabat.</strong></span> <span class='ocrx_word' id='word_1_543' title='bbox 2415 2794 2515 2848; x_wconf 88' lang='lat' dir='ltr'><strong>Ubi</strong></span> <span class='ocrx_word' id='word_1_544' title='bbox 2557 2810 2688 2849; x_wconf 89' lang='lat' dir='ltr'><strong>vero</strong></span> <span class='ocrx_word' id='word_1_545' title='bbox 2735 2795 2985 2866; x_wconf 90' lang='lat' dir='ltr'><strong>suscepit</strong></span> <span class='ocrx_word' id='word_1_546' title='bbox 3019 2795 3227 2866; x_wconf 90' lang='lat' dir='ltr'><strong>jugum</strong></span> <span class='ocrx_word' id='word_1_547' title='bbox 3269 2796 3508 2853; x_wconf 90' lang='lat' dir='ltr'><strong>dicentis</strong></span> <span class='ocrx_word' id='word_1_548' title='bbox 3551 2817 3563 2853; x_wconf 78' lang='grc' dir='ltr'>ε</span> 
     </span>
    </p>
   </div>
   <div class='ocr_carea' id='block_1_73' title="bbox 1943 2887 3564 2960">
    <p class='ocr_par' dir='ltr' id='par_1_73' title="bbox 1943 2887 3564 2960">
     <span class='ocr_line' id='line_1_73' title="bbox 1943 2887 3564 2960; baseline 0.004 -19"><span class='ocrx_word' id='word_1_549' title='bbox 1943 2913 1964 2932; x_wconf 84' lang='grc'><strong>‹·</strong></span> <span class='ocrx_word' id='word_1_550' title='bbox 2011 2887 2214 2942; x_wconf 86' lang='lat' dir='ltr'><strong>Tollite</strong></span> <span class='ocrx_word' id='word_1_551' title='bbox 2252 2889 2461 2958; x_wconf 87' lang='lat' dir='ltr'><strong>jugum</strong></span> <span class='ocrx_word' id='word_1_552' title='bbox 2506 2904 2700 2942; x_wconf 91' lang='lat' dir='ltr'><strong>meum</strong></span> <span class='ocrx_word' id='word_1_553' title='bbox 2747 2905 2919 2959; x_wconf 91' lang='lat' dir='ltr'><strong>super</strong></span> <span class='ocrx_word' id='word_1_554' title='bbox 2963 2905 3078 2956; x_wconf 90' lang='lat' dir='ltr'><strong>vos,</strong></span> <span class='ocrx_word' id='word_1_555' title='bbox 3122 2891 3252 2960; x_wconf 91' lang='lat' dir='ltr'><strong>quia</strong></span> <span class='ocrx_word' id='word_1_556' title='bbox 3289 2891 3408 2945; x_wconf 84' lang='lat' dir='ltr'><strong>leve</strong></span> <span class='ocrx_word' id='word_1_557' title='bbox 3451 2898 3564 2959; x_wconf 89' lang='lat' dir='ltr'><strong>est;</strong></span> 
     </span>
    </p>
   </div>
   <div class='ocr_carea' id='block_1_74' title="bbox 1937 2981 3566 3056">
    <p class='ocr_par' dir='ltr' id='par_1_74' title="bbox 1937 2981 3566 3056">
     <span class='ocr_line' id='line_1_74' title="bbox 1937 2981 3566 3056; baseline -0.001 -20"><span class='ocrx_word' id='word_1_558' title='bbox 1937 2984 1994 3036; x_wconf 90' lang='lat' dir='ltr'><strong>et</strong></span> <span class='ocrx_word' id='word_1_559' title='bbox 2023 2997 2166 3036; x_wconf 89' lang='lat' dir='ltr'><strong>onus</strong></span> <span class='ocrx_word' id='word_1_560' title='bbox 2191 2997 2405 3049; x_wconf 90' lang='lat' dir='ltr'><strong>meum,</strong></span> <span class='ocrx_word' id='word_1_561' title='bbox 2427 2981 2565 3053; x_wconf 89' lang='lat' dir='ltr'><strong>quia</strong></span> <span class='ocrx_word' id='word_1_562' title='bbox 2586 2998 2756 3036; x_wconf 89' lang='lat' dir='ltr'><strong>suave</strong></span> <span class='ocrx_word' id='word_1_563' title='bbox 2785 2985 2872 3036; x_wconf 92' lang='lat' dir='ltr'><strong>est</strong></span> <span class='ocrx_word' id='word_1_564' title='bbox 2898 2982 3141 3052; x_wconf 81' lang='lat' dir='ltr'><strong>(Matth.,</strong></span> <span class='ocrx_word' id='word_1_565' title='bbox 3171 2999 3245 3051; x_wconf 80' lang='lat' dir='ltr'><strong>xi,</strong></span> <span class='ocrx_word' id='word_1_566' title='bbox 3277 2987 3365 3054; x_wconf 83' lang='lat'><strong>29,</strong></span> <span class='ocrx_word' id='word_1_567' title='bbox 3395 2987 3513 3056; x_wconf 83' lang='lat'><strong>30);</strong></span> <span class='ocrx_word' id='word_1_568' title='bbox 3540 3010 3566 3034; x_wconf 73' lang='grc' dir='ltr'>υ</span> 
     </span>
    </p>
   </div>
   <div class='ocr_carea' id='block_1_75' title="bbox 1936 3075 3564 3146">
    <p class='ocr_par' dir='ltr' id='par_1_75' title="bbox 1936 3075 3564 3146">
     <span class='ocr_line' id='line_1_75' title="bbox 1936 3075 3564 3146; baseline 0.003 -16"><span class='ocrx_word' id='word_1_569' title='bbox 1936 3079 1992 3130; x_wconf 91' lang='lat' dir='ltr'><strong>et</strong></span> <span class='ocrx_word' id='word_1_570' title='bbox 2019 3075 2188 3146; x_wconf 80' lang='lat' dir='ltr'><strong>capit</strong></span> <span class='ocrx_word' id='word_1_571' title='bbox 2213 3091 2419 3146; x_wconf 88' lang='lat' dir='ltr'><strong>sponsa</strong></span> <span class='ocrx_word' id='word_1_572' title='bbox 2446 3075 2655 3131; x_wconf 90' lang='lat' dir='ltr'><strong>Christi</strong></span> <span class='ocrx_word' id='word_1_573' title='bbox 2692 3076 2996 3132; x_wconf 85' lang='lat' dir='ltr'><strong>concordia</strong></span> <span class='ocrx_word' id='word_1_574' title='bbox 3034 3082 3090 3132; x_wconf 90' lang='lat' dir='ltr'><strong>et</strong></span> <span class='ocrx_word' id='word_1_575' title='bbox 3122 3079 3564 3136; x_wconf 88' lang='lat' dir='ltr'><strong>mansuetudine</strong></span> 
     </span>
    </p>
   </div>
   <div class='ocr_carea' id='block_1_76' title="bbox 1938 3168 3562 3242">
    <p class='ocr_par' dir='ltr' id='par_1_76' title="bbox 1938 3168 3562 3242">
     <span class='ocr_line' id='line_1_76' title="bbox 1938 3168 3562 3242; baseline 0.003 -19"><span class='ocrx_word' id='word_1_576' title='bbox 1938 3170 2278 3240; x_wconf 90' lang='lat' dir='ltr'><strong>populorum</strong></span> <span class='ocrx_word' id='word_1_577' title='bbox 2307 3185 2426 3224; x_wconf 86' lang='lat' dir='ltr'><strong>esse</strong></span> <span class='ocrx_word' id='word_1_578' title='bbox 2454 3168 2733 3237; x_wconf 88' lang='lat' dir='ltr'><strong>sublimis,</strong></span> <span class='ocrx_word' id='word_1_579' title='bbox 2764 3175 2821 3224; x_wconf 93' lang='lat' dir='ltr'><strong>et</strong></span> <span class='ocrx_word' id='word_1_580' title='bbox 2855 3173 2970 3225; x_wconf 91' lang='lat' dir='ltr'><strong>toto</strong></span> <span class='ocrx_word' id='word_1_581' title='bbox 3007 3171 3361 3227; x_wconf 79' lang='lat' dir='ltr'><strong>circumferri</strong></span> <span class='ocrx_word' id='word_1_582' title='bbox 3401 3173 3562 3242; x_wconf 87' lang='lat' dir='ltr'><strong>orbe,</strong></span> 
     </span>
    </p>
   </div>
   <div class='ocr_carea' id='block_1_77' title="bbox 1940 3263 3568 3337">
    <p class='ocr_par' dir='ltr' id='par_1_77' title="bbox 1940 3263 3568 3337">
     <span class='ocr_line' id='line_1_77' title="bbox 1940 3263 3568 3337; baseline 0.003 -19"><span class='ocrx_word' id='word_1_583' title='bbox 1940 3267 2215 3334; x_wconf 88' lang='lat' dir='ltr'><strong>tanquam</strong></span> <span class='ocrx_word' id='word_1_584' title='bbox 2270 3279 2471 3318; x_wconf 90' lang='lat' dir='ltr'><strong>currus</strong></span> <span class='ocrx_word' id='word_1_585' title='bbox 2524 3263 2688 3335; x_wconf 92' lang='lat' dir='ltr'><strong>equis</strong></span> <span class='ocrx_word' id='word_1_586' title='bbox 2734 3263 3020 3320; x_wconf 84' lang='lat' dir='ltr'><strong>velocibus</strong></span> <span class='ocrx_word' id='word_1_587' title='bbox 3063 3282 3235 3337; x_wconf 88' lang='lat' dir='ltr'><strong>supra</strong></span> <span class='ocrx_word' id='word_1_588' title='bbox 3290 3266 3568 3323; x_wconf 91' lang='lat' dir='ltr'><strong>mundum</strong></span> 
     </span>
    </p>
   </div>
   <div class='ocr_carea' id='block_1_78' title="bbox 1942 3355 2814 3428">
    <p class='ocr_par' dir='ltr' id='par_1_78' title="bbox 1942 3355 2814 3428">
     <span class='ocr_line' id='line_1_78' title="bbox 1942 3355 2814 3428; baseline 0.002 -18"><span class='ocrx_word' id='word_1_589' title='bbox 1942 3363 2102 3427; x_wconf 87' lang='lat' dir='ltr'><strong>rapta</strong></span> <span class='ocrx_word' id='word_1_590' title='bbox 2133 3355 2390 3411; x_wconf 89' lang='lat' dir='ltr'><strong>ascendit</strong></span> <span class='ocrx_word' id='word_1_591' title='bbox 2417 3356 2490 3411; x_wconf 89' lang='lat' dir='ltr'><strong>ad</strong></span> <span class='ocrx_word' id='word_1_592' title='bbox 2514 3373 2814 3428; x_wconf 91' lang='lat' dir='ltr'><strong>sponsum.</strong></span> 
     </span>
    </p>
   </div>
   <div class='ocr_carea' id='block_1_79' title="bbox 2007 3450 3565 3526">
    <p class='ocr_par' dir='ltr' id='par_1_79' title="bbox 2007 3450 3565 3526">
     <span class='ocr_line' id='line_1_79' title="bbox 2007 3450 3565 3526; baseline 0.005 -22"><span class='ocrx_word' id='word_1_593' title='bbox 2007 3451 2098 3505; x_wconf 78' lang='grc'><strong>40.</strong></span> <span class='ocrx_word' id='word_1_594' title='bbox 2143 3450 2328 3505; x_wconf 81' lang='lat' dir='ltr'><strong>Habet</strong></span> <span class='ocrx_word' id='word_1_595' title='bbox 2359 3450 2512 3505; x_wconf 89' lang='lat' dir='ltr'><strong>enim</strong></span> <span class='ocrx_word' id='word_1_596' title='bbox 2555 3467 2733 3522; x_wconf 89' lang='lat' dir='ltr'><strong>equos</strong></span> <span class='ocrx_word' id='word_1_597' title='bbox 2772 3467 2902 3506; x_wconf 91' lang='lat' dir='ltr'><strong>suos</strong></span> <span class='ocrx_word' id='word_1_598' title='bbox 2937 3452 3213 3521; x_wconf 87' lang='lat' dir='ltr'><strong>Christus,</strong></span> <span class='ocrx_word' id='word_1_599' title='bbox 3246 3455 3316 3508; x_wconf 89' lang='lat' dir='ltr'><strong>de</strong></span> <span class='ocrx_word' id='word_1_600' title='bbox 3357 3457 3565 3526; x_wconf 90' lang='lat' dir='ltr'><strong>quibus</strong></span> 
     </span>
    </p>
   </div>
   <div class='ocr_carea' id='block_1_80' title="bbox 1935 3543 3564 3620">
    <p class='ocr_par' dir='ltr' id='par_1_80' title="bbox 1935 3543 3564 3620">
     <span class='ocr_line' id='line_1_80' title="bbox 1935 3543 3564 3620; baseline 0.004 -22"><span class='ocrx_word' id='word_1_601' title='bbox 1935 3544 2074 3599; x_wconf 90' lang='lat' dir='ltr'><strong>dicit</strong></span> <span class='ocrx_word' id='word_1_602' title='bbox 2114 3543 2397 3614; x_wconf 88' lang='lat' dir='ltr'><strong>propheta</strong></span> <span class='ocrx_word' id='word_1_603' title='bbox 2441 3561 2454 3598; x_wconf 89' lang='lat'><strong>:</strong></span> <span class='ocrx_word' id='word_1_604' title='bbox 2501 3565 2528 3593; x_wconf 83' lang='lat'><strong>«</strong></span> <span class='ocrx_word' id='word_1_605' title='bbox 2567 3544 2851 3599; x_wconf 88' lang='lat' dir='ltr'><strong>lmmisisti</strong></span> <span class='ocrx_word' id='word_1_606' title='bbox 2887 3545 2944 3598; x_wconf 91' lang='lat' dir='ltr'><strong>in</strong></span> <span class='ocrx_word' id='word_1_607' title='bbox 2984 3561 3144 3600; x_wconf 89' lang='lat' dir='ltr'><strong>mare</strong></span> <span class='ocrx_word' id='word_1_608' title='bbox 3189 3563 3366 3620; x_wconf 88' lang='lat' dir='ltr'><strong>equos</strong></span> <span class='ocrx_word' id='word_1_609' title='bbox 3417 3553 3564 3616; x_wconf 90' lang='lat' dir='ltr'><strong>tuos,</strong></span> 
     </span>
    </p>
   </div>
   <div class='ocr_carea' id='block_1_81' title="bbox 1935 3637 3567 3713">
    <p class='ocr_par' dir='ltr' id='par_1_81' title="bbox 1935 3637 3567 3713">
     <span class='ocr_line' id='line_1_81' title="bbox 1935 3637 3567 3713; baseline 0.003 -20"><span class='ocrx_word' id='word_1_610' title='bbox 1935 3637 2226 3693; x_wconf 90' lang='lat' dir='ltr'><strong>turbantes</strong></span> <span class='ocrx_word' id='word_1_611' title='bbox 2273 3653 2450 3708; x_wconf 89' lang='lat' dir='ltr'><strong>aquas</strong></span> <span class='ocrx_word' id='word_1_612' title='bbox 2491 3638 2699 3692; x_wconf 86' lang='lat' dir='ltr'><strong>multas</strong></span> <span class='ocrx_word' id='word_1_613' title='bbox 2735 3637 2986 3709; x_wconf 84' lang='lat' dir='ltr'><strong>(Habac.,</strong></span> <span class='ocrx_word' id='word_1_614' title='bbox 3020 3656 3102 3708; x_wconf 86' lang='grc' dir='ltr'><strong><em>ιιι,</em></strong></span> <span class='ocrx_word' id='word_1_615' title='bbox 3137 3640 3221 3708; x_wconf 90' lang='grc'><strong>8);</strong></span> <span class='ocrx_word' id='word_1_616' title='bbox 3255 3661 3282 3688; x_wconf 81' lang='grc'><strong>››</strong></span> <span class='ocrx_word' id='word_1_617' title='bbox 3314 3657 3383 3696; x_wconf 89' lang='lat' dir='ltr'><strong>eo</strong></span> <span class='ocrx_word' id='word_1_618' title='bbox 3415 3643 3567 3713; x_wconf 91' lang='lat' dir='ltr'><strong>quod</strong></span> 
     </span>
    </p>
   </div>
   <div class='ocr_carea' id='block_1_82' title="bbox 1936 3730 3566 3804">
    <p class='ocr_par' dir='ltr' id='par_1_82' title="bbox 1936 3730 3566 3804">
     <span class='ocr_line' id='line_1_82' title="bbox 1936 3730 3566 3804; baseline 0.002 -18"><span class='ocrx_word' id='word_1_619' title='bbox 1936 3730 2194 3803; x_wconf 90' lang='lat' dir='ltr'><strong>gentium</strong></span> <span class='ocrx_word' id='word_1_620' title='bbox 2235 3731 2473 3802; x_wconf 90' lang='lat' dir='ltr'><strong>populos</strong></span> <span class='ocrx_word' id='word_1_621' title='bbox 2511 3731 2608 3802; x_wconf 90' lang='lat' dir='ltr'><strong>qui</strong></span> <span class='ocrx_word' id='word_1_622' title='bbox 2639 3735 2938 3786; x_wconf 88' lang='lat' dir='ltr'><strong>moventur</strong></span> <span class='ocrx_word' id='word_1_623' title='bbox 2965 3736 3032 3786; x_wconf 93' lang='lat' dir='ltr'><strong>ut</strong></span> <span class='ocrx_word' id='word_1_624' title='bbox 3063 3749 3221 3804; x_wconf 88' lang='lat' dir='ltr'><strong>aqua</strong></span> <span class='ocrx_word' id='word_1_625' title='bbox 3266 3734 3481 3804; x_wconf 85' lang='lat' dir='ltr'><strong>multa,</strong></span> <span class='ocrx_word' id='word_1_626' title='bbox 3509 3741 3566 3790; x_wconf 91' lang='lat' dir='ltr'><strong>et</strong></span> 
     </span>
    </p>
   </div>
   <div class='ocr_carea' id='block_1_83' title="bbox 1935 3823 3562 3898">
    <p class='ocr_par' dir='ltr' id='par_1_83' title="bbox 1935 3823 3562 3898">
     <span class='ocr_line' id='line_1_83' title="bbox 1935 3823 3562 3898; baseline 0.002 -18"><span class='ocrx_word' id='word_1_627' title='bbox 1935 3825 2258 3880; x_wconf 81' lang='lat' dir='ltr'><strong>excitantur</strong></span> <span class='ocrx_word' id='word_1_628' title='bbox 2291 3823 2346 3878; x_wconf 93' lang='lat' dir='ltr'><strong>in</strong></span> <span class='ocrx_word' id='word_1_629' title='bbox 2379 3825 2584 3879; x_wconf 86' lang='lat' dir='ltr'><strong>ﬂuctus</strong></span> <span class='ocrx_word' id='word_1_630' title='bbox 2607 3840 2906 3894; x_wconf 89' lang='lat' dir='ltr'><strong>aquarum,</strong></span> <span class='ocrx_word' id='word_1_631' title='bbox 2935 3826 3380 3898; x_wconf 82' lang='lat' dir='ltr'><strong>evangelizando</strong></span> <span class='ocrx_word' id='word_1_632' title='bbox 3407 3844 3562 3883; x_wconf 87' lang='lat' dir='ltr'><strong>com-</strong></span> 
     </span>
    </p>
   </div>
   <div class='ocr_carea' id='block_1_84' title="bbox 1934 3918 3560 3990">
    <p class='ocr_par' dir='ltr' id='par_1_84' title="bbox 1934 3918 3560 3990">
     <span class='ocr_line' id='line_1_84' title="bbox 1934 3918 3560 3990; baseline 0.002 -16"><span class='ocrx_word' id='word_1_633' title='bbox 1934 3919 2216 3974; x_wconf 91' lang='lat' dir='ltr'><strong>moverint</strong></span> <span class='ocrx_word' id='word_1_634' title='bbox 2252 3918 2509 3989; x_wconf 88' lang='lat' dir='ltr'><strong>apostoli,</strong></span> <span class='ocrx_word' id='word_1_635' title='bbox 2550 3922 2614 3972; x_wconf 89' lang='lat' dir='ltr'><strong>ut</strong></span> <span class='ocrx_word' id='word_1_636' title='bbox 2639 3923 3006 3990; x_wconf 88' lang='lat' dir='ltr'><strong>assurgentes</strong></span> <span class='ocrx_word' id='word_1_637' title='bbox 3032 3936 3065 3974; x_wconf 90' lang='lat' dir='ltr'><strong>a</strong></span> <span class='ocrx_word' id='word_1_638' title='bbox 3091 3921 3333 3976; x_wconf 89' lang='lat' dir='ltr'><strong>terrenis</strong></span> <span class='ocrx_word' id='word_1_639' title='bbox 3373 3922 3560 3978; x_wconf 86' lang='lat' dir='ltr'><strong>idolo-</strong></span> 
     </span>
    </p>
   </div>
   <div class='ocr_carea' id='block_1_85' title="bbox 1933 4012 3563 4088">
    <p class='ocr_par' dir='ltr' id='par_1_85' title="bbox 1933 4012 3563 4088">
     <span class='ocr_line' id='line_1_85' title="bbox 1933 4012 3563 4088; baseline 0.002 -21"><span class='ocrx_word' id='word_1_640' title='bbox 1933 4029 2062 4068; x_wconf 88' lang='lat' dir='ltr'><strong>rum</strong></span> <span class='ocrx_word' id='word_1_641' title='bbox 2103 4012 2476 4079; x_wconf 87' lang='lat' dir='ltr'><strong>caremoniis,</strong></span> <span class='ocrx_word' id='word_1_642' title='bbox 2509 4012 2566 4066; x_wconf 90' lang='lat' dir='ltr'><strong>in</strong></span> <span class='ocrx_word' id='word_1_643' title='bbox 2610 4012 2900 4068; x_wconf 89' lang='lat' dir='ltr'><strong>Christum</strong></span> <span class='ocrx_word' id='word_1_644' title='bbox 2941 4013 3251 4070; x_wconf 87' lang='lat' dir='ltr'><strong>crederent.</strong></span> <span class='ocrx_word' id='word_1_645' title='bbox 3283 4016 3349 4070; x_wconf 89' lang='lat' dir='ltr'><strong>Et</strong></span> <span class='ocrx_word' id='word_1_646' title='bbox 3389 4032 3563 4088; x_wconf 88' lang='lat' dir='ltr'><strong>supra</strong></span> 
     </span>
    </p>
   </div>
   <div class='ocr_carea' id='block_1_86' title="bbox 1931 4107 3562 4178">
    <p class='ocr_par' dir='ltr' id='par_1_86' title="bbox 1931 4107 3562 4178">
     <span class='ocr_line' id='line_1_86' title="bbox 1931 4107 3562 4178; baseline 0.004 -17"><span class='ocrx_word' id='word_1_647' title='bbox 1931 4108 2009 4161; x_wconf 87' lang='lat' dir='ltr'><strong>ait</strong></span> <span class='ocrx_word' id='word_1_648' title='bbox 2041 4124 2054 4161; x_wconf 90' lang='lat'><strong>:</strong></span> <span class='ocrx_word' id='word_1_649' title='bbox 2088 4107 2401 4162; x_wconf 78' lang='lat' dir='ltr'><strong>Ascendisti</strong></span> <span class='ocrx_word' id='word_1_650' title='bbox 2428 4109 2484 4160; x_wconf 89' lang='lat' dir='ltr'><strong>in</strong></span> <span class='ocrx_word' id='word_1_651' title='bbox 2513 4123 2671 4176; x_wconf 88' lang='lat' dir='ltr'><strong>equos</strong></span> <span class='ocrx_word' id='word_1_652' title='bbox 2697 4113 2838 4169; x_wconf 87' lang='lat' dir='ltr'><strong>tuos,</strong></span> <span class='ocrx_word' id='word_1_653' title='bbox 2871 4110 3146 4178; x_wconf 80' lang='lat' dir='ltr'><strong>equitatus</strong></span> <span class='ocrx_word' id='word_1_654' title='bbox 3185 4116 3310 4165; x_wconf 85' lang='lat' dir='ltr'><strong>tuus</strong></span> <span class='ocrx_word' id='word_1_655' title='bbox 3332 4113 3562 4167; x_wconf 80' lang='lat' dir='ltr'><strong>sanitas.</strong></span> 
     </span>
    </p>
   </div>
   <div class='ocr_carea' id='block_1_87' title="bbox 1931 4200 3559 4277">
    <p class='ocr_par' dir='ltr' id='par_1_87' title="bbox 1931 4200 3559 4277">
     <span class='ocr_line' id='line_1_87' title="bbox 1931 4200 3559 4277; baseline 0.003 -21"><span class='ocrx_word' id='word_1_656' title='bbox 1931 4205 1974 4257; x_wconf 93' lang='grc' dir='ltr'><strong>Ο</strong></span> <span class='ocrx_word' id='word_1_657' title='bbox 2002 4203 2284 4256; x_wconf 92' lang='lat' dir='ltr'><strong>bonorum</strong></span> <span class='ocrx_word' id='word_1_658' title='bbox 2317 4217 2597 4273; x_wconf 90' lang='lat' dir='ltr'><strong>equorum</strong></span> <span class='ocrx_word' id='word_1_659' title='bbox 2627 4200 3089 4272; x_wconf 88' lang='lat' dir='ltr'><strong>duodecajugum</strong></span> <span class='ocrx_word' id='word_1_660' title='bbox 3119 4204 3404 4272; x_wconf 87' lang='lat' dir='ltr'><strong>mirabile,</strong></span> <span class='ocrx_word' id='word_1_661' title='bbox 3436 4206 3559 4277; x_wconf 87' lang='lat' dir='ltr'><strong>qui-</strong></span> 
     </span>
    </p>
   </div>
   <div class='ocr_carea' id='block_1_88' title="bbox 1931 4293 3558 4367">
    <p class='ocr_par' dir='ltr' id='par_1_88' title="bbox 1931 4293 3558 4367">
     <span class='ocr_line' id='line_1_88' title="bbox 1931 4293 3558 4367; baseline 0.001 -18"><span class='ocrx_word' id='word_1_662' title='bbox 1931 4296 2038 4351; x_wconf 90' lang='lat' dir='ltr'><strong>bus</strong></span> <span class='ocrx_word' id='word_1_663' title='bbox 2079 4296 2236 4351; x_wconf 90' lang='lat' dir='ltr'><strong>frena</strong></span> <span class='ocrx_word' id='word_1_664' title='bbox 2273 4296 2445 4366; x_wconf 90' lang='lat' dir='ltr'><strong>pacis,</strong></span> <span class='ocrx_word' id='word_1_665' title='bbox 2491 4293 2745 4367; x_wconf 68' lang='lat'><strong>1557</strong></span> <span class='ocrx_word' id='word_1_666' title='bbox 2784 4294 3029 4350; x_wconf 90' lang='lat' dir='ltr'><strong>habena</strong></span> <span class='ocrx_word' id='word_1_667' title='bbox 3065 4303 3196 4351; x_wconf 89' lang='lat' dir='ltr'><strong>sunt</strong></span> <span class='ocrx_word' id='word_1_668' title='bbox 3221 4297 3516 4353; x_wconf 88' lang='lat' dir='ltr'><strong>charitatis</strong></span> <span class='ocrx_word' id='word_1_669' title='bbox 3551 4325 3558 4351; x_wconf 82' lang='lat'>:</span> 
     </span>
    </p>
   </div>
   <div class='ocr_carea' id='block_1_89' title="bbox 1932 4388 3561 4462">
    <p class='ocr_par' dir='ltr' id='par_1_89' title="bbox 1932 4388 3561 4462">
     <span class='ocr_line' id='line_1_89' title="bbox 1932 4388 3561 4462; baseline 0 -17"><span class='ocrx_word' id='word_1_670' title='bbox 1932 4389 2221 4446; x_wconf 86' lang='lat' dir='ltr'><strong>constricti</strong></span> <span class='ocrx_word' id='word_1_671' title='bbox 2254 4391 2403 4444; x_wconf 89' lang='lat' dir='ltr'><strong>inter</strong></span> <span class='ocrx_word' id='word_1_672' title='bbox 2428 4405 2486 4443; x_wconf 89' lang='lat' dir='ltr'><strong>se</strong></span> <span class='ocrx_word' id='word_1_673' title='bbox 2517 4388 2836 4443; x_wconf 86' lang='lat' dir='ltr'><strong>concordia</strong></span> <span class='ocrx_word' id='word_1_674' title='bbox 2862 4389 3117 4456; x_wconf 89' lang='lat' dir='ltr'><strong>vinculis,</strong></span> <span class='ocrx_word' id='word_1_675' title='bbox 3158 4396 3215 4444; x_wconf 90' lang='lat' dir='ltr'><strong>et</strong></span> <span class='ocrx_word' id='word_1_676' title='bbox 3251 4391 3394 4462; x_wconf 90' lang='lat' dir='ltr'><strong>jugo</strong></span> <span class='ocrx_word' id='word_1_677' title='bbox 3429 4391 3561 4448; x_wconf 72' lang='lat' dir='ltr'><strong>ﬁdei</strong></span> 
     </span>
    </p>
   </div>
   <div class='ocr_carea' id='block_1_90' title="bbox 197 4481 3566 4562">
    <p class='ocr_par' dir='ltr' id='par_1_90' title="bbox 197 4481 3566 4562">
     <span class='ocr_line' id='line_1_90' title="bbox 197 4481 3566 4562; baseline -0.001 -21"><span class='ocrx_word' id='word_1_678' title='bbox 197 4484 462 4555; x_wconf 84' lang='lat' dir='ltr'><strong>patribus</strong></span> <span class='ocrx_word' id='word_1_679' title='bbox 489 4485 876 4556; x_wconf 89' lang='lat' dir='ltr'><strong>repromissio,</strong></span> <span class='ocrx_word' id='word_1_680' title='bbox 907 4501 1020 4539; x_wconf 91' lang='lat' dir='ltr'><strong>non</strong></span> <span class='ocrx_word' id='word_1_681' title='bbox 1048 4486 1292 4558; x_wconf 88' lang='lat' dir='ltr'><strong>suscipio</strong></span> <span class='ocrx_word' id='word_1_682' title='bbox 1319 4503 1625 4558; x_wconf 88' lang='lat' dir='ltr'><strong>personam</strong></span> <span class='ocrx_word' id='word_1_683' title='bbox 1656 4489 1912 4562; x_wconf 85' lang='lat' dir='ltr'><strong>homi—D</strong></span> <span class='ocrx_word' id='word_1_684' title='bbox 1937 4483 2193 4555; x_wconf 88' lang='lat' dir='ltr'><strong>subjecti,</strong></span> <span class='ocrx_word' id='word_1_685' title='bbox 2228 4487 2476 4554; x_wconf 89' lang='lat' dir='ltr'><strong>quatuor</strong></span> <span class='ocrx_word' id='word_1_686' title='bbox 2515 4481 2654 4536; x_wconf 87' lang='lat' dir='ltr'><strong>rotis</strong></span> <span class='ocrx_word' id='word_1_687' title='bbox 2694 4481 2978 4553; x_wconf 85' lang='lat' dir='ltr'><strong>Evangelii</strong></span> <span class='ocrx_word' id='word_1_688' title='bbox 3017 4483 3350 4554; x_wconf 85' lang='lat' dir='ltr'><strong>mysterium</strong></span> <span class='ocrx_word' id='word_1_689' title='bbox 3395 4485 3566 4541; x_wconf 88' lang='lat' dir='ltr'><strong>totius</strong></span> 
     </span>
    </p>
   </div>
   <div class='ocr_carea' id='block_1_91' title="bbox 196 4578 1830 4651">
    <p class='ocr_par' dir='ltr' id='par_1_91' title="bbox 196 4578 1830 4651">
     <span class='ocr_line' id='line_1_91' title="bbox 196 4578 1830 4651; baseline 0.002 -18"><span class='ocrx_word' id='word_1_690' title='bbox 196 4580 307 4648; x_wconf 86' lang='lat' dir='ltr'><strong>nis,</strong></span> <span class='ocrx_word' id='word_1_691' title='bbox 342 4593 461 4633; x_wconf 90' lang='lat' dir='ltr'><strong>non</strong></span> <span class='ocrx_word' id='word_1_692' title='bbox 485 4578 728 4649; x_wconf 88' lang='lat' dir='ltr'><strong>suscipio</strong></span> <span class='ocrx_word' id='word_1_693' title='bbox 758 4579 1194 4651; x_wconf 88' lang='lat' dir='ltr'><strong>prarogativam</strong></span> <span class='ocrx_word' id='word_1_694' title='bbox 1224 4581 1472 4651; x_wconf 87' lang='lat' dir='ltr'><strong>generis,</strong></span> <span class='ocrx_word' id='word_1_695' title='bbox 1496 4582 1601 4636; x_wconf 88' lang='lat' dir='ltr'><strong>nisi</strong></span> <span class='ocrx_word' id='word_1_696' title='bbox 1637 4583 1830 4637; x_wconf 89' lang='lat' dir='ltr'><strong>videro</strong></span> 
     </span>
    </p>
   </div>
   <div class='ocr_carea' id='block_1_92' title="bbox 197 4673 1833 4743">
    <p class='ocr_par' dir='ltr' id='par_1_92' title="bbox 197 4673 1833 4743">
     <span class='ocr_line' id='line_1_92' title="bbox 197 4673 1833 4743; baseline 0.002 -16"><span class='ocrx_word' id='word_1_697' title='bbox 197 4677 616 4743; x_wconf 85' lang='lat' dir='ltr'><strong>congruentem</strong></span> <span class='ocrx_word' id='word_1_698' title='bbox 663 4673 863 4742; x_wconf 89' lang='lat' dir='ltr'><strong>generi</strong></span> <span class='ocrx_word' id='word_1_699' title='bbox 914 4689 1140 4728; x_wconf 89' lang='lat' dir='ltr'><strong>morum</strong></span> <span class='ocrx_word' id='word_1_700' title='bbox 1197 4674 1569 4743; x_wconf 88' lang='lat' dir='ltr'><strong>nobilitatem,</strong></span> <span class='ocrx_word' id='word_1_701' title='bbox 1622 4681 1687 4730; x_wconf 91' lang='lat' dir='ltr'><strong>ut</strong></span> <span class='ocrx_word' id='word_1_702' title='bbox 1739 4677 1833 4730; x_wconf 84' lang='lat' dir='ltr'><strong>ﬂat</strong></span> 
     </span>
    </p>
   </div>
   <div class='ocr_carea' id='block_1_93' title="bbox 191 4764 840 4837">
    <p class='ocr_par' dir='ltr' id='par_1_93' title="bbox 191 4764 840 4837">
     <span class='ocr_line' id='line_1_93' title="bbox 191 4764 840 4837; baseline 0.002 -16"><span class='ocrx_word' id='word_1_703' title='bbox 191 4766 335 4836; x_wconf 82' lang='lat' dir='ltr'><strong>justi</strong></span> <span class='ocrx_word' id='word_1_704' title='bbox 367 4764 592 4837; x_wconf 87' lang='lat' dir='ltr'><strong>generis</strong></span> <span class='ocrx_word' id='word_1_705' title='bbox 622 4766 840 4822; x_wconf 89' lang='lat' dir='ltr'><strong>electio.</strong></span> 
     </span>
    </p>
   </div>
   <div class='ocr_carea' id='block_1_94' title="bbox 269 4858 1834 4935">
    <p class='ocr_par' dir='ltr' id='par_1_94' title="bbox 269 4858 1834 4935">
     <span class='ocr_line' id='line_1_94' title="bbox 269 4858 1834 4935; baseline 0.002 -20"><span class='ocrx_word' id='word_1_706' title='bbox 269 4862 358 4915; x_wconf 83' lang='lat'><strong>38.</strong></span> <span class='ocrx_word' id='word_1_707' title='bbox 399 4858 560 4924; x_wconf 84' lang='lat' dir='ltr'><strong>Quod</strong></span> <span class='ocrx_word' id='word_1_708' title='bbox 591 4859 638 4913; x_wconf 90' lang='lat' dir='ltr'><strong>si</strong></span> <span class='ocrx_word' id='word_1_709' title='bbox 676 4859 817 4915; x_wconf 91' lang='lat' dir='ltr'><strong>scias</strong></span> <span class='ocrx_word' id='word_1_710' title='bbox 855 4865 934 4928; x_wconf 86' lang='lat' dir='ltr'><strong>te,</strong></span> <span class='ocrx_word' id='word_1_711' title='bbox 978 4868 1035 4916; x_wconf 90' lang='lat' dir='ltr'><strong>et</strong></span> <span class='ocrx_word' id='word_1_712' title='bbox 1072 4878 1384 4934; x_wconf 87' lang='lat' dir='ltr'><strong>cognoscas</strong></span> <span class='ocrx_word' id='word_1_713' title='bbox 1425 4864 1559 4934; x_wconf 88' lang='lat' dir='ltr'><strong>quia</strong></span> <span class='ocrx_word' id='word_1_714' title='bbox 1601 4868 1834 4935; x_wconf 90' lang='lat' dir='ltr'><strong>peccato</strong></span> 
     </span>
    </p>
   </div>
   <div class='ocr_carea' id='block_1_95' title="bbox 196 4953 1836 5027">
    <p class='ocr_par' dir='ltr' id='par_1_95' title="bbox 196 4953 1836 5027">
     <span class='ocr_line' id='line_1_95' title="bbox 196 4953 1836 5027; baseline 0 -17"><span class='ocrx_word' id='word_1_715' title='bbox 196 4953 444 5010; x_wconf 86' lang='lat' dir='ltr'><strong>obnoxia</strong></span> <span class='ocrx_word' id='word_1_716' title='bbox 497 4969 584 5019; x_wconf 86' lang='lat' dir='ltr'><strong>es,</strong></span> <span class='ocrx_word' id='word_1_717' title='bbox 641 4953 968 5010; x_wconf 87' lang='lat' dir='ltr'><strong>exeundum</strong></span> <span class='ocrx_word' id='word_1_718' title='bbox 1019 4956 1076 5010; x_wconf 90' lang='lat' dir='ltr'><strong>in</strong></span> <span class='ocrx_word' id='word_1_719' title='bbox 1130 4956 1406 5011; x_wconf 89' lang='lat' dir='ltr'><strong>calcaneis</strong></span> <span class='ocrx_word' id='word_1_720' title='bbox 1458 4972 1699 5027; x_wconf 88' lang='lat' dir='ltr'><strong>gregum</strong></span> <span class='ocrx_word' id='word_1_721' title='bbox 1751 4959 1836 5012; x_wconf 89' lang='lat' dir='ltr'><strong>est</strong></span> 
     </span>
    </p>
   </div>
   <div class='ocr_carea' id='block_1_96' title="bbox 197 5047 1834 5121">
    <p class='ocr_par' dir='ltr' id='par_1_96' title="bbox 197 5047 1834 5121">
     <span class='ocr_line' id='line_1_96' title="bbox 197 5047 1834 5121; baseline 0.001 -18"><span class='ocrx_word' id='word_1_722' title='bbox 197 5047 326 5103; x_wconf 88' lang='lat' dir='ltr'><strong>tibi.</strong></span> <span class='ocrx_word' id='word_1_723' title='bbox 365 5047 466 5104; x_wconf 87' lang='lat' dir='ltr'><strong>Exi</strong></span> <span class='ocrx_word' id='word_1_724' title='bbox 492 5061 631 5119; x_wconf 81' lang='lat' dir='ltr'><strong>ergo</strong></span> <span class='ocrx_word' id='word_1_725' title='bbox 667 5047 823 5103; x_wconf 90' lang='lat' dir='ltr'><strong>nuda</strong></span> <span class='ocrx_word' id='word_1_726' title='bbox 862 5048 1025 5119; x_wconf 90' lang='lat' dir='ltr'><strong>pede,</strong></span> <span class='ocrx_word' id='word_1_727' title='bbox 1063 5055 1120 5103; x_wconf 90' lang='lat' dir='ltr'><strong>et</strong></span> <span class='ocrx_word' id='word_1_728' title='bbox 1166 5066 1333 5121; x_wconf 89' lang='lat' dir='ltr'><strong>pasce</strong></span> <span class='ocrx_word' id='word_1_729' title='bbox 1374 5050 1568 5105; x_wconf 89' lang='lat' dir='ltr'><strong>hados</strong></span> <span class='ocrx_word' id='word_1_730' title='bbox 1606 5056 1735 5105; x_wconf 90' lang='lat' dir='ltr'><strong>tuos</strong></span> <span class='ocrx_word' id='word_1_731' title='bbox 1777 5052 1834 5105; x_wconf 90' lang='lat' dir='ltr'><strong>in</strong></span> 
     </span>
    </p>
   </div>
   <div class='ocr_carea' id='block_1_97' title="bbox 200 5140 1836 5217">
    <p class='ocr_par' dir='ltr' id='par_1_97' title="bbox 200 5140 1836 5217">
     <span class='ocr_line' id='line_1_97' title="bbox 200 5140 1836 5217; baseline 0.002 -20"><span class='ocrx_word' id='word_1_732' title='bbox 200 5140 582 5197; x_wconf 81' lang='lat' dir='ltr'><strong>tabernaculis</strong></span> <span class='ocrx_word' id='word_1_733' title='bbox 611 5145 929 5213; x_wconf 88' lang='lat' dir='ltr'><strong>pastorum.</strong></span> <span class='ocrx_word' id='word_1_734' title='bbox 964 5141 1073 5206; x_wconf 89' lang='lat' dir='ltr'><strong>Qui</strong></span> <span class='ocrx_word' id='word_1_735' title='bbox 1109 5143 1229 5198; x_wconf 88' lang='lat' dir='ltr'><strong>sine</strong></span> <span class='ocrx_word' id='word_1_736' title='bbox 1259 5148 1491 5215; x_wconf 90' lang='lat' dir='ltr'><strong>peccato</strong></span> <span class='ocrx_word' id='word_1_737' title='bbox 1523 5150 1627 5212; x_wconf 89' lang='lat' dir='ltr'><strong>est,</strong></span> <span class='ocrx_word' id='word_1_738' title='bbox 1659 5160 1836 5217; x_wconf 89' lang='lat' dir='ltr'><strong>agnos</strong></span> 
     </span>
    </p>
   </div>
   <div class='ocr_carea' id='block_1_98' title="bbox 203 5234 1836 5308">
    <p class='ocr_par' dir='ltr' id='par_1_98' title="bbox 203 5234 1836 5308">
     <span class='ocr_line' id='line_1_98' title="bbox 203 5234 1836 5308; baseline 0.002 -19"><span class='ocrx_word' id='word_1_739' title='bbox 203 5234 418 5306; x_wconf 80' lang='lat' dir='ltr'><strong>pascit,</strong></span> <span class='ocrx_word' id='word_1_740' title='bbox 470 5251 602 5289; x_wconf 90' lang='lat' dir='ltr'><strong>oves</strong></span> <span class='ocrx_word' id='word_1_741' title='bbox 651 5235 862 5306; x_wconf 87' lang='lat' dir='ltr'><strong>pascit;</strong></span> <span class='ocrx_word' id='word_1_742' title='bbox 918 5251 1045 5307; x_wconf 87' lang='lat' dir='ltr'><strong>qua</strong></span> <span class='ocrx_word' id='word_1_743' title='bbox 1095 5242 1286 5292; x_wconf 90' lang='lat' dir='ltr'><strong>autem</strong></span> <span class='ocrx_word' id='word_1_744' title='bbox 1328 5241 1556 5308; x_wconf 88' lang='lat' dir='ltr'><strong>peccato</strong></span> <span class='ocrx_word' id='word_1_745' title='bbox 1601 5237 1836 5293; x_wconf 88' lang='lat' dir='ltr'><strong>obnoxia</strong></span> 
     </span>
    </p>
   </div>
   <div class='ocr_carea' id='block_1_99' title="bbox 204 5328 1835 5401">
    <p class='ocr_par' dir='ltr' id='par_1_99' title="bbox 204 5328 1835 5401">
     <span class='ocr_line' id='line_1_99' title="bbox 204 5328 1835 5401; baseline 0.002 -18"><span class='ocrx_word' id='word_1_746' title='bbox 204 5335 308 5394; x_wconf 87' lang='lat' dir='ltr'><strong>est,</strong></span> <span class='ocrx_word' id='word_1_747' title='bbox 355 5333 546 5400; x_wconf 89' lang='lat' dir='ltr'><strong>pascat</strong></span> <span class='ocrx_word' id='word_1_748' title='bbox 594 5328 786 5384; x_wconf 86' lang='lat' dir='ltr'><strong>hados</strong></span> <span class='ocrx_word' id='word_1_749' title='bbox 833 5329 930 5401; x_wconf 92' lang='lat' dir='ltr'><strong>qui</strong></span> <span class='ocrx_word' id='word_1_750' title='bbox 966 5329 1268 5384; x_wconf 87' lang='lat' dir='ltr'><strong>asinistris</strong></span> <span class='ocrx_word' id='word_1_751' title='bbox 1312 5338 1476 5398; x_wconf 89' lang='lat' dir='ltr'><strong>sunt;</strong></span> <span class='ocrx_word' id='word_1_752' title='bbox 1523 5348 1641 5387; x_wconf 92' lang='lat' dir='ltr'><strong>non</strong></span> <span class='ocrx_word' id='word_1_753' title='bbox 1681 5332 1835 5387; x_wconf 89' lang='lat' dir='ltr'><strong>enim</strong></span> 
     </span>
    </p>
   </div>
   <div class='ocr_carea' id='block_1_100' title="bbox 204 5423 1837 5496">
    <p class='ocr_par' dir='ltr' id='par_1_100' title="bbox 204 5423 1837 5496">
     <span class='ocr_line' id='line_1_100' title="bbox 204 5423 1837 5496; baseline 0.001 -20"><span class='ocrx_word' id='word_1_754' title='bbox 204 5426 388 5492; x_wconf 87' lang='lat' dir='ltr'><strong>potest</strong></span> <span class='ocrx_word' id='word_1_755' title='bbox 448 5438 570 5478; x_wconf 88' lang='lat' dir='ltr'><strong>esse</strong></span> <span class='ocrx_word' id='word_1_756' title='bbox 620 5423 679 5477; x_wconf 92' lang='lat' dir='ltr'><strong>in</strong></span> <span class='ocrx_word' id='word_1_757' title='bbox 741 5423 971 5479; x_wconf 89' lang='lat' dir='ltr'><strong>dextera</strong></span> <span class='ocrx_word' id='word_1_758' title='bbox 1035 5424 1280 5495; x_wconf 88' lang='lat' dir='ltr'><strong>pastoris</strong></span> <span class='ocrx_word' id='word_1_759' title='bbox 1341 5424 1500 5480; x_wconf 90' lang='lat' dir='ltr'><strong>boni.</strong></span> <span class='ocrx_word' id='word_1_760' title='bbox 1559 5425 1837 5496; x_wconf 87' lang='lat' dir='ltr'><strong>Sequatur</strong></span> 
     </span>
    </p>
   </div>
   <div class='ocr_carea' id='block_1_101' title="bbox 203 5515 1836 5588">
    <p class='ocr_par' dir='ltr' id='par_1_101' title="bbox 203 5515 1836 5588">
     <span class='ocr_line' id='line_1_101' title="bbox 203 5515 1836 5588; baseline 0.001 -15"><span class='ocrx_word' id='word_1_761' title='bbox 203 5516 394 5588; x_wconf 85' lang='lat' dir='ltr'><strong>magis</strong></span> <span class='ocrx_word' id='word_1_762' title='bbox 440 5515 726 5571; x_wconf 87' lang='lat' dir='ltr'><strong>dicentem</strong></span> <span class='ocrx_word' id='word_1_763' title='bbox 772 5517 984 5572; x_wconf 89' lang='lat' dir='ltr'><strong>Petro:</strong></span> <span class='ocrx_word' id='word_1_764' title='bbox 1022 5540 1048 5566; x_wconf 77' lang='grc' dir='ltr'>α</span> <span class='ocrx_word' id='word_1_765' title='bbox 1094 5518 1232 5572; x_wconf 88' lang='lat' dir='ltr'><strong>Veni</strong></span> <span class='ocrx_word' id='word_1_766' title='bbox 1272 5521 1424 5573; x_wconf 87' lang='lat' dir='ltr'><strong>retro</strong></span> <span class='ocrx_word' id='word_1_767' title='bbox 1471 5535 1582 5585; x_wconf 88' lang='lat' dir='ltr'><strong>me,</strong></span> <span class='ocrx_word' id='word_1_768' title='bbox 1630 5518 1836 5574; x_wconf 89' lang='lat' dir='ltr'><strong>Satana</strong></span> 
     </span>
    </p>
   </div>
   <div class='ocr_carea' id='block_1_102' title="bbox 210 5608 1835 5684">
    <p class='ocr_par' dir='ltr' id='par_1_102' title="bbox 210 5608 1835 5684">
     <span class='ocr_line' id='line_1_102' title="bbox 210 5608 1835 5684; baseline 0.004 -22"><span class='ocrx_word' id='word_1_769' title='bbox 210 5608 424 5674; x_wconf 60' lang='lat' dir='ltr'><strong>(lare,</strong></span> <span class='ocrx_word' id='word_1_770' title='bbox 459 5625 577 5680; x_wconf 83' lang='lat' dir='ltr'><strong>vin,</strong></span> <span class='ocrx_word' id='word_1_771' title='bbox 605 5609 716 5681; x_wconf 86' lang='lat'><strong>33).</strong></span> <span class='ocrx_word' id='word_1_772' title='bbox 752 5633 780 5660; x_wconf 82' lang='lat'><strong>»</strong></span> <span class='ocrx_word' id='word_1_773' title='bbox 813 5610 1118 5684; x_wconf 90' lang='lat' dir='ltr'><strong>Sequendo</strong></span> <span class='ocrx_word' id='word_1_774' title='bbox 1146 5612 1347 5667; x_wconf 89' lang='lat' dir='ltr'><strong>Petrus</strong></span> <span class='ocrx_word' id='word_1_775' title='bbox 1371 5611 1583 5667; x_wconf 90' lang='lat' dir='ltr'><strong>meruit</strong></span> <span class='ocrx_word' id='word_1_776' title='bbox 1610 5611 1668 5666; x_wconf 91' lang='lat' dir='ltr'><strong>in</strong></span> <span class='ocrx_word' id='word_1_777' title='bbox 1697 5612 1835 5669; x_wconf 85' lang='lat' dir='ltr'><strong>dex-</strong></span> 
     </span>
    </p>
   </div>
   <div class='ocr_carea' id='block_1_103' title="bbox 271 5777 1541 5843">
    <p class='ocr_par' dir='ltr' id='par_1_103' title="bbox 271 5777 1541 5843">
     <span class='ocr_line' id='line_1_103' title="bbox 271 5777 1541 5843; baseline 0.001 -15"><span class='ocrx_word' id='word_1_778' title='bbox 271 5777 366 5843; x_wconf 79' lang='lat' dir='ltr'><strong>(ao)</strong></span> <span class='ocrx_word' id='word_1_779' title='bbox 395 5777 460 5828; x_wconf 86' lang='lat' dir='ltr'><strong>In</strong></span> <span class='ocrx_word' id='word_1_780' title='bbox 487 5779 624 5842; x_wconf 75' lang='lat' dir='ltr'><strong>put.</strong></span> <span class='ocrx_word' id='word_1_781' title='bbox 651 5789 851 5838; x_wconf 82' lang='lat' dir='ltr'><strong>cxvm,</strong></span> <span class='ocrx_word' id='word_1_782' title='bbox 880 5790 1043 5830; x_wconf 85' lang='lat' dir='ltr'><strong>serm.</strong></span> <span class='ocrx_word' id='word_1_783' title='bbox 1075 5780 1124 5840; x_wconf 71' lang='lat'><strong>2,</strong></span> <span class='ocrx_word' id='word_1_784' title='bbox 1156 5792 1308 5829; x_wconf 89' lang='lat' dir='ltr'><strong>num.</strong></span> <span class='ocrx_word' id='word_1_785' title='bbox 1339 5779 1399 5829; x_wconf 78' lang='lat' dir='ltr'><strong>t3</strong></span> <span class='ocrx_word' id='word_1_786' title='bbox 1428 5794 1541 5843; x_wconf 88' lang='lat' dir='ltr'><strong>seq.</strong></span> 
     </span>
    </p>
   </div>
   <div class='ocr_carea' id='block_1_104' title="bbox 536 5883 1566 5965">
    <p class='ocr_par' dir='ltr' id='par_1_104' title="bbox 536 5883 1566 5965">
     <span class='ocr_line' id='line_1_104' title="bbox 536 5883 1566 5965; baseline -0.002 -19"><span class='ocrx_word' id='word_1_787' title='bbox 536 5883 811 5946; x_wconf 70' lang='grc' dir='ltr'><strong>ΡΑτιιοιη</strong></span> <span class='ocrx_word' id='word_1_788' title='bbox 859 5883 983 5947; x_wconf 83' lang='lat' dir='ltr'><strong>XV.</strong></span> <span class='ocrx_word' id='word_1_789' title='bbox 1033 5883 1211 5964; x_wconf 79' lang='lat' dir='ltr'><strong>(XIV,</strong></span> <span class='ocrx_word' id='word_1_790' title='bbox 1263 5902 1413 5948; x_wconf 68' lang='lat' dir='ltr'><strong>mas</strong></span> <span class='ocrx_word' id='word_1_791' title='bbox 1461 5883 1566 5965; x_wconf 88' lang='lat' dir='ltr'><strong>ll.)</strong></span> 
     </span>
    </p>
   </div>
   <div class='ocr_carea' id='block_1_105' title="bbox 1932 4575 3567 4649">
    <p class='ocr_par' dir='ltr' id='par_1_105' title="bbox 1932 4575 3567 4649">
     <span class='ocr_line' id='line_1_105' title="bbox 1932 4575 3567 4649; baseline 0.001 -16"><span class='ocrx_word' id='word_1_792' title='bbox 1932 4579 2084 4633; x_wconf 91' lang='lat' dir='ltr'><strong>orbis</strong></span> <span class='ocrx_word' id='word_1_793' title='bbox 2108 4577 2317 4632; x_wconf 86' lang='lat' dir='ltr'><strong>ﬁnibus</strong></span> <span class='ocrx_word' id='word_1_794' title='bbox 2353 4575 2709 4645; x_wconf 88' lang='lat' dir='ltr'><strong>invehentes,</strong></span> <span class='ocrx_word' id='word_1_795' title='bbox 2743 4575 2962 4631; x_wconf 88' lang='lat' dir='ltr'><strong>bonum</strong></span> <span class='ocrx_word' id='word_1_796' title='bbox 2987 4577 3245 4648; x_wconf 90' lang='lat' dir='ltr'><strong>aurigam</strong></span> <span class='ocrx_word' id='word_1_797' title='bbox 3275 4581 3567 4649; x_wconf 83' lang='lat' dir='ltr'><strong>portantes</strong></span> 
     </span>
    </p>
   </div>
   <div class='ocr_carea' id='block_1_106' title="bbox 1933 4668 3564 4741">
    <p class='ocr_par' dir='ltr' id='par_1_106' title="bbox 1933 4668 3564 4741">
     <span class='ocr_line' id='line_1_106' title="bbox 1933 4668 3564 4741; baseline 0.001 -14"><span class='ocrx_word' id='word_1_798' title='bbox 1933 4673 2032 4728; x_wconf 89' lang='lat' dir='ltr'><strong>Dei</strong></span> <span class='ocrx_word' id='word_1_799' title='bbox 2069 4672 2316 4726; x_wconf 87' lang='lat' dir='ltr'><strong>Verbum</strong></span> <span class='ocrx_word' id='word_1_800' title='bbox 2347 4688 2358 4724; x_wconf 91' lang='lat'>:</span> <span class='ocrx_word' id='word_1_801' title='bbox 2389 4670 2551 4740; x_wconf 89' lang='lat' dir='ltr'><strong>cujus</strong></span> <span class='ocrx_word' id='word_1_802' title='bbox 2589 4668 2818 4740; x_wconf 89' lang='lat' dir='ltr'><strong>ﬂagello</strong></span> <span class='ocrx_word' id='word_1_803' title='bbox 2867 4669 3078 4741; x_wconf 85' lang='lat' dir='ltr'><strong>fugata</strong></span> <span class='ocrx_word' id='word_1_804' title='bbox 3120 4677 3253 4727; x_wconf 89' lang='lat' dir='ltr'><strong>sunt</strong></span> <span class='ocrx_word' id='word_1_805' title='bbox 3291 4672 3564 4730; x_wconf 83' lang='lat' dir='ltr'><strong>illecebra</strong></span> 
     </span>
    </p>
   </div>
   <div class='ocr_carea' id='block_1_107' title="bbox 1936 4763 3563 4838">
    <p class='ocr_par' dir='ltr' id='par_1_107' title="bbox 1936 4763 3563 4838">
     <span class='ocr_line' id='line_1_107' title="bbox 1936 4763 3563 4838; baseline 0 -18"><span class='ocrx_word' id='word_1_806' title='bbox 1936 4765 2262 4832; x_wconf 85' lang='lat' dir='ltr'><strong>saculares,</strong></span> <span class='ocrx_word' id='word_1_807' title='bbox 2318 4763 2730 4818; x_wconf 88' lang='lat' dir='ltr'><strong>exterminatus</strong></span> <span class='ocrx_word' id='word_1_808' title='bbox 2789 4764 2989 4818; x_wconf 93' lang='lat' dir='ltr'><strong>mundi</strong></span> <span class='ocrx_word' id='word_1_809' title='bbox 3051 4765 3210 4820; x_wconf 89' lang='lat' dir='ltr'><strong>istius</strong></span> <span class='ocrx_word' id='word_1_810' title='bbox 3271 4768 3563 4838; x_wconf 88' lang='lat' dir='ltr'><strong>princeps,</strong></span> 
     </span>
    </p>
   </div>
   <div class='ocr_carea' id='block_1_108' title="bbox 1925 4857 3562 4932">
    <p class='ocr_par' dir='ltr' id='par_1_108' title="bbox 1925 4857 3562 4932">
     <span class='ocr_line' id='line_1_108' title="bbox 1925 4857 3562 4932; baseline 0 -17"><span class='ocrx_word' id='word_1_811' title='bbox 1925 4861 2211 4932; x_wconf 87' lang='lat' dir='ltr'><strong>justorum</strong></span> <span class='ocrx_word' id='word_1_812' title='bbox 2274 4874 2471 4912; x_wconf 88' lang='lat' dir='ltr'><strong>cursus</strong></span> <span class='ocrx_word' id='word_1_813' title='bbox 2539 4857 2805 4928; x_wconf 89' lang='lat' dir='ltr'><strong>impletus</strong></span> <span class='ocrx_word' id='word_1_814' title='bbox 2870 4864 2972 4912; x_wconf 89' lang='lat' dir='ltr'><strong>est.</strong></span> <span class='ocrx_word' id='word_1_815' title='bbox 3033 4858 3076 4912; x_wconf 93' lang='grc' dir='ltr'>Ο</span> <span class='ocrx_word' id='word_1_816' title='bbox 3135 4859 3562 4915; x_wconf 88' lang='lat' dir='ltr'><strong>rationabilium</strong></span> 
     </span>
    </p>
   </div>
   <div class='ocr_carea' id='block_1_109' title="bbox 1935 4951 3563 5025">
    <p class='ocr_par' dir='ltr' id='par_1_109' title="bbox 1935 4951 3563 5025">
     <span class='ocr_line' id='line_1_109' title="bbox 1935 4951 3563 5025; baseline -0.001 -16"><span class='ocrx_word' id='word_1_817' title='bbox 1935 4969 2217 5025; x_wconf 90' lang='lat' dir='ltr'><strong>equorum</strong></span> <span class='ocrx_word' id='word_1_818' title='bbox 2265 4951 2480 5023; x_wconf 87' lang='lat' dir='ltr'><strong>grande</strong></span> <span class='ocrx_word' id='word_1_819' title='bbox 2524 4951 2846 5005; x_wconf 78' lang='lat' dir='ltr'><strong>certamen!</strong></span> <span class='ocrx_word' id='word_1_820' title='bbox 2897 4968 2930 5005; x_wconf 95' lang='lat' dir='ltr'><strong>o</strong></span> <span class='ocrx_word' id='word_1_821' title='bbox 2975 4953 3303 5007; x_wconf 89' lang='lat' dir='ltr'><strong>mirandum</strong></span> <span class='ocrx_word' id='word_1_822' title='bbox 3350 4958 3563 5024; x_wconf 87' lang='lat' dir='ltr'><strong>myste-</strong></span> 
     </span>
    </p>
   </div>
   <div class='ocr_carea' id='block_1_110' title="bbox 1936 5045 3563 5118">
    <p class='ocr_par' dir='ltr' id='par_1_110' title="bbox 1936 5045 3563 5118">
     <span class='ocr_line' id='line_1_110' title="bbox 1936 5045 3563 5118; baseline -0.001 -16"><span class='ocrx_word' id='word_1_823' title='bbox 1936 5047 2111 5103; x_wconf 86' lang='lat' dir='ltr'><strong>rium!</strong></span> <span class='ocrx_word' id='word_1_824' title='bbox 2158 5047 2300 5101; x_wconf 86' lang='lat' dir='ltr'><strong>Rota</strong></span> <span class='ocrx_word' id='word_1_825' title='bbox 2329 5045 2476 5099; x_wconf 90' lang='lat' dir='ltr'><strong>intra</strong></span> <span class='ocrx_word' id='word_1_826' title='bbox 2514 5049 2699 5100; x_wconf 88' lang='lat' dir='ltr'><strong>rotam</strong></span> <span class='ocrx_word' id='word_1_827' title='bbox 2726 5045 3008 5111; x_wconf 89' lang='lat' dir='ltr'><strong>currebat,</strong></span> <span class='ocrx_word' id='word_1_828' title='bbox 3043 5051 3098 5098; x_wconf 91' lang='lat' dir='ltr'><strong>et</strong></span> <span class='ocrx_word' id='word_1_829' title='bbox 3123 5062 3240 5099; x_wconf 92' lang='lat' dir='ltr'><strong>non</strong></span> <span class='ocrx_word' id='word_1_830' title='bbox 3281 5047 3563 5118; x_wconf 87' lang='lat' dir='ltr'><strong>impedie-</strong></span> 
     </span>
    </p>
   </div>
   <div class='ocr_carea' id='block_1_111' title="bbox 1935 5139 3564 5210">
    <p class='ocr_par' dir='ltr' id='par_1_111' title="bbox 1935 5139 3564 5210">
     <span class='ocr_line' id='line_1_111' title="bbox 1935 5139 3564 5210; baseline 0 -14"><span class='ocrx_word' id='word_1_831' title='bbox 1935 5142 2125 5207; x_wconf 89' lang='lat' dir='ltr'><strong>batur,</strong></span> <span class='ocrx_word' id='word_1_832' title='bbox 2159 5141 2373 5194; x_wconf 88' lang='lat' dir='ltr'><strong>Novum</strong></span> <span class='ocrx_word' id='word_1_833' title='bbox 2400 5140 2829 5194; x_wconf 87' lang='lat' dir='ltr'><strong>Testamentum</strong></span> <span class='ocrx_word' id='word_1_834' title='bbox 2869 5139 2924 5192; x_wconf 94' lang='lat' dir='ltr'><strong>in</strong></span> <span class='ocrx_word' id='word_1_835' title='bbox 2959 5140 3142 5192; x_wconf 88' lang='lat' dir='ltr'><strong>Veteri</strong></span> <span class='ocrx_word' id='word_1_836' title='bbox 3183 5141 3564 5210; x_wconf 89' lang='lat' dir='ltr'><strong>Testamento,</strong></span> 
     </span>
    </p>
   </div>
   <div class='ocr_carea' id='block_1_112' title="bbox 1937 5233 3568 5303">
    <p class='ocr_par' dir='ltr' id='par_1_112' title="bbox 1937 5233 3568 5303">
     <span class='ocr_line' id='line_1_112' title="bbox 1937 5233 3568 5303; baseline 0.001 -15"><span class='ocrx_word' id='word_1_837' title='bbox 1937 5235 2082 5289; x_wconf 89' lang='lat' dir='ltr'><strong>intra</strong></span> <span class='ocrx_word' id='word_1_838' title='bbox 2134 5234 2267 5288; x_wconf 92' lang='lat' dir='ltr'><strong>illud</strong></span> <span class='ocrx_word' id='word_1_839' title='bbox 2321 5233 2590 5287; x_wconf 86' lang='lat' dir='ltr'><strong>currebat</strong></span> <span class='ocrx_word' id='word_1_840' title='bbox 2638 5249 2741 5303; x_wconf 87' lang='lat' dir='ltr'><strong>per</strong></span> <span class='ocrx_word' id='word_1_841' title='bbox 2785 5233 2934 5302; x_wconf 89' lang='lat' dir='ltr'><strong>quod</strong></span> <span class='ocrx_word' id='word_1_842' title='bbox 2987 5233 3460 5289; x_wconf 87' lang='lat' dir='ltr'><strong>annuntiabatur.</strong></span> <span class='ocrx_word' id='word_1_843' title='bbox 3508 5236 3568 5290; x_wconf 85' lang='lat' dir='ltr'><strong>lu</strong></span> 
     </span>
    </p>
   </div>
   <div class='ocr_carea' id='block_1_113' title="bbox 1936 5326 3570 5400">
    <p class='ocr_par' dir='ltr' id='par_1_113' title="bbox 1936 5326 3570 5400">
     <span class='ocr_line' id='line_1_113' title="bbox 1936 5326 3570 5400; baseline 0.001 -18"><span class='ocrx_word' id='word_1_844' title='bbox 1936 5333 2180 5400; x_wconf 90' lang='lat' dir='ltr'><strong>quatuor</strong></span> <span class='ocrx_word' id='word_1_845' title='bbox 2229 5333 2417 5398; x_wconf 89' lang='lat' dir='ltr'><strong>partes</strong></span> <span class='ocrx_word' id='word_1_846' title='bbox 2462 5326 2618 5381; x_wconf 87' lang='lat' dir='ltr'><strong>ibant</strong></span> <span class='ocrx_word' id='word_1_847' title='bbox 2663 5330 2822 5392; x_wconf 87' lang='lat' dir='ltr'><strong>rota,</strong></span> <span class='ocrx_word' id='word_1_848' title='bbox 2877 5331 2931 5379; x_wconf 91' lang='lat' dir='ltr'><strong>et</strong></span> <span class='ocrx_word' id='word_1_849' title='bbox 2976 5342 3086 5379; x_wconf 90' lang='lat' dir='ltr'><strong>non</strong></span> <span class='ocrx_word' id='word_1_850' title='bbox 3138 5327 3570 5383; x_wconf 82' lang='lat' dir='ltr'><strong>revertebantur</strong></span> 
     </span>
    </p>
   </div>
   <div class='ocr_carea' id='block_1_114' title="bbox 1937 5418 3571 5492">
    <p class='ocr_par' dir='ltr' id='par_1_114' title="bbox 1937 5418 3571 5492">
     <span class='ocr_line' id='line_1_114' title="bbox 1937 5418 3571 5492; baseline 0.001 -15"><span class='ocrx_word' id='word_1_851' title='bbox 1937 5425 2283 5491; x_wconf 80' lang='lat' dir='ltr'><strong>retrorsum;</strong></span> <span class='ocrx_word' id='word_1_852' title='bbox 2323 5421 2458 5492; x_wconf 88' lang='lat' dir='ltr'><strong>quia</strong></span> <span class='ocrx_word' id='word_1_853' title='bbox 2500 5419 2730 5491; x_wconf 89' lang='lat' dir='ltr'><strong>spiritus</strong></span> <span class='ocrx_word' id='word_1_854' title='bbox 2770 5418 2893 5473; x_wconf 86' lang='lat' dir='ltr'><strong>vita</strong></span> <span class='ocrx_word' id='word_1_855' title='bbox 2927 5425 3047 5473; x_wconf 89' lang='lat' dir='ltr'><strong>erat</strong></span> <span class='ocrx_word' id='word_1_856' title='bbox 3082 5420 3138 5473; x_wconf 92' lang='lat' dir='ltr'><strong>in</strong></span> <span class='ocrx_word' id='word_1_857' title='bbox 3177 5419 3286 5487; x_wconf 88' lang='lat' dir='ltr'><strong>his,</strong></span> <span class='ocrx_word' id='word_1_858' title='bbox 3319 5421 3417 5492; x_wconf 88' lang='lat' dir='ltr'><strong>qui</strong></span> <span class='ocrx_word' id='word_1_859' title='bbox 3447 5439 3571 5478; x_wconf 83' lang='lat' dir='ltr'><strong>cur-</strong></span> 
     </span>
    </p>
   </div>
   <div class='ocr_carea' id='block_1_115' title="bbox 1939 5513 3563 5587">
    <p class='ocr_par' dir='ltr' id='par_1_115' title="bbox 1939 5513 3563 5587">
     <span class='ocr_line' id='line_1_115' title="bbox 1939 5513 3563 5587; baseline -0.001 -15"><span class='ocrx_word' id='word_1_860' title='bbox 1939 5517 2097 5572; x_wconf 88' lang='lat' dir='ltr'><strong>rebat</strong></span> <span class='ocrx_word' id='word_1_861' title='bbox 2136 5517 2194 5571; x_wconf 87' lang='lat' dir='ltr'><strong>in</strong></span> <span class='ocrx_word' id='word_1_862' title='bbox 2233 5518 2476 5587; x_wconf 88' lang='lat' dir='ltr'><strong>quatuor</strong></span> <span class='ocrx_word' id='word_1_863' title='bbox 2521 5516 2709 5584; x_wconf 90' lang='lat' dir='ltr'><strong>partes</strong></span> <span class='ocrx_word' id='word_1_864' title='bbox 2748 5513 2920 5566; x_wconf 89' lang='lat' dir='ltr'><strong>totius</strong></span> <span class='ocrx_word' id='word_1_865' title='bbox 2949 5513 3150 5566; x_wconf 89' lang='lat' dir='ltr'><strong>mundi</strong></span> <span class='ocrx_word' id='word_1_866' title='bbox 3196 5537 3204 5566; x_wconf 93' lang='lat'>:</span> <span class='ocrx_word' id='word_1_867' title='bbox 3237 5518 3296 5568; x_wconf 91' lang='lat' dir='ltr'><strong>et</strong></span> <span class='ocrx_word' id='word_1_868' title='bbox 3325 5515 3444 5570; x_wconf 89' lang='lat' dir='ltr'><strong>sine</strong></span> <span class='ocrx_word' id='word_1_869' title='bbox 3482 5519 3563 5570; x_wconf 86' lang='lat' dir='ltr'><strong>of-</strong></span> 
     </span>
    </p>
   </div>
   <div class='ocr_carea' id='block_1_116' title="bbox 1939 5605 3566 5681">
    <p class='ocr_par' dir='ltr' id='par_1_116' title="bbox 1939 5605 3566 5681">
     <span class='ocr_line' id='line_1_116' title="bbox 1939 5605 3566 5681; baseline -0.001 -15"><span class='ocrx_word' id='word_1_870' title='bbox 1939 5611 2190 5666; x_wconf 88' lang='lat' dir='ltr'><strong>fensione</strong></span> <span class='ocrx_word' id='word_1_871' title='bbox 2215 5607 2498 5675; x_wconf 89' lang='lat' dir='ltr'><strong>currebat,</strong></span> <span class='ocrx_word' id='word_1_872' title='bbox 2527 5606 2662 5678; x_wconf 90' lang='lat' dir='ltr'><strong>quia</strong></span> <span class='ocrx_word' id='word_1_873' title='bbox 2691 5605 2834 5660; x_wconf 90' lang='lat' dir='ltr'><strong>bona</strong></span> <span class='ocrx_word' id='word_1_874' title='bbox 2866 5622 3146 5677; x_wconf 90' lang='lat' dir='ltr'><strong>equorum</strong></span> <span class='ocrx_word' id='word_1_875' title='bbox 3174 5609 3291 5663; x_wconf 89' lang='lat' dir='ltr'><strong>vita</strong></span> <span class='ocrx_word' id='word_1_876' title='bbox 3319 5613 3566 5681; x_wconf 86' lang='lat' dir='ltr'><strong>quadra-</strong></span> 
     </span>
    </p>
   </div>
   <div class='ocr_carea' id='block_1_117' title="bbox 2003 5774 3340 5841">
    <p class='ocr_par' dir='ltr' id='par_1_117' title="bbox 2003 5774 3340 5841">
     <span class='ocr_line' id='line_1_117' title="bbox 2003 5774 3340 5841; baseline 0 -15"><span class='ocrx_word' id='word_1_877' title='bbox 2003 5777 2099 5840; x_wconf 81' lang='grc'><strong>(31)</strong></span> <span class='ocrx_word' id='word_1_878' title='bbox 2131 5778 2189 5827; x_wconf 81' lang='grc' dir='ltr'><strong>ιιι</strong></span> <span class='ocrx_word' id='word_1_879' title='bbox 2222 5775 2357 5841; x_wconf 85' lang='lat' dir='ltr'><strong>psal.</strong></span> <span class='ocrx_word' id='word_1_880' title='bbox 2389 5786 2589 5837; x_wconf 85' lang='lat' dir='ltr'><strong>cxvm,</strong></span> <span class='ocrx_word' id='word_1_881' title='bbox 2619 5783 2778 5824; x_wconf 85' lang='lat' dir='ltr'><strong>serm.</strong></span> <span class='ocrx_word' id='word_1_882' title='bbox 2819 5774 2866 5838; x_wconf 75' lang='lat'><strong>2,</strong></span> <span class='ocrx_word' id='word_1_883' title='bbox 2897 5790 3050 5828; x_wconf 89' lang='lat' dir='ltr'><strong>num.</strong></span> <span class='ocrx_word' id='word_1_884' title='bbox 3083 5777 3159 5829; x_wconf 71' lang='lat'><strong>32.</strong></span> <span class='ocrx_word' id='word_1_885' title='bbox 3335 5786 3340 5834; x_wconf 74' lang='grc' dir='ltr'><strong>ς</strong></span> 
     </span>
    </p>
   </div>
   <div class='ocr_carea' id='block_1_118' title="bbox 3171 5888 3247 5946">
    <p class='ocr_par' dir='ltr' id='par_1_118' title="bbox 3171 5888 3247 5946">
     <span class='ocr_line' id='line_1_118' title="bbox 3171 5888 3247 5946; baseline 0 0"><span class='ocrx_word' id='word_1_886' title='bbox 3171 5888 3247 5946; x_wconf 74' lang='lat'><strong>6‘2</strong></span> 
     </span>
    </p>
   </div>
  </div>
