4022 6176
535 292 543 338 ι
563 285 663 336 063

1663 285 2010 341 COMMENT.
2056 286 2122 339 IN
2162 286 2449 341 CANTICA
2491 285 2747 342 CANTIC.

3711 292 3722 340 ι
3733 293 3811 345 964

529 408 638 460 bat.
669 407 979 461 Currebant
1003 407 1179 476 igitur
1205 407 1356 477 equi,
1385 409 1515 478 quia
1557 425 1667 462 non
1706 409 2027 463 dormiebat
2057 409 2152 479 qui
2180 409 2473 493 Aredolet
2511 408 2649 464 ﬁdes
2726 409 2968 479 ideoque
3011 408 3144 462 dicit
3189 407 3428 461 Ecclesia
3458 425 3468 460 :
3497 410 3692 465 Nurdus
3725 427 3817 466 mea

525 499 863 556 ascenderat
886 515 1082 573 equos.

594 595 683 648 41.
711 594 1048 650 Animarum
1075 596 1250 666 igitur
1271 602 1594 652 nostrarum
1613 595 1821 668 auriga
1847 598 2026 664 Jesus,
2057 596 2156 666 qui

526 705 629 744 nos
672 705 899 760 quoque
944 689 1062 742 vult
1103 690 1404 746 ascendere
1451 707 1627 763 equos
1674 693 1914 757 nostros,
1943 689 2014 757 _id
2053 693 2155 757 est,

528 799 771 854 corpora
812 787 1027 852 nostra,
1059 788 1116 838 et
1151 783 1390 855 vigilare
1430 801 1656 855 semper
1695 801 1764 838 ne
1805 785 2023 839 dicatur
2063 799 2158 839 no-

528 877 634 931 bis.
674 897 702 925 ί(
743 876 1200 932 Dormitaverunt
1239 878 1339 949 qui
1375 879 1753 934 ascenderunt
1779 893 1956 949 equos
1986 877 2153 945 (Psal.

529 986 683 1039 Lxxv,
717 970 792 1040 7).
822 992 849 1020 ››
879 971 1306 1026 Transeundum
1334 978 1419 1027 est
1442 973 1551 1027 hoc
1580 988 1734 1027 mare
1764 972 2032 1044 impigre,
2062 971 2153 1026 vix

529 1064 802 1118 transitur
837 1081 868 1117 a
904 1063 1292 1135 vigilantibus.
1335 1065 1396 1120 Si
1438 1067 1565 1137 quis
1606 1069 1797 1120 autem
1837 1064 2154 1132 dormierit,

529 1158 768 1212 transire
800 1175 913 1212 non
944 1158 1172 1228 poterit,
1207 1159 1304 1213 sed
1343 1159 1718 1231 demergitur,
1750 1165 1812 1214 ut
1841 1158 2152 1231 Egyptius,

528 1251 687 1322 cujus
714 1255 770 1306 et
795 1252 990 1307 anima
1031 1255 1088 1305 et
1128 1268 1334 1323 corpus
1377 1253 1608 1308 interiit.
1662 1275 1690 1302 ‹‹
1732 1254 1954 1324 Equum
2001 1253 2157 1308 enim

526 1351 582 1399 et
620 1362 976 1400 ascensorem
1021 1345 1259 1417 projecit
1303 1346 1362 1400 in
1408 1363 1567 1402 mare
1616 1348 1830 1415 (Exod,
1873 1364 1959 1414 xv,
2010 1347 2078 1415 Ι),
2126 1365 2151 1397 »

526 1439 622 1510 qui
667 1455 780 1494 non
821 1439 1208 1510 sequebantur
1245 1440 1457 1511 legem,
1499 1441 1597 1495 sed
1637 1441 2149 1512 persequebantur.

595 1535 681 1587 42.
712 1537 875 1603 Eque:
903 1549 1031 1588 mea?
1059 1537 1117 1587 in
1148 1535 1398 1588 curribus
1427 1537 1729 1590 Pharaonis
1757 1537 2057 1590 assimilavi
2081 1540 2150 1590 te.

528 1630 634 1698 {32)
671 1627 905 1682 Virtutis
944 1627 1106 1682 labor
1141 1628 1348 1698 quaerit
1382 1629 1698 1697 victoriam,
1735 1635 1795 1684 ut
1831 1646 1948 1684 non
1979 1630 2156 1700 possit

525 1737 687 1792 equae
732 1721 812 1776 illi
857 1738 986 1792 quin
1030 1722 1346 1777 Salomonis
1383 1727 1468 1776 est
1513 1725 1846 1795 comparari,
1888 1725 2041 1778 velox
2084 1724 2152 1779 ad

2257 502 2407 558 dedit
2451 503 2663 558 odorem
2711 518 2904 570 suum;
2959 509 3015 557 et
3073 501 3210 556 dicit
3263 516 3391 555 cum
3441 504 3819 573 praesumptione

2258 602 2594 668 exspectans
2620 595 3078 652 retributionem.
3114 595 3354 666 Fragrat
3374 599 3701 666 unguentum
3727 610 3823 666 gra-

2257 691 2372 759 tim,
2406 690 2465 746 in
2495 707 2608 762 quo
2645 692 2814 763 Virgo
2861 689 3180 763 generavit,
3225 691 3281 743 et
3319 687 3578 742 Dominus
3602 689 3738 743 Jesus
3763 706 3826 743 sa-

2258 788 2619 840 cramentum
2645 784 3058 840 incarnationis
3081 782 3399 854 assumpsit.

2328 880 2413 934 45.
2470 880 2648 948 (Vers.
2700 883 2782 948 12,
2836 879 2942 948 i3.)
2993 877 3281 947 Colligatio
3321 880 3483 946 guttz
3523 878 3682 943 frater
3713 891 3827 931 metu

2259 973 2408 1035 mihi,
2446 976 2506 1027 in
2545 973 2719 1028 medio
2757 974 2984 1028 uberum
3019 987 3258 1026 meorum
3287 970 3538 1032 manebit,
3578 968 3681 1023 sive
3719 985 3830 1024 cam-

2255 1067 2576 1122 morabitur.
2608 1066 2768 1121 Prius
2801 1066 3034 1138 quidem
3072 1065 3309 1131 dixerat,
3341 1062 3492 1135 quod
3529 1061 3717 1118 nardus
3748 1077 3830 1116 sua

2258 1160 2502 1216 dedisset
2528 1161 2580 1215 ei
2608 1160 2841 1215 odorem
2875 1160 3101 1230 sponsi,
3129 1165 3184 1214 et
3218 1157 3350 1229 quia
3387 1173 3486 1229 per
3519 1159 3828 1226 unguentum

2257 1270 2371 1326 quo
2413 1259 2674 1324 unxerat,
2717 1254 2904 1308 odoris
2950 1254 3072 1324 ejus
3116 1250 3484 1323 fragrantiam
3525 1248 3830 1320 recepisset:

2257 1365 2406 1403 nunc
2433 1354 2626 1403 autem
2658 1348 2738 1402 ait
2771 1365 2784 1402 :
2820 1348 3016 1403 Frater
3042 1363 3206 1401 meus
3232 1345 3377 1400 mihi
3402 1348 3614 1416 guttam
3635 1342 3831 1408 redolet,

2256 1445 2314 1496 et
2337 1443 2482 1497 hanc
2511 1459 2626 1496 non
2656 1441 2919 1496 diffusam
2946 1457 3137 1512 neque
3170 1443 3230 1494 ut
3256 1439 3396 1494 libet
3420 1438 3730 1510 dispersam,
3754 1435 3833 1490 sed

2254 1535 2576 1608 colligatam
2613 1540 2672 1590 et
2706 1536 3086 1602 constrictum,
3129 1551 3241 1606 quo
3283 1533 3494 1588 scilicet
3531 1531 3662 1587 odor
3691 1529 3834 1602 ipsius

2256 1631 2544 1686 suavitatis
2571 1631 2795 1686 densior
2821 1629 3098 1685 reddatur
3123 1634 3180 1684 et
3210 1626 3614 1684 vehementior.
3651 1625 3711 1679 Et
3741 1623 3836 1692 hic,

2256 1725 2460 1797 inquit,
2513 1722 2770 1797 1558
2815 1740 2947 1779 cum
2994 1723 3121 1778 talis
3166 1722 3256 1792 sit,
3301 1721 3361 1776 in
3407 1720 3591 1776 medio
3635 1717 3835 1774 uberum

522 1816 892 1883 currendum,
923 1816 1128 1870 habilis
1169 1817 1240 1871 ad
1289 1823 1550 1888 partum;
1589 1818 1862 1890 quoniam
1896 1818 2149 1873 fecundi-
2173 1795 2229 1866 Β
2256 1835 2519 1875 meorum
2543 1824 2939 1874 commoratur
2963 1823 3020 1872 et
3051 1821 3403 1883 commanet,
3437 1821 3492 1870 et
3523 1813 3763 1884 requiem
3788 1827 3837 1866 ac

526 1914 606 1964 tas
638 1910 843 1963 animae
876 1909 1232 1965 desideratur
1261 1917 1318 1965 et
1353 1912 1645 1982 quaeritur.
1683 1914 1809 1968 Haec
1837 1929 1976 1984 ergo
2005 1929 2155 1983 equa

522 2004 770 2075 pretiosa
807 2010 909 2072 est,
953 2007 1011 2057 et
1051 2021 1247 2058 currus
1285 2005 1586 2060 Pharaonis
1629 2007 1862 2060 veloces.
1898 2006 2008 2062 Sed
2045 2007 2154 2062 hoc

522 2099 646 2152 loco
697 2097 765 2151 de
807 2098 1003 2151 anima
1045 2097 1348 2152 dicendum
1386 2101 1757 2171 suscepimus,
1792 2100 1963 2171 hujus
1991 2116 2154 2171 equae

524 2207 650 2262 quae
681 2190 883 2244 similis
927 2191 1240 2246 aestimatur
1280 2192 1412 2246 huic
1449 2193 1676 2258 animae,
1717 2193 1825 2248 hoc
1867 2197 1971 2260 est,
2020 2209 2151 2264 pro-

525 2284 762 2356 pheticae
812 2285 898 2338 vel
946 2285 1271 2356 apostolicae
1323 2285 1545 2341 virtutis
1591 2305 1603 2341 :
1655 2287 1808 2357 quod
1847 2287 1904 2341 in
1950 2303 2152 2342 eorum

523 2384 930 2434 annumeretur
971 2394 1164 2451 grege,
1208 2379 1308 2450 qui
1350 2380 1694 2435 fecunditate
1739 2381 2153 2450 praedicationis

522 2489 638 2527 suae
682 2473 858 2528 totius
899 2473 1050 2528 orbis
1094 2477 1377 2528 terrarum
1427 2475 1610 2546 spatia
1659 2475 2042 2546 repleverunt.
2087 2475 2155 2531 Et

525 2567 788 2638 quamvis
813 2566 873 2620 in
913 2582 1147 2639 corpore
1193 2568 1500 2638 constituti,
1534 2570 1690 2623 nulla
1724 2574 1914 2624 tamen
1958 2586 2153 2624 cursus

526 2660 789 2732 spiritalis
819 2677 1043 2716 sensere
1076 2661 1391 2733 dispendia.
1423 2662 1668 2734 Ideoque
1704 2663 1969 2718 laudatur
1997 2663 2152 2736 quod

526 2754 737 2811 caelesti
783 2755 889 2810 sibi
942 2755 1303 2811 illuminante
1355 2760 1662 2828 praecepto,
1703 2758 1825 2828 jam
1877 2757 2151 2829 speciosa,

521 2851 646 2920 jam
677 2848 916 2920 pulchra
943 2849 1017 2903 sit
1041 2866 1169 2921 quas
1200 2851 1357 2904 vultu
1383 2850 1654 2922 praeferat
1677 2851 1949 2906 castitatis
1984 2851 2150 2907 deco-

527 2960 684 3010 rem,
737 2948 795 2997 et
843 2943 1178 2998 redimicula
1226 2943 1458 2998 cervicis
1510 2944 1698 3014 tollat,
1752 2946 1809 2999 in
1861 2961 1970 3016 qua
2023 2949 2157 2999 sunt

527 3036 815 3108 patientiae
867 3039 924 3090 et
986 3036 1323 3091 humilitatis
1386 3037 1651 3107 insignia.
1706 3041 1888 3109 Atque
1944 3038 2154 3093 idcirco

525 3145 794 3203 sponsam
825 3145 987 3183 suam
1015 3129 1344 3184 collaudans
1369 3130 1593 3185 dicebat
1626 3149 1638 3185 :

2255 1914 2609 1968 mansionem
2645 1929 2807 1968 suam
2847 1911 2981 1967 facit
3017 1911 3074 1966 in
3115 1911 3237 1966 loco
3276 1909 3518 1981 pectoris
3554 1906 3678 1962 mei.
3706 1905 3836 1961 Colli-

2253 2010 2399 2078 gatio
2451 2009 2579 2077 (34),
2625 2006 2830 2078 inquit,
2879 2011 3046 2074 guttw
3084 2006 3432 2060 consobrinus
3477 2016 3649 2064 meus,
3693 2000 3841 2053 botrus

2253 2104 2408 2173 cypri
2442 2104 2619 2170 frater
2651 2116 2799 2155 meus
2837 2101 2992 2162 mihi,
3035 2103 3180 2153 inter
3216 2099 3401 2153 media
3439 2097 3600 2151 ubera
3635 2109 3741 2148 mea
3774 2107 3840 2145 re-

2253 2199 2502 2266 quiescet.
2552 2197 2768 2266 Corpus
2817 2193 2970 2249 enim
3020 2193 3330 2264 suscipiens
3381 2189 3651 2245 Dominus
3691 2188 3838 2250 Iesus,

2254 2289 2544 2344 charitatis
2594 2305 2657 2344 se
2705 2287 2943 2343 vinculis
2993 2286 3263 2358 illigavit,
3316 2291 3380 2340 et
3431 2299 3546 2338 non
3597 2282 3761 2336 solum
3798 2293 3843 2332 se

2253 2383 2526 2438 membris
2579 2383 2787 2438 nostris
2837 2385 2896 2437 et
2945 2379 3298 2453 passionibus
3352 2376 3723 2444 naturalibus,
3769 2370 3844 2426 sed

2254 2477 2425 2533 etiam
2459 2477 2613 2532 cruci
2645 2476 2862 2547 junxit;
2891 2475 3136 2547 ideoque
3176 2473 3320 2528 sicut
3365 2472 3564 2527 botrus
3605 2469 3660 2524 in
3692 2465 3843 2522 Eccle-

2254 2571 2350 2626 siae
2376 2571 2508 2638 ﬁde,
2541 2575 2597 2626 et
2623 2570 2828 2625 morali
2856 2568 3156 2640 requiescit
3183 2567 3389 2639 gratia.

2323 2667 2413 2720 46.
2460 2664 2682 2722 Nardus
2718 2665 2878 2734 cypri
2909 2663 3255 2718 consobrinus
3292 2675 3447 2715 meus
3478 2662 3537 2713 in
3571 2659 3727 2712 vineis
3759 2654 3847 2708 En-

2253 2761 2442 2830 gaddi.
2473 2757 2532 2814 Si
2571 2759 2758 2812 locum
2794 2755 3109 2828 quaerimus
3138 2753 3396 2826 regionis
3441 2750 3724 2823 cujusdam
3749 2761 3851 2820 qua

2255 2855 2312 2910 in
2351 2855 2544 2910 Judaea
2587 2857 2705 2918 est,
2751 2851 2908 2906 locus
2950 2851 3030 2904 sic
3074 2848 3282 2903 dicitur
3325 2847 3388 2902 in
3433 2863 3546 2918 quo
3591 2840 3849 2916 opobalsa-

2255 2965 2415 3004 mum
2446 2947 2700 3019 gignitur
2730 2961 2743 2999 :
2774 2945 2821 2998 si
2847 2942 3405 3014 interpretationem,
3433 2939 3664 2995 tentatio
3687 2934 3851 2992 Latine

2255 3042 2627 3114 signiﬁcatur.
2655 3042 2717 3095 In
2749 3038 2859 3093 illis
2884 3053 3019 3094 vero
3050 3036 3230 3092 vineis
3262 3036 3491 3108 lignum
3527 3039 3628 3102 est,
3660 3027 3795 3103 quod
3819 3026 3854 3080 si

2176 3168 2230 3242 Ο
2257 3136 2382 3208 quis
2405 3139 2774 3206 compungat,
2804 3137 3162 3204 unguentum
3193 3129 3431 3199 emittit,
3455 3129 3548 3232 hic
3567 3123 3856 3242 fiuctus‘est

527 3277 533 3283 .
595 3225 682 3277 43.
713 3223 890 3293 (Vers.
920 3223 992 3292 9.)
1021 3221 1126 3292 (33)
1165 3224 1339 3290 Quam
1372 3225 1615 3292 speciosae
1646 3226 1810 3293 facta
1842 3229 1969 3279 sunt
2009 3217 2230 3293 gena"l
2254 3229 2420 3300 ligni.
2466 3228 2520 3284 Si
2557 3245 2670 3282 non
2707 3224 2991 3280 incidatur
3028 3224 3278 3295 lignum,
3319 3239 3440 3278 non
3486 3222 3564 3277 ita
3594 3219 3790 3290 fragrat
3813 3217 3855 3268 et

531 3325 637 3371 tua:
673 3318 808 3371 sicut
846 3318 1096 3378 turturis,
1128 3320 1311 3372 cervis:
1350 3323 1447 3372 tua
1484 3319 1625 3374 sicut
1651 3319 1989 3373 redimicula.
2025 3318 2154 3372 Vul-

528 3413 618 3464 tus
663 3409 899 3464 liberior
939 3413 1042 3476 est,
1089 3410 1186 3465 ubi
1234 3413 1319 3465 est
1365 3411 1653 3467 charitatis
1697 3411 2069 3482 conscientia;
2101 3417 2157 3468 et

526 3506 758 3576 portare
777 3504 984 3576 jugum
1011 3504 1216 3560 Christi
1240 3521 1410 3560 suave
1433 3511 1536 3574 est,
1559 3505 1606 3560 si
1629 3513 1965 3562 ornamenta
1991 3509 2156 3578 putes

528 3597 760 3654 cervicis
803 3601 918 3652 tuae
961 3613 1101 3668 esse,
1148 3615 1259 3654 non
1301 3615 1493 3655 onera.
1540 3601 1745 3656 Attolle
1786 3617 1921 3673 ergo
1967 3602 2157 3657 oculos

2257 3322 2503 3391 redolet;
2556 3337 2684 3376 cum
2737 3321 2928 3375 autem
2979 3322 3392 3388 compunctum
3446 3314 3618 3371 fuerit
3663 3307 3856 3367 artiﬁcis

2257 3433 2450 3484 manu,
2503 3420 2637 3471 tunc
2688 3414 3000 3485 lacrymam
3043 3411 3295 3468 distillat.
3341 3411 3502 3467 Sicut
3546 3413 3602 3464 et
3641 3405 3855 3464 Christus

2256 3513 2315 3566 in
2370 3511 2469 3566 illo
2527 3507 2857 3565 tentationis
2909 3507 3066 3579 ligno
3121 3503 3458 3572 crucifixus,
3509 3495 3856 3573 illacrymabat

2256 3605 2551 3677 populum,
2600 3608 2661 3658 ut
2697 3607 2924 3674 peccata
2965 3606 3159 3656 nostra
3197 3598 3464 3668 dilueret,
3496 3603 3553 3652 et
3581 3595 3651 3651 de
3676 3588 3855 3648 visceri-

2256 3698 2360 3753 bus
2388 3696 2794 3752 misericordias
2819 3711 2934 3750 suae
2957 3693 3229 3750 fundebat
3245 3694 3635 3764 unguentum,
3659 3686 3852 3744 dicens:

2259 3814 2286 3843 «
2328 3795 2518 3859 Pater,
2565 3791 2788 3846 dimitte
2831 3790 2959 3857 illis,
3005 3788 3139 3860 quia
3184 3787 3455 3842 nesciunt
3498 3783 3632 3857 quid
3677 3778 3856 3837 faciunt

2257 3889 2425 3954 (Ιιιιου
2457 3901 2606 3952 xxm,
2641 3884 2750 3955 34).
2784 3904 2811 3934 ››
2843 3884 2997 3962 Tunc
3037 3897 3176 3953 ergo
3217 3880 3277 3936 in
3321 3882 3483 3954 ligno
3527 3876 3856 3949 compunctus

2261 3983 2478 4048 lancea,
2533 3979 2700 4034 exivit
2747 3978 2818 4033 de
2865 3994 2930 4032 eo
2979 3975 3210 4048 sanguis
3258 3981 3316 4031 et
3359 3990 3540 4047 aqua,
3589 3968 3733 4027 omni
3772 3981 3855 4020 un-

2260 4078 2475 4148 guento
2530 4074 2779 4139 suavior,
2831 4075 3064 4143 accepta
3113 4071 3230 4124 Deo
3285 4069 3510 4136 hostia,
3563 4083 3664 4138 per
3707 4064 3859 4119 totum

2259 4169 2541 4224 mundum
2607 4167 2841 4222 odorem
2908 4163 3369 4220 sanctificationis
3445 4161 3752 4217 effundens.
3808 4152 3860 4208 Et

2260 4264 2416 4335 quasi
2468 4261 2784 4316 balsamum
2834 4276 2902 4314 ex
2965 4258 3186 4323 arbore,
3241 4257 3322 4312 sic
3378 4257 3560 4311 virtus
3610 4251 3789 4309 exibat
3834 4259 3858 4296 ε

529 3708 760 3764 semper
800 3692 870 3746 ad
919 3693 1220 3748 Dominum
1262 3695 1425 3749 tuum
1450 3736 1463 3760 ,
1509 3700 1563 3750 et
1606 3711 1794 3768 quaere
1838 3697 2046 3763 Deum,
2097 3702 2155 3751 ut

527 3787 804 3842 invenias.
846 3787 1014 3858 Erige
1054 3788 1351 3856 cervicem,
1395 3789 1731 3845 redimicula
1770 3807 1887 3845 non
1932 3790 2157 3846 vincula

529 3882 721 3953 geris:
768 3886 1040 3952 mutaque
1088 3882 1353 3937 animalia
1395 3884 1742 3939 redimiculis
1781 3884 2057 3955 gaudent,
2101 3889 2158 3940 et

527 3975 812 4047 phalerari
848 3975 954 4030 sibi
1003 3976 1186 4048 magis
1226 3992 1400 4048 quam
1440 3977 1642 4033 nodari
1677 3978 1960 4033 videntur.
2001 3981 2158 4036 Gener

525 4073 662 4126 sicut
703 4073 953 4132 turturis,
990 4070 1281 4141 perferant
1316 4071 1562 4142 insignia
1599 4073 1954 4128 verecundiae
1997 4091 2009 4128 :
2055 4077 2152 4131 Re-

531 4165 789 4219 dimicula-
833 4167 1048 4219 ceruicis
1089 4163 1364 4219 libertatis
1403 4165 1666 4220 attollant
1699 4166 1996 4236 ﬁduciam;
2034 4168 2156 4222 leve

532 4261 619 4312 est
643 4257 1022 4328 enimjugum
1051 4257 1279 4324 Christi,
1314 4263 1370 4312 et
1405 4258 1533 4314 ideo
1569 4261 1749 4315 cervix
1784 4278 1852 4315 eo
1881 4277 1998 4316 non
2025 4277 2153 4333 pre-

529 4351 726 4418 mitur,
757 4350 856 4406 sed
882 4351 1122 4407 levatur.
1331 4365 1336 4370 ‘
2257 4371 2517 4428 corpore,
2547 4356 2700 4410 unde
2729 4355 2808 4409 ait
2835 4371 2848 4408 :
2881 4375 2909 4403 «
2941 4353 3129 4409 Sentio
3154 4351 3426 4406 virtutem
3458 4350 3531 4404 de
3571 4363 3660 4402 me
3687 4341 3858 4399 exiisse

551 4447 690 4502 "-44.
721 4447 894 4515 (Vers.
931 4450 1016 4515 10,
1052 4448 1160 4519 Η.)
1201 4447 1625 4512 Similitudines,
1664 4448 1867 4520 inquit,
1902 4453 2030 4505 auri
2065 4452 2154 4518 fa-
2262 4454 2432 4520 (Luc.,
2459 4466 2573 4518 Vlll,
2598 4448 2705 4519 46).
2737 4471 2764 4497 ››
2795 4447 2936 4503 Inde
2962 4445 3390 4519 opobalsamum
3418 4441 3731 4516 expressius
3752 4430 3861 4491 dici-

521 4543 727 4596 ciemus
767 4541 885 4603 tibi,
925 4556 992 4595 ea:
1032 4541 1471 4597 distinctionibus
1498 4546 1732 4612 argenti,
1774 4543 1958 4614 quoad
1992 4559 2160 4615 usque
2178 4542 2237 4613 D
2260 4551 2373 4612 tur,
2407 4561 2472 4600 eo
2499 4542 2653 4615 quod
2680 4540 3119 4614 compunctione
3145 4539 3287 4610 ligni
3312 4537 3637 4593 balsamum
3665 4546 3760 4605 per
3780 4541 3856 4582 ca-

528 4637 758 4690 retcierit
782 4635 842 4688 in
867 4635 1230 4690 declinatione
1253 4651 1377 4691 sua.
1411 4637 1489 4691 Ex
1515 4636 1583 4690 iis
1613 4637 1769 4692 enim
1809 4637 1907 4711 qui
1942 4655 2006 4693 ex
2036 4638 2158 4710 lege
2262 4655 2494 4695 vernam
2523 4637 2847 4708 punctionis
2873 4634 3143 4705 erumpit.

526 4732 663 4784 sunt
688 4733 744 4784 et
767 4729 1083 4799 prophetis,
1105 4729 1467 4785 mediocriter
1491 4734 1624 4786 ante
1652 4731 2016 4787 crediderant
2044 4733 2159 4803 glo-
2331 4735 2419 4788 47.
2457 4735 2842 4803 Compunctus
2885 4729 3062 4800 igitur
3100 4730 3281 4794 Iesus,
3326 4727 3562 4782 odorem
3604 4716 3861 4778 remissio-

531 4822 673 4877 riam
720 4823 939 4878 Domini
981 4825 1137 4892 Jesu,
1191 4828 1248 4878 et
1291 4825 1588 4879 han-editas
1633 4826 1755 4896 ejus
1806 4825 2004 4881 diffusa
2058 4843 2160 4897 per
2263 4828 2348 4882 nis
2383 4830 2748 4899 peccatorum
2796 4829 2852 4878 et
2891 4821 3300 4894 redemptionis
3345 4818 3610 4876 effundit.
3656 4816 3784 4871 Nam
3822 4811 3865 4862 el

533 4917 797 4988 populos,
845 4934 957 4989 quo
1001 4917 1354 4989 frequentius
1390 4918 1734 4986 examinata,
1770 4920 1876 4975 hoc
1913 4920 2160 4991 amplius
2261 4921 2592 4977 constrictus
2632 4924 2772 4986 erat,
2815 4933 2949 4972 cum
2997 4915 3244 4972 Verbum
3287 4917 3441 4971 esset
3485 4915 3654 4969 homo
3690 4909 3864 4968 factus,

527 5014 611 5067 est
658 5012 923 5084 probata.
970 5011 1194 5066 Crebrae
1237 5011 1390 5066 enim
1442 5013 1861 5083 persecutiones
1896 5012 2158 5068 Ecclesiae
2261 5021 2316 5071 et
2351 5030 2566 5086 pauper
2593 5013 2773 5068 factus
2802 5015 2906 5080 est,
2947 5027 3080 5066 cum
3121 5009 3277 5066 dives
3314 5013 3486 5076 esset,
3530 5011 3591 5062 ut
3615 5020 3715 5060 uos
3740 4997 3864 5054 illi"!

517 5107 804 5177 jnstorum
858 5106 1020 5160 nobis
1066 5106 1286 5172 titulos,
1342 5107 1598 5178 martyrii
1648 5107 1909 5163 victorias
1965 5107 2155 5163 edide-
2262 5109 2453 5180 inopia
2482 5109 2796 5163 ditaremur
2827 5122 2839 5161 :
2868 5108 3068 5177 potens
3097 5107 3236 5173 erat,
3271 5105 3328 5158 et
3365 5097 3781 5173 despiciendam
3812 5102 3858 5142 κ

526 5206 683 5256 runt.
726 5203 924 5272 Itaque
955 5201 1100 5255 sicut
1137 5217 1339 5255 aurum
1376 5200 1613 5268 bonum,
1645 5201 1720 5256 ita
1748 5201 1990 5257 Ecclesia
2027 5217 2158 5256 cum
2261 5201 2522 5274 praebuit,
2551 5202 2630 5255 ita
2659 5205 2722 5255 ut
2757 5199 3001 5254 Herodes
3040 5201 3334 5270 sperneret
3372 5211 3509 5251 eum
3547 5197 3601 5249 et
3632 5183 3859 5246 illudel‘ﬂ

525 5295 722 5361 utitur,
752 5293 1098 5348 detrimenta
1125 5311 1237 5348 non
1266 5296 1457 5360 sentit,
1491 5295 1585 5349 sed
1615 5295 1795 5366 magis
1819 5297 2014 5365 fulgor
2039 5297 2159 5366 ejus
2261 5296 2313 5350 ei
2342 5313 2355 5349 :
2391 5302 2601 5350 terram
2641 5293 2924 5361 movebat,
2957 5295 3016 5347 et
3044 5291 3297 5347 haerebat
3332 5289 3393 5344 in
3434 5289 3595 5359 ligno
3629 5302 3642 5338 :
3681 5279 3856 5336 οωιυω

522 5391 782 5460 augetur,
833 5389 1014 5463 donec
1051 5388 1305 5443 Christus
1352 5390 1541 5444 veniat
1580 5389 1637 5444 in
1677 5406 1920 5461 regnum
1969 5406 2157 5457 suum,
2259 5388 2570 5444 obducebat
2594 5387 2858 5457 tenebris,
2885 5391 2942 5441 et
2967 5385 3253 5441 mundum
3279 5380 3664 5454 crucifigebat,
3687 5379 3736 5430 et
3757 5383 3860 5426 cru-

516 5486 582 5534 et
616 5482 854 5536 reclinet
891 5486 1064 5552 caput
1105 5499 1270 5537 suum
1309 5483 1366 5537 in
1414 5483 1670 5538 Ecclesia:
1710 5482 1842 5538 fide.
1883 5483 1988 5547 Qui
2028 5499 2159 5537 cum
2261 5483 2458 5538 ciﬁxus
2501 5485 2624 5538 erat
2655 5500 2667 5537 :
2697 5481 3006 5536 inclinabat
3044 5485 3232 5551 caput,
3263 5483 3317 5534 et
3364 5476 3553 5532 exibat
3591 5467 3854 5524 Verbum:

526 5573 770 5627 venisset
802 5575 871 5627 ad
915 5590 1043 5629 oves
1079 5576 1327 5646 perditas
1363 5575 1568 5631 domus
1602 5577 1791 5646 Israel,
1824 5593 1942 5632 non
1981 5575 2154 5631 habe-
2259 5578 2584 5633 exinanitus
2609 5583 2748 5644 erat,
2779 5581 2834 5631 et
2860 5575 3117 5647 replebat
3143 5572 3336 5629 omnia
3365 5588 3378 5626 :
3407 5564 3692 5626 descendit
3714 5559 3853 5619 D6119,

532 5662 629 5714 bat
665 5664 764 5718 ubi
805 5672 978 5735 caput
1015 5673 1181 5722 suum
1225 5670 1564 5725 reclinaret:
1600 5685 1752 5724 nunc
1801 5674 1993 5724 autem
2039 5670 2157 5739 jam
2252 5671 2516 5726 ascendit
2553 5671 2727 5724 homo
2759 5685 2771 5722 ε
2807 5668 3055 5724 Verbum
3094 5678 3228 5722 caro
3265 5666 3479 5720 factum
3514 5665 3614 5724 est,
3656 5660 3712 5709 ut
3747 5660 3854 5706 caro

593 5781 694 5854 (Eg)
721 5781 840 5854 tib.
873 5783 936 5854 de
959 5786 1129 5845 Isaac,
1165 5803 1284 5854 cap.
1315 5793 1368 5854 4,
1394 5805 1550 5842 num.
1582 5794 1658 5843 17.

1251 5804 1284 5859 ὶ-
1315 5793 1368 5854 δν
1394 5805 1550 5842 Πυῐῐι·
1582 5794 1658 5843 17-
2326 5794 2419 5856 (34)
2451 5793 2513 5842 In
2537 5791 2671 5856 psal.
2703 5803 2902 5854 CXVIII,
2928 5802 3086 5841 serm.
3115 5790 3167 5854 3,
3195 5799 3344 5840 num.
3377 5787 3408 5836 8
3436 5796 3547 5850 seq.

597 5848 690 5907 (33)
721 5850 779 5897 lu
804 5853 942 5912 psal.
976 5855 1170 5916 cxvm,
1202 5848 1362 5910 serm'.
1401 5862 1448 5924 3,
1478 5877 1630 5913 num.
1663 5865 1694 5914 6
1719 5877 1832 5928 seq.
1923 5863 1926 5866 ’
2019 5859 2024 5869 ’
