4022 6176
167 315 308 365 ’1965

161 435 265 490 sibi
325 436 492 492 Verbi
555 439 760 494 solium
825 439 883 493 in
947 439 1045 494 Dei
1113 440 1346 496 dextera
1407 441 1720 496 vindicaret

162 530 364 584 vulnus
391 534 590 597 eratjet
611 532 829 588 ﬂuebat
853 539 1209 606 unguentum
1236 551 1249 590 :
1271 536 1583 591 scarabaus
1601 536 1790 590 audie-

159 625 347 692 batur,
379 631 435 679 et
471 626 618 681 Deus
653 628 1094 697 agnoscebatur.
1141 629 1460 700 Respondit
1501 633 1558 684 et
1597 628 1787 684 Chris-

161 724 315 773 tnsz‘

234 825 320 880 48.
366 827 540 896 (Vers.
589 828 696 898 14.)
733 829 865 882 Ecce
911 829 1047 883 bona
1095 843 1165 888 es,
1202 832 1456 898 proxima
1499 844 1636 887 mea.
1681 844 1792 882 ecce

157 936 212 971 es
259 921 395 973 bona
435 939 450 973 :
494 921 637 974 oculi
683 924 764 976 tui
805 923 1082 977 columba.
1128 923 1408 985 Quoniam
1451 927 1792 993 cognoverat

159 1012 409 1067 Ecclesia
445 1014 803 1084 mysterium,
837 1019 894 1068 et
922 1032 1026 1086 pro
1062 1015 1237 1070 totius
1277 1015 1478 1070 mundi
1523 1016 1787 1086 redemp-

157 1107 315 1160 tione
347 1107 677 1162 crucitixum
707 1109 1011 1163 Dominum
1043 1111 1236 1164 Iesum
1271 1109 1636 1180 pradicabat,
1670 1125 1790 1163 me-

157 1205 321 1254 retur
362 1201 560 1255 audire
590 1219 602 1256 :
637 1204 766 1257 Ecce
799 1219 851 1257 es
887 1205 1044 1266 bona,
1071 1219 1197 1275 qua
1236 1220 1327 1257 me
1365 1203 1577 1258 bonum
1619 1203 1788 1271 dicis;

161 1296 290 1349 Ecce
326 1310 377 1349 es
406 1277 562 1363 bona,
605 1312 733 1366 qua
769 1296 960 1351 vidisti
1001 1297 1197 1367 gloria
1239 1313 1379 1350 mea
1419 1297 1706 1362 decorem,
1735 1302 1792 1350 et

153 1389 280 1458 ipsa
319 1389 570 1459 speciosa
610 1405 668 1442 es
705 1393 761 1444 et
793 1389 1014 1444 decora.
1051 1390 1198 1455 Quid
1241 1393 1327 1444 est
1367 1393 1559 1444 autem
1606 1391 1791 1446 dicere

152 1481 448 1536 Christum
477 1499 488 1536 :
524 1484 671 1537 Bona
700 1499 773 1545 es,
801 1485 887 1538 vel
919 1485 1108 1539 decora
1138 1501 1209 1546 es,
1238 1484 1346 1538 nisi
1372 1484 1508 1538 illud
1542 1501 1788 1555 evange-

152 1575 330 1630 ticum
383 1593 394 1629 :
446 1597 472 1622 ‹‹
524 1577 794 1632 Constans
843 1583 986 1646 esto,
1036 1579 1172 1646 filia,
1220 1578 1453 1633 remissa
1504 1585 1638 1633 sunt
1691 1579 1790 1633 tibi

152 1668 396 1741 peccata
438 1673 534 1724 tua
580 1670 821 1740 (Matth,
870 1688 944 1737 1x,
985 1673 1077 1740 2)?
1123 1693 1148 1720 »
1199 1673 1347 1743 Ergo
1398 1673 1486 1726 cui
1536 1673 1792 1727 Christus

156 1770 395 1833 peccata
430 1764 676 1832 donavit,
709 1768 861 1818 recte
895 1764 1031 1819 dicit
1063 1782 1075 1818 :
1108 1786 1134 1813 ‹‹
1168 1765 1436 1820 Retribue
1478 1783 1637 1820 servo
1670 1772 1788 1835 tuo,

156 1856 236 1910 u't'
262 1858 467 1924 vivam,
502 1862 559 1912 et
594 1858 908 1912 custodiam
951 1859 1216 1913 mandata
1258 1865 1351 1913 tua
1391 1861 1554 1922 (Psal.
1603 1877 1788 1926 cxvm,

159 1953 269 2019 1-7).
322 1973 349 2001 ››
397 1951 516 2005 Non
564 1952 740 2006 habet
789 1952 843 2007 in
893 1952 1267 2007 retributione
1313 1953 1446 2024 quid
1495 1954 1787 2024 desperet;

153 2045 297 2115 quia
343 2046 616 2099 Dominus
665 2047 823 2100 Jesus
866 2047 1022 2100 venit
1072 2047 1347 2101 mundum
1400 2047 1629 2114 salvare,
1677 2065 1788 2102 non

152 2139 424 2218 perdere.
454 2140 584 2194 Ideo
609 2139 920 2195 immemor
947 2146 1030 2194 est
1056 2140 1299 2210 injuria,
1327 2158 1546 2196 memor
1572 2143 1787 2213 gratia,

153 2233 308 2286 sicut
346 2233 405 2286 in
449 2234 786 2305 prophetico
827 2234 970 2288 libro
1010 2234 1344 2289 testiﬁcatur
1385 2235 1503 2307 ipse
1545 2236 1740 2291 dicens
1775 2255 1785 2290 :

156 2349 182 2372 ιι
221 2327 344 2396 Ego
385 2343 530 2394 sum,
559 2343 666 2398 ego
707 2344 831 2382 sum
872 2328 972 2399 qui
1004 2328 1163 2382 deleo
1193 2329 1522 2400 iniquitates
1562 2336 1704 2397 tuas,
1735 2334 1790 2384 et

155 2432 392 2475 memor
431 2437 544 2476 non
577 2437 706 2489 ero;
741 2424 802 2476 tu
841 2429 1035 2477 autem
1071 2438 1292 2478 memor
1328 2428 1448 2478 esto
1479 2429 1535 2478 et
1564 2424 1787 2495 judice-

154 2513 313 2580 rnur,
361 2514 448 2570 dic
497 2518 560 2568 tu
606 2515 761 2586 prius
814 2515 1144 2586 iniquitates
1189 2523 1310 2570 tuas
1365 2519 1426 2572 ut
1469 2518 1791 2588 justiﬂceris

156 2604 312 2674 (Isa.,
348 2625 491 2676 xun,
526 2612 614 2678 25,
653 2610 761 2680 26).
794 2631 818 2656 ››
855 2609 1188 2680 Quicunque
1228 2626 1364 2681 ergo
1404 2611 1537 2665 dicit
1578 2611 1787 2683 iniqui-

157 2707 307 2757 tates
354 2719 479 2757 suas
529 2705 662 2772 Deo,
706 2703 1070 2774 justiﬁcatur,
1117 2709 1171 2757 et
1219 2704 1542 2774 quicunque
1583 2705 1789 2774 justiﬁ-

156 2802 343 2863 catur,
383 2795 818 2852 retributionem
858 2814 975 2851 non
1019 2797 1198 2865 timet,
1238 2797 1333 2852 sed
1373 2798 1618 2868 exposcit
1652 2816 1662 2852 :
1694 2800 1792 2870 qui

158 2889 604 2945 retributionem
634 2907 746 2944 non
780 2892 961 2960 timet,
989 2891 1140 2946 vivit.

231 3005 325 3056 49.
377 3003 552 3071 (Vers.
606 3006 690 3069 15,
744 3005 845 3072 16.)
900 3003 1010 3074 (35)
1065 3007 1214 3067 Ecce,
1271 3005 1474 3076 inquit,
1526 3008 1795 3072 formosus

158 3096 517 3152 consobrinus
578 3112 754 3160 meus,
811 3103 860 3152 et
918 3098 1134 3167 quidem
1191 3099 1430 3169 pulcher.
1495 3101 1796 3155 Acclinatio

1187 319 1227 373 E
1269 317 1574 376 SCBJPTIS
1614 319 1667 372 S.
1713 317 2028 372 AMBROSII
2069 317 2478 373 CUI.LECTUS.

1772 455 1870 525 ‘A

3398 328 3526 377 1966

1964 446 2047 495 5t.
2077 443 2270 497 Trabes
2296 443 2570 496 domorum
2599 451 2905 497 aest-rarum
2932 446 3096 498 cedri.
3121 446 3287 500 Cedri
3316 451 3520 518 specie,

1891 535 2169 606 majorum
2195 536 2448 607 quijusti
2480 536 2730 604 fuerunt,
2762 537 2943 608 gloria
2969 534 3322 609 designatur.
3350 567 3372 588 υ
3405 545 3527 596 lus-

1893 636 1980 683 tus
2011 629 2165 683 enim
2210 635 2269 683 ut
2305 630 2489 700 palma
2517 630 2768 697 tlorebit,
2801 637 2856 684 et
2899 631 3042 685 sicut
3077 632 3278 686 cedrus
3308 651 3436 704 qua
3467 637 3523 688 in

1893 723 2102 778 Libano
2147 727 2250 791 est,
2286 723 2756 793 multiplicabitur
2788 725 2957 793 (Ρειιι.
3008 742 3111 791 XCI,
3160 730 3275 794 13);
3317 749 3342 774 η
3385 730 3529 782 sicut

1895 816 2049 870 enim
2079 817 2276 871 cedrus
2308 833 2421 871 non
2455 819 2750 888 putrescit,
2785 819 2864 872 ita
2895 836 2996 872 nec
3029 821 3308 888 majorum
3345 821 3527 888 gloria

1897 910 2007 963 ulla
2033 914 2311 964 vetustate
2345 912 2748 982 corrumpitur.

1965 1008 2050 1058 52.
2081 1008 2388 1060 Lacunaria
2423 1013 2608 1060 nostra.
2639 1009 2892 1075 cupressi.
2927 1009 3117 1061 Genus
3159 1008 3264 1061 hoc
3306 1009 3526 1062 arboris

1894 1115 2185 1168 nunquam
2235 1098 2446 1154 amittit
2493 1099 2842 1154 viriditatem
2889 1117 3070 1166 suam,
3123 1101 3312 1155 hieme
3356 1103 3519 1172 juxta

1893 1196 2060 1262 atque
2114 1196 2308 1247 astate
2365 1209 2587 1247 comam
2646 1195 2838 1264 pascit,
2897 1212 2999 1248 nec
3053 1195 3274 1249 diverso
3334 1197 3521 1249 colore

1896 1290 2166 1340 mutatur.
2219 1287 2409 1341 Solam
2465 1287 2609 1340 hanc
2662 1288 2922 1341 arborem
2972 1292 3173 1341 ventus
3227 1305 3523 1360 nunquam

1896 1396 1998 1433 suo
2043 1380 2258 1434 honore
2301 1380 2598 1450 despoliat,
2641 1382 2756 1434 sola
2801 1398 3095 1452 nunquam
3137 1383 3311 1436 veteri
3356 1386 3521 1438 exui-

1898 1477 1988 1526 tur
2025 1474 2254 1536 amictu,
2294 1479 2391 1527 aut
2432 1490 2578 1528 novo
2622 1474 2761 1527 ﬂore
2793 1476 3049 1528 vestitur.
3086 1475 3175 1529 Sic
3215 1478 3521 1547 apostolica

1895 1581 2123 1638 quoque
2170 1567 2353 1637 gratia
2395 1568 2573 1621 nescit
2619 1567 2928 1635 defectum,
2975 1569 3068 1622 sed
3116 1574 3390 1624 vetustate
3435 1573 3520 1623 sui

1896 1661 2072 1714 ﬂoret.
2097 1661 2302 1715 Anima
2329 1678 2464 1732 ergo
2492 1662 2782 1732 corrumpi
2812 1663 3008 1728 nescit,
3033 1678 3161 1732 quae
3188 1663 3521 1719 ﬂorentibus

1895 1755 2167 1808 membris
2204 1755 2371 1825 viget,
2402 1771 2628 1825 semper
2653 1754 2890 1825 justitia
2928 1763 3376 1827 caterarumque
3408 1759 3518 1812 vix"

1896 1852 2084 1902 tutum
2123 1848 2371 1901 culmina
2414 1849 2648 1918 patienti
2699 1849 3166 1919 magnanimitate
3210 1856 3513 1917 sustentat;

1895 1947 1950 1996 et
1989 1942 2117 1996 ideo
2159 1959 2271 1996 non
2315 1942 2513 2007 defuit,
2546 1959 2730 2013 neque
2765 1942 2981 2008 deﬁcit;
3021 1943 3152 2014 quia
3184 1944 3324 1996 nihil
3357 1946 3415 1998 in
3455 1961 3521 1997 ea

1893 2035 2171 2090 rimosum
2213 2039 2298 2089 est
2336 2052 2399 2089 ac
2441 2036 2760 2100 remissum,
2799 2036 2938 2089 nihil
2983 2036 3208 2103 mobile,
3251 2038 3390 2090 nihil
3432 2040 3515 2092 lu-

1892 2129 2136 2195 bricum,
2192 2129 2335 2183 nihil
2391 2129 2544 2200 quod
2599 2130 2728 2182 vitio
2779 2130 3055 2184 sermonis
3111 2147 3175 2184 ex
3233 2147 3298 2184 ea
3348 2130 3519 2200 possit

1892 2222 2126 2277 effundi.
2172 2223 2440 2294 Sequitur
2485 2223 2730 2277 Ecclesia
2774 2224 2858 2277 vel
2905 2223 3088 2278 fidelis
3133 2224 3346 2289 anima,
3403 2227 3518 2279 ani-

1895 2333 2044 2370 mam
2097 2316 2240 2381 dico,
2288 2316 2417 2371 ideo
2465 2317 2597 2386 quia
2641 2317 2781 2369 nihil
2833 2322 2949 2370 tam
2997 2321 3080 2372 est
3127 2318 3296 2371 homo
3345 2335 3518 2388 quam

1889 2412 2098 2466 anima.

2381 2502 2600 2555 CAPUT
2639 2500 3024 2555 SECUNDUM.

1973 2654 2015 2702 ί.
2077 2650 2252 2717 (Vers.
2319 2652 2364 2714 l,
2417 2648 2492 2718 2.)
2546 2650 2650 2717 (36)
2704 2651 2814 2717 Ego
2861 2652 2953 2715 ﬂos
2999 2653 3194 2718 campi,
3247 2655 3294 2704 et
3345 2652 3516 2704 lilium

1895 2743 2249 2803 convallium,
2300 2745 2442 2796 sicut
2506 2743 2680 2795 lilium
2740 2745 2799 2794 in
2862 2741 3034 2796 medio
3093 2745 3410 2812 spinarum;
3466 2745 3524 2798 in

1897 2841 2068 2890 totam
2114 2836 2271 2889 enim
2315 2841 2525 2889 terram
2569 2834 2708 2888 fides
2762 2836 2954 2906 populi
2999 2836 3283 2890 credentis
3331 2838 3522 2907 exivit,

1897 2937 1952 2983 et
1991 2930 2047 2983 in
2081 2929 2322 3000 spatioso
2363 2929 2550 2999 posuit
2588 2929 2765 2999 pedes
2801 2946 2931 2982 suos
2972 2930 3256 2998 Christus;
3295 2936 3352 2985 et
3393 2931 3526 2986 ideo

1898 3023 2132 3095 pulchre
2172 3023 2253 3076 ait
2290 3024 2491 3076 ﬂorem
2533 3040 2591 3077 se
2630 3040 2749 3076 esse
2782 3024 2990 3094 campi.
3024 3023 3146 3078 Flos
3183 3031 3307 3080 erat
3347 3024 3526 3079 etiam

1897 3117 2100 3170 Paulus
2146 3117 2243 3188 qui
2289 3116 2516 3170 dicebat
2559 3133 2571 3169 :
2618 3138 2644 3163 «
2683 3119 2867 3171 Bonus
2910 3116 3046 3170 odor
3086 3117 3290 3171 Christi
3331 3134 3529 3171 sumus

156 3197 352 3245 nostra
377 3206 567 3260 opaca,
603 3191 775 3246 trabes
811 3191 1087 3246 domorum
1119 3197 1423 3247 nostrarum
1453 3193 1618 3254 cedri,
1651 3193 1791 3248 lacu-

1905 3213 2009 3265 Deo
2038 3211 2103 3281 (ll
2133 3210 2276 3271 Cor.,
2309 3227 2365 3276 ιι,
2400 3211 2505 3280 l5).
2537 3232 2563 3258 ››
2593 3212 2660 3266 Et
2685 3227 2817 3264 vere
2848 3210 2972 3279 ﬂos,
3004 3210 3100 3281 qui
3131 3214 3357 3281 poterat
3387 3228 3531 3266 nova

158 3287 329 3338 naria
357 3290 547 3338 nostra
575 3287 832 3353 cupressi.
856 3283 1073 3339 Laudat
1097 3285 1290 3356 sponsi
1318 3285 1584 3340 decorem
1613 3287 1797 3342 Eccle-

159 3378 261 3445 sia,
304 3393 478 3448 quem
520 3379 649 3448 plus
694 3379 1080 3450 unusquisque
1123 3380 1289 3434 tacito
1333 3379 1529 3434 laudat
1569 3380 1794 3448 aﬂ'ectu,

161 3476 217 3533 et
246 3470 398 3525 ﬁdus
439 3472 844 3542 mysteriorum
889 3473 1168 3543 interpres
1208 3473 1445 3528 tacendo
1482 3475 1607 3545 plus
1650 3491 1793 3546 pra-

159 3565 335 3620 dicat.
375 3566 513 3619 Nam
553 3566 651 3636 qui
693 3582 904 3621 arcana
943 3565 1219 3639 divulgat,
1262 3566 1554 3623 imminuit
1593 3568 1796 3625 Christi

162 3657 469 3727 decorem;
499 3658 628 3714 ideo
653 3675 828 3714 nemo
858 3659 1046 3715 mittat
1071 3661 1406 3732 margaritas
1435 3679 1562 3716 suas
1588 3663 1794 3734 porcis,

164 3769 234 3808 ne
271 3752 593 3807 conculcari
624 3752 789 3808 faciat
825 3749 1162 3809 ornamenta
1196 3755 1464 3826 pretiosa.
1494 3757 1617 3810 Non
1659 3773 1797 3827 ergo

163 3849 220 3901 in
249 3847 613 3901 tabernaculo
638 3847 895 3919 loquacis
923 3853 980 3902 et
1005 3848 1248 3918 garruli;
1279 3848 1410 3920 quia
1439 3850 1798 3921 multiloquio

161 3947 462 4012 peccatum
491 3941 842 4011 admittitur;
878 3943 972 3997 sed
1007 3941 1065 3996 in
1105 3941 1209 3996 viri
1248 3943 1401 4011 serii,
1432 3945 1528 4014 qui
1569 3945 1637 3998 sit
1666 3961 1794 4015 par-

161 4050 260 4089 cus
295 4033 556 4105 alloquii,
588 4051 690 4090 nec
732 4037 1012 4092 sermonis
1051 4036 1459 4108 intemperans,
1499 4041 1554 4092 et
1595 4039 1795 4092 verbo-

160 4144 294 4184 rum
345 4129 654 4184 sobrietate
709 4131 1107 4185 temulentiam
1156 4131 1514 4202 loquacitatis
1562 4132 1797 4199 evitans,

163 4227 337 4294 caput
366 4239 533 4278 suum
559 4223 814 4278 Christus
845 4224 1100 4278 reclinat.

233 4338 327 4390 50.
369 4333 439 4390 Et
483 4336 684 4390 merito
730 4352 969 4407 opacam
1010 4336 1289 4408 signiﬁcat
1330 4337 1797 4405 declinationem;

164 4430 304 4500 quia
335 4429 392 4482 in
433 4429 683 4483 Ecclesia
712 4431 1050 4485 constitutos
1079 4433 1256 4485 virtus
1293 4427 1597 4488 obumbrat
1634 4433 1796 4487 Altis-

163 4521 318 4577 simi.
378 4523 492 4576 Hac
541 4522 747 4577 umbra
812 4523 978 4578 David
1039 4524 1263 4596 protegi
1327 4525 1670 4596 postulabat,
1725 4545 1877 4633 neD

165 4627 297 4670 eum
353 4631 455 4686 per
503 4616 656 4670 diem
709 4618 789 4672 sol
839 4619 1184 4687 ureret,'vel
1234 4619 1373 4674 luna
1419 4636 1523 4690 per
1575 4626 1797 4675 noctem

160 4707 339 4777 (Paul.
382 4725 506 4770 cxx.
553 4711 626 4779 6).
664 4711 816 4765 Hanc
853 4710 1118 4766 umbram
1167 4712 1472 4783 spiritualis
1518 4713 1802 4769 ministrat

164 4799 428 4876 1559
489 4805 702 4874 gratia,
758 4804 967 4860 torrida
1015 4806 1209 4860 saculi
1265 4807 1434 4877 hujus
1495 4809 1552 4862 et
1601 4808 1795 4862 mundi

160 4897 356 4953 astiva
391 4895 764 4967 fugientibus.
807 4899 994 4970 Opaca
1037 4899 1215 4970 igitur
1257 4900 1555 4955 acclinatio
1593 4901 1797 4957 Christi

162 4997 212 5044 et
253 4989 546 5057 Ecclesia,
578 4991 788 5062 quibus
822 4992 919 5046 Dei
962 4993 1140 5046 Patris
1181 4997 1396 5048 aterna
1443 4994 1535 5047 illa
1574 4995 1800 5065 requies

164 5085 403 5156 aspirat.
435 5071 629 5139 ln'hac
659 5101 800 5157 ergo
828 5086 1254 5158 requiescamus
1286 5087 1508 5155 umbra,
1543 5094 1798 5159 peccato-

165 5175 292 5232 rum
349 5182 674 5233 nostrorum
725 5181 952 5234 astibus
1007 5182 1258 5252 fatigati;
1306 5183 1348 5235 si
1401 5199 1545 5254 quos
1590 5183 1802 5237 adussit

164 5265 362 5340 libido,
402 5272 508 5327 hos
543 5272 762 5326 Domini
796 5290 933 5328 crux
972 5275 1295 5345 refrigeret,
1324 5276 1380 5330 in
1407 5293 1522 5347 qua
1552 5292 1608 5331 se
1633 5277 1798 5332 recli-

167 5367 342 5432 navit,
385 5369 448 5419 ut
491 5369 686 5420 nostra
730 5365 925 5420 debita
970 5367 1300 5438 susciperet.
1349 5369 1406 5423 Si
1450 5386 1595 5441 quos
1640 5371 1799 5441 culpa

157 5461 413 5535 lassavit,
462 5460 566 5513 hos
608 5461 764 5514 Jesus
811 5460 1030 5531 gremio
1077 5461 1320 5532 excipiat
1362 5479 1482 5530 suo,
1533 5469 1590 5517 et
1641 5464 1800 5518 molli

169 5550 352 5608 foveat
397 5549 708 5623 amplexu;
753 5553 907 5608 unde
959 5553 1138 5608 audeo
1191 5553 1414 5620 dicere,
1466 5555 1616 5628 quod
1671 5573 1802 5611 caro

169 5648 370 5703 Christi
397 5646 698 5702 acclinatio
731 5653 818 5710 est
848 5648 1135 5703 Ecclesia.

232 5814 328 5877 (35)
354 5814 418 5865 In
439 5815 582 5878 paul.
612 5812 814 5877 c'xvnr,
847 5828 1011 5867 serm.
1036 5816 1089 5876 4,
1114 5829 1268 5866 num.
1301 5817 1360 5866 18
1383 5829 1497 5881 seq.

236 5884 329 5947 (38)
354 5885 417 5935 In
448 5886 586 5949 psal.
619 5897 821 5946 cxvm,
850 5899 1012 5937 serm.
1043 5887 1091 5949 5,
1117 5899 1270 5937 num.
1303 5888 1348 5936 7.

1898 3309 1954 3360 et
1992 3308 2180 3360 vetera
2209 3305 2278 3359 de
2318 3304 2403 3358 sui
2435 3304 2621 3359 cordis
2663 3304 2916 3375 proferre
2953 3305 3240 3359 thesauro.
3281 3307 3391 3373 Ego
3420 3304 3529 3372 (37)

1895 3402 1988 3467 [los
2039 3401 2235 3468 campi.
2287 3398 2356 3452 Et
2407 3398 2554 3452 bene
2610 3398 2716 3452 ﬂos
2769 3403 2854 3452 est
2907 3398 3148 3452 Ecclesia
3201 3415 3328 3469 qua
3379 3399 3528 3453 fruc-

1899 3497 2021 3547 tum
2066 3492 2386 3561 annuntiat,
2435 3493 2539 3545 hoc
2591 3497 2694 3560 est,
2749 3492 3058 3546 Dominum
3105 3493 3293 3546 Jesum
3338 3493 3530 3547 Chris-

1901 3590 2041 3655 tum,
2089 3587 2158 3640 de
2207 3602 2318 3656 quo
2365 3585 2580 3640 dictum
2629 3590 2711 3638 est
2752 3585 2940 3639 Maria
2986 3601 2998 3638 :
3047 3607 3072 3631 ‹‹
3121 3586 3424 3640 Benedicta
3469 3593 3530 3641 tu

1901 3681 2050 3735 inter
2102 3679 2392 3747 mulieres,
2441 3682 2494 3733 et
2547 3679 2879 3732 benedictus
2929 3679 3144 3732 fructus
3193 3681 3406 3735 ventris
3449 3681 3532 3735 tui

1902 3777 2077 3837 (Luc.,
2107 3791 2146 3842 1,
2175 3775 2287 3842 42).
2318 3796 2344 3822 ››

1968 3871 2020 3922 2.
2049 3867 2171 3921 Alio
2198 3883 2424 3938 quoque
2459 3882 2627 3921 sensu
2663 3865 2861 3920 ﬂorem
2908 3866 3007 3919 tibi
3050 3867 3376 3920 demonstro
3408 3883 3529 3921 car-

1899 3961 2174 4032 pendum,
2222 3961 2379 4014 illum
2430 3960 2618 4031 utique
2657 3959 2752 4030 qui
2799 3959 2941 4013 dixit
2985 3976 2996 4012 :
3044 3963 3152 4029 Ego
3192 3962 3286 4028 ﬂos
3329 3963 3528 4030 campi,

1901 4063 1949 4110 et
1979 4057 2156 4109 lilium
2180 4055 2528 4108 convallium.
2558 4053 2820 4125 Plerique
2858 4056 3348 4124 comparationem
3386 4054 3532 4109 hanc

1901 4149 2212 4204 secundum
2242 4153 2505 4202 naturam
2535 4147 2709 4212 ﬂoris,
2741 4150 2798 4200 et
2826 4163 2990 4200 usum
3025 4154 3224 4218 putant
3258 4149 3529 4219 propositi

1903 4243 2178 4314 germinis
2225 4243 2538 4312 aptiorem;
2598 4258 2664 4295 eo
2713 4241 2867 4312 quod
2924 4241 3038 4294 lilia
3096 4241 3303 4295 nullius
3354 4242 3534 4296 annui

1900 4354 2034 4392 usus
2075 4338 2289 4391 cultum
2335 4335 2641 4408 requirant,
2684 4352 2790 4389 nec
2836 4335 2977 4389 sicut
3018 4351 3154 4406 erga
3198 4342 3534 4405 proventum

1902 4432 2188 4485 fructuum
2227 4435 2586 4490 caterorum.
2620 4429 2694 4482 ita
2727 4429 2897 4482 etiam
2929 4444 3067 4498 erga
3099 4429 3531 4498 generationem

1901 4526 2062 4580 istius
2105 4525 2280 4590 ﬂoris,
2315 4523 2560 4578 sollicitis
2601 4523 2656 4575 in
2699 4521 2896 4576 orbem
2941 4522 3138 4575 redeat
3178 4522 3337 4575 labor
3379 4525 3534 4576 actus

1901 4618 2192 4688 agricolis;
2230 4615 2577 4688 quibuslibet
2611 4615 2763 4669 enim
2797 4614 3145 4669 siccitatibus
3175 4616 3318 4686 agri,
3357 4632 3530 4670 omne

1901 4712 2038 4767 illud
2066 4711 2219 4783 quod
2247 4710 2416 4763 alitur
2445 4709 2504 4763 in
2536 4710 2733 4763 ﬂorem
2771 4707 3015 4780 quadam
3055 4709 3262 4763 virtute
3297 4708 3532 4779 genitali

1901 4823 1967 4861 ex
2000 4822 2144 4870 sese,
2183 4808 2354 4875 atque
2399 4804 2457 4857 in
2494 4819 2552 4856 se
2592 4803 2740 4856 succi
2783 4819 3012 4872 semper
3048 4802 3280 4856 virentis
3316 4803 3530 4856 anima-

1902 4905 2022 4966 tur;
2062 4898 2137 4952 ita
2175 4903 2235 4951 ut
2274 4913 2406 4951 cum
2447 4897 2710 4950 foliorum
2753 4897 3036 4968 puberum
3083 4896 3305 4950 caulem
3345 4895 3533 4950 videas

1901 4992 2138 5059 aruisse,
2182 4991 2338 5044 ﬂoris
2378 4994 2572 5044 tamen
2617 4994 2821 5043 natura
2863 4990 3126 5058 virescat;
3173 4988 3534 5043 absconditur

1905 5085 2058 5140 enim
2089 5084 2375 5150 veriditas,
2413 5100 2526 5138 non
2551 5083 2851 5138 amittitur.
2882 5086 2982 5136 Ast
3015 5083 3108 5135 ubi
3142 5083 3330 5136 vernis
3360 5082 3536 5136 fuerit

1904 5182 2204 5250 provocata
2231 5177 2542 5243 blanditiis,
2565 5177 2968 5232 indumentum
2993 5175 3288 5246 germinis,
3313 5192 3536 5230 comam

1903 5273 2057 5327 ﬂoris
2086 5274 2258 5326 liliive
2288 5273 2530 5325 resumit
2558 5278 2815 5326 ornatus.

1975 5372 2025 5421 3.
2077 5366 2223 5421 Illud
2271 5365 2441 5420 etiam
2489 5365 2734 5420 delectat
2776 5365 3088 5430 advertere,
3131 5365 3265 5434 quia
3313 5380 3426 5418 non
3475 5364 3534 5418 in

1906 5460 2302 5532 asperitatibus
2350 5461 2636 5514 montium
2689 5459 3025 5528 incultisque
3079 5457 3349 5512 silvarum
3399 5458 3534 5525 lilia,

1905 5555 2004 5608 sed
2033 5556 2088 5608 in
2121 5554 2421 5609 hortorum
2451 5553 2778 5607 amanitate
2808 5555 3176 5621 generantur.
3206 5553 3345 5606 Sunt
3377 5553 3534 5606 enim

1904 5648 2058 5702 horti
2091 5648 2323 5719 quidam
2365 5648 2714 5701 diversarum
2750 5645 3011 5715 pomiferi
3044 5647 3344 5708 virtutum,
3371 5647 3536 5716 juxta

1971 5816 2062 5878 (37)
2097 5816 2212 5866 Lib.
2242 5828 2318 5866 vn
2350 5816 2404 5863 in
2442 5815 2595 5876 Luc.,
2627 5813 2692 5862 ad
2725 5827 2842 5880 cap.
2876 5827 2973 5864 xu.
