4022 6176
552 305 676 354 1967

1683 297 2024 353 COMMENT.
2068 297 2133 350 IN
2176 297 2459 352 CANTICA
2504 297 2767 353 CANTIC.

3719 310 3732 357 l
3745 311 3826 362 968

543 425 690 495 quod
731 424 1003 493 scriptum
1051 428 1134 475 est
1172 438 1183 475 :
1227 424 1423 476 Hortus
1471 423 1768 481 conclusus,
1816 425 1924 475 etc.
1963 423 2170 489 (Canl.,
2197 435 2254 504 Α
2278 423 2438 488 (vers.
2476 426 2523 486 3)
2567 440 2577 475 :
2616 426 2675 478 1n
2715 423 2904 477 umbra
2935 424 3050 491 ejus
3093 424 3372 492 concupiui
3406 428 3452 476 et
3485 424 3604 487 sedi,
3639 433 3680 480 et
3710 430 3823 493 [rue

541 534 612 588 ιν,
662 517 767 588 l2),
815 531 882 571 eo
931 513 1085 587 quod
1138 514 1232 570 ubi
1279 514 1590 586 integritas,
1641 514 1737 568 ubi
1783 514 2027 580 castitas,
2073 513 2172 568 ubi

543 609 768 681 religio,
817 608 918 663 ubi
966 608 1080 663 fida
1133 608 1358 664 silentia
1406 613 1776 676 secretorum,
1825 607 1902 662 ibi
1951 606 2170 663 claritas

541 704 878 776 angelorum
921 708 1024 770 est,
1067 703 1146 758 ibi
1190 703 1580 758 confessorum
1620 702 1803 769 violae,
1844 701 1958 756 lilia
1998 700 2169 774 virgi-

544 813 706 866 num,
751 813 897 852 rosae
941 800 1269 869 martyrum.
1301 802 1451 851 sunt.
1496 797 1648 850 Bene
1692 794 1873 850 lilium
1919 794 2171 852 Christus

543 895 646 961 est,
678 891 810 964 quia
835 890 930 946 ubi
957 896 1273 962 martyrum
1302 891 1552 962 sanguis,
1582 889 1659 944 ibi
1684 889 1936 944 Christus
1963 889 2061 960 qui
2087 892 2172 944 est

542 984 644 1040 ﬂos
689 984 968 1052 sublimis,
1010 984 1428 1052 immaculatus,
1471 983 1757 1052 innoxius,
1796 982 1853 1037 in
1895 997 2010 1054 quo
2055 998 2167 1036 non

542 1078 836 1151 spinarum
869 1077 1122 1133 offendat
1155 1077 1450 1148 asperitas,
1481 1077 1577 1131 sed
1610 1077 1792 1148 gratia
1827 1076 2170 1131 circumfusa

543 1173 808 1228 clarebat.
862 1173 1005 1228 Sunt
1064 1171 1214 1227 enim
1271 1172 1447 1242 spinae
1509 1187 1796 1238 rosarum,
1854 1187 1983 1242 qua:
2037 1174 2172 1226 sunt

542 1272 828 1322 tormenta
867 1268 1183 1337 martyrum
1225 1282 1238 1320 :
1282 1281 1398 1320 non
1442 1265 1616 1320 habet
1660 1264 1852 1336 spinas
1894 1263 2170 1321 inoffensa

543 1361 823 1428 divinitas,
857 1377 983 1433 quas
1011 1363 1302 1414 tormenta
1328 1375 1442 1414 non
1469 1358 1666 1414 sensit.

613 1457 665 1511 4.
701 1456 804 1526 (38)
837 1456 1116 1525 Tanquam
1154 1455 1330 1509 lilium
1368 1457 1426 1508 in
1463 1453 1637 1509 medio
1672 1456 1976 1523 spinarum.
2009 1454 2168 1518 Quod

542 1557 626 1606 est
665 1549 940 1604 evidentis
983 1547 1173 1602 indicii
1218 1547 1552 1619 spiritalium
1605 1547 1988 1618 nequitiarum
2037 1564 2164 1602 sen-

540 1644 689 1699 tibus
731 1643 997 1698 virtutem
1039 1641 1307 1708 obsideri,
1345 1641 1496 1696 unde
1534 1641 1781 1696 fructum
1813 1656 1982 1696 nemo
2019 1641 2166 1696 refe-

543 1741 646 1806 rat,
676 1737 780 1792 nisi
805 1737 905 1808 qui
932 1739 1130 1790 cautus
1156 1735 1399 1790 accedat.
1423 1737 1594 1791 Sume
1621 1734 1802 1806 igitur
1824 1735 1959 1803 alas,
1982 1735 2164 1806 virgo,

2274 519 2361 569 tus
2386 515 2497 584 ejus
2522 516 2698 571 dulcis
2721 519 2782 570 in
2806 517 3060 584 faucibus
3086 517 3235 571 meis.

2342 613 2394 662 7.
2455 610 2625 677 (Vers.
2684 613 2735 675 3,
2794 611 2872 679 4.)
2922 609 3029 682 (42)
3085 610 3222 665 Nota
3273 609 3418 680 quod
3471 627 3604 682 saepe
3654 613 3703 666 in
3747 615 3827 672 hoc

2271 702 2638 759 Canticorum
2672 703 2816 759 libro
2855 703 3124 760 Salomon
3159 702 3434 774 triplicem
3471 704 3612 760 illam
3649 707 3827 779 sapien-

2272 796 2408 851 tiam
2440 797 2732 853 evidenter
2768 797 3066 870 expressit,
3096 797 3371 853 moralem
3398 797 3616 866 scilicet,
3639 803 3827 857 natura-

2271 891 2404 958 lem,
2449 897 2506 946 et
2544 890 2862 962 mysticam,
2906 891 3051 946 sicut
3092 892 3154 946 in
3197 889 3504 946 Proverbiis
3547 891 3753 960 dixerat,
3789 901 3834 950 ut

2271 983 2570 1056 tripliciter
2609 985 2713 1040 sibi
2745 985 3036 1052 scriberet,
3078 985 3176 1057 qui
3208 983 3532 1056 sapientiam
3567 985 3674 1056 ejus
3702 987 3834 1042 vellat

2273 1077 2489 1132 audire.
2548 1077 2638 1134 Ait
2691 1095 2831 1151 ergo
2889 1080 2948 1134 in
3005 1078 3250 1137 Canticis
3305 1094 3507 1150 sponsa
3561 1079 3623 1134 de
3667 1096 3834 1151 sponso

2273 1173 2400 1226 Ecce
2424 1173 2652 1242 pulcher
2687 1188 2759 1237 es,
2792 1174 3143 1229 consobrinus
3171 1187 3338 1236 meus,
3371 1187 3478 1228 ecce
3505 1171 3706 1243 pulcher
3729 1188 3773 1228 es
3799 1181 3837 1229 et

2271 1266 2521 1333 decorus;
2572 1267 2859 1322 acclinatio
2916 1272 3102 1322 nostra
3155 1282 3345 1338 opaca,
3391 1266 3561 1322 trabes
3608 1265 3840 1322 domorum

2272 1364 2578 1416 nostrarum
2615 1360 2784 1424 cedri,
2815 1361 3101 1416 lacunaria
3139 1364 3325 1416 nostra
3361 1361 3588 1432 cupressi
3615 1359 3782 1430 (Cant,
3809 1376 3838 1427 ι,

2278 1457 2360 1523 l5,
2395 1453 2500 1526 l6).
2541 1455 2842 1509 Possumus
2877 1455 2988 1510 hoc
3027 1455 3096 1510 de
3134 1452 3444 1510 moralibus
3481 1454 3742 1526 accipere;
3767 1452 3841 1508 ubi

2271 1547 2424 1602 enim
2466 1547 2769 1620 requiescit
2806 1548 3058 1604 Christus
3099 1551 3158 1602 et
3202 1547 3465 1615 Ecclesia,
3504 1546 3606 1602 nisi
3647 1547 3699 1601 in
3733 1560 3838 1618 ope-

2270 1640 2424 1696 ribus
2477 1658 2593 1696 sute
2646 1640 2873 1714 plebis?
2921 1641 3174 1714 Denique
3224 1641 3325 1698 ubi
3375 1639 3726 1713 impudicitia,
3767 1639 3842 1695 ubi

2270 1735 2560 1806 superbia,
2583 1735 2679 1790 ubi
2710 1734 2979 1807 iniquitas
3009 1741 3152 1806 erat,
3181 1735 3261 1791 ibi
3289 1736 3368 1791 ait
3397 1734 3656 1790 Dominus
3677 1734 3839 1789 Iesus:

540 1833 636 1888 sed
662 1830 891 1902 spiritus
920 1846 934 1884 :
961 1836 1023 1884 ut
1049 1829 1368 1900 supervoles
1394 1829 1549 1897 vitia,
1577 1829 1623 1882 si
1649 1801 1986 1900 contingere
2013 1801 2170 1900 cupis
2189 1801 2244 1873 B
2275 1851 2301 1877 ‹‹
2333 1801 2501 1884 Pilius
2530 1801 2722 1885 autem
2759 1801 3006 1885 hominis
3044 1801 3158 1885 non
3189 1829 3366 1884 habet
3395 1828 3489 1884 ubi
3523 1832 3680 1900 caput
3714 1842 3842 1882 suum

537 1926 847 1988 Christum,
883 1945 909 1972 ‹‹
943 1922 1052 1987 Qui
1086 1923 1144 1977 in
1183 1923 1310 1977 altis
1340 1922 1578 1990 habitat,
1615 1926 1670 1976 et
1702 1921 1944 1976 humilia
1985 1923 2163 1994 respi-

538 2021 612 2073 cit
651 2019 815 2091 (Psal.
850 2034 980 2086 cxu,
1013 2021 1066 2086 5,
1102 2016 1172 2088 6).
1215 2038 1241 2065 ιι
1277 2017 1344 2070 Et
1372 2015 1588 2086 species
1628 2016 1748 2086 ejus
1789 2016 1936 2072 sicut
1965 2016 2167 2071 cedrus

538 2111 753 2180 Libani,
795 2127 921 2182 qua:
963 2126 1181 2165 comam
1221 2109 1486 2177 nubibus,
1521 2109 1772 2164 radicem
1810 2108 1978 2164 terris
2015 2109 2161 2164 inse-

537 2207 640 2276 rit;
670 2205 1014 2278 principium
1043 2203 1198 2259 enirn
1240 2204 1363 2274 ejus
1397 2203 1465 2258 de
1501 2202 1663 2270 coelo,
1698 2202 2008 2274 posteriora
2045 2204 2166 2274 ejus

536 2302 596 2356 in
625 2301 808 2368 terris,
838 2296 887 2372 1
905 2296 1095 2372 560
1123 2298 1336 2353 fructus
1361 2298 1496 2352 coelo
1524 2296 1808 2368 proximos
1833 2297 2162 2352 ediderunt.

535 2396 798 2451 Scrutare
850 2391 1181 2464 diligentius
1237 2397 1355 2446 tam
1405 2391 1620 2446 bonum
1678 2389 1904 2454 ﬂorem,
1959 2390 2164 2446 necubi

537 2506 671 2544 eum
709 2488 767 2542 in
812 2486 1055 2559 pectoris
1104 2485 1186 2541 tui
1235 2485 1481 2540 convalle
1525 2484 1810 2556 reperias;
1852 2484 2166 2539 humilibus

537 2583 690 2639 enim
726 2581 1058 2652 frequenter
1095 2579 1402 2634 inhalatur.
1438 2580 1602 2634 Amat
1642 2578 1900 2651 generari
1939 2579 1996 2632 in
2032 2578 2160 2633 hor-

533 2676 627 2744 tis,
682 2677 741 2731 in
793 2674 997 2747 quibus
1045 2689 1175 2729 eum
1229 2672 1504 2740 Susanna,
1557 2672 1696 2727 dum
1747 2672 2160 2737 deambularet,

535 2771 752 2826 invenit
780 2786 793 2822 :
824 2768 966 2823 mori
993 2767 1176 2840 potius
1204 2783 1380 2839 quam
1405 2765 1600 2822 violari
1628 2771 1839 2838 parata.

607 2869 659 2920 5.
695 2863 808 2936 (39)
834 2862 1028 2932 Aliter,
1058 2864 1167 2931 Ego
1191 2863 1285 2929 llos
1309 2863 1507 2930 campi,
1536 2867 1584 2915 et
1612 2861 1790 2915 lilium
1813 2861 2161 2924 convallium,

534 2964 796 3030 tanquam
834 2958 1011 3012 lilium
1048 2959 1112 3010 in
1152 2955 1324 3010 medio
1362 2956 1658 3024 spinarum.
1693 2954 1831 3008 Ecce
1867 2954 2040 3009 alium
2078 2955 2160 3009 lo-

535 3069 668 3108 cum
719 3054 779 3106 in
831 3067 946 3122 quo
989 3049 1134 3104 solet
1177 3047 1454 3103 Dominus
1499 3048 1838 3118 conversari,
1884 3047 2001 3102 imo
2049 3064 2163 3102 non

535 3145 594 3201 in
634 3162 777 3212 uno,
820 3144 920 3199 sed
959 3142 1020 3196 in
1061 3141 1316 3212 pluribus
1352 3158 1365 3195 :
1398 3144 1530 3209 Ego,
1564 3140 1771 3212 inquit,
1805 3144 1901 3210 flos
1938 3144 2115 3211 campi
2143 3159 2239 3243 :C

535 3239 670 3312 quia
697 3242 983 3310 patentem
1019 3234 1440 3306 simplicitatem
1469 3250 1627 3306 purae
1659 3233 1867 3289 mentis
1893 3235 2159 3306 frequen-

537 3336 637 3388 tat.
667 3335 739 3387 Et
780 3331 958 3385 lilium
993 3329 1359 3394 convallium;
1388 3327 1494 3382 ﬂos
1525 3327 1678 3382 enim
1713 3327 2053 3383 humilitatis
2081 3334 2164 3384 est

535 3425 813 3493 Christus,
842 3440 960 3480 non
989 3422 1250 3490 luxuriae,
1281 3438 1394 3477 non
1427 3421 1784 3493 voluptatum
1811 3429 1981 3494 atque
2007 3422 2164 3477 lasci-

533 3521 656 3589 viae,
683 3519 784 3574 sed
811 3518 915 3574 ﬂos
945 3517 1343 3590 simplicitatis,
1372 3515 1474 3570 ﬂos
1509 3515 1844 3571 humilitatis
1871 3515 2002 3588 (40).
2038 3516 2163 3572 Flos

536 3614 775 3670 odorem
828 3628 996 3668 suum
1051 3616 1106 3667 et
1160 3610 1403 3666 succisus
1455 3613 1726 3679 reservat,
1779 3613 1837 3665 et
1889 3612 2164 3666 contritus

535 3708 872 3775 accumulat,
927 3722 1032 3760 nec
1088 3706 1315 3761 avulsus
1373 3705 1604 3773 amittit,
1655 3705 1735 3760 ita
1785 3709 1843 3760 et
1893 3705 2165 3761 Dominus

533 3805 692 3858 lesus
735 3802 795 3856 in
837 3801 938 3856 illo
983 3799 1240 3872 patibulo
1283 3799 1463 3854 crucis
1509 3816 1614 3854 nec
1660 3799 1932 3855 contritus
1975 3816 2160 3855 emar-

535 3898 670 3967 cuit,
710 3912 815 3951 nec
844 3895 1070 3950 avulsus
1106 3893 1353 3962 evanuit,
1387 3896 1446 3948 et
1480 3893 1572 3948 illa
1605 3893 1816 3950 lanceas
1852 3895 2164 3965 punctione

535 3990 801 4057 succisus,
850 4004 1009 4044 sacro
1055 3987 1357 4059 speciosior
1397 3987 1506 4042 fusi
1552 3987 1766 4043 cruoris
1810 3988 1994 4043 colore
2041 4004 2160 4044 ver-

536 4084 710 4151 navit,
751 4081 895 4137 mori
939 4081 1060 4154 ipse
1101 4081 1344 4150 nescius,
1387 4083 1446 4136 et
1484 4082 1721 4137 mortuis
1764 4086 1994 4137 aeternae
2037 4083 2164 4138 vitae

536 4193 748 4232 munus
775 4177 1064 4232 exhalans.

609 4273 660 4326 6.
695 4271 806 4342 (41)
839 4271 1120 4340 Tanquam
1150 4271 1327 4324 lilium
1351 4273 1411 4325 in
1435 4271 1609 4325 medio
1636 4273 1942 4340 spinarum,
1972 4289 2164 4329 nonne

537 4366 685 4420 inter
726 4363 1059 4436 asperitates
1101 4363 1362 4418 laborum
1405 4363 1889 4436 coutritionesque
1937 4367 2161 4423 animo-

536 4477 664 4514 rum
706 4458 840 4514 boni
875 4457 977 4512 ﬂos
1009 4457 1198 4512 odoris
1233 4457 1510 4529 assurgit;
1543 4457 1678 4530 quia
1716 4460 1964 4516 contrito
1992 4461 2162 4517 corde

2269 1923 2507 1980 reclinet
2536 1923 2774 1994 (Matth,
2806 1939 2921 1992 VIII,
2961 1927 3070 1994 20).
3113 1946 3141 1974 »
3184 1923 3265 1978 De
3308 1921 3650 1979 naturalibus
3688 1924 3842 1976 autem

2267 2016 2401 2088 quid
2455 2016 2840 2089 accipiamus?
2896 2019 2962 2072 In
3016 2019 3232 2081 umbra,
3285 2017 3494 2089 inquit,
3543 2016 3652 2085 ejus
3696 2029 3843 2069 concu-

2260 2113 2382 2182 pivi
2409 2116 2459 2166 et
2495 2111 2628 2174 sedi,
2660 2118 2712 2166 et
2741 2113 2954 2179 fructus
2991 2112 3102 2182 ejus
3139 2111 3319 2167 dulcis
3351 2113 3411 2165 in
3447 2110 3689 2178 faucibus
3718 2109 3843 2170 meis;

2266 2204 2364 2275 qui
2412 2204 2564 2258 enim
2610 2207 2840 2260 terrena
2883 2204 3337 2276 supergreditur,
3381 2208 3439 2258 et
3478 2202 3567 2258 cui
3604 2197 3846 2256 mundana

2267 2299 2594 2354 moriuntur
2616 2297 2901 2371 (quoniam
2930 2298 3283 2370 crucifigitur
3315 2298 3370 2354 ei
3395 2295 3656 2363 mundus,
3683 2298 3735 2349 et
3753 2294 3846 2365 ipse

2267 2392 2498 2464 mundo)
2529 2392 2722 2447 omnia
2761 2409 2888 2464 qum
2931 2395 3063 2447 sunt
3106 2392 3208 2447 sub
3248 2392 3389 2458 sole,
3422 2389 3629 2462 refugit
3661 2393 3713 2443 et
3744 2401 3847 2443 con-

2265 2487 2496 2542 temnit.
2526 2487 2601 2542 De
2640 2487 2892 2558 mysticis
2932 2503 3161 2558 quoque
3201 2486 3284 2541 ait
3313 2503 3326 2541 :
3359 2485 3680 2542 Introducite
3709 2497 3779 2536 me
3806 2482 3849 2533 in

2266 2581 2481 2636 domum
2526 2583 2661 2644 vini,
2708 2582 3012 2635 constituite
3054 2584 3112 2634 in
3160 2595 3242 2636 me
3291 2580 3630 2634 charitatem.
3667 2573 3854 2631 Etenim

2265 2674 2408 2730 sicut
2447 2675 2672 2730 vineam
2709 2690 2871 2730 suam
2910 2673 3057 2739 vitis,
3094 2673 3174 2729 ita
3217 2673 3496 2728 Dominus
3523 2673 3672 2727 Iesus
3702 2683 3850 2740 popu-

2265 2769 2384 2823 lum
2413 2785 2601 2836 suum,
2639 2768 2801 2840 quasi
2842 2767 2969 2822 vitis
3011 2772 3244 2835 aeterna,
3279 2765 3623 2839 quibusdam
3652 2759 3855 2818 brachiis

2264 2862 2555 2918 charitatis
2586 2862 2968 2934 amplectitur.

2335 2959 2388 3012 8.
2418 2955 2727 3012 Considera
2761 2955 2983 3026 singula
3011 2972 3024 3010 :
3055 2955 3114 3010 in
3155 2955 3469 3011 moralibus
3506 2955 3610 3009 ﬂos
3637 2959 3714 3007 est
3740 2949 3858 3004 inter

2265 3051 2454 3121 spinas
2503 3049 2704 3117 lilium,
2757 3049 2905 3104 sicut
2949 3049 3069 3121 ipse
3120 3049 3200 3105 ait
3246 3066 3260 3104 :
3308 3051 3424 3119 Ego
3468 3051 3562 3117 flos
3607 3044 3784 3115 campi,
3818 3047 3857 3094 et

2267 3143 2444 3198 lilium
2479 3144 2805 3199 convallium
2831 3144 2998 3215 (supr.
3025 3158 3166 3199 vers.
3208 3143 3284 3215 l).
3319 3144 3384 3198 In
3420 3140 3718 3198 moralibus
3751 3148 3858 3206 ergo

2263 3238 2366 3293 ﬂos
2391 3244 2492 3305 est,
2526 3237 2670 3292 sicut
2695 3237 2755 3292 in
2786 3237 3138 3292 naturalibus
3169 3236 3264 3293 Sol
3287 3236 3551 3308 justitie,
3580 3233 3672 3307 qui
3705 3230 3857 3286 oriens

2265 3337 2323 3387 et
2365 3347 2670 3402 resurgens
2717 3331 3023 3400 illuminat,
3070 3330 3336 3386 occidens
3383 3329 3703 3386 obumbrat.
3742 3324 3857 3380 Cave

2264 3443 2337 3482 ne
2367 3425 2472 3480 tibi
2503 3423 2741 3493 occidat,
2770 3425 2902 3498 quia
2943 3424 3219 3497 scriptum
3253 3427 3346 3480 est
3371 3442 3385 3481 :
3421 3445 3450 3475 ι(
3482 3423 3576 3480 Sol
3607 3437 3711 3476 non
3738 3415 3853 3473 occi-

2265 3521 2363 3576 dat
2389 3536 2562 3592 super
2595 3518 2950 3574 iracundiam
2985 3524 3233 3574 vestram
3264 3519 3509 3590 (Ephes.,
3543 3534 3615 3585 Iv,
3640 3515 3741 3585 26).
3768 3533 3790 3561 ››
3815 3509 3859 3564 ln

2267 3614 2516 3686 mysticis
2541 3613 2790 3668 charitas
2811 3616 2913 3682 est,
2941 3613 3073 3684 quia
3100 3611 3406 3684 plenitudo
3433 3612 3578 3682 legis
3605 3612 3687 3665 est
3709 3601 3859 3664 Chris-

2267 3713 2373 3765 tus.
2417 3710 2484 3763 Et
2523 3707 2654 3763 ideo
2685 3707 2931 3763 Ecclesia
2967 3723 3095 3778 quae
3127 3705 3315 3778 diligit
3353 3707 3662 3772 Christum,
3698 3699 3858 3756 mine-

2266 3806 2387 3858 rata
2416 3806 2501 3857 est
2530 3801 2829 3857 charitate.

2336 3900 2387 3950 9.
2444 3895 2552 3968 (43)
2602 3895 2840 3950 Pulchre
2895 3895 3066 3950 etiam
3121 3895 3311 3951 lilium
3364 3894 3576 3950 dicitur
3629 3887 3861 3949 Ecclesia;

2266 3992 2410 4046 sicut
2434 3990 2589 4045 enim
2618 3989 2805 4044 lilium
2835 3988 3038 4060 fulget,
3065 3989 3146 4044 ita
3181 3989 3363 4045 etiam
3404 3987 3700 4060 splendent
3723 3992 3861 4052 opera

2265 4087 2614 4140 sanctorum.
2644 4082 3031 4138 Pulcherrime
3073 4085 3248 4138 etiam
3291 4082 3518 4138 dictum
3552 4085 3674 4137 est:
3701 4075 3863 4133 Litium

2265 4179 2605 4244 convallium,
2640 4177 2777 4250 quia
2813 4176 2873 4231 in
2913 4176 3223 4232 humilibus
3259 4176 3448 4249 magis
3488 4177 3667 4232 elucet
3693 4165 3858 4243 gratia.

2266 4273 2378 4329 Sed
2415 4273 2524 4328 hoc
2563 4271 2744 4327 lilium
2779 4269 2839 4325 in
2874 4269 3064 4326 medio
3109 4269 3433 4342 spinarum,
3475 4270 3580 4325 hoc
3615 4270 3714 4334 est,
3745 4263 3864 4318 inter

2262 4367 2493 4423 Judasos
2528 4371 2583 4421 et
2629 4364 2942 4430 haereticos,
2988 4364 3096 4418 hoc
3142 4370 3245 4435 est,
3294 4364 3450 4420 inter
3496 4356 3863 4419 sollicitudines

2265 4462 2437 4532 hujus
2482 4459 2692 4529 saeculi,
2741 4475 2870 4531 qum
2923 4463 3179 4514 mentem
3223 4459 3482 4514 hominis
3534 4457 3862 4521 animumque

537 4556 686 4608 Deus
712 4552 1001 4624 placatur?
1028 4552 1138 4606 Hoc
1179 4557 1264 4606 est
1300 4551 1615 4620 desertum,
1645 4551 1796 4620 filiae,
1826 4553 1975 4625 quod
2012 4543 2244 4616 ducitD
2267 4557 2682 4626 compungunt.
2715 4555 3018 4608 Possumus
3053 4551 3224 4610 etiam
3260 4551 3435 4610 aliter
3470 4550 3734 4623 accipere,
3759 4538 3866 4614 quia

535 4647 605 4702 ad
641 4661 904 4718 regnum,
931 4647 1039 4700 hoc
1067 4651 1152 4701 est
1180 4645 1350 4700 etiam
1392 4645 1679 4700 desertum
1718 4647 1874 4718 quod
1907 4647 2076 4703 ﬂoret
2104 4655 2167 4704 ut

538 4740 747 4808 lilium,
777 4740 942 4812 juxta
982 4739 1121 4793 illud
1163 4739 1316 4810 quod
1360 4739 1637 4812 scriptum
1679 4745 1764 4794 est
1802 4758 1814 4796 :
1863 4763 1891 4791 ‹‹
1929 4743 2164 4810 ιωῑενθ,

539 4834 767 4901 sterilis,
811 4838 868 4889 et
909 4833 1146 4903 exsulta,
1188 4833 1499 4902 desertum,
1541 4840 1597 4889 et
1636 4835 1837 4890 ﬂoreat
1880 4841 1938 4891 ut
1981 4836 2164 4892 lilium

538 4933 694 5003 (Ista,
728 4944 889 4996 xxxv,
937 4928 1009 4998 l).
1056 4949 1082 4976 »
1125 4928 1186 4981 In
1225 4927 1330 4982 hoc
1375 4928 1624 4998 deserto,
1666 4929 1817 4996 tiliae,
1861 4929 2031 4985 arbor
2071 4931 2168 4986 illa

536 5026 686 5080 bona
735 5022 1031 5078 fructifera
1075 5037 1206 5094 qua:
1263 5021 1446 5077 bonos
1497 5022 1712 5078 fructus
1764 5023 1918 5089 facit,
1973 5024 2170 5096 incipit

536 5120 772 5176 brachia
801 5118 1076 5174 factorum
1109 5132 1340 5171 suorum
1371 5115 1711 5184 diffundere,
1738 5118 2005 5173 verticem
2035 5117 2169 5173 divi-

538 5214 731 5271 nitatis
754 5211 1037 5279 attollere,
1060 5211 1225 5282 juxta
1253 5226 1424 5282 quam
1452 5213 1658 5265 nostra)
1689 5210 1842 5282 ligna
1869 5212 2022 5266 silva!
2051 5213 2163 5267 fru-

538 5315 782 5378 tescant;
812 5306 942 5379 quia
977 5305 1122 5360 sicut
1154 5304 1324 5360 arbor
1351 5305 1489 5359 mali
1515 5304 1669 5359 inter
1697 5304 1855 5376 ligna
1879 5305 2051 5374 silvae,
2089 5307 2168 5360 ita

538 5404 717 5458 frater
770 5418 928 5456 meus
982 5400 1037 5454 in
1102 5398 1294 5454 medio
1348 5398 1631 5467 filiorum;
1692 5404 1754 5454 ut
1815 5399 2005 5454 videns
2060 5400 2167 5454 hoc

542 5496 806 5563 Ecclesia,
844 5499 900 5550 et
944 5495 1075 5549 ﬁdei
1120 5496 1327 5548 nostra:
1366 5493 1490 5563 jam
1533 5493 1659 5549 laeta
1698 5509 1978 5561 successu,
2019 5493 2169 5548 dicat

609 5651 702 5713 (38)
746 5653 862 5702 Lib.
914 5665 928 5700 ι
968 5654 1029 5702 de
1076 5655 1240 5715 Virg.,
1280 5666 1400 5716 cap.
1441 5654 1493 5713 7,
1534 5665 1687 5702 num.
1737 5653 1818 5714 43,
1860 5658 1915 5703 et
1954 5667 2072 5718 cap.
2118 5655 2166 5715 8,

547 5733 703 5849 "liii;
876 5789 940 5838 dc
968 5792 1300 5860 νίν-αἰτιᾶται,
1329 5808 1448 5860 cap.
1478 5796 1526 5858 9,
1558 5808 1714 5846 num.
1744 5798 1824 5847 51.

615 5859 704 5924 ξιο)
736 5857 849 5906 Lib.
887 5872 918 5905 ιι
950 5859 1012 5907 de
1042 5862 1181 5923 Spir.
1212 5857 1415 5925 sancto:
1439 5857 1558 5931 cap.
1585 5870 1634 5928 5,
1663 5881 1814 5919 num.
1835 5870 1916 5920 39.

2268 4649 2411 4705 sicut
2446 4648 2627 4704 lilium
2668 4647 2820 4702 inter
2857 4647 3046 4717 spinas
3090 4646 3325 4712 eminet,
3371 4647 3447 4701 ita
3495 4659 3662 4716 super
3702 4648 3868 4696 omne!

2267 4748 2578 4799 conventus
2605 4741 2846 4797 Ecclesia
2875 4739 2969 4794 Dei
2997 4740 3258 4812 refulget.

2344 4841 2428 4892 10.
2477 4836 2669 4892 Refert
2713 4834 2885 4889 etiam
2930 4833 3310 4902 considerare,
3358 4834 3515 4906 quod
3566 4834 3668 4888 hoc
3713 4827 3864 4885 lilium

2270 4930 2568 5005 splendore
2597 4929 3002 4985 circumfusum
3030 4928 3121 4996 sit,
3145 4927 3300 4984 intus
3324 4930 3520 4983 autem
3540 4924 3683 5000 quod
3707 4919 3863 4980 habel,

2269 5025 2510 5081 rubeam
2550 5024 2639 5091 sit,
2681 5021 2816 5076 boni
2861 5027 2918 5078 et
2962 5021 3145 5094 ipsum
3194 5021 3423 5089 odoris;
3469 5038 3537 5076 eo
3577 5016 3721 5092 quod
3760 5023 3864 5067 caro

2269 5119 2472 5175 Christi
2507 5118 2661 5173 velut
2701 5116 2905 5171 morali
2944 5115 3251 5172 divinitatis
3290 5114 3629 5170 claritudine
3656 5111 3861 5166 circum-

2269 5208 2447 5284 septa,
2477 5211 2722 5266 ccelestis
2747 5209 3014 5265 habuerit
3044 5209 3463 5281 protectionem
3493 5207 3701 5280 gratiae.
3733 5195 3863 5256 Deni-

2271 5323 2381 5380 que
2423 5306 2482 5360 in
2522 5303 2931 5376 posterioribus
2968 5303 3048 5358 ait
3079 5320 3092 5358 :
3127 5305 3428 5360 Fraternus
3466 5315 3609 5357 meus
3640 5290 3862 5380 candidus

2269 5378 2319 5456 et
2348 5399 2540 5455 rubens
2570 5398 2776 5470 (Cant,
2802 5413 2856 5466 ν,
2889 5396 3004 5469 lO);
3035 5395 3311 5452 candidus
3351 5396 3605 5452 claritate
3639 5378 3850 5464 1561

2270 5494 2477 5563 divina,
2514 5491 2727 5548 rubens
2756 5492 2945 5563 specie
2983 5491 3185 5547 coloris
3217 5490 3483 5560 humani,
3517 5501 3678 5561 quem
3711 5489 3859 5536 sam'

2330 5659 2428 5720 (41)
2456 5655 2573 5708 Lib.
2608 5655 2671 5706 de
2711 5655 3040 5721 Virginitate,
3066 5666 3183 5719 cap.
3210 5653 3262 5715 9,
3293 5665 3452 5703 num.
3483 5650 3562 5711 5t,
3587 5647 3658 5698 5i.

2335 5728 2432 5792 (42)
2459 5727 2576 5778 Lib.
2609 5727 2672 5778 de
2694 5729 2868 5781 Isaac.
2895 5739 3014 5791 cap.
3049 5725 3098 5788 4,
3131 5736 3287 5776 num.
3323 5724 3405 5776 27.

2332 5800 2430 5864 (43)
2455 5799 2513 5848 ln
2546 5797 2680 5862 psal.
2712 5809 2912 5859 cxvm,
2938 5810 3100 5848 serm.
3129 5799 3176 5857 5,
3203 5807 3360 5845 num.
3393 5797 3421 5844 7
3451 5805 3561 5859 seq.
