4022 6176
189 203 325 272 1969

1210 223 1253 280 E
1289 224 1592 279 SCRIPTIS
1628 226 1682 280 S.
1727 225 2043 282 AMBROSII
2086 224 2496 282 CULLECTUS.

3417 225 3548 279 l970

180 346 384 399 mento
411 343 816 402 incarnationis
846 345 1172 419 assumpsit.
1200 348 1515 421 Meritoque
1540 351 1599 403 et
1628 349 1817 420 ipsum
1841 363 1898 434 Α
1920 347 2356 420 propitiationis.
2390 347 2558 403 Vides
2583 347 2719 419 quia
2744 363 2942 402 monas
2972 354 3029 403 et
3055 348 3241 415 decas,
3276 347 3388 404 duo
3413 347 3545 404 festi

179 436 333 510 quod
363 443 451 494 est
485 439 749 508 rubrum,
785 440 932 498 bene
964 441 1094 508 olet,
1125 442 1257 514 quia
1289 459 1422 497 caro
1451 442 1660 497 Christi
1688 442 1813 496 sine

177 536 414 604 peccato
469 540 582 599 est,
641 551 811 606 quam
865 535 1068 608 perﬁdi
1117 539 1560 605 contrectantes,
1612 551 1815 590 manus

177 643 309 681 suas
356 627 803 699 inquinaverunt
854 645 867 682 :
922 629 1102 684 sancti
1157 634 1532 697 venerantes,
1588 629 1815 701 pietatis

178 719 358 776 odore
387 721 748 793 fragrarunt.

254 819 340 870 11.
361 815 592 887 Accepit
619 816 772 872 hunc
801 817 1037 873 odorem
1071 818 1342 874 Dominus
1365 821 1525 874 lesus
1548 820 1808 890 fragran-

177 909 253 963 tis
299 909 556 964 Ecclesia
597 926 735 978 sua,
787 916 843 966 et
881 911 962 967 ait
999 929 1012 966 :
1060 915 1187 969 Ecce
1220 916 1475 982 proaima
1513 930 1631 970 mea
1676 915 1813 971 bona

178 1005 380 1070 (Cant,
409 1020 446 1070 ι,
484 1003 589 1075 14).
631 1005 700 1059 Et
738 1005 990 1061 Ecclesia
1026 1006 1164 1061 dicit
1203 1007 1278 1061 ad
1307 1007 1643 1064 Christum:
1684 1011 1809 1065 Ecce

175 1112 231 1152 es
287 1097 475 1158 bonus,
521 1100 802 1164 fraternus
843 1115 1009 1163 meus,
1056 1116 1168 1155 ecce
1212 1116 1266 1155 es
1312 1102 1498 1164 bonus,
1551 1109 1814 1173 tanquam

173 1191 384 1245 malum
419 1193 476 1244 in
523 1192 684 1262 lignis
726 1193 878 1248 silvae
921 1192 1103 1263 (Ibid.,
1143 1198 1226 1261 l5,
1272 1195 1378 1264 16).
1422 1196 1812 1251 Pulcherrima

173 1283 442 1339 collatio!
473 1284 620 1349 Quid
647 1285 801 1340 enim
842 1286 1133 1358 pulchrius
1169 1288 1471 1360 aptiusque
1503 1289 1610 1344 dici
1643 1297 1814 1361 queat

170 1393 354 1448 quam
402 1383 463 1432 ut
505 1394 779 1450 sponsum
823 1379 1013 1434 arbori
1058 1381 1194 1435 mali
1236 1382 1575 1453 comparet?
1605 1384 1807 1455 Hujus-

164 1470 332 1526 modi
358 1471 516 1526 enim
544 1489 782 1544 pomum
815 1473 1046 1529 odorem
1091 1480 1314 1546 gratum
1342 1475 1535 1545 habet,
1561 1481 1626 1531 ut
1649 1483 1812 1533 cate-

169 1580 377 1619 rorum
425 1582 724 1636 pomorum
774 1569 1148 1639 fragrantiam
1195 1569 1399 1624 vincat.
1442 1571 1509 1625 Et
1553 1571 1810 1626 Christus

171 1657 384 1714 afﬁxus
410 1659 484 1714 ad
511 1659 754 1732 lignum,
786 1661 930 1717 sicut
955 1662 1172 1716 malum
1202 1663 1462 1734 pendens
1489 1663 1547 1718 in
1579 1664 1804 1732 arbore,

1919 441 2063 497 dies.
2096 443 2237 497 Item
2271 442 2504 512 quintus
2529 441 2787 496 decimus
2814 440 2951 507 dies,
2983 439 3102 495 dies
3131 440 3543 497 Tabernaculo-

1917 552 2045 590 rum
2077 552 2180 606 per
2203 541 2328 590 octo
2357 536 2509 601 dies;
2541 535 2600 589 in
2629 534 2834 589 umbra
2863 533 2985 588 hac
3012 533 3226 589 omnia.
3249 535 3312 588 ln
3338 534 3543 590 umbra

1918 630 2100 700 prima
2125 629 2244 684 dies
2270 636 2486 696 vocata,
2515 632 2571 683 et
2610 631 2807 683 octava
2847 626 2966 682 dies
3003 632 3195 682 vocata
3230 627 3288 681 in
3320 627 3540 694 umbra,

1919 739 2046 794 qua
2071 723 2421 795 scenopegiis
2448 723 2780 794 prascripta
2806 722 3122 776 secundum
3149 721 3364 793 legem.

1991 821 2076 872 15.
2107 817 2396 872 Constitue
2430 816 2572 870 mihi
2599 816 2820 888 aliquos
2855 833 2924 870 ex
2951 813 3379 870 circumcisione
3417 831 3543 869 cre-

1917 911 2137 979 dentes,
2168 911 2226 965 in
2264 911 2390 981 lege
2431 911 2650 978 doctos,
2681 909 3056 966 observantia
3091 909 3344 964 sollicita
3371 907 3541 977 viros,

1916 1011 1972 1060 et
2018 1021 2171 1060 nunc
2214 1004 2502 1075 Evangelii
2549 1004 2844 1076 agnitione
2891 1003 3260 1071 illuminatos,
3304 1001 3545 1073 spiritali

1915 1100 2206 1169 saginatos
2256 1098 2459 1169 gratia,
2505 1098 2640 1153 dicit
2677 1097 2734 1151 in
2790 1098 2879 1152 his
2927 1097 3172 1153 Ecclesia
3220 1112 3350 1168 qua
3398 1095 3546 1150 videt

1916 1192 2230 1259 Christum,
2282 1208 2412 1262 qua
2468 1208 2740 1263 sponsum
2794 1191 3010 1262 recipit,
3064 1207 3192 1262 qua
3243 1189 3371 1245 cibo
3423 1191 3544 1261 ejus

1913 1285 2158 1357 pascitur
2188 1302 2200 1338 :
2232 1287 2297 1339 in
2322 1286 2510 1340 umbra
2541 1286 2656 1354 ejus
2682 1287 2982 1354 concupiui,
3008 1289 3058 1337 et
3083 1284 3218 1346 sedi,
3250 1289 3301 1338 et
3327 1285 3544 1349 fructus

1915 1382 2031 1448 ejus
2067 1379 2240 1433 dulcis
2269 1381 2324 1432 in
2350 1381 2603 1445 faucibus
2635 1381 2780 1433 meis.
2811 1377 2949 1441 Quis
2976 1377 3190 1431 fructus
3217 1376 3338 1446 ejus
3364 1377 3542 1431 dulcis

1911 1473 2020 1526 nisi
2060 1472 2390 1543 pradicatio
2432 1472 2748 1527 Dominica
2787 1470 3103 1542 passionis?
3149 1474 3214 1524 ut
3255 1469 3374 1541 ipse
3418 1471 3535 1524 ait:

1915 1589 1939 1616 ‹‹
1984 1567 2123 1620 Ecce
2161 1566 2463 1621 hareditas
2495 1565 2734 1632 Domini,
2768 1565 2871 1618 lilii
2909 1580 3124 1619 merces
3165 1564 3383 1618 fructus
3412 1580 3541 1618 ven-

1913 1661 2012 1714 tris
2052 1661 2216 1730 (Psal.
2254 1676 2430 1728 cxxvr,
2478 1661 2552 1723 3).
2605 1684 2631 1708 ››
2674 1659 2812 1722 Quis
2859 1658 3014 1712 enim
3061 1657 3279 1713 dulcior
3322 1657 3538 1712 fructus

167 1753 397 1808 bonum
429 1753 666 1809 odorem
706 1755 1014 1810 mundana
1057 1756 1335 1812 fundebat
1368 1757 1806 1829 redemptionis,
1832 1731 1886 1802 Β
1912 1760 2097 1824 potest
2123 1771 2246 1809 esse
2281 1755 2336 1808 in
2368 1754 2623 1808 faucibus
2655 1753 2885 1818 nostris,
2918 1769 3087 1824 quam
3115 1752 3376 1806 remissio
3404 1769 3533 1823 pec-

169 1863 302 1918 qua
346 1848 565 1918 peccati
612 1864 849 1919 gravem
888 1849 1120 1905 detersit
1157 1850 1425 1916 fetorem,
1458 1855 1515 1906 et
1542 1868 1805 1923 unguen-

169 1947 295 1995 tum
326 1945 494 2012 potus
525 1941 711 1998 vitalis
738 1942 961 1998 effudit.

251 2039 338 2090 t2.
382 2037 664 2106 Tanquam
704 2037 930 2103 malum,
969 2037 1174 2109 inquit,
1214 2042 1273 2092 in
1309 2040 1472 2108 lignis
1513 2041 1681 2105 silva,
1727 2045 1807 2095 ita

165 2129 520 2185 consobrinus
559 2145 704 2184 meus
741 2131 799 2183 in
836 2131 1010 2185 medio
1052 2132 1315 2200 ﬁliorum;
1347 2148 1414 2186 eo
1451 2133 1604 2203 quod
1635 2149 1808 2204 super

168 2221 482 2293 prophetas
529 2227 588 2276 et
636 2222 943 2293 apostolos,
991 2223 1197 2278 intima
1249 2225 1422 2279 corda
1475 2225 1802 2295 hominum,

166 2315 481 2370 verborum
509 2316 780 2370 suavitate
809 2317 1115 2371 mulcebat.
1147 2317 1253 2372 Sed
1287 2335 1400 2373 non
1429 2319 1610 2374 solum
1640 2320 1802 2388 odor,

166 2425 374 2464 verum
403 2407 577 2464 etiam
619 2408 780 2464 cibus
817 2410 1004 2464 suavis
1041 2410 1097 2464 in
1132 2411 1286 2466 malo
1327 2416 1407 2465 est
1437 2429 1448 2465 :
1485 2429 1624 2484 ergo
1648 2413 1805 2468 cibus

165 2501 360 2556 suavis
391 2508 479 2557 est
506 2503 781 2558 Christus.

251 2599 338 2652 l3.
368 2599 430 2652 In
461 2598 653 2652 umbra
691 2599 806 2667 ejus
839 2602 1139 2669 concupiui,
1175 2606 1225 2653 et
1258 2600 1402 2664 sedi;
1431 2600 1616 2671 legem
1645 2602 1800 2655 enim

170 2695 498 2762 acceperat,
545 2691 692 2745 hanc
731 2691 1094 2762 sequebatur,
1129 2693 1278 2747 hanc
1316 2693 1582 2748 currebat
1619 2695 1801 2760 viam;

167 2785 228 2838 in
275 2785 405 2855 lege
454 2785 644 2857 itaque
695 2785 1075 2856 requiescens,
1119 2787 1176 2840 in
1221 2787 1422 2840 umbra
1463 2787 1670 2844 Christi
1715 2805 1800 2842 re-

167 2877 521 2950 quiescebat.
574 2878 722 2932 Bona
773 2878 992 2946 umbra,
1038 2895 1167 2950 qua
1220 2897 1323 2935 nos
1376 2880 1447 2935 ab
1497 2881 1804 2954 iniquitatis

168 2972 290 3026 sole
315 2971 596 3027 defendit!
621 2972 721 3026 Cui
747 2977 939 3026 autem
969 2972 1205 3027 dubium
1235 2975 1384 3045 quod
1416 2975 1506 3028 lex
1539 2976 1636 3030 Dei
1675 2993 1799 3030 um-

1910 1852 2164 1902 catorum
2177 1849 2204 1901 Τ

1984 1945 2067 1997 16.
2117 1942 2228 2012 (44)
2272 1943 2340 1996 Et
2384 1944 2601 2008 fructus
2643 1943 2757 2009 ejus
2794 1942 2969 1996 dulcis
3011 1945 3228 2011 gutturi
3268 1957 3398 1996 meo.
3446 1943 3540 1998 Est

1910 2036 2205 2108 spirituale
2228 2052 2459 2103 manna,
2476 2036 2584 2090 hoc
2605 2041 2706 2101 est,
2724 2034 2914 2105 pluvia
2935 2035 3203 2106 spiritalis
3223 2035 3535 2107 sapientia,

1911 2147 2038 2201 qua
2067 2129 2381 2202 ingeniosis
2417 2134 2474 2183 et
2509 2128 2897 2200 quaerentibus
2930 2129 3001 2184 de
3027 2131 3165 2185 coelo
3195 2128 3534 2192 infunditur,

1911 2228 1966 2278 ct
2004 2225 2212 2279 irrorat
2254 2227 2478 2278 mentes
2519 2223 2766 2294 piorum,
2806 2227 2864 2278 et
2903 2223 3167 2278 obdulcat
3209 2224 3399 2278 fauces
3437 2241 3531 2279 eo-

1907 2335 2036 2372 rum
2071 2335 2083 2371 :
2113 2317 2207 2389 qui
2236 2317 2412 2387 igitur
2447 2315 2790 2371 intellexerit
2824 2317 3172 2372 infusionem
3202 2316 3410 2372 divina
3442 2333 3531 2371 sa-

1907 2411 2159 2482 pientia,
2183 2410 2515 2476 delectatur,
2539 2425 2642 2464 nec
2667 2409 2839 2464 alium
2869 2409 3062 2464 cibum
3091 2410 3319 2481 quarit,
3343 2427 3449 2465 nec
3475 2410 3532 2465 in

1908 2506 2026 2560 solo
2056 2521 2202 2575 pane
2230 2504 2381 2572 vivit,
2404 2503 2504 2558 sed
2531 2503 2590 2558 in
2621 2503 2780 2558 omni
2802 2504 2972 2559 verbo
2992 2503 3105 2559 Dei.
3125 2504 3230 2568 Qui
3257 2503 3535 2559 curiosior

1906 2598 2096 2665 fuerit,
2121 2599 2327 2669 quarit
2350 2599 2488 2670 quid
2517 2598 2590 2652 sit
2612 2597 2752 2652 illud
2783 2598 2938 2670 quod
2966 2597 3135 2652 melle
3165 2597 3382 2653 dulcius
3410 2598 3484 2652 sit
3520 2621 3528 2650 :

1908 2691 2219 2763 respondet
2261 2691 2343 2746 illi
2385 2691 2646 2747 minister
2679 2691 2782 2746 Dei
2818 2708 2830 2745 :
2867 2713 2893 2740 «
2923 2690 3018 2745 Hic
3051 2693 3136 2745 est
3174 2691 3335 2763 panis
3363 2708 3533 2762 quem

1907 2785 2066 2841 dedit
2095 2784 2248 2840 vobis
2286 2785 2558 2840 Dominus
2587 2785 2937 2840 manducare
2968 2785 3190 2855 (Exod,
3219 2801 3326 2852 xvr,
3361 2785 3470 2853 15).
3501 2809 3526 2831 ιν

1903 2879 2046 2944 Quid
2077 2879 2147 2933 sit
2175 2872 2281 2935 iste
2313 2880 2498 2950 panis,
2525 2879 2658 2934 audi
2692 2895 2705 2932 :
2745 2879 2996 2942 Verbum,
3027 2877 3234 2950 inquit,
3273 2879 3419 2948 quod
3443 2895 3528 2933 or-

1903 2973 2117 3028 dinavit
2143 2976 2298 3029 Deus.
2330 2971 2379 3045 1
2397 2971 2588 3046 562
2617 2974 2744 3027 Hac
2771 2988 2910 3044 ergo
2945 2971 3225 3027 ordinatio
3257 2971 3380 3040 Dei,
3409 2972 3530 3027 hac

163 3065 273 3121 bra
303 3064 377 3119 sit
406 3065 656 3120 Christi?
679 3066 825 3130 Quid
864 3071 949 3120 est
988 3067 1075 3121 lex
1117 3067 1232 3121 diei
1271 3067 1418 3136 festi,
1461 3071 1799 3139 neomenia,
1823 3099 1877 3171 Ο
1902 3067 2170 3122 alimonia
2195 3067 2294 3121 alit
2325 3067 2582 3121 animam
2621 3066 2913 3137 sapientis,
2947 3069 3006 3120 et
3040 3065 3319 3121 illuminat
3361 3071 3530 3138 atque

163 3157 566 3228 Sabbatorum,
610 3159 716 3214 nisi
764 3159 962 3214 umbra
1002 3160 1370 3215 futurorum?
1409 3163 1515 3227 Qui
1550 3163 1670 3218 dies
1711 3181 1799 3220 se-

165 3251 427 3307 cundum
449 3252 638 3324 legem
659 3253 829 3325 Moysi
853 3270 866 3307 :
894 3255 964 3307 Ut
985 3254 1208 3308 videam
1232 3273 1324 3309 sex
1352 3256 1492 3324 dies,
1515 3263 1572 3313 et
1592 3257 1803 3313 iterum

167 3345 482 3418 septimum
508 3346 682 3413 diem,
710 3352 768 3401 et
793 3347 871 3401 sic
897 3354 1172 3419 perpetua
1205 3351 1455 3406 sacula?
1479 3351 1611 3415 Quis
1639 3369 1798 3407 men-

166 3440 242 3495 sis
262 3439 587 3494 secundum
607 3441 795 3512 legem
819 3440 1010 3512 Moysi,
1033 3445 1098 3496 ut
1118 3441 1302 3497 sciens
1330 3459 1606 3512 mensem,
1631 3445 1802 3501 sciam

167 3533 414 3604 primam
447 3533 656 3588 mensis
683 3533 1070 3602 neomeniam,
1099 3539 1156 3589 et
1185 3551 1314 3591 vere
1352 3543 1542 3592 sancta
1568 3538 1627 3592 in
1660 3555 1797 3594 neo-

168 3627 378 3682 meniis
407 3627 745 3682 offerenda?
766 3627 901 3692 Quis
937 3629 1253 3684 secundum
1279 3631 1467 3702 legem
1492 3631 1664 3704 Moysi
1693 3650 1796 3688 an-

169 3737 296 3789 nus,
333 3737 426 3774 sex
458 3720 568 3775 illis
607 3720 808 3775 diebus
844 3725 1108 3777 constans
1141 3723 1211 3777 de
1241 3723 1450 3796 quibus
1474 3725 1556 3780 ait
1588 3742 1601 3780 :
1638 3746 1665 3778 α
1694 3727 1800 3782 Sex

164 3815 330 3868 annis
357 3813 564 3869 serviet
595 3815 886 3883 Hebraus,
915 3819 972 3870 et
1003 3817 1244 3889 septimo
1277 3834 1432 3874 anno
1464 3819 1800 3876 liberabitur

165 3910 369 3971 (Deut,
409 3924 499 3974 xv,
535 3911 651 3978 l2);
684 3931 711 3956 ι»
759 3912 817 3963 ut
864 3909 1235 3965 inveniantur
1273 3928 1369 3967 sex
1413 3914 1548 3968 anni
1591 3914 1798 3986 quibus

162 4002 375 4074 aliquis
412 4005 685 4073 operatur
723 4007 958 4071 terram,
996 4005 1236 4076 septimo
1279 4011 1472 4062 autem
1509 4024 1660 4063 anno
1703 4026 1795 4064 re-

166 4095 345 4150 mittit
396 4096 553 4151 illam
602 4096 921 4169 proselytis,
971 4101 1031 4152 et
1078 4099 1450 4171 pauperibus,
1496 4107 1552 4156 et
1606 4101 1798 4158 bestiis

163 4189 376 4243 terra?
401 4189 535 4252 Quis
562 4191 836 4262 septimus
866 4207 1073 4256 annus,
1108 4208 1220 4262 quo
1249 4194 1640 4250 concedantur
1672 4213 1794 4250 om-

163 4284 259 4339 nia
289 4282 485 4338 debita
517 4283 801 4339 Hebrais?

239 4379 327 4431 14.
383 4379 447 4433 In
501 4377 609 4432 hac
662 4377 859 4433 umbra
913 4380 1305 4452 requiescebat
1348 4383 1576 4437 Patrum
1631 4384 1794 4451 fides,

1905 3160 2189 3229 obdulcat,
2223 3161 2593 3231 resplendens
2629 3160 2881 3216 veritatis
2912 3175 3165 3227 corusco,
3195 3165 3257 3215 et”
3278 3161 3530 3215 mulcens

1902 3258 2180 3327 tanquam
2230 3255 2356 3310 favo
2402 3254 2669 3326 quodam,
2712 3254 2793 3309 ita
2846 3253 3199 3310 diversarum
3253 3253 3528 3309 virtutum

1903 3349 2203 3418 suavitate,
2224 3351 2280 3402 et
2300 3365 2565 3404 sermone
2586 3347 2898 3420 sapientia.
2926 3370 2952 3398 ‹‹
2975 3348 3103 3402 Favi
3127 3347 3323 3420 (enim)
3348 3348 3532 3404 mellis

1901 3459 2193 3498 sermones
2223 3448 2357 3497 sunt
2380 3442 2539 3511 boni,
2571 3465 2598 3492 ››
2629 3441 2774 3496 sicut
2799 3441 3074 3514 scriptum
3106 3445 3192 3496 est
3221 3443 3279 3496 in
3307 3443 3531 3497 Prover-

1900 3536 2008 3591 biis
2035 3539 2238 3607 (Prov.,
2269 3553 2374 3604 va,
2403 3537 2515 3605 24).
2549 3537 2698 3607 Ergo
2723 3535 2823 3590 ubi
2849 3537 3095 3606 gustavit
3119 3536 3368 3590 fructum
3395 3553 3526 3591 sua-

1900 3629 2105 3700 vitatis,
2135 3629 2444 3702 impatiens
2473 3630 2547 3684 ad
2572 3629 2910 3701 perfectiora
2935 3629 3187 3697 festinat,
3217 3629 3410 3686 dicens
3441 3647 3452 3682 :

1977 3729 2060 3779 l7.
2111 3725 2287 3795 (Vers.
2335 3723 2474 3792 4-7.)
2525 3723 2636 3793 (45)
2684 3724 3022 3779 Introducite
3068 3739 3149 3778 me
3199 3726 3258 3777 in
3311 3725 3528 3779 domum

1898 3821 2033 3881 uini,
2066 3820 2372 3874 constituite
2413 3820 2472 3872 in
2510 3833 2592 3872 me
2633 3818 2990 3879 dilectionem,
3025 3819 3334 3885 conﬁrmate
3363 3833 3444 3873 me
3471 3820 3526 3871 in

1901 3915 2207 3981 unguentis,
2240 3914 2439 3983 stipate
2463 3928 2544 3966 me
2571 3914 2630 3966 in
2662 3912 2820 3966 malis
2840 3930 2857 3965 :
2889 3914 3020 3981 quia
3045 3912 3342 3966 vulnerata
3361 3912 3524 3966 dilec-

1903 4009 2063 4061 tionis
2087 4022 2178 4074 ego
2205 4023 2342 4063 sum.
2377 4008 2533 4062 Lava
2575 4006 2688 4075 ejus
2715 4006 2808 4060 sub
2853 4007 3026 4076 capite
3054 4021 3187 4069 meo,
3216 4011 3269 4060 et
3305 4006 3528 4060 dextera

1900 4102 2013 4170 ejus
2042 4101 2417 4171 complectetur
2453 4116 2553 4155 me.
2596 4099 2869 4170 Adjuravi
2905 4115 3012 4165 vos,
3046 4101 3174 4168 ﬁlia
3208 4101 3524 4163 Jerusalem,

1898 4198 1956 4248 in
1988 4195 2284 4249 virtutibus
2328 4201 2379 4248 et
2415 4193 2837 4261 fortitudinibus
2876 4196 3017 4261 agri,
3057 4195 3106 4248 si
3139 4196 3528 4248 suscitaveritis

1899 4294 1950 4343 et
2009 4290 2452 4344 resuscitaveritis
2515 4288 2882 4349 dilectionem,
2946 4303 3217 4357 usquequo
3273 4289 3526 4342 voluerit.

1898 4383 2094 4438 Merito
2139 4382 2343 4454 quarit
2387 4398 2542 4449 eum,
2597 4382 2803 4436 merito
2847 4381 3152 4449 desiderat,
3199 4380 3334 4451 quia
3382 4380 3526 4435 bene

163 4470 580 4543 prophetarum
612 4476 802 4526 sancta
830 4471 1078 4528 devotio.
1113 4473 1209 4528 Dic
1238 4491 1399 4547 ergo,
1427 4478 1798 4549 congregatio
1818 4470 1878 4542 D
1901 4477 2092 4532 omnia
2123 4477 2182 4530 in
2209 4476 2315 4530 hoc
2343 4491 2509 4529 cursu
2537 4479 2706 4545 atque
2735 4474 2942 4529 itinere
2970 4473 3249 4545 disposuit
3275 4473 3521 4546 impera-

163 4565 433 4637 religiosa
461 4565 544 4620 vel
573 4569 764 4621 sancta
801 4566 992 4622 anima
1023 4585 1036 4622 ε
1065 4571 1129 4624 In
1153 4569 1344 4624 umbra
1370 4570 1482 4639 ejus
1515 4574 1800 4642 concupiui

163 4664 210 4715 et
241 4658 385 4715 sedi.
418 4658 627 4713 Umbra
661 4662 746 4714 est
763 4659 1037 4731 jubilaus
1067 4677 1290 4729 annus;
1332 4663 1459 4735 quis
1488 4663 1646 4719 enim
1676 4666 1798 4737 ejus

164 4753 405 4824 mystica
449 4751 619 4823 videt,
656 4757 720 4808 ut
768 4753 913 4809 facie
951 4755 1023 4809 ad
1065 4755 1268 4810 faciem
1313 4763 1622 4828 cognoscat
1671 4775 1797 4830 qua

162 4863 318 4902 anno
372 4847 838 4919 quingentesimo
895 4849 1235 4921 complenda
1288 4851 1418 4923 lege
1470 4853 1798 4925 prascripta

163 4941 336 4996 sunt?
378 4939 596 4995 Umbra
641 4944 776 4996 sunt
819 4942 942 4998 dies
985 4943 1112 4997 festi
1160 4945 1476 4999 secundum
1522 4945 1714 5017 legem
1765 4963 1799 5000 a

163 5034 350 5105 primo
376 5050 574 5089 mense
601 5033 820 5090 decima
847 5035 942 5091 die
965 5037 1194 5102 mensis,
1220 5054 1398 5110 usque
1427 5038 1499 5092 ad
1529 5043 1797 5110 quartam

164 5128 472 5195 decimam,
529 5133 586 5182 et
639 5128 770 5185 inde
821 5146 999 5202 usque
1049 5130 1122 5186 ad
1178 5131 1502 5187 vicesimam
1554 5133 1798 5204 primam

164 5222 399 5277 mensis.
427 5223 564 5287 Qua
595 5223 792 5278 umbra
814 5229 899 5280 est
924 5223 1222 5280 celebritas
1249 5225 1346 5280 illa
1376 5227 1524 5282 inter
1545 5227 1797 5298 primum

166 5319 220 5369 et
264 5317 576 5388 septimum
620 5333 876 5372 mensem
920 5319 979 5373 in
1025 5324 1288 5390 tempore
1328 5320 1422 5374 illo
1463 5323 1795 5392 anonymo?

166 5409 380 5465 Umbra
409 5415 495 5465 est
536 5410 886 5467 sanctificata
922 5411 1156 5468 libertas
1191 5413 1250 5467 in
1289 5413 1555 5469 Sabbato.
1589 5415 1796 5470 Umbra

169 5507 247 5558 est
269 5503 392 5560 dies
417 5504 595 5560 festus
622 5505 846 5576 septimi
878 5506 1094 5562 mensis
1116 5507 1460 5577 neomenia,
1491 5512 1548 5563 et
1579 5525 1792 5565 memo-

171 5598 302 5653 riale
335 5599 627 5666 tubarum,
669 5599 893 5670 septimi
935 5601 1150 5656 mensis
1193 5601 1314 5656 dies
1360 5601 1634 5668 decimus,
1675 5603 1797 5658 dies

238 5785 333 5847 tu)
357 5785 603 5851 Epistola
631 5787 700 5836 ad
729 5789 1001 5846 Irenaum,
1037 5787 1090 5839 in
1126 5802 1244 5854 cap.
1282 5802 1379 5840 xvr
1410 5786 1603 5839 Exodi.

1900 4577 1990 4626 tor
2015 4573 2225 4624 noster.
2263 4569 2518 4624 Primum
2561 4568 2821 4623 omnium
2864 4567 2998 4622 tidei
3039 4567 3417 4623 fundamento
3447 4572 3527 4622 ta-

1897 4664 2272 4720 bernaculum
2313 4663 2423 4717 hoc
2463 4660 2925 4716 conﬁrmandum
2962 4662 3201 4733 putavit.
3232 4661 3449 4717 Deinde
3480 4663 3526 4715 si

1900 4774 2014 4828 qua
2041 4761 2125 4812 est
2148 4755 2313 4811 nobis
2341 4772 2542 4827 aspera
2571 4761 2742 4827 atque
2769 4755 2932 4810 arida
2961 4761 3017 4810 et
3046 4759 3337 4827 prarupta
3370 4772 3528 4810 man-

1899 4851 2002 4920 sio,
2033 4852 2348 4922 imperator
2386 4854 2582 4904 tamen
2621 4849 2726 4903 iste
2771 4848 2998 4904 turbata
3035 4849 3325 4916 discernit,
3364 4848 3526 4903 arida

1900 4944 2121 5016 irrigat,
2157 4943 2387 4998 deserta
2425 4943 2712 4998 fecundat.
2754 4943 2814 4998 Si
2855 4942 2995 5015 quid
3035 4941 3450 5009 amaritudinis,
3482 4942 3522 4994 si

1898 5038 2034 5110 quid
2086 5037 2440 5102 tentationis,
2489 5037 2534 5090 si
2585 5036 2722 5108 quid
2773 5036 3123 5091 inﬁrmitatis
3169 5041 3275 5101 est,
3325 5036 3528 5090 ductor

1898 5135 2090 5188 noster
2115 5138 2172 5186 et
2195 5147 2387 5186 amara
2417 5133 2703 5202 temperat
2732 5134 2788 5185 et
2827 5129 3064 5185 sollicita
3103 5129 3350 5200 mitigat,
3385 5128 3525 5183 dura

1898 5225 2148 5281 dissolvit
2181 5229 2238 5279 ot
2266 5225 2516 5280 invalida
2545 5225 2865 5279 conﬁrmat.

1973 5322 2058 5374 18.
2089 5319 2275 5376 Sicubi
2316 5319 2436 5372 vult
2478 5319 2833 5390 requiescere
2871 5334 2968 5372 rex
3008 5321 3177 5371 terra
3216 5317 3525 5372 exercitum

1898 5431 2086 5481 suum,
2117 5431 2229 5468 non
2255 5413 2572 5484 ignobilem
2598 5412 2809 5481 vicum,
2841 5428 2957 5466 non
2987 5411 3406 5466 commeatibus
3432 5412 3523 5464 in-

1898 5508 2212 5580 digentem,
2261 5524 2374 5563 non
2421 5523 2656 5561 arenosa
2701 5511 2758 5559 et
2811 5505 2966 5560 nuda
3016 5505 3382 5577 gignentem;
3434 5506 3527 5560 sed

1895 5603 2097 5657 urbem
2122 5601 2372 5656 adiﬁciis
2395 5600 2667 5665 nobilem,
2691 5599 2967 5655 refectam
2993 5604 3053 5654 et
3080 5599 3314 5655 uberem
3344 5598 3530 5669 copia~

1964 5788 2059 5850 (45)
2092 5787 2152 5838 In
2183 5789 2318 5853 psal.
2350 5799 2549 5851 cxvm,
2578 5799 2741 5841 serm.
2777 5788 2826 5850 5,
2860 5800 3010 5838 num.
3042 5786 3102 5838 13
3129 5800 3248 5851 seq.
