3936 6158
156 291 260 344 1973

1095 277 1136 336 E
1176 277 1476 335 scrupus
1517 281 1570 333 s.
1612 243 1929 336 Asianos"
1971 279 2374 336 COLLECTUS.

3297 282 3430 336 1974

145 405 284 462 sentis
315 405 360 456 et
396 398 568 453 futura
612 399 873 468 tempora
909 396 1423 468 comprehendunt,
1457 403 1518 451 ut
1556 397 1696 452 lava
1719 396 2064 482 Aborridus
2111 398 2282 464 silvis,
2331 402 2432 453 aut
2481 399 2849 470 confragosus
2896 399 3271 468 tonantibus,
3327 402 3432 455 aut

142 494 444 570 praesentium
482 490 918 560 remuneratrix,
959 490 1193 546 dextera
1239 491 1560 546 futurorum
1597 491 1688 544 sit.

191 593 259 646 24.
283 591 551 643 Possumus
574 585 677 639 hoc
717 584 890 640 etiam
928 584 996 640 de
1041 585 1342 656 prophetia
1368 584 1551 640 sancti
1591 601 1687 654 pa-

135 683 349 742 triarcha
391 679 543 734 lsrael
597 694 971 750 cognoscere;
1024 695 1158 734 nam
1209 695 1338 733 cum
1397 678 1692 733 dexteram

133 793 257 834 suam
298 774 546 847 posuisset
589 788 762 844 super
811 773 1101 843 Ephram,
1158 773 1450 828 sinistram
1498 775 1689 827 autem

132 886 267 942 super
299 869 584 933 Manassen,
631 871 688 920 et
732 872 1056 922 convertere
1106 882 1204 922 eas
1255 867 1462 938 Ioseph
1510 866 1690 920 atatis

129 962 509 1021 consideratione
550 959 834 1028 voluisset,
869 965 931 1016 ut
969 961 1268 1016 dexteram
1315 961 1492 1031 patris
1518 977 1690 1032 super

129 1061 256 1128 caput
290 1056 517 1111 Manasse
563 1055 802 1110 senioris
853 1054 958 1109 ﬁlii
1008 1055 1337 1123 collocaret,
1383 1054 1588 1122 noluit,
1634 1057 1691 1108 et

125 1151 233 1206 dixit
270 1165 283 1204 ε
322 1147 509 1216 «Scio,
541 1148 642 1217 ﬁli,
685 1153 743 1202 et
788 1148 881 1203 hic
917 1148 1028 1204 erit
1068 1149 1127 1201 in
1177 1147 1471 1218 populum,
1507 1150 1562 1201 et
1600 1147 1689 1200 hic

124 1242 438 1311 exaltabitur;
465 1241 564 1296 sed
605 1242 781 1296 frater
810 1241 1008 1313 jnnior
1035 1242 1220 1313 major
1245 1241 1352 1296 erit
1379 1241 1474 1296 illo
1508 1242 1686 1311 (Gen,

119 1352 262 1402 xmn,
296 1335 391 1402 l9).
421 1355 448 1385 »
479 1336 538 1389 In
566 1351 680 1406 quo
704 1334 930 1406 major?
958 1335 1016 1389 in
1051 1351 1117 1390 eo
1147 1335 1340 1407 utique
1362 1335 1497 1406 quia
1521 1334 1690 1390 bene-

119 1431 316 1486 dictione
341 1430 594 1500 pralatus
621 1435 725 1497 est,
756 1429 1073 1485 dicentibus
1099 1429 1347 1500 posteris
1376 1429 1644 1500 Ephram
1673 1447 1684 1482 :

117 1522 315 1578 «Faciat
337 1538 426 1577 vos
461 1524 606 1578 Deus
644 1523 790 1577 sicut
828 1523 962 1578 fecit
992 1523 1258 1594 Ephram
1299 1529 1356 1577 et
1399 1524 1687 1578 Manassen

113 1617 256 1687 (lbid.,
295 1619 457 1685 20),»
495 1615 581 1671 vel
619 1617 753 1688 quia
789 1632 989 1670 semen
1031 1617 1152 1687 ejus
1196 1616 1508 1672 multitudo
1553 1632 1687 1688 gen-

1793 490 2014 546 inntilis
2055 491 2278 558 vitibus,
2319 495 2418 546 aut
2459 493 2770 548 infecunda
2812 493 3002 564 glarea
3045 507 3300 561 saxosus,
3330 497 3428 548 aut

1790 583 2034 650 hiulcus,
2066 590 2124 640 et
2163 586 2352 640 aridus
2385 587 2656 653 siccitate,
2683 590 2783 641 aut
2811 586 3093 657 sanguine
3131 586 3424 653 madidus,

1791 683 1893 733 aut
1919 679 2177 733 sentibus
2201 679 2449 735 incultus
2476 685 2533 734 et
2558 680 2752 751 spinis,
2786 680 2884 735 sed
2924 681 3021 734 ille
3048 694 3187 751 ager
3215 680 3287 734 de
3315 696 3426 752 quo

1793 771 2065 827 Dominus
2099 773 2180 827 ait
2217 791 2228 827 :
2267 795 2292 821 ‹‹
2325 775 2392 828 Et
2431 775 2645 844 species
2692 773 2814 844 agri
2864 789 3094 827 mecum
3140 777 3226 827 est
3259 774 3427 842 (Psal.

1792 882 1934 935 xLix,
1981 868 2084 936 Η).
2132 890 2156 915 ››
2208 869 2269 921 In
2326 867 2434 922 hoc
2481 884 2622 937 agro
2669 884 2776 921 uva
2818 867 2918 921 illa
2965 867 3250 938 reperitur
3298 882 3427 938 qua

1792 975 2065 1031 expressa
2108 960 2448 1031 sanguinem
2489 960 2658 1030 fudit,
2700 966 2754 1014 et
2802 961 3080 1015 mundum
3125 959 3330 1014 diluit:
3372 960 3430 1014 in

1790 1054 1900 1108 hoc
1929 1070 2068 1124 agro
2099 1058 2184 1108 est
2221 1054 2359 1108 ﬁcus
2405 1055 2495 1109 illa
2538 1054 2641 1108 sub
2674 1071 2784 1125 qua
2827 1055 3008 1109 sancti
3039 1054 3425 1125 requiescant,

1792 1147 2064 1218 spiritalis
2092 1147 2292 1217 gratia
2319 1148 2593 1202 suavitate
2627 1148 2868 1202 recreati
2903 1165 2915 1201 :
2948 1149 3007 1202 in
3039 1149 3144 1202 hoc
3175 1163 3317 1218 agro
3345 1155 3426 1202 est

1791 1239 1936 1294 oliva
1964 1241 2055 1295 illa
2083 1242 2394 1308 fructifera,
2431 1242 2732 1296 dominica
2764 1243 2948 1296 ﬂuens
2979 1241 3134 1313 pacis
3158 1259 3422 1313 unguen-

1790 1340 1910 1390 tum
1941 1354 1953 1389 :
1993 1337 2048 1389 in
2092 1335 2198 1389 hoc
2226 1352 2365 1406 agro
2395 1337 2602 1390 ﬂorent
2642 1337 3057 1406 malogranata,
3090 1353 3216 1406 qua
3246 1337 3423 1407 pluri-

1789 1445 1911 1484 mos
1945 1429 2159 1484 fructus
2185 1446 2297 1483 uno
2328 1429 2463 1483 ﬁdei
2490 1430 2810 1483 munimine
2840 1433 3060 1499 tegunt,
3087 1433 3142 1484 et
3170 1429 3424 1500 quodam

1791 1523 1988 1578 fovent
2017 1523 2310 1577 charitatis
2337 1523 2620 1594 amplexu.

1864 1619 1948 1670 28.
1982 1618 2090 1687 (52)
2128 1616 2274 1680 Quia
2305 1617 2484 1686 igitur
2521 1616 2802 1687 sapientia
2841 1623 2896 1672 et
2926 1618 3167 1671 honesta
3206 1617 3426 1672 claritas

110 1709 236 1778 tium,
264 1725 379 1781 qua
418 1709 475 1764 in
519 1710 626 1764 hoc
658 1709 864 1764 saculo
910 1710 1167 1765 laborem
1213 1711 1406 1781 elegit,
1451 1711 1745 1782 credens_
1793 1712 1868 1764 ita
1905 1711 2156 1780 perfecta
2195 1717 2344 1779 sunt,
2377 1711 2421 1764 si
2460 1711 2712 1765 habeant
2751 1710 3082 1766 charitatem
3109 1709 3426 1782 (plenitudo

107 1803 150 1857 in
172 1779 441 1859 Dominum
469 1805 685 1872 Jesum,
709 1807 773 1858 ut
801 1803 1260 1859 consolationem
1290 1779 1496 1858 habeat
1525 1804 1682 1859 futu-
1708 1779 1763 1851 B
1789 1779 1942 1858 enim
1979 1805 2120 1876 legis
2162 1804 2359 1874 (Rom,
2395 1821 2504 1871 xm,
2542 1803 2628 1873 lO)
2656 1809 2741 1858 est
2771 1803 3054 1874 Charitas),
3086 1779 3346 1860 suscitari
3372 1810 3428 1859 et

105 1912 276 1951 rerum.
312 1897 553 1952 Manasse
586 1903 781 1953 autem
815 1914 1013 1952 semen
1057 1901 1142 1952 est
1178 1899 1424 1969 pOpulus
1455 1898 1685 1952 oblivio-

103 1989 182 2055 nis,
215 1990 299 2062 qui
345 1991 642 2063 proprium
682 1991 890 2046 oblitus
938 1997 1254 2059 auctorem,
1295 1992 1570 2047 exaltatus
1614 1992 1683 2047 ad

103 2086 284 2155 tempus
305 2085 360 2138 in
398 2085 501 2140 hoc
527 2087 738 2141 saculo
767 2089 873 2155 est,
908 2086 1146 2141 daturus
1176 2085 1233 2140 in
1263 2087 1546 2158 reliquum
1574 2103 1685 2158 poe-

99 2194 176 2232 nas
189 2194 388 2249 graves,
405 2180 540 2251 quia
560 2181 737 2234 Deum
762 2196 931 2234 suum
953 2184 1010 2235 et
1032 2180 1337 2234 Dominum
1355 2180 1678 2251 denegavit.

147 2274 220 2326 25.
245 2273 349 2326 Hoc
385 2290 451 2328 eo
492 2273 763 2342 diximus,
796 2279 856 2328 ut
896 2274 1270 2345 probaremus
1314 2290 1380 2328 ea
1419 2290 1539 2329 esse
1576 2291 1680 2345 po-

95 2365 207 2418 tiora
231 2381 348 2436 qua
383 2367 586 2423 futura
611 2373 762 2422 sunt.
799 2367 1052 2440 Denique
1091 2369 1232 2422 lava
1263 2367 1554 2438 sapientia
1579 2368 1682 2422 sub

95 2474 271 2527 sponsa
319 2462 505 2532 capite
559 2464 663 2530 est,
711 2462 943 2516 dextera
987 2466 1184 2516 autem
1229 2463 1506 2533 superior,
1555 2478 1682 2532 qua

91 2555 234 2606 totam
257 2555 655 2625 complectitur
680 2572 973 2626 sponsam.
1017 2558 1207 2627 Itaque
1249 2556 1345 2610 illa
1383 2555 1545 2626 quasi
1571 2556 1677 2609 ful-

90 2659 215 2698 crum
249 2651 328 2701 est
360 2648 576 2719 quietis
618 2649 934 2720 praesentis,
977 2664 1090 2719 quo
1121 2648 1314 2702 anima
1354 2648 1550 2703 innixa
1591 2663 1676 2702 re-

87 2737 296 2807 quiescit.
326 2741 501 2796 Habet
558 2742 652 2796 ubi
692 2742 930 2797 reclinet
963 2747 1136 2812 caput
1163 2759 1354 2809 suum,
1384 2743 1514 2812 quia
1545 2743 1680 2796 lava

87 2831 336 2900 sapientia
389 2835 608 2890 divitia
654 2839 788 2890 sunt
830 2839 886 2890 et
944 2836 1146 2906 gloria.
1201 2837 1304 2890 Per
1351 2835 1407 2890 id
1455 2839 1680 2906 tempus

82 2922 175 2979 hac
205 2928 471 2997 mulcent,
523 2933 587 2984 et
632 2945 698 2983 ex
744 2932 903 3000 parte
945 2929 1143 2984 solatio
1189 2934 1339 2996 sunt,
1391 2933 1448 2984 et
1489 2929 1616 2983 ideo
1663 2947 1675 2983 :

87 3038 103 3061 εί
134 3018 280 3074 Filius
321 3021 581 3077 hominis
625 3039 740 3077 non
785 3023 1024 3079 habebat
1077 3022 1170 3077 ubi
1210 3026 1380 3093 σειραὶ
1422 3021 1678 3095 1564

78 3126 207 3167 suum
232 3115 536 3171 reclinaret
571 3117 806 3185 (Matth.,
848 3133 960 3182 νιιι,
993 3117 1102 3184 20),
1140 3138 1166 3165 ››
1200 3147 1266 3156 -
1297 3137 1323 3165 ‹‹
1352 3116 1505 3187 quia,
1548 3132 1677 3171 cum
1699 3148 1754 3222 Ο

79 3203 201 3258 dives
241 3212 406 3277 esset,
460 3226 687 3281 pauper
726 3209 904 3264 factus
949 3214 1034 3264 est
1076 3211 1139 3278 (ll
1183 3209 1329 3271 Cora,
1369 3227 1483 3278 νιιι,
1530 3211 1604 3281 9).
1647 3233 1673 3258 ››

74 3297 158 3353 Nec
179 3301 411 3371 gloriam
439 3304 697 3375 aliquam
735 3304 898 3358 istius
935 3303 1123 3358 saculi
1167 3304 1514 3376 requirebat,
1546 3305 1678 3376 quia

75 3399 268 3449 venerat
307 3413 421 3452 non
464 3401 534 3452 ut
577 3397 640 3452 in
684 3397 963 3468 portione,
1010 3397 1111 3451 sed
1153 3401 1214 3452 ut
1258 3397 1524 3453 universo
1565 3398 1674 3452 hu-

74 3501 208 3543 mano
247 3491 447 3559 generi
492 3491 846 3556 subveniret,
889 3491 1086 3545 dicens
1120 3507 1132 3545 :
1181 3491 1371 3546 «Mihi
1411 3492 1674 3564 indigna-

75 3580 181 3634 mini
214 3583 347 3653 quia
379 3588 576 3640 totum
617 3584 913 3640 hominem
955 3601 1156 3639 sanum
1199 3585 1308 3640 feci
1347 3585 1405 3640 in
1435 3585 1676 3641 Sabbato

70 3671 226 3736 »'Joan.,
251 3693 339 3745 vn,
375 3682 492 3748 23),
531 3699 562 3726 »
594 3677 700 3733 hoc
735 3681 822 3732 est
851 3682 1054 3746 totum,
1087 3695 1200 3733 non
1244 3681 1307 3732 ut
1335 3679 1674 3736 facultatum

71 3767 323 3826 collatione
355 3772 601 3840 ditaret,
636 3789 748 3826 non
782 3774 843 3826 ut
873 3773 1159 3828 honorum
1191 3772 1529 3844 insignibus,
1560 3790 1674 3828 non

70 3861 112 3911 ut
131 3860 314 3931 gloria
336 3866 637 3921 sacularis
662 3866 983 3921 cumularet
1010 3870 1342 3937 augmento,
1375 3867 1498 3922 hac
1520 3867 1672 3922 enim

67 3967 151 4006 non
186 3957 398 4014 habent
441 3959 824 4014 beatitudinis
869 3966 924 4015 et
969 3959 1168 4031 gratia
1208 3960 1622 4031 plenitudinem
1657 3979 1669 4015 :

65 4046 139 4100 sed
166 4054 358 4118 totum,
395 4053 509 4107 hoc
552 4058 656 4120 est,
700 4053 856 4124 quod
897 4052 1322 4125 longitudinem
1360 4054 1489 4109 vita
1517 4071 1670 4109 com-

63 4138 369 4205 Plecteretur
415 4149 678 4201 aterna.
726 4147 917 4218 Neque
967 4146 1121 4201 enim
1174 4147 1498 4202 communis
1545 4148 1673 4202 vita

60 4232 232 4290 similis
256 4239 371 4294 vita
400 4239 467 4294 in
513 4240 750 4295 dextera
787 4244 874 4294 est
901 4239 1218 4312 sapientia,
1247 4241 1348 4295 sed
1375 4241 1673 4312 longitudo

59 4327 157 4381 Vitae
181 4336 278 4399 est,
310 4339 375 4388 ut
404 4333 512 4405 qui
557 4334 764 4405 accipit
803 4333 979 4388 vitam
1025 4351 1058 4388 a
1095 4334 1392 4406 sapientia,
1423 4351 1539 4390 non
1568 4334 1675 4389 exi-

58 4421 303 4490 guitatem
333 4427 497 4495 vita,
527 4427 627 4483 sed
649 4428 1090 4500 perpetuitatem
1119 4431 1173 4483 et
1201 4429 1532 4484 aeternitatis
1559 4429 1674 4484 lon-

59 4515 342 4580 FllUdinem
375 4522 752 4594 adipiscatur.

105 4613 180 4665 26.
227 4615 421 4670 Bonus
468 4617 716 4671 amictus
761 4617 1052 4672 aternitas
1099 4616 1248 4671 vita.
1306 4617 1417 4687 (50)
1472 4619 1669 4689 Itaque

51 4717 224 4771 sponsa
251 4710 555 4765 malorum
587 4715 988 4781 granatorum,
1029 4711 1139 4765 hoc
1175 4714 1280 4781 est,
1313 4711 1668 4766 diversorum

50 4799 92 4848 et
113 4797 624 4859 innumerabilium
650 4805 958 4872 fructuum,
983 4807 1041 4859 et
1061 4804 1347 4876 praecipue
1374 4804 1508 4860 fidei
1534 4805 1669 4860 odo—

47 4890 191 4960 ribus,
223 4897 458 4966 gratia,
499 4898 796 4970 sapientia
827 4901 886 4953 et
913 4899 1128 4969 gloria,
1161 4899 1405 4970 vitaque
1435 4902 1667 4954 aeterna

49 4984 257 5043 subnixa
284 4991 516 5046 divitiis
542 5008 671 5064 qua
712 4997 845 5047 sunt
882 4993 1028 5047 circa
1069 4991 1356 5047 sinistram
1385 4998 1440 5047 et
1469 4993 1664 5048 dexte-

47 5093 141 5133 ram
162 5086 375 5154 sponsi,
410 5103 525 5158 per
550 5087 774 5142 animas
801 5089 1022 5142 sanctas
1047 5086 1404 5141 laudantium
1433 5103 1670 5158 congre-

48 5175 315 5238 gationum
344 5179 655 5252 plausibus
683 5180 892 5234 excitat
919 5180 1226 5247 Christum,
1254 5180 1450 5234 dicens
1483 5197 1495 5235 :

97 5271 174 5322 27.
222 5276 333 5344 (51)
381 5274 676 5342 Adjuravi
710 5289 821 5338 vos,
864 5275 992 5343 ﬁlia
1028 5275 1341 5337 Jerusalem,
1382 5278 1442 5330 in
1486 5277 1664 5331 virtu-

47 5361 163 5416 tibus
187 5371 236 5418 et
263 5368 702 5432 fortitudinibus
729 5371 872 5438 agri,
899 5372 948 5423 si
967 5371 1380 5432 suscitaveritis,
1409 5377 1460 5424 et
1491 5386 1663 5426 resus-

41 5457 313 5516 citaceritis
358 5462 714 5516 dilectionem
757 5478 1031 5532 usquequo
1075 5463 1330 5517 voluerit.
1372 5466 1526 5535 Ager
1571 5465 1666 5519 ille

43 5561 189 5614 quem
235 5553 550 5610 benedixit
598 5556 884 5623 Dominus,
937 5572 1054 5610 non
1107 5556 1211 5611 iste
1263 5560 1519 5612 terrenus
1569 5565 1664 5612 aut

95 5691 178 5747 ‘50)
209 5695 267 5742 tn
295 5696 446 5758 psal.
481 5707 679 5756 cxvui,
705 5710 868 5748 serm.
903 5672 980 5758 l9,
1009 5711 1162 5748 num.
1193 5696 1276 5748 26.

88 5760 172 5833 (ξι)
199 5763 321 5815 Lib.
352 5779 391 5817 η
425 5767 499 5816 de
522 5767 678 5819 Iacob
714 5773 759 5818 at
782 5769 895 5818 vita
918 5768 1092 5828 beata,
1119 5781 1238 5833 cap.
1270 5771 1314 5830 t,
1342 5783 1493 5821 num.
1521 5771 1570 5819 3.

93 5831 175 5891 51)
207 5835 270 5886 In
302 5839 454 5902 psal.
475 5849 680 5916 ὀινιιι,
711 5853 872 5892 serm.
899 5841 948 5901 5,
970 5854 1124 5893 num.
1155 5831 1234 5891 29.

1786 1898 2111 1952 resuscitari
2137 1898 2259 1951 vult
2291 1898 2650 1963 charitatem,
2690 1898 2945 1952 suscitari
2976 1898 3034 1952 in
3072 1898 3259 1953 Veteri
3287 1899 3421 1953 Tes-

1786 1995 2067 2058 tamento,
2116 1991 2440 2046 resuscitari
2485 1992 2543 2045 in
2592 1992 2770 2046 Novo.
2821 1990 3079 2047 Charitas
3124 1993 3266 2047 Deus
3315 2000 3420 2059 est,

1786 2091 1848 2140 ut
1885 2086 2147 2157 legimus,
2194 2086 2442 2140 Charitas
2489 2085 2745 2141 Christus
2794 2091 2878 2140 est
2915 2084 2952 2156 (Ι
2995 2088 3182 2149 Ιοαη..
3232 2103 3305 2153 iv,
3345 2087 3420 2156 8).

1785 2180 2097 2235 Suscitatur
2121 2201 2146 2227 (ι
2177 2185 2446 2250 tanquam
2478 2178 2587 2245 leo,
2611 2184 2669 2233 et
2687 2179 2905 2235 catulus
2929 2180 3146 2247 leonis;
3179 2184 3242 2234 ut
3261 2181 3420 2236 Juda

1784 2274 2051 2329 ascendat
2083 2290 2146 2326 ex
2187 2274 2444 2343 germine
2473 2275 2650 2340 (Gen.,
2695 2290 2838 2340 XLIX,
2868 2275 2949 2344 9);
2983 2294 3010 2325 ι)
3050 2275 3420 2330 resuscitator

1786 2374 1845 2421 ut
1896 2367 2205 2434 dormiens,
2252 2371 2313 2420 ut
2358 2365 2730 2432 recumbens;
2781 2367 2916 2438 quia
2975 2383 3090 2422 non
3141 2368 3416 2435 humana,

1782 2461 1879 2516 sed
1920 2478 2019 2515 sua
2059 2468 2114 2515 et
2159 2461 2335 2514 Patris
2377 2460 2672 2529 majestate
2707 2461 3012 2515 suscitatus
3055 2465 3141 2516 est
3183 2479 3217 2515 a
3257 2478 3414 2516 mor-

1783 2554 1913 2608 tuis.
1967 2555 2123 2608 Unde
2170 2554 2249 2609 ait
2291 2554 2581 2624 Scriptura
2622 2572 2634 2607 :
2686 2575 2714 2603 ί(
2741 2553 2875 2618 Quis
2914 2553 3205 2609 suscitabit
3253 2555 3414 2610 illum

1782 2649 2008 2718 (lbid.)?
2037 2669 2060 2694 η
2091 2649 2213 2702 Non
2245 2649 2400 2703 enim
2441 2650 2666 2717 poterat
2704 2648 2874 2702 illum
2914 2653 3012 2703 aut
3046 2649 3286 2719 angelus
3318 2654 3418 2703 aut

1780 2748 2028 2813 potestas
2054 2742 2323 2796 suscitare
2361 2741 2572 2806 aliena,
2603 2757 2734 2796 cum
2775 2741 2894 2813 ipse
2925 2742 3067 2796 alios
3098 2742 3412 2798 suscitaret.

1781 2838 1930 2907 Ergo
1961 2851 2091 2890 cum
2120 2835 2212 2890 hic
2243 2835 2380 2890 dicit
2407 2853 2419 2890 :
2451 2837 2512 2892 Si
2539 2838 2932 2891 suscitaveritis
2968 2841 3020 2890 et
3053 2839 3411 2892 resuscituve-

1780 2933 1904 2986 ritis
1929 2931 2289 2992 dilectionem,
2323 2945 2596 2999 usquequo
2627 2930 2892 2996 voluerit;
2937 2929 3006 2984 de
3034 2929 3101 2984 iis
3127 2929 3282 3000 dicit,
3314 2931 3412 3002 qui

1781 3024 2252 3080 resurrectionem
2277 3023 2399 3094 ejus
2436 3039 2691 3093 congrue
2718 3027 2956 3095 possunt
2982 3023 3312 3093 pradicare,
3346 3027 3411 3078 ut-

1781 3117 2140 3173 audientibus
2173 3117 2437 3172 ardorem
2474 3117 2607 3171 fidei
2633 3120 2690 3172 et
2718 3117 3036 3172 devotionis
3061 3117 3406 3182 accendant;

1781 3213 1864 3267 vel
1891 3212 2192 3267 suscitatur
2211 3211 2468 3266 Christus
2495 3211 2553 3264 in
2583 3211 2670 3265 his
2699 3211 2800 3283 qui
2827 3211 3084 3282 primum
3113 3211 3406 3278 accedunt,

1777 3307 2145 3362 resuscitatur
2173 3306 2230 3360 in
2262 3304 2350 3359 his
2388 3304 2506 3377 qui,
2542 3308 2845 3377 postquam
2884 3303 3243 3372 accesserint,
3277 3305 3406 3360 dor-

1777 3400 2049 3455 mierunt.
2080 3399 2299 3455 Dormit
2337 3415 2476 3470 ergo
2515 3398 2772 3455 Christus
2813 3399 3251 3470 negligentibus,
3293 3416 3410 3453 sus-

1779 3493 1989 3548 citatur
2018 3493 2076 3548 in
2107 3493 2339 3548 sanctis.

1850 3591 1936 3642 29.
1985 3587 2091 3658 (53)
2141 3588 2290 3641 Hanc
2334 3586 2528 3657 itaque
2567 3572 2898 3640 charitatem
2941 3586 3175 3641 suscitat
3215 3591 3271 3641 et
3311 3603 3404 3642 re—

1777 3681 2026 3748 suscitat,
2063 3681 2241 3735 donec
2270 3695 2466 3734 vocem
2510 3679 2630 3749 ejus
2657 3679 2910 3750 accipiat,
2949 3684 3010 3734 et
3037 3680 3404 3750 prasentiam

1775 3776 1898 3846 ejus
1928 3777 2174 3830 accersat
2210 3790 2222 3828 :
2253 3773 2383 3845 quia
2425 3773 2696 3844 quasitus
2735 3789 2848 3827 non
2886 3773 3066 3827 solum
3100 3774 3274 3841 venit,
3303 3775 3401 3828 sed

1777 3871 1952 3925 etiam
1997 3869 2209 3923 saliens
2251 3868 2426 3923 venit.
2474 3867 2584 3922 Sed
2621 3867 2744 3938 jam
2791 3882 3033 3937 sponsus
3075 3866 3292 3932 aderat,
3342 3873 3408 3921 ut

1773 3964 2045 4034 probaret
2069 3962 2209 4017 illud
2237 3961 2392 4033 quod
2423 3961 2608 4016 adhuc
2633 3959 2998 4032 loquentibus
3027 3959 3188 4015 nobis
3214 3959 3352 4014 dicit
3388 3979 3399 4014 :

1772 4058 2010 4112 Adsum.
2044 4058 2148 4125 (54)
2179 4056 2370 4122 Adest,
2409 4055 2543 4126 quia
2572 4054 2869 4109 suscitatus
2905 4071 2936 4107 a
2975 4053 3194 4108 ﬁliabus
3218 4055 3399 4119 Juda,

1773 4151 1933 4222 quasi
1962 4150 2326 4205 resuscitatus
2353 4166 2386 4203 a
2412 4149 2631 4203 ﬁliabus
2659 4149 2990 4204 Jerusalem.
3020 4148 3194 4203 Audit
3220 4149 3405 4204 Eccle-

1775 4245 1854 4299 sia
1881 4261 2089 4299 sonum
2116 4244 2268 4299 vocis
2299 4244 2423 4316 ejus
2452 4249 2509 4298 et
2535 4243 2670 4298 dicit
2704 4260 2715 4297 :

1845 4341 1931 4394 30.
1963 4339 2135 4410 (Vers.
2179 4339 2257 4408 8.)
2290 4341 2408 4395 νοω
2445 4338 2753 4392 consobrini
2793 4339 2918 4404 mei,
2959 4353 3070 4392 ecce
3111 4338 3194 4391 hic
3238 4339 3400 4393 adne-

1775 4435 1857 4488 nit
1899 4435 2101 4488 saliens
2149 4449 2306 4504 super
2359 4438 2591 4494 montes,
2651 4432 2960 4486 transiliens
3011 4446 3173 4499 super
3219 4432 3399 4486 colles.

1693 4519 2138 4598 DManipularis
2178 4531 2263 4582 est
2303 4526 2395 4581 hic
2437 4526 2599 4590 liber,
2635 4525 2840 4579 multas
2880 4523 3094 4578 habens
3128 4540 3401 4595 personas

1771 4621 2008 4688 nobiles,
2059 4621 2215 4675 velut
2269 4619 2598 4689 manipulus
2648 4617 3030 4689 triumphalis,
3080 4619 3401 4690 multosque

1773 4721 1929 4770 actus
1982 4713 2338 4785 signiﬁcans,
2395 4729 2538 4784 quos
2594 4711 2915 4782 intelligere
2983 4711 3168 4783 magis
3230 4729 3398 4783 quam

1771 4824 2066 4879 expressos
2086 4812 2283 4862 tenere
2309 4822 2624 4878 possumus.
2643 4806 2787 4862 Nam
2815 4805 2975 4878 quasi
2997 4805 3396 4860 advenientem

1771 4918 2045 4974 sponsum
2090 4902 2336 4956 audierit
2375 4917 2505 4955 cum
2547 4900 2830 4972 aliquibus
2868 4901 3085 4971 pariter
3120 4900 3398 4954 viantibus

1769 4996 2208 5067 colloquentem,
2259 4993 2394 5049 dicit
2441 5011 2647 5067 sponsa
2694 5011 2705 5048 :
2765 4996 2884 5049 Vos.-
2925 4993 3232 5048 consobrini
3274 4996 3396 5048 mei.

1768 5091 1914 5145 Dum
1957 5089 2210 5160 loquitur
2249 5105 2380 5144 cum
2416 5088 2635 5144 ﬁliabus
2663 5088 2994 5152 Jerusalem,
3041 5092 3096 5140 et
3138 5092 3301 5156 rogat
3336 5093 3400 5141 ut

1770 5183 2014 5238 excitent
2051 5189 2106 5237 et
2147 5183 2482 5238 resuscitent
2524 5199 2837 5252 sponsum;
2874 5182 3080 5248 subito,
3126 5184 3396 5252 tanquam

1771 5276 1840 5331 de
1881 5277 2191 5349 longinquo
2235 5277 2418 5333 missa
2463 5277 2612 5332 vocis
2653 5293 2856 5332 sonum
2902 5275 3170 5341 sentiens,
3214 5275 3396 5328 dicit:

1775 5375 1894 5427 νοω
1921 5373 2228 5427 consobrini
2261 5375 2382 5436 mei,
2415 5371 2764 5426 annuntians
2806 5369 3058 5424 nuntiari
3086 5368 3188 5422 sibi
3223 5385 3396 5439 quem

1770 5471 1904 5521 ante
1953 5466 2260 5537 quaerebat.
2303 5471 2482 5531 Quem
2531 5465 2796 5536 cupiebat
2836 5464 2907 5518 ab
2953 5464 3074 5516 aliis
3118 5462 3397 5527 suscitari,

1769 5579 1870 5616 sua
1915 5577 2080 5633 prece
2127 5561 2536 5628 resuscitatum,
2585 5576 2618 5614 a
2667 5559 2829 5614 Patre
2873 5557 3067 5612 venire
3107 5557 3225 5628 jam
3271 5573 3396 5611 cre-

1832 5703 1931 5765 (53)
1961 5702 2076 5753 Lib.
2110 5702 2174 5752 de
2201 5704 2371 5761 Isaac,
2400 5715 2518 5764 cap.
2549 5703 2597 5763 4,
2627 5715 2778 5751 num.
2811 5702 2890 5752 3t.

1832 5775 1925 5837 (54)
1960 5775 2020 5824 In
2049 5775 2182 5837 psal.
2214 5785 2370 5832 cxm,
2401 5785 2562 5823 serm.
2593 5773 2643 5834 6,
2675 5786 2827 5824 num.
2859 5772 3006 5822 5—13.
