3936 6158
488 249 617 299 1975

1611 245 1948 306 ΟΟΜΜΕΝΤ.
1991 245 2057 302 ίΝ
2098 243 2385 303 CANTICA
2423 242 2683 313 CANTIC.
2777 293 2816 299 ..

3641 256 3739 310 l976

480 369 640 435 dens,
673 369 804 423 leta
828 369 966 424 dicit
995 387 1010 423 :
1051 371 1168 426 Vos:
1196 371 1503 426 consobrini
1525 374 1648 426 mei.
1681 373 1832 426 Bene
1864 370 2103 438 addidit,
2129 385 2188 454 Α
2209 385 2272 423 ex
2301 369 2535 424 absente
2566 369 2629 423 ﬁt
2672 384 2922 440 praesens
2949 369 3198 424 Verbum
3231 368 3288 423 in
3313 369 3549 425 cordibus
3572 379 3745 433 nostris.

479 463 784 518 consobrini
825 465 964 530 mei;
999 468 1064 519 ut
1102 481 1220 519 non
1267 465 1414 530 aliae,
1459 465 1560 520 sed
1605 465 1944 520 consobrina
1991 465 2109 519 sola

479 555 586 612 sibi
614 557 735 628 ejus
761 557 1075 613 vindicaret
1095 557 1426 614 adventum.

554 649 810 724 1565
841 653 928 706 31.
957 655 1104 717 Ecce,
1149 653 1354 723 inquit,
1383 655 1483 708 iste
1512 655 1758 716 advenit,
1787 654 1971 709 adhuc
2003 671 2110 726 ego

483 755 613 794 eum
644 756 860 810 quaero,
890 744 946 794 et
977 741 1069 796 ille
1099 741 1222 811 jam
1248 741 1401 796 venit
1430 758 1442 794 :
1484 742 1671 797 adhuc
1701 759 1808 813 ego
1839 743 2112 814 suffragia

481 837 643 905 capto
671 838 735 888 ut
758 834 962 903 veniat,
994 839 1051 887 et
1082 835 1177 890 ille
1207 835 1332 906 jam
1361 836 1653 906 proximus
1681 844 1766 892 est
1800 854 1812 891 :
1852 853 1958 909 ego
1985 855 2108 892 sus-

482 929 643 982 citari
686 928 827 982 mihi
866 928 1207 984 charitatem
1245 930 1432 1000 cupio,
1473 946 1582 1001 ego
1622 947 1717 985 me
1754 931 2108 988 vulneratam

484 1022 772 1077 charitatis
807 1025 965 1092 puto,
1004 1029 1060 1077 et
1099 1022 1171 1076 ad
1210 1039 1302 1077 me
1348 1024 1473 1094 plus
1513 1023 1636 1094 ipsa
1677 1025 1922 1080 charitas
1950 1025 2108 1080 festi-

488 1122 588 1170 nat
621 1133 633 1170 :
668 1132 775 1188 ego
803 1116 940 1182 dixi,
969 1115 1126 1185 veni;
1161 1116 1291 1170 salit
1318 1117 1411 1171 ille
1447 1122 1504 1171 et
1538 1119 1802 1185 transilit,
1830 1135 1937 1190 ego
1971 1137 2111 1192 rogo

483 1226 618 1266 eum
672 1210 864 1264 venire
909 1226 1036 1264 cum
1089 1210 1288 1280 gratia,
1334 1211 1438 1266 iste
1484 1213 1796 1283 gratiarum
1845 1220 2114 1284 operatur

487 1309 824 1374 augmenta;
853 1307 910 1358 et
937 1303 1074 1357 dum
1109 1304 1279 1370 venit,
1309 1304 1666 1360 incrementa
1693 1307 1888 1378 gratiae
1918 1324 2110 1363 secum

484 1398 656 1466 vehit,
686 1400 744 1451 et
771 1398 1046 1452 veniendo
1083 1399 1349 1468 acquirit,
1383 1400 1518 1470 quia
1554 1401 1742 1456 studet
1781 1402 1956 1456 etiam
1994 1403 2114 1474 ipse

486 1507 604 1546 sum
630 1492 853 1562 placere
882 1492 1124 1547 dilectae.
1166 1492 1302 1548 Salit
1344 1509 1516 1565 super
1542 1497 1782 1561 excelsa,
1815 1499 1876 1550 ut
1915 1513 2108 1552 ascen-

487 1585 586 1640 dat
615 1585 690 1640 ad
730 1601 1028 1656 sponsam;
1071 1602 1292 1656 sponsae
1335 1587 1486 1642 enim
1533 1588 1818 1644 thalamus
1864 1591 2110 1645 tribunal

487 1686 572 1734 est
595 1679 822 1735 Christi.
855 1679 996 1734 Salit
1023 1695 1196 1750 super
1228 1680 1429 1747 Adam,
1461 1682 1702 1738 transilit
1734 1699 1908 1754 super
1937 1701 2108 1754 syna-

2209 463 2277 517 Et
2304 479 2498 517 rursus
2534 479 2664 518 cum
2701 462 2920 534 aliquid
2953 462 3120 517 nobis
3146 461 3531 520 subobscuram
3552 472 3636 535 est,
3657 475 3746 526 tan-

2214 573 2390 628 quam
2451 557 2786 612 subducitur
2841 557 3123 623 Verbum,
3174 563 3230 611 et
3281 560 3530 628 tanquam
3569 561 3755 620 absentis

2213 651 2523 705 adventum
2549 650 2942 706 desideramus
2979 656 3036 704 et
3063 651 3276 704 iterum
3304 657 3541 722 apparet,
3568 656 3756 712 ostendit

2214 761 2270 800 se
2301 745 2469 800 nobis
2497 752 2772 816 tanquam
2816 760 3066 816 praesens
3093 744 3160 798 sit
3202 743 3366 798 nobis
3394 743 3446 798 in
3481 745 3540 799 iis
3563 763 3668 818 qua
3691 767 3757 804 τε.

2211 839 2493 909 quirimus
2521 831 2950 910 cognoscendis.

2286 935 2373 987 36.
2403 932 2540 987 Salit
2565 948 2704 1003 ergo
2732 933 2789 987 in
2816 931 3264 1003 uniuscujusque
3293 932 3454 986 corde
3477 933 3764 1005 frequenter,

2212 1025 2455 1080 transilit
2481 1031 2539 1080 et
2563 1025 2682 1080 exit
2709 1031 2766 1080 et
2799 1025 3104 1081 revertitur
3135 1043 3148 1080 :
3183 1026 3229 1079 si
3257 1026 3520 1097 sequaris,
3549 1027 3589 1081 si
3617 1030 3765 1100 requi-

2215 1135 2323 1187 ras,
2360 1118 2405 1172 si
2454 1118 2554 1173 tibi
2598 1118 2850 1174 ﬁdelium
2897 1123 3062 1188 grata
3107 1119 3486 1191 disputatione
3527 1119 3766 1176 doctorum

2215 1212 2461 1267 Verbum
2507 1213 2658 1284 quod
2710 1213 2928 1268 exierat
2978 1217 3150 1284 atque
3195 1212 3522 1278 transierat,
3574 1216 3773 1285 postules

2213 1305 2552 1361 resuscitari.
2584 1306 2740 1361 Sicut
2765 1306 2858 1361 illa
2881 1322 3009 1378 qum
3046 1306 3307 1378 quaesivit
3348 1309 3407 1360 et
3444 1307 3655 1374 invenit,
3677 1324 3774 1378 qua

2217 1399 2402 1455 dixit:
2446 1402 2640 1455 Frater
2683 1416 2830 1456 meus
2877 1403 3153 1462 transivit,
3191 1403 3382 1454 anima
3423 1415 3534 1454 mea
3567 1403 3708 1455 exivit
3736 1405 3777 1454 in

2215 1495 2373 1549 verbo
2415 1494 2524 1562 ejus
2574 1493 2772 1561 (Cant.,
2819 1511 2872 1561 v,
2917 1495 2992 1564 6).
3044 1495 3190 1565 Ergo
3241 1493 3350 1548 etsi
3401 1509 3563 1564 super
3609 1499 3778 1548 montes

2217 1588 2362 1654 salit,
2407 1603 2645 1659 sequere
2689 1604 2703 1641 :
2751 1588 2856 1642 etsi
2899 1603 3071 1659 super
3117 1588 3304 1654 colles,
3357 1603 3601 1658 sequere.
3641 1588 3778 1658 Repe-

2219 1681 2446 1735 riuntur
2487 1681 2639 1735 enim
2673 1682 2728 1734 in
2778 1681 3064 1736 montibus
3090 1687 3147 1735 et
3189 1682 3248 1734 in
3284 1679 3518 1736 collibus
3544 1687 3783 1735 venatores

488 1789 725 1844 gogam;
771 1772 900 1826 salit
949 1789 1120 1843 super
1185 1774 1418 1841 Gentes,
1480 1777 1728 1830 transilit
1785 1751 1978 1847 super-
2016 1780 2109 1832 Ju-
2135 1751 2190 1821 Β
2219 1774 2462 1840 Domini,
2495 1774 2590 1846 qui
2638 1774 2984 1845 investigant
3021 1790 3120 1828 eos
3162 1775 3266 1847 qui
3307 1775 3602 1846 capiuntur
3636 1774 3698 1828 ad
3727 1774 3784 1826 vi-

489 1867 666 1921 deos.

556 1963 642 2014 32.
682 1960 983 2015 Videamus
1013 1961 1326 2016 salientem.
1359 1963 1494 2018 Salit
1525 1965 1597 2018 de
1643 1967 1781 2020 cmlo
1824 1967 1884 2020 in
1925 1967 2111 2036 Virgi-

488 2070 644 2120 nem,
671 2053 743 2108 de
775 2060 937 2108 utero
973 2055 1031 2108 in
1076 2071 1352 2126 praesepe,
1387 2056 1456 2111 de
1492 2058 1733 2113 .lordane
1769 2059 1826 2112 in
1856 2075 2110 2124 crucem,

489 2149 559 2203 de
606 2163 770 2202 cruce
823 2148 883 2200 in
929 2149 1241 2215 tumulum,
1296 2149 1352 2203 in
1398 2151 1605 2205 coelum
1664 2151 1734 2206 de
1785 2153 2111 2223 sepulchro.

487 2241 671 2297 Proba
703 2240 842 2295 mihi
883 2242 1052 2296 David
1090 2243 1408 2310 salientem,
1436 2245 1617 2316 proba
1660 2249 2020 2315 currentem;
2050 2253 2112 2302 tu

486 2335 645 2389 enim
683 2334 875 2389 dixisti
909 2352 922 2388 :
959 2356 987 2384 «
1019 2337 1322 2392 Exsultavit
1357 2343 1418 2392 ut
1459 2339 1619 2408 gigas
1662 2339 1732 2394 ad
1769 2340 2113 2396 currendam

486 2429 656 2497 viam,
685 2446 719 2482 a
743 2444 971 2484 summo
990 2429 1132 2484 ccelo
1161 2431 1412 2502 egressio
1431 2433 1585 2503 ejus;
1614 2435 1672 2487 et
1697 2449 1962 2488 occursus
1992 2435 2112 2504 ejus

485 2539 666 2594 usque
694 2522 768 2577 ad
795 2539 1082 2577 summum
1127 2524 1268 2594 ejus,
1297 2541 1404 2580 nec
1443 2533 1531 2581 est
1569 2528 1666 2598 qui
1703 2543 1762 2581 se
1798 2527 2104 2583 abscondat

487 2633 520 2670 a
548 2616 734 2671 calore
769 2617 893 2687 ejus
922 2617 1090 2686 (Psui.
1136 2634 1280 2685 xvm,
1319 2622 1370 2685 6,
1406 2619 1479 2689 7).
1510 2641 1536 2668 ››
1573 2621 1639 2674 Et
1681 2637 1831 2675 nunc
1876 2621 2024 2689 salit,
2057 2628 2114 2676 et

485 2726 638 2764 nunc
663 2709 860 2777 currit,
890 2711 960 2766 de
987 2711 1156 2766 corde
1189 2711 1364 2766 Patris
1402 2730 1576 2784 super
1617 2717 1840 2769 sanctos
1865 2731 2012 2784 suos,
2043 2715 2112 2770 de

485 2804 717 2858 Oriente
760 2820 932 2874 super
973 2805 1351 2872 Occidentem,
1389 2807 1462 2862 de
1493 2807 1896 2878 Septentrione
1939 2825 2113 2880 super

488 2896 795 2953 Meridiem.
853 2900 961 2953 Iste
1013 2903 1098 2953 est
1152 2901 1250 2970 qui
1297 2900 1553 2956 ascendit
1602 2918 1775 2973 super
1814 2903 2109 2969 Occasum,

488 2993 606 3062 ipse
635 3008 806 3062 super
829 2993 998 3048 cmlos
1027 2993 1307 3049 calorum
1333 2995 1402 3048 ad
1432 2995 1742 3058 Orientem,
1772 2996 1894 3066 ipse
1921 3013 2110 3052 ascen-

486 3084 570 3140 dit
596 3101 767 3156 super
790 3090 1030 3154 montes,
1066 3086 1187 3156 ipse
1217 3103 1390 3157 super
1419 3089 1611 3142 colles.

557 3181 646 3233 33.
679 3178 905 3232 Utinam
945 3194 1052 3250 ego
1081 3179 1258 3234 miser
1286 3179 1494 3247 dicam,
1527 3181 1675 3236 dicat
1707 3183 1900 3237 anima
1937 3201 2066 3239 mea
2098 3203 2108 3239 :

487 3274 617 3326 Ecce
641 3275 740 3328 iste
763 3273 1006 3334 advenit,
1034 3277 1091 3327 et
1117 3272 1366 3340 advenit,
1393 3290 1508 3330 non
1537 3291 1705 3345 super
1727 3279 1970 3345 terrena,
1998 3296 2113 3334 non

488 3381 659 3436 super
703 3365 893 3431 valles,
939 3366 1037 3421 sed
1080 3365 1313 3422 advenit
1355 3384 1368 3421 :
1413 3369 1628 3424 Saliens
1671 3385 1835 3440 super
1878 3378 2111 3436 montes;

492 3458 636 3513 Deus
678 3459 832 3513 enim
873 3461 1021 3515 Deus
1058 3461 1341 3515 montium
1389 3467 1493 3529 est,
1540 3479 1653 3518 non
1695 3465 1926 3519 vallium
1963 3483 1976 3519 :
2018 3466 2114 3521 ubi

489 3567 628 3622 ergo
668 3553 815 3622 salit,
866 3569 1036 3624 super
1078 3559 1302 3609 montes
1345 3555 1489 3610 salit.
1527 3556 1582 3611 Si
1632 3559 1708 3612 sis
1752 3573 1937 3628 mons,
1984 3560 2116 3614 salit

489 3662 660 3716 super
691 3649 765 3712 te,
794 3647 924 3702 salit
951 3663 1126 3718 super
1161 3648 1387 3717 Isaiam,
1418 3650 1547 3704 salit
1576 3667 1749 3722 super
1789 3653 2111 3718 Jeremiam,

489 3740 620 3794 salit
661 3756 834 3811 super
873 3742 1124 3808 Petrum,
1163 3743 1464 3809 Joannem,
1504 3745 1797 3800 Jacobum.
1845 3767 1872 3797 α
1904 3748 2116 3802 Montes

488 3833 544 3888 in
573 3833 815 3888 circuitu
844 3834 969 3904 ejus
998 3835 1168 3906 (Psal.
1199 3851 1370 3901 cxxiv,
1407 3841 1489 3906 2);
1520 3857 1548 3886 ι)
1577 3839 1621 3892 si
1653 3856 1768 3894 non
1804 3844 1968 3911 potes
1994 3856 2114 3894 esse

489 3943 656 3983 mons
683 3931 741 3982 et
777 3943 897 3983 non
933 3930 1230 4000 prtevales,
1263 3934 1380 3984 esto
1425 3932 1512 3984 vel
1557 3933 1738 4000 collis,
1771 3939 1835 3988 ut
1859 3950 2030 4004 super
2063 3939 2116 3988 te

487 4021 740 4076 Christus
785 4022 1082 4089 ascendat;
1123 4027 1183 4076 et
1221 4023 1297 4077 sic
1343 4024 1603 4088 transilit,
1636 4033 1699 4081 ut
1741 4033 1796 4081 te
1844 4028 2115 4082 transitus

491 4114 613 4184 ejus
643 4115 941 4170 custodiat.
2054 4182 2056 4184 _

558 4209 646 4262 34.
678 4208 934 4263 Diximus
968 4209 1038 4264 de
1081 4211 1304 4265 Christo
1347 4215 1407 4265 et
1445 4213 1710 4279 Ecclesia,
1755 4214 2011 4270 dicamus
2045 4217 2114 4271 de

489 4301 678 4356 anima
704 4307 760 4354 et
790 4301 994 4357 Verbo.
1024 4303 1230 4357 Anima
1249 4304 1389 4374 justi
1417 4322 1624 4375 sponsa
1653 4310 1738 4360 est
1764 4309 1925 4363 Verbi
1951 4326 1963 4362 :
1995 4310 2117 4364 haec

490 4397 535 4450 si
565 4394 872 4462 desideret,
917 4396 963 4452 si
1011 4397 1222 4468 cupiat,
1258 4397 1302 4451 si
1349 4403 1473 4453 oret
1512 4405 1570 4454 et
1610 4404 1737 4454 oret
1775 4402 2026 4470 assidue,
2061 4411 2118 4458 et

2133 3109 2241 3191 CH

2215 1871 2360 1933 tam;
2406 1868 2482 1922 sic
2522 1868 2674 1923 enim
2719 1869 2857 1924 dixit
2903 1885 3005 1940 per
3043 1867 3357 1923 Jeremiam
3404 1868 3546 1923 Deus
3582 1883 3594 1920 :
3631 1869 3785 1923 «Ecce

2215 1963 2381 2017 mitto
2431 1963 2640 2016 multos
2690 1962 2994 2033 piscatores
3047 1967 3105 2017 et
3157 1962 3373 2018 multos
3421 1967 3716 2029 venatores,
3753 1965 3791 2015 et

2214 2055 2572 2110 venabantur
2613 2073 2712 2111 eos
2762 2072 2934 2126 super
2984 2073 3217 2111 omnem
3273 2058 3532 2111 montem
3573 2059 3624 2110 et
3662 2069 3791 2125 super

2213 2165 2445 2204 omnem
2469 2150 2674 2204 collem
2707 2151 2939 2219 (Jerem.,
2971 2166 3079 2217 xvr,
3117 2151 3225 2218 16).
3258 2171 3285 2199 ››
3321 2149 3406 2204 lbi
3435 2165 3570 2220 ergo
3595 2148 3796 2220 populus

2214 2243 2315 2298 Dei
2361 2250 2655 2314 quaeratur
2697 2247 2754 2298 et
2797 2244 3122 2298 inveniatur
3161 2244 3219 2297 in
3271 2242 3427 2298 Petri
3475 2245 3533 2297 et
3578 2242 3631 2296 in
3677 2240 3795 2295 Pauli

2215 2337 2490 2404 doctrina,
2536 2338 2736 2408 gratia,
2783 2337 3126 2408 disciplina;
3177 2341 3242 2390 ut
3297 2353 3418 2390 non
3473 2336 3532 2389 in
3587 2333 3797 2390 convalle

2214 2429 2347 2496 sint,
2379 2431 2471 2485 ubi
2510 2430 2696 2499 ﬂetus,
2739 2431 2839 2486 sed
2879 2431 2938 2486 in
2984 2430 3274 2485 montibus
3313 2447 3350 2485 a
3393 2429 3596 2501 quibus
3628 2442 3796 2482 unum-

2215 2540 2501 2596 quemque
2533 2524 2789 2581 Christus
2818 2524 3142 2592 illuminat;
3179 2530 3237 2579 et
3267 2540 3406 2579 cum
3433 2524 3661 2578 Petrum
3682 2519 3800 2590 legi-

2215 2633 2360 2685 mus,
2393 2619 2647 2674 Christus
2677 2618 2962 2673 illuminat
2993 2635 3006 2672 :
3049 2623 3106 2673 et
3129 2634 3262 2672 cum
3296 2617 3542 2672 Paulum
3578 2613 3802 2685 legimus.

2211 2712 2466 2766 Christus
2507 2712 2810 2767 illuminat.
2857 2712 3081 2768 Curavit
3126 2712 3357 2778 Paulus,
3405 2710 3656 2766 Christus
3703 2706 3804 2762 illn-

2212 2805 2484 2874 minavit;
2529 2806 2802 2877 quoniam
2848 2805 3109 2861 invocato
3154 2805 3381 2860 Domini
3425 2805 3556 2860 Jesu
3595 2801 3806 2857 nomine.

2215 2899 2550 2965 resurrexit,
2606 2899 2768 2969 cujus
2817 2905 3051 2954 sanatus
3101 2905 3187 2954 est
3237 2915 3506 2954 munere.
3556 2892 3812 2951 Suscitavit

2213 2997 2501 3052 mortuam
2531 2995 2747 3060 Petrus,
2778 2993 3033 3048 Christus
3077 2992 3452 3058 illuminavit,
3483 2995 3542 3046 et
3568 2990 3690 3046 ideo
3712 2988 3808 3042 ait:

2304 3088 2642 3143 llluminans
2687 3091 2750 3141 tu
2803 3086 3142 3142 mirabiliter
3192 3102 3226 3140 a
3280 3085 3586 3142 montibus
3629 3081 3816 3140 aeternis

2216 3183 2382 3250 (Psal.
2419 3197 2579 3249 Lxxv,
2607 3183 2680 3251 5).
2711 3203 2738 3230 »

2285 3279 2372 3330 37.
2418 3276 2526 3330 Nos
2567 3274 2742 3346 igitur
2783 3275 2879 3345 qui
2921 3278 3150 3329 montes
3192 3290 3318 3329 esse
3362 3291 3489 3330 non
3537 3285 3817 3346 possumus.

2214 3375 2430 3423 stemus
2481 3365 2738 3440 1566
2779 3369 2838 3422 in
2881 3367 3171 3422 montibus
3220 3369 3308 3423 vel
3360 3369 3424 3422 in
3477 3366 3734 3432 collibus;
3777 3368 3821 3413 ut

2213 3479 2344 3517 cum
2371 3461 2589 3517 miserit
2618 3462 2925 3532 piscatores
2954 3478 3084 3516 suos
3120 3462 3401 3518 Dominus
3440 3465 3500 3517 et
3539 3462 3820 3516 venatores.

2217 3561 2278 3610 ut
2313 3561 2596 3610 venentur
2624 3571 2721 3611 eos
2760 3556 2861 3627 qui
2905 3573 3074 3626 supra
3114 3572 3355 3612 omnem
3403 3561 3668 3611 montem
3699 3554 3821 3606 sunt.

2213 3650 2301 3706 vel
2325 3665 2500 3720 super
2530 3665 2761 3704 omnem
2789 3651 3013 3715 collem,
3043 3649 3097 3703 id
3125 3652 3231 3715 est,
3261 3649 3324 3704 in
3353 3650 3506 3721 legis
3533 3654 3592 3703 et
3616 3643 3822 3718 prophe-

2216 3751 2401 3799 tarum
2432 3743 2764 3815 praeceptis;
2787 3747 2844 3798 et
2864 3743 3002 3798 Novi
3029 3747 3085 3798 et
3109 3744 3326 3798 Veteris
3353 3740 3707 3799 Testamenti
3725 3752 3829 3804 cog-

2215 3838 2436 3892 nitione
2458 3853 2690 3892 omnem
2715 3836 2992 3891 habentes
3012 3837 3551 3901 conversationem,
3574 3831 3827 3889 inveniant

2216 3947 2322 3986 nos
2347 3937 2589 4002 paratos,
2621 3935 2678 3985 et
2703 3930 2854 3984 velut
2882 3930 3064 3985 bonas
3094 3930 3380 4001 colligant
3415 3930 3624 4000 spicas,
3653 3939 3824 3996 oppor-

2214 4031 2354 4080 tuno
2393 4024 2546 4079 missi
2591 4039 2868 4078 messores
2912 4029 3190 4094 tempore,
3235 4024 3381 4094 quia
3427 4024 3476 4078 si
3523 4022 3653 4094 quis
3693 4023 3829 4073 extra

2215 4124 2473 4173 montem
2516 4124 2615 4172 aut
2655 4118 2861 4172 collem
2913 4116 3087 4172 fuerit
3128 4123 3426 4188 repertus,
3474 4115 3669 4186 colligi
3709 4111 3832 4166 velut

2214 4211 2366 4267 bona
2405 4211 2556 4283 spica
2595 4227 2712 4266 non
2751 4211 2960 4281 poterit
3003 4210 3073 4264 ab
3099 4209 3187 4264 his
3219 4211 3344 4282 qui,
3377 4214 3446 4265 ut
3472 4204 3829 4280 comparatio-

2215 4305 2302 4359 nis
2333 4304 2606 4360 t‘aciamus
2635 4305 2864 4360 alterius
2899 4304 3279 4371 mentionem,
3315 4305 3585 4360 triticum
3624 4319 3658 4356 a
3685 4297 3835 4372 paleis

2216 4415 2484 4469 separare
2533 4399 2853 4453 mittentur.
2905 4397 3295 4452 Plurimarum
3345 4397 3532 4468 igitur
3588 4390 3836 4466 operatio-

491 4492 616 4545 oret
639 4489 760 4544 sine
785 4491 902 4544 ulla
933 4490 1358 4561 disceptatione,
1386 4498 1442 4547 et
1472 4497 1589 4547 tota
1621 4494 1883 4549 intendat
1906 4496 1966 4550 in
1990 4498 2116 4551 Ver-
2135 4486 2194 4558 D
2219 4508 2360 4546 num
2386 4493 2622 4546 solertes
2655 4491 2942 4546 ministros
2980 4490 3262 4546 Dominus
3303 4490 3513 4556 habet,
3547 4491 3716 4545 iidem
3744 4485 3834 4556 pis-

489 4585 624 4637 hum
655 4599 669 4636 :
702 4583 892 4637 subito
928 4600 1124 4639 vocem
1162 4585 1267 4640 sibi
1301 4585 1525 4641 videtur
1563 4587 1684 4658 ejus
1721 4588 1918 4643 audire
1945 4606 2117 4660 quem

491 4691 605 4731 non
636 4675 810 4744 videt,
845 4680 904 4730 et
946 4677 1004 4731 in
1045 4678 1250 4733 timore
1290 4696 1490 4734 sensus
1529 4680 1768 4736 odorem
1803 4682 2117 4738 divinitatis

485 4769 608 4838 ejus
647 4769 926 4840 agnoscit,
953 4771 1104 4840 quod
1132 4772 1426 4842 patiuntur
1469 4775 1806 4846 plerumque
1848 4777 1944 4847 qui
1973 4776 2116 4832 bene

487 4863 747 4918 credunt.
804 4863 1120 4934 Replentur
1162 4865 1348 4920 subito
1397 4883 1563 4921 nares
1609 4868 1822 4923 animae
1872 4871 2113 4942 spiritali

487 4957 689 5025 gratia,
721 4961 778 5010 et
801 4957 974 5012 sentit
1001 4956 1106 5011 sibi
1132 4959 1456 5028 praesentiae
1487 4961 1609 5030 ejus
1638 4961 1840 5018 ﬂatum
1865 4964 2114 5034 aspirare

487 5067 658 5122 quem
705 5051 931 5122 qumrit,
970 5057 1027 5106 et
1073 5050 1207 5108 dicit
1246 5069 1259 5107 :
1310 5055 1448 5108 Ecce
1495 5054 1598 5110 iste
1641 5056 1760 5126 ipse
1811 5064 1893 5112 est
1941 5075 2112 5128 quem

487 5144 738 5216 requiro,
771 5145 890 5215 ipse
910 5161 1079 5217 quem
1108 5145 1386 5201 desidero.

557 5241 643 5293 35.
679 5239 877 5294 Nonne
905 5255 1035 5294 cum
1065 5239 1282 5311 aliquid
1321 5240 1393 5294 de
1427 5239 1732 5312 Scripturis
1771 5245 2111 5314 cogitamus,

485 5339 540 5383 et
593 5333 1050 5402 explanationem
1102 5333 1223 5404 ejus
1272 5333 1528 5388 invenire
1599 5353 1710 5390 non
1774 5353 2109 5407 possumus;

484 5419 621 5473 dum
651 5419 994 5490 dubitamus,
1025 5421 1164 5476 dum
1186 5421 1517 5493 quaerimus,
1546 5423 1733 5478 subito
1760 5427 1925 5480 nobis
1953 5427 2114 5496 quasi

484 5527 656 5582 super
697 5519 942 5579 montes,
983 5515 1040 5570 id
1086 5523 1191 5583 est,
1235 5516 1513 5571 altissima
1551 5517 1844 5588 dogmata,
1890 5521 2117 5575 videtur

482 5605 838 5661 ascendere?
889 5608 1099 5663 Deinde
1153 5610 1310 5680 quasi
1375 5626 1547 5681 super
1604 5611 1776 5665 colles
1835 5628 2114 5682 apparens

480 5695 674 5762 nobis,
724 5698 1008 5754 illuminat
1071 5707 1356 5768 mentem,
1409 5706 1474 5758 ut
1533 5703 1800 5759 infundat
1857 5706 2113 5761 sensibus

481 5788 633 5861 quod
659 5789 911 5846 invenire
948 5809 1111 5862 posse
1144 5795 1369 5853 difﬁcile
1410 5797 1712 5855 videbatur
1746 5823 1754 5854 :
1789 5816 1927 5872 ergo
1954 5801 2114 5873 quasi

2217 4591 2458 4652 catores,
2487 4585 2660 4640 iidem
2700 4585 2877 4640 etiam
2919 4587 3219 4640 venatores
3260 4590 3408 4640 sunt
3448 4589 3623 4656 atque
3653 4595 3834 4636 messo-

2217 4695 2327 4734 res.
2351 4678 2405 4734 Si
2425 4680 2484 4732 in
2506 4684 2766 4751 tempore
2788 4679 2988 4733 messis
3008 4695 3122 4748 quo
3148 4677 3497 4747 diriguntur
3517 4679 3607 4733 isti
3629 4678 3840 4731 metere.

2218 4777 2472 4827 maturus
2518 4776 2823 4843 exspectes,
2870 4771 3165 4826 salientem
3207 4771 3265 4825 in
3314 4771 3617 4826 montibus
3660 4764 3839 4839 poteris

2218 4865 2448 4931 intueri,
2498 4869 2554 4920 et
2601 4865 2818 4920 videbis
2864 4866 3176 4920 Dominum
3221 4867 3431 4920 Iesum
3483 4865 3728 4920 similem
3763 4875 3837 4912 ca-

2219 4960 2416 5030 preolo
2439 4963 2535 5013 aut
2561 4959 2798 5013 hinnulo
2829 4975 3131 5014 cervorum
3167 4974 3349 5029 super
3391 4964 3626 5013 montes
3652 4951 3838 5009 Bethel.

2219 5052 2352 5106 Salit
2385 5051 2539 5107 enim
2581 5069 2751 5123 super
2789 5052 3092 5106 Ecclesiam
3134 5068 3262 5122 quae
3301 5057 3396 5106 est
3443 5053 3651 5107 domus
3681 5045 3839 5120 paniS.

2221 5163 2287 5200 eo
2314 5146 2466 5217 quod
2504 5145 2760 5200 ﬁdelium
2791 5145 2964 5200 corda
3003 5145 3341 5212 conﬁrmet;
3374 5145 3538 5200 unde
3567 5148 3625 5197 et
3659 5151 3836 5212 sponsa

2219 5241 2288 5295 de
2315 5256 2382 5295 eo
2409 5239 2547 5295 dicit
2579 5256 2591 5293 :

2286 5337 2373 5390 38.
2404 5335 2580 5403 (Vers.
2623 5336 2698 5400 9.)
2737 5334 2942 5388 Similis
2977 5340 3054 5388 est
3083 5335 3444 5389 consobrinus
3485 5347 3633 5386 meus
3663 5339 3837 5397 capra

2215 5433 2316 5482 aut
2365 5429 2584 5482 hinnulo
2632 5443 2940 5487 cervorum,
2993 5442 3154 5497 super
3206 5434 3425 5482 montes
3479 5427 3690 5488 Bethel;
3730 5418 3836 5474 salit

2216 5521 2369 5576 enim
2400 5537 2570 5592 super
2597 5521 2931 5587 Ecclesiam,
2959 5536 3086 5590 quae
3114 5523 3199 5575 est
3223 5520 3442 5574 domus
3471 5520 3590 5585 Dei,
3618 5533 3684 5571 eo
3704 5511 3831 5585 quod

2216 5614 2472 5668 ﬁdelium
2525 5614 2698 5668 corda
2748 5614 3069 5668 conﬁrmet.
3120 5613 3322 5668 Merito
3377 5613 3524 5666 sicut
3576 5605 3833 5680 capreola.

2219 5708 2352 5778 quia
2403 5724 2568 5779 capra
2606 5709 2666 5762 in
2701 5706 2827 5762 altis
2870 5706 3142 5778 pascitur.
3187 5707 3396 5760 Dorcas
3441 5704 3650 5760 dicitur
3694 5719 3722 5754 a
3765 5700 3830 5748 vi-

2219 5801 2426 5871 dendo,
2483 5801 2788 5858 dorcadiou
2833 5801 2989 5859 enim
3029 5801 3176 5857 visus
3219 5800 3501 5885 acutioris
3555 5803 3655 5855 est.
3707 5792 3831 5860 Quid
