4022 6176
254 265 385 318 1977

1274 267 1314 322 E
1351 266 1656 322 SCRIPTIS
1697 269 1753 320 S.
1795 263 2112 322 AMBROSII
2154 262 2563 319 COLLECTUS.

3480 265 3615 319 l978

247 388 352 441 hoc
375 387 561 458 aptius
603 387 846 457 Christo,
893 389 989 460 qui
1032 391 1260 444 Patrem
1302 389 1442 444 vidit
1482 405 1658 460 quem
1702 405 1875 444 nemo
1900 387 2344 472 Acommercia,
2385 401 2757 458 amoremque
2805 387 3019 442 mutuis
3061 388 3359 444 adolerent
3399 403 3614 444 sermo-

246 480 391 536 vidit
436 497 449 534 :
498 486 600 536 aut
653 483 700 537 si
753 483 882 553 quis
935 482 1077 538 vidit
1122 483 1182 538 in
1231 483 1474 551 Christo,
1529 483 1648 555 ipse
1702 483 1874 538 Filius

244 575 554 631 revelavit?
580 575 776 630 Merito
798 579 939 632 sicut
965 577 1225 632 hinnulus
1261 593 1558 640 cervorum,
1596 577 1876 632 hinnulus

247 669 408 741 quasi
432 668 602 737 ﬁlius,
640 669 728 724 cui
767 676 1015 741 paternae
1057 672 1360 727 inoleverit
1402 671 1486 726 vis
1522 677 1780 740 naturai;
1815 677 1876 727 ut

245 779 379 818 eum
410 764 625 818 occulta
657 779 771 818 non
803 764 1037 832 lateant,
1067 770 1360 836 serpentes
1384 764 1625 836 fugiant,
1654 781 1874 821 venena

245 872 362 912 non
387 856 615 912 laedant.
650 857 905 930 Denique
932 858 1166 914 eductus
1205 859 1276 913 de
1318 859 1569 914 latibulis
1599 859 1718 914 suis
1755 875 1871 914 ser-

245 966 390 1022 pens
436 951 533 1022 qui
581 951 928 1007 educabatur
968 967 1037 1007 ex
1079 952 1333 1022 homine,
1375 952 1638 1009 dicebat:
1673 975 1700 1001 «
1729 953 1875 1018 Quid

245 1044 447 1100 venisti
497 1051 630 1100 ante
687 1051 916 1118 tempus
975 1051 1249 1118 torquere
1303 1063 1407 1102 nos
1446 1047 1692 1118 (Matth.,
1747 1063 1872 1114 vni,

244 1139 376 1207 29)?
397 1161 426 1188 η
457 1138 793 1210 Spectamus
819 1155 960 1210 ergo
988 1141 1289 1196 salientem
1315 1141 1466 1196 hunc
1493 1141 1872 1208 binniculum,

243 1239 309 1288 ut
334 1249 449 1288 non
487 1233 766 1304 possimus
790 1233 997 1288 timere
1024 1237 1371 1305 serpentem.

316 1329 403 1382 39.
436 1327 552 1398 (55)
579 1331 664 1383 En
695 1329 808 1397 ipse
834 1331 946 1383 stat
971 1332 1094 1398 post
1125 1330 1387 1398 parietem
1415 1335 1679 1392 nostrum,
1706 1333 1872 1400 respi-

242 1424 391 1477 ciens
422 1437 524 1492 per
556 1424 840 1489 fenestras,
868 1424 1200 1492 prospiciens
1234 1438 1334 1492 per
1361 1425 1520 1478 retia.
1552 1423 1714 1478 Venit
1739 1439 1876 1494 ergo

244 1520 301 1570 et
335 1515 522 1586 primo
551 1521 678 1586 post
707 1515 982 1586 parietem
1009 1519 1114 1581 est,
1145 1523 1204 1570 ut
1229 1515 1559 1572 inimicitias
1583 1516 1794 1572 anima:
1820 1521 1878 1571 et

242 1608 504 1678 corporis
529 1608 730 1676 solvat,
759 1607 980 1663 sublato
1008 1608 1228 1679 pariete
1266 1609 1363 1681 qui
1396 1609 1873 1680 impedimentum

243 1702 564 1758 concordia
600 1702 898 1757 videbatur
936 1701 1159 1758 afferre.
1206 1703 1423 1757 Deinde
1466 1704 1738 1775 prospicit
1776 1720 1878 1775 per

1982 479 2170 536 nibus.

2049 573 2302 648 1567
2355 577 2445 630 tl.
2495 577 2668 644 (Vers.
2725 577 2832 644 10.)
2887 577 3143 646 Εωευνσε,
3205 576 3411 649 inquit,
3465 581 3609 642 veni,

1968 671 2228 740 proxima
2261 684 2400 732 mea,
2439 672 2679 737 formosa
2712 685 2853 733 mea,
2883 669 3130 726 columba
3168 685 3314 736 mea;
3358 675 3416 725 et
3454 674 3534 738 tu,
3565 672 3611 726 si

1975 761 2187 818 habeas
2213 763 2512 818 fundatum
2545 763 2843 834 parietem,
2876 779 2994 818 non
3027 763 3188 820 illum
3223 761 3477 818 medium
3508 765 3606 835 qui

1975 856 2183 911 domus
2217 856 2388 911 unius
2422 861 2650 928 separet
2683 856 2968 926 membra,
3003 857 3098 913 sed
3134 856 3484 912 teditlcatum
3515 873 3605 911 su-

1974 965 2080 1021 pra
2102 949 2546 1005 fundamentum
2576 949 2962 1022 apostolorum
2992 957 3048 1006 et
3082 951 3512 1022 prophetarum,
3543 956 3608 1005 ut

1976 1043 2376 1114 compaginata
2423 1045 2548 1114 ejus
2596 1049 2884 1100 structura
2927 1048 3141 1100 crescat
3188 1043 3245 1099 in
3300 1044 3601 1116 templum,

1976 1152 2084 1192 nec
2109 1137 2471 1193 disterminet
2495 1137 2618 1208 ejus
2641 1137 2892 1205 interna,
2919 1137 3020 1194 sed
3048 1137 3272 1193 muniat
3295 1153 3308 1192 :
3331 1137 3378 1192 si
3403 1137 3610 1193 habeas

1977 1245 2115 1301 ergo
2136 1230 2196 1286 in
2221 1235 2279 1286 te
2301 1229 2736 1287 aedificationem
2761 1230 2877 1298 Dei,
2897 1236 2955 1286 et
2971 1231 3041 1285 ad
3062 1230 3352 1286 Orientem
3372 1233 3609 1302 pateant

1979 1337 2208 1394 semper
2240 1324 2506 1380 fenestrae
2538 1330 2674 1393 tum,
2714 1325 2868 1380 venit
2904 1323 3174 1394 Verbum,
3201 1327 3325 1382 Stat
3352 1331 3474 1396 post
3499 1340 3612 1394 pa-

1976 1418 2161 1473 rietem
2199 1424 2352 1473 tuum
2386 1419 2587 1487 (Cant.,
2617 1435 2676 1487 ιι,
2705 1418 2781 1489 9);
2817 1439 2843 1465 ‹‹
2879 1417 3031 1473 oculi
3067 1418 3224 1474 enim
3262 1417 3483 1473 Domini
3521 1434 3613 1473 su-

1977 1527 2079 1582 per
2116 1511 2301 1581 justos
2348 1513 2512 1576 (Psal.
2561 1528 2749 1577 χχχιιι,
2801 1513 2906 1579 ιθ);
2947 1531 2974 1563 ››
3013 1513 3277 1583 prospicit
3316 1527 3416 1582 per
3451 1513 3605 1578 fene-

1977 1611 2121 1660 stras
2153 1608 2295 1659 tuas.

2049 1700 2135 1752 42.
2171 1697 2312 1762 Quae
2349 1703 2484 1752 sunt
2518 1697 2786 1754 fenestrae
2822 1700 2986 1754 istae?
3023 1699 3294 1769 Legimus
3329 1698 3606 1754 fenestras

241 1794 524 1851 fenestras
556 1814 568 1848 :
604 1811 735 1866 quae
765 1795 879 1851 sint
913 1795 1199 1865 fenestrae,
1241 1795 1377 1852 audi
1421 1770 1954 1868 ρὲοριιὶιιεωὶιίᾚ
1978 1791 2046 1845 de
2085 1791 2291 1862 quibus
2333 1791 2470 1846 dicit
2510 1791 2785 1847 leremias
2815 1809 2828 1847 :
2861 1813 2889 1841 ‹‹
2933 1791 3168 1848 Intravit
3203 1807 3356 1847 mors
3392 1808 3496 1863 per
3533 1791 3611 1847 fe—

241 1894 464 1945 centem
492 1908 506 1945 :
542 1911 571 1939 «
611 1890 892 1946 Fenestrte
927 1894 1143 1960 aperta:
1171 1896 1305 1945 sunt
1333 1906 1363 1944 e
1393 1891 1531 1946 ccelo
1571 1892 1696 1960 (lsa,
1730 1907 1874 1957 xxiv,

247 1984 357 2049 18).
398 2004 426 2032 ››
455 1984 764 2055 Pmphetas
794 1983 986 2055 itaque
1025 1983 1328 2054 signiﬁcat,
1367 2001 1472 2056 per
1510 2001 1652 2056 quos
1682 1985 1874 2040 Domi-

241 2093 353 2131 nus
400 2092 580 2148 genus
625 2077 874 2148 respexit
918 2077 1262 2144 humanum,
1295 2077 1630 2150 priusquam
1669 2078 1728 2133 in
1768 2084 1878 2132 ter-

142 2185 150 2192 ·
242 2187 334 2224 ras
374 2170 495 2241 ipse
538 2169 928 2225 descenderet.
971 2170 1040 2225 Et
1077 2169 1250 2225 hodie
1294 2170 1341 2224 si
1371 2186 1650 2241 quacum
1687 2171 1877 2226 anima

244 2262 498 2318 multum
553 2262 831 2334 requirat,
889 2263 1134 2318 multum
1190 2263 1502 2320 merebitur
1555 2265 1873 2320 misericor-

241 2357 384 2424 dia;
417 2356 693 2428 quoniam
726 2356 824 2427 qui
857 2357 1100 2412 multum
1137 2356 1394 2428 requirit,
1424 2357 1672 2412 multum
1709 2358 1878 2413 debe-

241 2453 341 2505 tur
365 2450 439 2505 ei.
477 2449 531 2505 Si
569 2465 683 2521 qua
724 2466 862 2521 ergo
900 2450 1094 2505 anima
1123 2467 1256 2506 eum
1294 2451 1594 2507 studiosius
1630 2455 1872 2522 quaerat,

242 2545 415 2614 longe
448 2543 610 2597 audit
639 2559 829 2598 vocem
875 2544 1026 2615 ejus;
1057 2549 1115 2601 et
1149 2544 1406 2616 quamvis
1447 2544 1517 2598 ab
1547 2544 1657 2599 illis
1687 2547 1878 2617 requi-

242 2643 354 2704 rat,
395 2652 512 2707 pra:
552 2635 686 2707 ipsis
731 2653 764 2691 a
803 2637 1011 2708 quibus
1049 2637 1274 2709 quaerit,
1305 2637 1466 2692 audit
1502 2653 1694 2693 vocem
1731 2639 1871 2708 ejus.

243 2729 406 2784 Videt
447 2746 581 2784 eum
623 2730 923 2785 salientem
965 2731 1037 2786 ad
1079 2747 1137 2786 se
1176 2730 1389 2797 venire,
1420 2730 1476 2785 id
1518 2737 1622 2799 est,
1665 2747 1874 2804 prOpe-

241 2825 468 2879 rantem
507 2826 676 2895 atque
715 2828 1038 2878 currentem
1080 2824 1587 2892 et_transilientem
1626 2841 1744 2895 eos,
1777 2826 1874 2896 qui

245 2915 475 2972 infirmo
514 2916 684 2971 corde
727 2916 994 2972 virtutem
1038 2917 1160 2988 ejus
1201 2933 1404 2988 capere
1441 2933 1556 2973 non
1600 2922 1870 2990 possunt;

245 3009 455 3066 deinde
495 3009 934 3081 prospicientem
964 3026 1068 3081 per
1097 3010 1409 3082 aenigmata
1443 3012 1871 3082 prophetarum,

244 3102 496 3175 legendo
544 3119 658 3172 eos,
707 3113 762 3159 et
808 3103 1052 3159 tenendo
1101 3120 1298 3160 eorum
1352 3119 1678 3170 sermones;
1724 3104 1877 3161 videt

241 3195 400 3251 enim
435 3195 896 3268 prospicientem,
927 3197 1028 3252 sed
1059 3197 1219 3269 quasi
1249 3213 1351 3269 per
1389 3197 1726 3263 fenestram,
1757 3214 1872 3253 non

241 3289 407 3361 quasi
453 3289 640 3344 adhuc
686 3295 1046 3360 praesentem.
1098 3290 1263 3345 Videt
1308 3289 1662 3347 eminentem
1708 3307 1878 3362 super

243 3382 407 3438 retia.
434 3382 584 3447 Quid
621 3389 706 3438 est
742 3383 889 3439 hoc?
919 3383 1034 3438 Nisi
1075 3385 1222 3438 forte
1255 3383 1387 3455 quia
1413 3384 1511 3439 illa
1543 3385 1684 3439 retia
1712 3384 1877 3439 nobis

241 3480 397 3541 sunt,
423 3492 538 3531 non
578 3475 656 3531 illi
693 3477 834 3531 retia
862 3482 1016 3542 sunt,
1048 3493 1115 3532 eo
1152 3476 1305 3548 quod
1336 3476 1432 3532 illa
1459 3478 1654 3533 anima
1691 3477 1878 3532 adhuc

242 3569 401 3624 intra
440 3567 721 3624 sensibilis
763 3575 819 3624 et
858 3569 1150 3625 mundana
1189 3569 1279 3637 sit,
1322 3586 1452 3642 quae
1493 3574 1749 3626 mentem
1779 3571 1877 3625 ho-

247 3662 418 3718 minis
445 3679 647 3735 capere
675 3668 731 3718 et
761 3662 1008 3733 quodam
1039 3663 1167 3718 sinu
1196 3663 1427 3734 proprio
1459 3670 1878 3719 consueverunt

247 3759 259 3809 i
270 3773 304 3810 ιι
313 3755 533 3812 volvere
543 3798 555 3810 .

317 3851 408 3905 40.
458 3853 539 3906 En
587 3853 700 3920 ipse
751 3857 863 3906 stat
911 3857 1036 3920 post
1081 3852 1345 3920 parietem
1394 3855 1660 3913 nostrum,
1715 3855 1878 3923 respi-

239 3945 385 3998 ciens
409 3959 508 4013 per
529 3945 819 4011 fenestras,
845 3945 1177 4014 prospiciens
1196 3959 1301 4014 per
1326 3945 1486 3998 retia.
1514 3943 1739 3999 Viderat
1765 3945 1878 4015 (56)

243 4036 405 4091 enim
435 4036 676 4091 Ecclesia
713 4037 800 4091 vel
837 4035 1032 4091 anima
1063 4036 1202 4107 justi
1239 4036 1533 4092 salientem
1576 4037 1718 4092 sicut
1747 4037 1877 4093 hin-

243 4129 503 4184 uiculum
525 4146 695 4201 super
720 4133 963 4200 montes,
985 4136 1042 4186 et
1062 4133 1301 4201 repente
1323 4130 1578 4201 primum
1599 4132 1881 4202 aspiciens

246 4227 378 4294 post
403 4223 683 4294 parietem
710 4223 913 4279 domus
943 4240 1080 4291 suae,
1107 4223 1549 4295 prospicientem
1588 4241 1689 4296 per
1716 4226 1877 4280 fene-

245 4323 415 4383 stras,
444 4316 793 4373 eminentem
821 4333 924 4388 per
949 4317 1110 4385 retia,
1139 4318 1384 4373 exsultat
1409 4323 1467 4372 et
1492 4319 1726 4389 gaudet,
1747 4319 1882 4391 quia

248 4409 422 4464 etiam
454 4409 575 4481 ipsa
615 4415 839 4466 amatur
867 4427 898 4464 ιι
937 4410 1178 4481 Sponso.
1212 4411 1318 4476 Qui
1360 4415 1637 4482 tanquam
1678 4417 1734 4467 et
1761 4412 1882 4482 ipse

1979 1888 2194 1940 uestras
2221 1885 2456 1956 (Jerem.,
2486 1902 2564 1953 ιχ,
2594 1889 2651 1939 2t
2669 1886 2706 1953 ),
2731 1910 2758 1936 »
2791 1902 2894 1956 per
2915 1902 3058 1958 quas
3087 1885 3321 1940 intravit
3349 1885 3605 1951 avaritia,

1977 1979 2208 2034 intravit
2235 1979 2432 2034 libido.
2465 1979 2673 2036 Oculus
2710 1982 2840 2034 tuus
2876 1980 3125 2035 fenestra
3163 1983 3266 2034 est.
3301 1978 3360 2035 Si
3397 1978 3611 2034 videris

1977 2072 2278 2128 mulierem
2319 2073 2389 2128 ad
2428 2071 2943 2144 concupiscendum
2989 2089 3140 2140 eam,
3183 2071 3415 2128 intravit
3453 2088 3610 2128 mors

1978 2183 2083 2238 per
2120 2167 2347 2222 oculum
2389 2170 2578 2236 tuum;
2615 2167 2660 2220 si
2699 2166 2907 2222 videris
2951 2166 3361 2237 possessionem
3399 2166 3605 2235 viduae,

1976 2261 2063 2315 vel
2099 2259 2395 2315 thesauros
2427 2258 2692 2327 minoris,
2719 2265 2777 2315 et
2805 2265 2931 2315 tuas
2969 2260 3300 2316 excitaveris
3328 2259 3607 2332 cupidita-

1979 2360 2081 2419 tes,
2111 2375 2138 2402 ‹‹
2169 2353 2404 2408 Intravit
2427 2369 2581 2409 mors
2610 2370 2715 2425 per
2736 2353 3066 2409 fenestram.
3093 2376 3120 2403 »
3152 2353 3311 2409 Sicut
3339 2369 3478 2425 ergo
3503 2370 3610 2426 per

1977 2447 2099 2502 haec
2127 2446 2304 2502 intrat
2341 2463 2514 2515 mors,
2555 2446 2735 2502 intrat
2765 2451 2823 2502 et
2852 2446 2995 2513 vita;
3027 2447 3074 2501 si
3103 2446 3374 2502 decorem
3406 2447 3607 2518 puellm

1976 2539 2256 2611 aspiciens
2285 2557 2478 2607 sacrae,
2524 2540 2813 2595 venereris
2853 2539 3158 2595 Dominum
3197 2541 3417 2606 Iesum,
3453 2539 3606 2612 quod

1977 2634 2036 2687 in
2072 2637 2300 2689 teneros
2338 2649 2517 2689 annos
2551 2633 2774 2689 venerit
2802 2639 2937 2688 tetas
2978 2633 3307 2701 senectutis,
3349 2632 3464 2689 vita
3501 2633 3606 2688 im-

1976 2727 2279 2796 maculata,
2317 2733 2371 2782 et
2406 2727 2526 2798 ipse
2571 2727 2746 2782 filiam
2792 2731 2953 2782 tuam
2991 2726 3212 2795 offeras,
3255 2731 3319 2782 ut
3355 2726 3448 2798 pio
3477 2741 3606 2782 con-

1976 2824 2229 2875 secretur
2281 2820 2586 2887 velamine;
2642 2820 2685 2874 si
2733 2819 3154 2892 possessionem
3204 2819 3444 2875 minoris
3491 2835 3606 2874 non

1973 2919 2253 2985 tanquam
2312 2913 2583 2969 sollicitus
2646 2914 2873 2969 invasor
2931 2913 3169 2986 aspicias
3201 2955 3216 2982 ,
3282 2913 3380 2969 sed
3442 2912 3607 2986 quasi

1975 3023 2186 3077 parens
2229 3007 2457 3063 sedulus
2500 3007 2770 3080 religioso
2812 3006 3024 3062 tuearis
3069 3005 3314 3074 affectu;
3364 3021 3469 3078 per
3506 3005 3607 3060 has

1974 3101 2250 3156 fenestras
2328 3101 2601 3172 prospicit
2683 3100 2966 3170 Christus,
3051 3106 3114 3155 ut
3195 3103 3351 3155 vocet
3434 3115 3603 3171 spon-

1975 3210 2118 3249 sam.

2047 3291 2138 3343 43.
2193 3290 2446 3344 Eminens
2500 3304 2658 3360 super
2708 3291 2889 3355 retia;
2958 3289 3105 3343 bene
3167 3291 3424 3351 eminens,
3476 3287 3610 3359 quia

1977 3383 2124 3436 solus
2161 3386 2244 3436 est
2283 3398 2458 3454 quem
2500 3383 2644 3438 retia
2683 3399 2798 3438 non
2840 3381 3184 3437 involverint
3220 3383 3607 3453 peccatorum.

1977 3475 2186 3530 Omnes
2226 3476 2376 3530 intra
2419 3475 2562 3530 retia
2607 3492 2857 3542 eramus,
2898 3475 3013 3530 imo
3056 3474 3244 3530 adhuc
3278 3475 3427 3531 intra
3468 3475 3610 3529 retia

1978 3583 2196 3633 sumus,
2239 3568 2373 3640 quia
2420 3584 2590 3624 nemo
2636 3569 2761 3622 sine
2799 3573 3030 3640 peccato
3078 3567 3187 3622 nisi
3235 3569 3389 3624 solus
3431 3569 3608 3633 Jesus,

1980 3676 2152 3732 quem
2193 3677 2306 3716 non
2336 3665 2778 3732 cognoscentem
2821 3667 3137 3732 peccatum,
3171 3664 3466 3733 peccatum
3508 3677 3610 3734 pro

1982 3754 2152 3810 nobis
2178 3753 2313 3809 fecit
2335 3755 2526 3822 Pater;
2559 3753 2774 3810 etenim
2802 3754 3041 3810 tradidit
3069 3771 3201 3810 eum
3228 3753 3465 3826 laqueis,
3496 3758 3607 3810 tra-

1980 3848 2126 3903 didit
2159 3864 2290 3903 eum
2320 3847 2574 3915 retibus;
2607 3848 2840 3904 mittens
2871 3863 3003 3903 eum
3037 3863 3155 3903 non
3186 3847 3246 3902 in
3285 3849 3514 3918 peccato
3550 3847 3609 3902 in

1982 3958 2094 4014 quo
2133 3945 2300 3997 erant
2345 3957 2550 3997 omnes
2591 3941 2873 4007 homines,
2921 3940 3023 3996 sed
3066 3941 3126 3995 in
3173 3939 3608 3995 similitudinem

1981 4034 2172 4090 carnis
2211 4035 2446 4106 peccati,
2493 4040 2556 4090 ut
2596 4034 2667 4090 de
2707 4040 2938 4106 peccato
2979 4033 3275 4090 damnaret
3317 4037 3610 4104 peccatum

1979 4128 2042 4183 in
2077 4145 2269 4184 carne.
2298 4130 2597 4184 Peccatum
2626 4135 2747 4184 erat
2778 4144 2929 4195 caro,
2969 4127 3282 4183 secundum
3311 4126 3452 4183 illud
3477 4127 3610 4199 quia

1984 4221 2348 4278 hereditario
2375 4227 2499 4278 erat
2524 4223 2794 4278 damnata
2821 4221 3148 4289 maledicto,
3170 4225 3468 4293 peccatum
3489 4225 3612 4276 erat

1982 4315 2249 4372 illecebra
2285 4320 2342 4372 et
2377 4315 2636 4372 ministra
2671 4315 2908 4387 peccati.
2935 4315 3102 4371 Venit
3133 4315 3405 4370 Dominus
3431 4315 3608 4380 Iesus,

1982 4415 2039 4465 et
2075 4410 2134 4466 in
2169 4426 2339 4466 carne
2378 4416 2603 4482 peccato
2631 4409 2875 4465 obnoxia
2911 4408 3178 4464 militiam
3207 4408 3427 4463 virtutis
3455 4423 3608 4463 exer-

249 4503 580 4559 vulneratur
607 4503 898 4559 charitatis
939 4503 1158 4572 decore,
1194 4504 1415 4560 dilectae
1456 4521 1588 4560 cum
1626 4501 2133 4576 primuchuit;
2185 4504 2334 4558 facta
2383 4507 2519 4558 sunt
2573 4502 2834 4558 membra
2882 4506 3078 4556 nostra
3121 4500 3242 4571 jam
3291 4516 3406 4555 non
3452 4516 3614 4556 arma

249 4596 498 4664 abesset,
539 4596 613 4650 ad
648 4597 843 4652 oscula
879 4603 1112 4670 rogatus
1146 4597 1395 4654 adfuerit
1439 4598 1698 4670 (rogatur
1729 4598 1885 4653 enim

249 4706 382 4744 cum
427 4689 631 4744 dicitur
669 4691 872 4759 (Cant.,
919 4708 957 4759 ι,
1001 4691 1051 4757 1)
1087 4709 1100 4745 :
1137 4691 1420 4747 Oscutetur
1455 4707 1536 4747 me
1583 4692 1650 4746 ab
1695 4693 1885 4748 osculis

249 4786 358 4838 oris
397 4783 525 4853 sui),
566 4783 772 4839 deinde
807 4801 1004 4856 preces
1047 4784 1473 4856 blanditiasque
1513 4801 1734 4857 sponsa:
1766 4803 1883 4842 non

249 4876 550 4948 spreverit,
600 4876 803 4932 dilecta
850 4877 958 4933 sibi
1005 4878 1184 4934 ubera
1234 4877 1562 4950 praebentis,
1612 4884 1780 4951 atque
1823 4879 1882 4933 in

249 4969 529 5025 interiora
569 4969 771 5024 domus
811 4987 938 5026 eam
983 4971 1268 5043 benignus
1315 4970 1634 5041 induxerit;
1676 4971 1883 5028 deinde

252 5069 527 5136 tanquam
554 5063 863 5119 lascivienti
901 5065 1105 5121 ludens
1131 5081 1348 5135 amore,
1379 5064 1518 5137 quia
1541 5065 1714 5120 vellet
1749 5081 1880 5136 per-

250 5162 476 5212 tentare
513 5172 712 5212 sensus
742 5157 1004 5226 amantis,
1043 5175 1191 5230 saepe
1218 5174 1477 5231 egressus
1508 5163 1570 5213 ut
1604 5174 1884 5230 querere-

250 5256 343 5305 tur
395 5269 428 5305 a
482 5251 720 5323 Sponsa,
770 5268 922 5323 sepe
974 5268 1269 5324 regressus
1322 5256 1382 5307 ut
1430 5252 1768 5308 invitaretur
1813 5253 1884 5308 ad

251 5344 473 5409 oscula,
524 5344 768 5399 astiterit
816 5349 944 5416 post
1000 5345 1311 5416 parietem,
1367 5345 1724 5417 prospexerit
1781 5361 1886 5416 per

247 5436 553 5504 fenestras,
589 5437 851 5494 eminens
894 5454 1065 5510 super
1109 5439 1286 5507 retia;
1329 5443 1394 5493 ut
1433 5455 1550 5494 non
1595 5443 1744 5493 totus
1784 5439 1880 5493 ab-

253 5533 420 5598 esset,
445 5545 552 5586 nec
571 5533 734 5602 quasi
754 5534 908 5587 totus
932 5532 1192 5600 intraret,
1217 5535 1276 5587 et
1294 5533 1416 5604 ipse
1437 5531 1512 5586 ad
1534 5548 1592 5588 se
1618 5548 1884 5602 sponsam

251 5629 513 5692 vocaret;
545 5627 610 5678 ut
645 5624 911 5680 veniendi
937 5625 1004 5680 ad
1034 5642 1093 5680 se
1126 5625 1368 5680 invicem
1399 5625 1603 5680 tierent
1633 5625 1885 5696 gratiora

315 5815 418 5875 (55)
441 5813 559 5864 Lib.
587 5814 650 5865 de
675 5817 845 5876 Isaac,
871 5829 992 5879 cap.
1023 5817 1070 5876 4,
1103 5829 1254 5866 num.
1282 5815 1363 5872 32.
1390 5815 1467 5866 33.

1984 4596 2255 4664 libidinis,
2293 4596 2389 4652 sed
2427 4612 2588 4651 arma
2622 4594 2879 4662 virtutis;
2917 4609 3169 4665 namque
3201 4593 3298 4648 ubi
3337 4597 3503 4649 erant
3531 4593 3612 4648 in-

1984 4689 2201 4746 centiva
2230 4688 2506 4757 libidinis,
2545 4689 2622 4743 ibi
2658 4704 2810 4744 nunc
2845 4692 2977 4743 sunt
3013 4687 3298 4743 domicilia
3325 4686 3610 4742 castitatis.

1985 4783 2080 4838 llic
2120 4799 2258 4854 ergo
2299 4782 2458 4837 venit
2493 4781 2563 4837 ad
2607 4781 2858 4853 laqueos,
2903 4781 3001 4835 sed
3042 4780 3430 4848 voluntarius;
3464 4779 3614 4834 venit

1984 4875 2057 4931 ad
2088 4876 2252 4942 retia,
2290 4875 2392 4930 sed
2429 4890 2681 4930 securus.
2727 4875 2902 4929 Plena
2944 4877 3106 4930 erant
3149 4873 3340 4930 omnia
3378 4872 3610 4939 retibus,

1984 4969 2194 5025 referta
2224 4969 2463 5041 laqueis,
2498 4967 2629 5023 audi
2661 4967 2943 5024 dicentem
2979 4984 2992 5022 :
3027 4991 3052 5016 «
3094 4969 3153 5022 ln
3191 4967 3279 5022 via
3309 4967 3414 5021 hac
3440 4982 3614 5038 quam

1983 5061 2364 5128 ambulabam,
2417 5061 2833 5117 absconderunt
2872 5059 3104 5132 superbi
3150 5060 3422 5130 laqueum
3470 5057 3610 5113 mihi

1985 5156 2153 5226 (Psal.
2185 5172 2322 5224 cm,
2355 5156 2430 5226 4).
2458 5177 2486 5204 ››
2517 5155 2584 5208 Et
2609 5155 2666 5210 in
2694 5153 2838 5210 libro
2866 5152 3174 5225 Sapientiae
3200 5152 3392 5208 Sirach
3424 5166 3616 5206 mone-

1984 5250 2061 5305 ris
2090 5254 2154 5305 ut
2179 5265 2488 5322 cognoscas
2513 5247 2648 5320 quia
2673 5247 2734 5302 in
2763 5247 2954 5302 medio
2992 5246 3330 5318 laqueorum
3356 5244 3612 5300 ambulas

1987 5344 2196 5415 (E60111,
2240 5359 2316 5411 Ix,
2361 5343 2472 5413 20).
2499 5342 2650 5406 Quot
2679 5340 2832 5406 vitia,
2869 5343 2953 5394 tot
2990 5338 3168 5407 retia;
3203 5342 3341 5409 quot
3366 5342 3610 5410 peccata,

1986 5439 2072 5492 tot
2099 5436 2303 5508 laquei.

2057 5532 2144 5586 44.
2174 5529 2526 5586 Ηωνθᾱὶιιιινὶὶ
2553 5529 2674 5599 jam
2716 5531 2770 5580 te
2808 5541 2981 5580 nexus
3016 5525 3308 5595 tenebant,
3348 5525 3506 5581 venit
3541 5526 3612 5580 ad

1986 5626 2218 5697 laqueos
2261 5625 2450 5692 Jesus,
2502 5626 2564 5676 ut
2613 5620 2791 5675 Adam
2843 5619 3117 5683 solveret;
3169 5618 3327 5675 venit
3373 5618 3613 5674 liberare

2050 5813 2146 5876 (56)
2172 5814 2230 5864 In
2259 5811 2392 5878 psal.
2429 5823 2628 5872 cxvui,
2664 5822 2825 5860 serm.
2853 5809 2901 5868 6,
2931 5821 3084 5868 unm.
3112 5808 3276 5861 t8-26.
