3936 6158
476 235 609 291 1979

1619 233 1962 290 COMMENT.
1991 231 2072 290 IN
2115 232 2398 290 CANTICA
2436 235 2700 292 CANTIC.

3638 245 3733 303 i980

415 352 420 365 ’
471 360 623 433 quod
667 358 938 432 perierat.
981 360 1196 416 Omnes
1242 358 1462 414 retibus
1503 357 1865 423 tenebamur,
1913 357 2106 412 nullus
2129 369 2183 443 Α
2209 358 2501 421 Columba,
2558 362 2621 414 ut
2669 357 2942 430 spiritalia
2995 361 3180 429 petat,
3237 361 3507 417 terrestria
3552 365 3740 424 derelin-

466 454 644 512 alium
689 469 890 510 eruere
936 458 1182 526 poterat,
1235 469 1365 508 cum
1415 469 1475 508 se
1527 452 1716 524 ipsum
1757 468 1875 508 non
1918 454 2104 522 posset

469 565 692 606 eruere.
729 548 880 604 Talis
922 563 1058 619 ergo
1100 547 1454 602 necessarius
1496 546 1624 612 fuit,
1667 562 1837 617 quem
1882 545 2105 600 vincula

473 640 853 716 generationis
874 641 1142 697 humanas
1165 640 1380 697 delictis
1406 640 1654 696 obnoxia
1676 656 1790 695 non
1813 641 2100 707 tenerent,

470 753 581 792 non
624 737 863 808 cepisset
905 735 1163 802 avaritia,
1209 751 1324 790 non
1367 735 1598 807 ligasset
1641 733 1827 788 dolus.
1861 734 1913 788 Is
1951 734 2104 787 solus

472 836 592 886 erat
614 832 791 899 lesus,
825 831 922 901 qui
953 846 1084 884 cum
1117 829 1286 900 hujus
1327 828 1513 883 carnis
1551 843 1610 883 se
1640 826 2105 882 circumdedisset

472 924 730 991 vinculis,
762 926 958 994 captus
997 939 1114 978 non
1155 927 1296 991 erat,
1342 937 1459 977 non
1502 927 1623 976 erat
1663 920 1969 992 alligatus:
2006 920 2101 976 sed

471 1017 807 1089 dirumpens
832 1033 898 1072 ea
920 1020 1093 1089 atque
1123 1015 1450 1082 dissolvens,
1484 1015 1556 1069 ad
1583 1031 1644 1070 se
1683 1015 1864 1086 magis
1887 1014 2106 1069 vocavit

472 1112 813 1180 Ecclesium,
862 1113 1198 1182 Prospiciens
1244 1125 1342 1182 per
1387 1110 1625 1180 laqueos,
1664 1111 1900 1164 eminens
1945 1123 2106 1178 super

475 1208 647 1271 retia;
682 1209 830 1262 utet
860 1206 974 1276 ipsa
1013 1203 1256 1259 disceret
1279 1202 1516 1258 vinculis
1547 1219 1659 1258 non
1702 1202 1903 1258 teneri.
1935 1201 2102 1258 Deni-

475 1316 586 1373 que
617 1315 682 1356 eo
707 1314 886 1370 usque
911 1314 1029 1354 non
1054 1298 1226 1369 longe
1251 1315 1283 1353 a
1307 1296 1542 1352 vinculis
1568 1297 1697 1366 fuit,
1719 1301 1786 1352 ut
1807 1312 1913 1368 pro
1938 1295 2106 1351 nobis

474 1393 691 1448 subiret
726 1399 782 1448 et
827 1396 1098 1458 mortem,
1144 1391 1240 1447 sed
1283 1396 1475 1446 tamen
1514 1407 1628 1446 non
1672 1405 1868 1446 servus
1905 1389 2107 1446 mortis

475 1485 729 1554 effectus,
772 1487 869 1542 sed
907 1486 1056 1541 liber
1091 1485 1243 1541 inter
1281 1489 1576 1552 mortuos;
1621 1484 1766 1540 liber
1794 1483 1950 1540 enim
1983 1486 2106 1539 erat

473 1580 573 1652 qui
604 1580 887 1635 solvenda:
929 1581 1132 1634 mortis
1169 1583 1512 1651 potestatem
1546 1578 1814 1634 habebat.
1846 1578 2106 1650 Denique

472 1673 595 1744 ipse
623 1676 676 1728 te
700 1674 896 1732 doceat
918 1673 1017 1745 qui
1047 1673 1126 1728 ait
1152 1690 1164 1728 :
1199 1695 1227 1722 «
1255 1673 1467 1728 Solvite
1487 1673 1772 1744 templum
1801 1673 1930 1740 hoc,
1959 1674 2015 1726 et
2043 1671 2102 1726 in

2207 457 2363 522 quat.

2273 547 2363 600 48.
2415 549 2568 611 Ecce,
2625 546 2836 618 inquit,
2890 550 3056 604 hiem
3105 550 3392 618 praeteriit,
3440 551 3583 606 imber
3624 556 3744 619 abiit,

2202 639 2442 695 discessit
2481 641 2603 705 sibi,
2656 642 2810 709 ﬂores
2855 643 2960 697 uisi
3001 646 3132 696 sunt
3173 643 3233 696 in
3283 648 3440 705 ter'ra,
3480 649 3653 716 tempus
3685 665 3749 704 se-

2201 733 2368 788 candi
2405 733 2646 789 advenit.
2681 737 2821 790 Ante
2864 735 3174 790 adventum
3210 735 3410 791 Christi
3434 735 3595 792 hiems
3621 747 3749 796 erat:

2203 827 2358 881 venit
2400 826 2675 895 Christus,
2725 828 2859 883 fecit
2900 832 3182 884 aestatem.
3229 830 3384 883 Tunc
3422 831 3589 885 omnia
3628 840 3754 889 erant

2202 919 2407 974 ﬂorum
2436 920 2650 992 indiga,
2683 922 2832 977 nuda
2869 922 3173 986 virtutum;
3216 937 3410 992 passus
3439 929 3513 978 est
3535 924 3756 992 Christus,

2205 1019 2261 1069 et
2289 1014 2483 1069 omnia
2517 1019 2814 1086 coeperunt
2855 1031 3012 1070 novas
3053 1015 3255 1086 gratiae
3283 1015 3555 1070 fecundari
3591 1020 3757 1089 germi-

2205 1107 2392 1162 nibus.
2437 1109 2624 1164 Imber
2671 1109 2811 1164 abiit
2855 1110 3097 1164 luxurias
3140 1109 3486 1180 profluentis,
3525 1117 3575 1165 et
3608 1111 3762 1166 nubila

2204 1203 2362 1257 tetris
2389 1209 2515 1257 orta
2544 1203 2776 1274 flagitiis
2804 1203 2994 1258 aestiva
3013 1203 3138 1274 jam
3167 1219 3328 1271 pura:
3353 1203 3672 1260 conscientias
3693 1222 3762 1260 se-

2205 1297 2448 1352 renitate
2492 1298 2767 1352 laxantur.
2812 1297 2938 1352 Ideo
2978 1313 3096 1352 non
3130 1296 3379 1351 evadunt
3417 1313 3632 1368 quorum
3663 1298 3766 1369 fuga

2204 1390 2263 1446 in
2303 1391 2499 1445 hieme
2532 1389 2626 1459 ﬁt;
2665 1390 2801 1462 quia
2845 1407 2956 1446 non
2997 1396 3318 1462 sequuntur
3355 1391 3559 1446 Domini
3596 1392 3766 1462 passio-

2207 1499 2358 1552 nem,
2404 1500 2521 1539 non
2571 1484 2780 1539 tollunt
2821 1500 3044 1540 crucem
3092 1500 3272 1550 suam,
3321 1487 3378 1539 et
3418 1484 3672 1539 Christum
3707 1500 3769 1538 se-

2205 1583 2478 1650 quuntur.

2276 1673 2365 1726 49.
2388 1672 2578 1736 Imber
2603 1671 2840 1743 impedit
2869 1675 3034 1728 flores
3056 1690 3073 1742 ;
3101 1678 3159 1726 at
3191 1688 3345 1728 nunc
3373 1672 3532 1728 ﬂores
3558 1670 3774 1726 videntur

476 1741 664 1823 triduo
696 1741 1043 1822 resuscitabo
1070 1767 1211 1822 illud
1246 1769 1446 1835 (10am,
1491 1784 1546 1834 ιι,
1591 1741 1698 1832 1-9).
1734 1789 1761 1816 ››
1795 1767 2102 1822 Audiamus
2125 1741 2180 1811 Β
2205 1765 2262 1820 in
2292 1771 2464 1820 terra.
2495 1765 2637 1822 Boni
2671 1741 2842 1821 flores
2868 1765 3126 1837 apostoli,
3156 1765 3253 1837 qui
3285 1765 3622 1821 diversorum
3643 1763 3778 1834 scrip-

473 1860 662 1932 itaque
688 1860 826 1932 quid
855 1860 1006 1915 dicat
1036 1877 1047 1914 :

545 1957 633 2008 45.
682 1955 859 2023 (Vers.
911 1956 1118 2021 H43.)
1161 1955 1425 2023 Exsurge,
1476 1957 1619 2016 veni,
1660 1957 1916 2024 proxima
1952 1969 2099 2019 mea;

474 2048 581 2102 hoc
612 2052 715 2114 est,
744 2063 915 2118 surge
947 2064 980 2100 a
1007 2047 1265 2114 mortuis,
1295 2063 1541 2118 exsurge
1569 2063 1603 2101 a
1631 2046 1868 2101 vinculis
1897 2046 2102 2118 quibus

474 2140 826 2196 circumdata
859 2140 1162 2195 tenebaris.
1194 2142 1468 2212 Exsurge,
1498 2140 1633 2212 quia
1671 2157 1780 2212 ego
1819 2141 2103 2194 resurrexi

475 2233 579 2289 tibi
618 2253 630 2288 :
663 2233 816 2289 solve
852 2234 1075 2289 vincula
1113 2233 1452 2306 iniquitatis,
1487 2234 1620 2306 quia
1656 2250 1763 2306 ego
1796 2234 1920 2305 jam
1965 2234 2103 2289 solvi

475 2328 606 2397 tibi;
638 2328 787 2395 veni,
813 2328 943 2400 quia
962 2328 1084 2399 jam
1117 2328 1258 2382 retia
1284 2329 1531 2383 resoluta
1557 2331 1707 2383 sunt.
1736 2328 1905 2398 Virgo
1934 2344 2103 2400 pepe-

473 2421 568 2490 rit,
607 2437 751 2493 puer
787 2426 954 2477 natus
984 2439 1049 2477 ex
1087 2422 1304 2493 virgine
1334 2426 1438 2488 est,
1469 2422 1614 2476 nihil
1638 2421 1810 2477 debet
1836 2421 2100 2477 muliebri

474 2515 813 2583 hmreditati,
840 2516 1003 2588 quasi
1033 2515 1182 2570 illius
1206 2514 1466 2570 mulieris
1497 2532 1610 2571 non
1645 2519 1904 2582 tenetur;
1935 2531 2102 2571 cerne

472 2608 730 2665 medium
757 2609 1036 2681 parietem
1067 2609 1335 2664 maceriae
1355 2609 1477 2680 jam
1517 2610 1786 2677 solutum,
1817 2610 1917 2682 qui
1953 2611 2099 2665 inte-

474 2702 689 2758 riorum
711 2701 1017 2759 affectuum
1037 2702 1404 2758 concordiam
1431 2702 1733 2769 dividebat,
1759 2706 1818 2757 et
1842 2704 1899 2757 in
1924 2703 2104 2758 diver-

473 2813 601 2851 sum
627 2796 911 2852 excitabat
939 2796 1318 2852 dissensiones
1347 2797 1726 2868 corporalium
1754 2798 2098 2866 passionum.

472 2890 612 2946 Veni
653 2906 788 2961 ergo
835 2907 1046 2958 secura,
1097 2892 1265 2961 cupio
1310 2890 1501 2944 videre
1551 2891 1759 2944 faciem
1812 2894 1990 2957 tuam,
2047 2895 2100 2944 et

473 2984 670 3039 audire
695 2999 894 3038 vocem
922 2989 1075 3038 tuam
1109 3001 1121 3038 :
1152 2983 1303 3051 veni,
1334 2991 1392 3038 ut
1411 2984 1535 3054 jam
1565 3000 1656 3038 me
1686 3000 1786 3054 per
1818 2985 1958 3038 retia
1988 3000 2102 3038 non

2203 1865 2392 1915 torum
2443 1876 2674 1915 suorum
2731 1864 2902 1932 atque
2954 1875 3190 1931 operum
3247 1859 3516 1914 fuderunt
3561 1858 3776 1912 odorem.

2209 1957 2434 2025 Tempus
2463 1955 2684 2009 secandi
2721 1954 2959 2015 advenit,
2991 1952 3223 2025 quando
3258 1958 3486 2008 matura
3521 1953 3576 2006 in
3605 1950 3781 2006 horreis

2205 2048 2489 2102 frumenta
2511 2047 2860 2110 conduntur;
2892 2052 2948 2102 et
2982 2047 3078 2118 qui
3120 2046 3305 2113 metit,
3340 2044 3643 2101 mercedem
3667 2044 3780 2098 accic

2203 2141 2308 2212 pit.
2355 2142 2474 2198 νοω
2515 2143 2745 2196 turturis
2791 2141 2990 2196 audita
3027 2146 3123 2204 est,
3167 2140 3301 2212 quia
3343 2138 3556 2194 invenit
3587 2137 3682 2192 sibi
3714 2137 3782 2190 ni-

2205 2235 2376 2303 dum;
2431 2233 2679 2288 Ecclesia
2735 2235 2890 2288 enim
2948 2233 3154 2288 domus
3205 2237 3292 2288 est
3345 2231 3620 2288 castitatis.
3666 2231 3786 2286 Ficus

2203 2343 2332 2400 quas
2357 2331 2588 2399 propter
2611 2326 3078 2383 infecunditatem
3103 2326 3419 2397 jubebatur
3450 2325 3640 2392 excidi,
3665 2327 3785 2392 [mc-

2207 2428 2294 2477 tus
2336 2422 2482 2488 ferre
2521 2422 2645 2490 jam
2686 2423 2862 2492 erepit.
2915 2419 3086 2476 Vinea
3125 2420 3407 2476 translata
3453 2436 3519 2475 ex
3571 2420 3787 2490 Egypto,

2197 2516 2320 2586 jam
2350 2531 2464 2569 non
2496 2514 2758 2569 maceriis
2789 2514 3077 2570 destructa
3115 2514 3412 2586 depositis,
3449 2514 3742 2568 incursatur
3768 2526 3790 2560 a

2202 2608 2436 2673 bestiis;
2464 2624 2570 2663 nec
2604 2607 2866 2663 informis
2894 2607 3167 2677 sentibus,
3200 2607 3299 2662 sed
3335 2607 3512 2662 odora
3533 2607 3648 2677 jam
3673 2601 3792 2658 ﬂori-

2203 2703 2328 2758 bus.

2276 2800 2361 2850 50.
2427 2796 2534 2866 (5‘7)
2586 2797 2862 2864 Exsurge,
2920 2795 3126 2866 inquit,
3177 2798 3328 2858 ueni,
3396 2797 3640 2866 promissio
3685 2805 3795 2849 mea.

2201 2893 2445 2958 formosa
2483 2905 2622 2954 mea,
2660 2891 2907 2945 columba
2944 2905 3082 2952 mea,
3115 2891 3367 2960 perfecta
3401 2903 3549 2953 metu
3585 2886 3800 2958 pretim

2204 2986 2402 3056 utique
2429 2983 2568 3038 fidei
2600 2983 2906 3050 desiderio,
2944 2987 3186 3050 formosa
3224 2983 3435 3038 decore
3473 2979 3699 3044 virtutis,
3732 2991 3797 3031 co-

472 3077 685 3147 videas,
728 3077 828 3132 sed
870 3078 1017 3133 facie
1059 3077 1132 3132 ad
1172 3077 1375 3132 faciem
1416 3077 1662 3132 vultibus
1700 3079 1966 3132 amatoris
2013 3078 2100 3132 di-
2125 3107 2179 3180 Ο
2206 3079 2390 3133 lumba
2438 3079 2620 3150 gratia
2670 3077 2947 3149 spirituali
2978 3095 2991 3130 :
3024 3095 3052 3128 α
3097 3078 3307 3132 Pennas
3356 3076 3514 3131 enim
3558 3070 3800 3175 columba

472 3169 616 3225 lecta
643 3169 898 3242 potiaris.

543 3266 632 3319 46.
663 3263 730 3317 Et
757 3264 848 3318 hic
873 3263 977 3318 ista
1005 3264 1188 3318 ethice
1218 3263 1456 3318 decursa
1483 3264 1617 3319 sint.
1648 3265 1878 3334 Mystica
1907 3270 2101 3320 autem

473 3357 568 3412 illa
607 3357 653 3412 si
690 3357 988 3428 possimus,
1019 3358 1107 3411 vel
1137 3357 1290 3412 linea
1324 3357 1654 3413 intueamur
1683 3360 1959 3414 extrema.
2002 3359 2101 3414 Se-

474 3449 642 3505 debat
678 3449 827 3505 intra
865 3450 1099 3506 domum
1139 3450 1358 3522 Sponsa
1397 3451 1602 3506 devota
1648 3451 1908 3519 Domino,
1955 3452 2102 3506 intra

470 3543 749 3614 parietem
795 3544 937 3616 legis
987 3547 1044 3599 et
1082 3543 1342 3618 1568
1393 3545 1831 3616 prophetarum,
1881 3545 2103 3617 spirita-

470 3637 611 3693 lium
640 3637 888 3709 lapidum
917 3638 1367 3694 exmdiﬁcatione
1393 3638 1716 3707 fundatum,
1738 3638 1836 3710 qui
1863 3639 2097 3694 claude-

469 3731 570 3786 bat
593 3733 763 3803 atque
783 3731 1027 3786 vallabat
1053 3731 1291 3787 domum
1322 3732 1562 3803 regiam,
1586 3733 1814 3804 plenam
1837 3731 2102 3803 jucundi-

468 3824 600 3879 tatis
632 3827 802 3896 atque
835 3823 1069 3880 laetitia.
1106 3825 1418 3882 Mirabatur
1456 3825 1756 3880 thesauros
1798 3825 2004 3896 regios,
2043 3831 2100 3878 et

467 3918 796 3973 intuebatur
837 3917 1096 3985 sollicite,
1144 3919 1380 3990 cupiens
1431 3918 1769 3989 sapientiam
1827 3934 1955 3990 quae
2003 3920 2100 3974 has

470 4011 577 4065 sibi
603 4011 822 4067 divitias
849 4011 1286 4081 demonstraret,
1311 4011 1599 4067 asciscere.
1622 4014 1683 4067 In
1707 4017 1928 4068 secreto
1957 4016 2098 4079 erat,

469 4104 570 4158 sed
625 4103 824 4157 secreti
878 4104 1056 4174 ipsius
1109 4104 1484 4175 interpretem
1540 4105 1884 4176 requirebat.
1938 4105 2101 4160 Venit

471 4195 748 4251 Dominus
791 4197 949 4251 Jesus
995 4196 1199 4251 saliens
1247 4213 1420 4267 super
1469 4201 1713 4252 montes.
1764 4198 1934 4253 Nobis
1971 4215 2099 4254 sero

469 4289 767 4345 videbatur
825 4290 1048 4359 venire,
1108 4290 1206 4344 sed
1261 4290 1357 4344 ille
1425 4291 1788 4361 properabat.
1852 4291 2101 4347 Saliebat

467 4383 711 4455 denique
767 4389 825 4439 et
869 4382 1250 4450 transiliebat,
1299 4387 1364 4438 ut
1408 4384 1739 4440 Iudaeorum
1782 4386 2100 4456 corporalia

2205 3171 2590 3242 deargentatae
2620 3172 2782 3241 (Psal.
2815 3187 2981 3237 vau,
3013 3171 3099 3240 t4)
3123 3190 3150 3220 ι)
3181 3175 3459 3226 aeternam
3487 3168 3638 3223 illam
3662 3162 3801 3235 signi-

2203 3266 2376 3320 ficant
2429 3268 2795 3336 potestatem,
2854 3271 2910 3318 et
2968 3264 3248 3319 columbae
3315 3265 3538 3318 volatus
3597 3257 3802 3332 Spiritus

2205 3359 2381 3414 sancti
2431 3359 2789 3430 praesentiam
2841 3358 3170 3413 declaravit.
3217 3358 3401 3413 Vocat
3450 3356 3623 3428 igitur
3661 3352 3723 3406 ad
3758 3365 3801 3402 se

2205 3469 2330 3507 eam
2372 3452 2626 3507 Christus
2653 3457 2716 3506 ut
2750 3452 2962 3519 veniat,
2991 3452 3269 3523 quoniam
3301 3447 3686 3522 spiritualibus
3705 3444 3802 3516 jam

2201 3546 2402 3618 pretiis
2453 3546 2645 3601 dotata
2695 3545 2971 3601 veniebat.
3014 3545 3153 3612 Quia
3202 3561 3352 3606 ecce,
3407 3543 3620 3614 inquit,
3669 3541 3804 3593 hiems

2201 3641 2490 3712 praeteriit,
2533 3640 2702 3694 imber
2743 3640 2899 3702 abiit,
2946 3638 3180 3694 discessit
3216 3639 3341 3704 sibi,
3383 3639 3538 3706 ﬂores
3577 3635 3674 3690 uisi
3703 3634 3804 3686 sunt

2201 3735 2261 3787 in
2317 3739 2483 3787 terra.
2533 3732 2724 3787 Videte
2776 3731 3268 3803 quemadmodum
3321 3733 3522 3784 sancta
3574 3725 3805 3782 invitetur

2202 3827 2467 3882 Ecclesia.
2511 3827 2708 3885 Hiems.
2756 3825 2963 3896 inquit,
3016 3825 3256 3879 discessit
3294 3825 3424 3885 sibi,
3474 3838 3546 3876 ne
3586 3820 3802 3874 hiemem

2201 3919 2354 3976 nuda
2384 3918 2671 3987 formidet,
2705 3918 2958 3972 hiemem
2988 3933 3105 3972 non
3134 3917 3438 3989 temporis,
3469 3915 3564 3971 sed
3592 3909 3802 3968 infirmi-

2202 4013 2353 4078 tatis,
2382 4029 2510 4084 quas
2549 4027 2752 4083 agrum
2792 4012 3001 4066 anima:
3027 4011 3344 4067 fecundum
3379 4009 3542 4066 omni
3581 4007 3710 4062 ﬂore
3735 4001 3805 4055 di-

2203 4106 2423 4178 spoliat.
2458 4107 2554 4160 Est
2581 4105 2735 4160 enim
2762 4104 2946 4160 hiems
2969 4121 3083 4159 non
3109 4105 3323 4160 terreni
3358 4105 3512 4170 solis,
3541 4104 3625 4157 est
3650 4098 3808 4154 hiems

2201 4198 2430 4266 mentis,
2464 4198 2691 4270 quando
2722 4198 2911 4254 animo
2949 4197 3130 4269 frigus
3171 4198 3447 4264 illabitur,
3485 4193 3702 4268 quando
3729 4204 3804 4242 Va-

2200 4309 2308 4365 por
2348 4292 2520 4347 animi
2563 4291 2830 4359 vanescit,
2863 4292 3090 4363 quando
3133 4292 3374 4347 solvitur
3413 4292 3580 4363 vigor
3616 4299 3806 4346 sensus,

2199 4386 2426 4459 quando
2454 4385 2668 4440 nimius
2697 4385 2906 4441 humor
2940 4386 3209 4452 exundat,
3239 4391 3296 4440 et
3325 4389 3582 4440 mentem
3611 4381 3805 4452 gravat,

471 4480 528 4531 et
567 4493 762 4532 saxosa
805 4477 1077 4549 dogmata
1125 4477 1460 4532 transiliret.
1511 4477 1699 4533 Astitit
1742 4485 1868 4550 post
1915 4476 2426 4553 parie-unando
2449 4479 2690 4535 interior
2717 4479 2928 4549 caligat
2955 4484 3232 4551 aspectus.
3265 4481 3336 4534 Et
3379 4479 3514 4534 ideo
3544 4477 3620 4531 ait
3647 4469 3808 4528 Domi-

469 4574 586 4623 tem
619 4569 824 4624 domus
850 4586 980 4640 quae
1008 4576 1133 4626 erat
1161 4570 1218 4624 in
1248 4571 1438 4626 Veteri
1466 4571 1845 4640 Testamento,
1874 4573 2095 4644 prospi-

468 4661 625 4716 ciens
650 4678 754 4733 per
778 4663 922 4732 legis
951 4664 1262 4718 fenestram
1294 4671 1350 4719 et
1376 4665 1784 4736 prophetarum
1809 4681 2093 4720 cavernas.

539 4757 629 4810 47.
669 4755 933 4810 Nondum
969 4762 1135 4812 erant
1166 4757 1371 4813 domus
1403 4757 1554 4813 illius
1583 4764 1777 4830 aperta
1807 4758 2094 4828 vestibula,

466 4849 723 4905 nondum
758 4848 938 4904 claves
977 4849 1276 4920 sapientiae
1314 4857 1607 4920 portarum
1645 4852 1894 4907 claustra
1935 4859 2094 4924 pate-

465 4943 739 5010 fecerunt,
791 4942 997 5014 quibus
1050 4941 1192 5012 legis
1244 4943 1654 4999 claudebantur
1705 4947 1972 5015 interna;
2025 4946 2098 5000 de

466 5036 756 5108 superiore
811 5042 1003 5091 tamen
1032 5077 1045 5104 ,
1102 5036 1211 5090 hoc
1273 5041 1360 5091 est
1422 5037 1694 5107 spiritali,
1747 5043 1908 5109 parte
1961 5056 2095 5111 pro-

468 5134 749 5201 spectans,
781 5130 1082 5185 Ecclesiam
1117 5133 1296 5195 vocat,
1325 5133 1391 5184 ut
1420 5147 1521 5201 per
1550 5132 1735 5202 legem
1767 5137 1824 5188 et
1848 5134 2096 5205 prophe-

467 5228 583 5288 tas,
635 5224 927 5295 Evangelii
981 5224 1191 5278 vertice
1247 5223 1504 5278 sublimis
1561 5241 1899 5297 assurgens,
1954 5227 2099 5282 retia

466 5317 716 5373 Judaicze
748 5317 1258 5389 interpretationis,
1289 5321 1348 5372 et
1388 5317 1566 5372 nodos
1603 5319 1886 5391 intrepido
1923 5322 2101 5375 calcet

466 5411 733 5481 vestigio.
790 5411 1037 5483 Ideoque
1086 5414 1342 5468 Proxima
1400 5417 1650 5480 vocatur,
1704 5418 1764 5467 ut
1817 5414 2102 5470 adhaereat

470 5502 722 5571 Christo,
786 5505 1074 5560 mundana
1136 5522 1249 5561 non
1301 5511 1556 5577 quierat;
1622 5505 1751 5560 ideo
1809 5509 2092 5572 Formosa,

471 5599 534 5648 ut
563 5595 841 5665 speciosos
878 5601 1390 5672 evangelizantium
1424 5601 1602 5673 pedes
1640 5601 1924 5672 perferat;
1967 5602 2098 5657 ideo

2196 4590 2306 4630 nus
2335 4591 2347 4627 ε
2381 4595 2409 4622 ‹‹
2439 4571 2632 4628 Videte
2661 4588 2730 4627 ne
2756 4572 2857 4627 fiat
2879 4572 3015 4644 fuga
3039 4577 3225 4628 vestra
3251 4572 3451 4627 hieme
3478 4570 3566 4625 vel
3593 4565 3803 4622 sabbato

2201 4669 2442 4738 (Matth.,
2491 4682 2632 4732 xxxv,
2681 4666 2801 4736 20);
2857 4688 2882 4714 η
2940 4667 3158 4721 bonum
3210 4667 3372 4720 enim
3420 4670 3483 4720 ut
3534 4669 3662 4718 tunc
3704 4659 3807 4713 dies

2191 4760 2395 4832 jndicii
2420 4761 2510 4815 vel
2539 4759 2742 4816 mortis
2767 4759 3052 4826 adveniat,
3082 4775 3212 4814 cum
3239 4759 3400 4830 viget
3424 4756 3598 4813 animi
3625 4749 3806 4808 blanda

2197 4853 2519 4924 temperies,
2551 4869 2681 4908 cum
2717 4852 2942 4907 caeleste
2975 4851 3314 4924 mysterium
3354 4867 3558 4908 serena
3590 4849 3709 4902 luce
3737 4859 3809 4897 re-

2197 4946 2481 5017 splendet,
2526 4962 2656 5001 cum
2699 4962 2798 5001 cor
2831 4951 3091 5001 nostrum
3133 4945 3298 5000 ardet
3341 4947 3402 5000 in
3449 4943 3630 4999 nobis.
3673 4939 3805 4992 Tunc

2199 5041 2353 5096 enim
2383 5040 2636 5095 Christus
2667 5045 2752 5096 est
2781 5055 3051 5111 prmsens,
3080 5040 3222 5095 sicut
3253 5042 3541 5094 testantur
3567 5037 3622 5091 in
3655 5035 3807 5088 Evan-

2198 5135 2346 5207 gelio
2372 5137 2654 5190 Ammaon
2687 5137 2743 5189 et
2765 5133 3062 5205 Cleophas,
3093 5133 3351 5189 dicentes
3382 5150 3396 5188 :
3433 5154 3463 5182 ‹‹
3495 5133 3686 5186 Nonne
3721 5138 3805 5178 cor

2199 5234 2456 5284 nostrum
2481 5228 2691 5283 ardens
2725 5231 2849 5283 erat
2886 5227 2946 5281 in
2979 5227 3138 5282 nobis
3178 5227 3238 5282 in
3267 5226 3383 5293 via,
3423 5241 3553 5281 cum
3581 5218 3802 5294 aperuis

2201 5325 2284 5377 set
2328 5321 2491 5376 nobis
2528 5321 2849 5394 Scripturas
2889 5321 3057 5392 (Luc.,
3107 5337 3253 5390 xxxv,
3297 5321 3440 5390 32)?
3482 5341 3510 5368 ν)
3543 5317 3695 5386 Viget
3722 5327 3801 5365 au-

2199 5420 2318 5472 tem
2361 5416 2605 5484 animus,
2637 5415 2863 5487 quando
2902 5414 3074 5470 etiam
3127 5415 3228 5468 ﬂos
3265 5413 3502 5468 videtur
3539 5411 3594 5466 in
3637 5406 3798 5463 terris.

2197 5509 2331 5573 Quis
2369 5514 2453 5564 est
2501 5509 2603 5564 iste
2643 5509 2746 5564 ﬂos
2784 5508 2920 5563 boni
2961 5508 3170 5575 odoris,
3217 5507 3326 5562 nisi
3372 5507 3469 5561 ille
3504 5503 3600 5576 qui
3635 5498 3796 5554 dixit:

2198 5605 2309 5673 Ego
2333 5605 2427 5671 ﬂos
2464 5605 2643 5674 campi
2675 5609 2725 5658 et
2757 5604 2934 5658 lilium
2963 5603 3288 5659 convallium
3330 5600 3543 5673 (supra,
3565 5609 3691 5652 vers.
3723 5595 3796 5658 lli

530 5787 628 5851 (57)
654 5786 739 5836 Ex
765 5787 1025 5852 Apologia
1053 5789 1228 5842 David
1261 5799 1554 5857 postrema.
1588 5807 1705 5860 cap.
1749 5795 1799 5854 8,
1825 5806 1979 5845 num.
2012 5792 2092 5857 43,
2123 5795 2201 5846 44.
