4022 6176
292 255 418 308 1981

1313 254 1354 310 E
1392 254 1700 324 somnis
1739 255 1790 308 s.
1835 254 2148 311 mnosu
2186 253 2597 327 coLLEcrus.

3517 253 3652 310 1982

285 376 358 445 de
377 391 508 446 quo
546 381 602 430 et
635 375 696 431 in
731 376 876 432 Isaia
914 376 1189 461 scriptum
1228 381 1353 434 est:
1385 397 1412 426 «
1455 376 1616 432 Exiet
1649 378 1808 448 virga
1847 377 1916 432 de
1939 378 2282 462 Ainlirmus
2350 378 2570 446 arenti,
2635 377 2972 452 ubertatem.
3003 374 3315 451 sapientiae
3361 375 3653 452 naturalis

283 470 474 525 radice
504 470 679 539 Iesse,
728 471 980 542 etvirga
1023 487 1094 526 ex
1135 471 1328 526 radice
1374 471 1666 540 ascendet,
1712 474 1770 526 et
1813 470 1915 525 ﬂos

285 580 356 618 ex
384 563 540 634 virga
581 564 728 620 exiet
769 565 916 632 (Isa.,
960 581 1034 631 ιι,
1083 571 1154 633 1).
1202 584 1230 616 ν
1265 565 1440 621 Radix
1483 565 1676 638 utique
1704 565 1917 636 familia

279 656 615 713 Iudaeorum
659 664 762 726 est,
805 659 962 730 virga
1003 659 1199 726 Maria,
1247 660 1348 714 ﬂos
1391 658 1574 714 Maria
1617 659 1912 727 Christus;

283 751 386 824 qui
423 752 650 823 quando
687 755 875 807 nostra
914 753 1244 823 resplendet
1276 753 1336 808 in
1379 758 1556 822 terra,
1589 758 1646 808 et
1679 752 1735 807 in
1773 768 1913 824 agro

280 846 494 902 anime
521 845 762 912 redolet,
792 847 877 901 vel
915 846 974 901 in
1013 846 1260 902 Ecclesia
1290 863 1394 902 sua
1424 851 1643 914 vernat,
1676 862 1778 902 nec
1810 846 1912 900 fri-

282 957 391 1012 gus
435 956 734 1012 possumus
773 940 1002 1007 timere,
1031 957 1139 995 nec
1176 940 1428 1011 pluviam
1455 939 1658 1008 vereri,
1689 939 1786 996 sed
1815 957 1911 996 ex-

279 1039 540 1107 spectare
585 1033 782 1104 judicii
838 1033 1012 1090 diem.
1066 1035 1134 1089 Et
1181 1033 1309 1090 ideo
1358 1034 1604 1090 Ecclesia
1655 1041 1719 1090 ut
1761 1034 1914 1090 hunc

278 1128 483 1184 ﬂorem
521 1127 774 1195 videret,
813 1129 972 1183 omni
1015 1127 1205 1183 studio
1243 1127 1574 1195 festinabat,
1615 1128 1759 1183 sicut
1792 1128 1914 1199 ipsa

277 1222 340 1277 in
369 1221 778 1294 posterioribus
816 1220 1072 1294 1569
1108 1225 1350 1278 testatur
1388 1222 1578 1278 dicens
1609 1239 1622 1277 :
1658 1243 1687 1272 ‹‹
1720 1223 1782 1277 In
1814 1237 1908 1276 cu-

274 1316 381 1372 bili
446 1315 704 1372 noctibus
758 1315 992 1386 quasivi
1045 1331 1218 1386 quem
1277 1315 1466 1387 diligit
1524 1315 1719 1370 anima
1783 1332 1910 1370 mea

275 1409 484 1480 (Cant,
515 1425 593 1476 iu,
625 1413 697 1478 1).
731 1431 758 1458 ››

354 1505 464 1557 50'.
506 1503 612 1573 (58)
650 1503 802 1557 Ficus
837 1502 1071 1572 protulit
1107 1517 1318 1571 grossos
1355 1517 1499 1558 suos.
1541 1505 1687 1573 Apta
1731 1504 1908 1573 Syna-

275 1613 448 1669 goga:
475 1595 693 1651 arboris
719 1596 880 1650 istius
905 1596 1258 1666 comparatio
1285 1600 1386 1664 est,
1415 1596 1549 1668 quia
1575 1595 1720 1651 sicut
1741 1595 1911 1650 arbor

2018 471 2248 526 haurire
2295 488 2410 526 non
2450 471 2654 542 potuit.
2704 473 2768 526 Et
2813 469 2943 525 ideo
2990 469 3141 523 velut
3188 469 3404 524 inutilis
3447 468 3654 525 decidit

2017 565 2250 632 fructus,
2284 568 2344 620 ut
2378 565 2540 637 quasi
2580 582 2651 620 ex
2682 563 2885 618 iisdem
2924 561 3210 639 claviculis
3245 561 3460 617 arboris
3496 562 3646 617 fruc-

2017 663 2216 728 tuosae,
2269 659 2339 714 de
2394 657 2747 730 pinguedine
2811 655 3108 728 religionis
3161 654 3410 726 antiqua
3475 671 3649 710 novus

2017 752 2276 807 Ecclesia
2326 752 2569 824 populus
2617 754 2960 822 emergeret.
3008 750 3159 820 Ergo
3207 747 3305 802 ille
3357 747 3454 819 qui
3504 752 3649 815 erat,

2016 862 2139 901 esse
2179 845 2404 914 desivit,
2435 849 2500 900 ut
2539 844 2644 899 iste
2687 844 2968 916 inciperet
3005 841 3102 914 qui
3142 857 3257 897 non
3299 846 3447 910 erat;
3479 839 3654 913 primi

2017 947 2205 994 tamen
2232 955 2300 994 ex
2327 939 2520 1006 Israel,
2548 954 2688 1012 quos
2715 943 2935 993 naturae
2962 933 3245 990 validioris
3269 950 3461 989 ramus
3490 937 3647 989 extu-

2013 1032 2177 1101 lerat,
2208 1032 2308 1088 sed
2345 1032 2545 1087 umbra
2579 1031 2722 1104 legis
2761 1033 2818 1086 et
2851 1028 3053 1097 crucis,
3093 1027 3153 1083 in
3193 1027 3489 1099 utriusque
3520 1025 3653 1109 sinu,

2016 1142 2180 1182 succo
2212 1126 2443 1198 gemino
2476 1124 2733 1192 colorati,
2765 1123 2947 1198 grossi
2985 1121 3418 1179 maturescentis
3451 1136 3650 1191 exema

2014 1220 2130 1292 plo,
2158 1219 2676 1292 pulcherrimorum
2706 1217 2891 1291 gratia
2919 1217 3208 1274 fructuum
3247 1214 3465 1270 caeteris
3499 1231 3646 1286 prie.-

2014 1313 2297 1383 stiterunt,
2326 1312 2530 1386 quibus
2567 1311 2777 1368 dicitur
2805 1329 2818 1366 :
2856 1333 2883 1361 ‹‹
2916 1309 3189 1366 Sedebitis
3229 1324 3400 1380 super
3433 1308 3647 1365 duode—-

2013 1407 2125 1464 cim
2185 1407 2456 1475 thronos,
2503 1405 2830 1478 judicantes
2879 1402 3180 1459 duodecim
3236 1401 3415 1457 tribus
3480 1402 3647 1457 Israel

2013 1501 2254 1570 (Matth.,
2281 1516 2388 1568 xix,
2418 1502 2530 1570 28).
2565 1522 2591 1549 ››

2083 1620 2170 1672 53.
2225 1618 2332 1687 (59)
2391 1619 2574 1672 Vinea:
2625 1619 2868 1685 ﬂorentes
2915 1615 3183 1669 dederunt
3230 1614 3444 1669 odorem
3468 1629 3648 1670 suum

272 1689 385 1745 ista
430 1689 577 1745 foliis
618 1689 946 1744 redundans
986 1688 1314 1755 ﬂuentibus,
1361 1705 1520 1760 spem
1567 1689 1985 1782 possessoris“
2016 1715 2188 1782 (supr.
2215 1727 2352 1766 vers.
2391 1711 2466 1781 5).
2501 1711 2650 1764 Bene
2692 1725 2796 1780 per
2833 1708 3060 1762 vineam
3093 1706 3337 1762 Ecclesia
3372 1706 3642 1778 desis“,

277 1784 369 1839 sui
437 1799 591 1839 cassa
646 1786 1005 1854 speratorum
1059 1787 1437 1854 proventuum
1490 1782 1909 1854 exspectatione

2018 1810 2134 1870 tur;
2169 1810 2230 1859 ut
2269 1804 2426 1858 enim
2466 1803 2594 1858 vitis
2632 1802 2928 1856 maritatur
2965 1800 3286 1869 arboribus,
3318 1799 3397 1855 ita
3436 1815 3641 1872 corpus

276 1876 568 1946 destituit;
621 1877 700 1931 ita
744 1877 920 1933 etiam
965 1877 1022 1932 in
1076 1877 1401 1948 Synagoga,
1449 1876 1588 1931 dum
1644 1875 1912 1931 ductores

277 1971 403 2043 ejus
439 1969 706 2042 operibus
746 1971 1058 2040 infecundi,
1091 1971 1275 2026 verbis
1303 1973 1530 2024 tantum
1569 1970 1722 2024 velut
1759 1968 1911 2028 foliis

275 2064 732 2119 redundantibus
762 2064 1098 2135 gloriantur,
1128 2063 1319 2119 inanis
1353 2063 1554 2118 umbra
1580 2062 1721 2134 legis
1747 2079 1908 2118 exsu-

273 2161 474 2231 perat;
500 2173 627 2230 spes
651 2163 842 2214 autem
870 2158 994 2214 falsi
1019 2160 1341 2228 exspectata
1367 2162 1690 2228 proventus,
1716 2157 1911 2228 papuli

275 2256 407 2308 vota
434 2252 715 2307 credentis
741 2251 946 2307 illudit.

353 2350 441 2401 51.
474 2347 566 2400 Est
591 2347 765 2402 etiam
793 2346 851 2400 in
882 2349 1087 2400 natura
1114 2345 1333 2400 arboris
1363 2361 1476 2417 quo
1507 2344 1692 2416 magis
1717 2344 1912 2399 credas

276 2442 594 2512 Synagogse
632 2439 878 2510 speciem
905 2438 1328 2510 comparatione
1364 2438 1534 2509 hujus
1559 2453 1907 2509 expressam.

277 2533 499 2589 Etenim
551 2533 595 2587 si
646 2532 955 2604 diligenter
1009 2532 1282 2604 inquiras,
1335 2532 1632 2587 discretam
1683 2532 1754 2586 ab
1809 2549 1912 2586 usu

277 2627 550 2682 arborum
593 2631 933 2680 casterarum
965 2625 1437 2680 consuetudinem
1478 2629 1700 2680 natura:
1741 2625 1912 2696 hujus

277 2719 562 2786 invenies;
617 2736 864 2790 namque
914 2719 1040 2774 alia:
1091 2719 1290 2774 ﬂorem
1351 2719 1545 2773 ferunt
1607 2725 1911 2791 antequam

271 2815 556 2880 fructum,
614 2829 896 2884 pomaque
951 2815 1195 2868 ventura
1255 2812 1579 2883 praenuntio
1635 2813 1720 2867 sui
1774 2813 1910 2868 ﬂore

272 2908 612 2979 designant;
645 2908 766 2962 haec
804 2908 925 2962 sola
955 2907 1024 2961 ab
1065 2905 1229 2961 initio
1276 2921 1446 2976 poma
1477 2905 1765 2977 germinat
1806 2923 1910 2977 pro

270 3001 544 3071 ﬂoribus;
574 3001 632 3056 in
662 3001 787 3056 aliis
820 3000 923 3056 ﬂos
953 2999 1239 3056 decutitur
1271 3005 1328 3055 et
1361 3015 1529 3072 poma
1569 3005 1908 3070 nascuntur;

274 3097 343 3151 in
387 3096 492 3150 hac
535 3111 704 3167 poma
743 3094 1035 3162 decidunt,
1080 3097 1142 3148 ut
1180 3109 1356 3164 poma
1395 3093 1716 3150 succedant.
1763 3095 1911 3166 Ergo

273 3189 476 3261 priora
519 3189 618 3244 illa
657 3205 813 3244 cassa
841 3188 1153 3253 fructuum,
1207 3187 1328 3242 vice
1362 3186 1516 3243 ﬂoris
1556 3192 1862 3260 emergunt
1893 3206 1906 3244 :

271 3284 361 3338 ita
404 3282 640 3354 pracoci
689 3281 936 3353 quodam
988 3281 1252 3336 nascendi
1296 3297 1424 3348 usu,
1471 3297 1600 3353 qua:
1649 3282 1908 3338 ordinem

271 3380 498 3432 naturae
544 3375 820 3443 nesciunt,
864 3374 1210 3430 beneﬁcium
1257 3380 1477 3430 natura
1524 3391 1748 3431 servare
1793 3392 1909 3432 non

267 3472 537 3542 possunt.
579 3468 802 3523 Etenim
843 3484 952 3539 qua
995 3484 1054 3522 se
1091 3467 1284 3523 medio
1329 3467 1561 3524 trudere
1595 3469 1665 3524 de
1706 3469 1909 3524 cortice

271 3579 513 3636 gemma
557 3562 866 3629 consuevit,
910 3577 978 3616 ea
1027 3561 1410 3616 minutissima
1455 3566 1696 3633 quaeque
1741 3562 1910 3633 hujus

271 3657 508 3729 generis
546 3672 715 3728 poma
750 3660 1134 3727 prorumpunt
1165 3671 1178 3709 :
1213 3656 1282 3710 de
1325 3655 1531 3726 quibus
1571 3656 1815 3728 legimus
1850 3657 1906 3711 in

270 3749 522 3806 Canticis
570 3749 921 3804 canticorum
973 3766 986 3803 :
1035 3751 1188 3805 Ficus
1224 3749 1456 3820 protulit
1505 3765 1714 3818 grossos
1761 3765 1905 3805 suos.

271 3846 476 3916 Itaque
507 3843 726 3900 caeteris
751 3842 1072 3897 albentibus
1096 3843 1286 3914 primo
1316 3859 1446 3898 vere
1471 3843 1750 3914 virgultis,
1788 3845 1909 3899 sola

270 3938 417 3992 ﬁcus
457 3935 689 4008 proprio
727 3936 904 3991 nescit
940 3936 1080 3992 ﬂore
1118 3952 1452 4005 canescere;
1483 3952 1551 3991 eo
1581 3936 1726 3991 forte
1759 3937 1909 4008 quod

272 4030 470 4096 nullus
511 4029 583 4084 sit
627 4029 744 4084 istis
795 4030 1071 4084 maturior
1115 4046 1246 4085 usus
1292 4031 1349 4084 in
1395 4030 1600 4101 pomis.
1651 4031 1908 4102 Namque

269 4123 709 4179 succedentibus
772 4123 898 4178 aliis
949 4139 1078 4195 quae
1145 4123 1303 4194 quasi
1353 4123 1760 4194 degenerantis.
1811 4123 1905 4178 de-

269 4223 583 4289 spuuntur,
606 4222 663 4272 et
692 4217 878 4272 arenti
901 4216 1128 4272 inﬁrma
1155 4216 1367 4281 radice,
1391 4217 1675 4272 renovatis
1705 4217 1909 4288 quibus

271 4311 351 4367 sit
388 4327 585 4366 succus
627 4310 842 4380 utilior,
885 4313 1191 4365 exuuntur.
1227 4312 1451 4366 Manent
1488 4314 1676 4366 tamen
1717 4311 1910 4382 aliqua

273 4421 531 4478 perrara,
567 4420 670 4459 nec
710 4404 1001 4471 decidunt,
1035 4404 1238 4474 quibus
1266 4405 1356 4459 hic
1381 4409 1684 4475 proventus
1712 4405 1908 4458 arrise-

2013 1898 2250 1966 animae,
2301 1897 2494 1952 anima
2555 1912 2785 1968 quoque
2837 1894 3061 1966 corpori
3115 1893 3520 1965 conjungitur;
3580 1896 3642 1950 ut

2011 1992 2174 2047 vinea
2214 1991 2353 2046 dum
2393 1991 2626 2062 ligatur,
2665 1989 2924 2061 erigitur,
2954 1993 3012 2042 et
3051 1987 3236 2042 recisa
3276 2003 3392 2041 non
3433 1985 3639 2042 minui-

2017 2089 2126 2153 tur,
2176 2085 2274 2140 sed
2323 2088 2596 2156 augetur,
2648 2083 2727 2138 ita
2772 2083 2934 2154 plebs
2985 2085 3177 2136 sancta
3227 2080 3365 2135 dum
3409 2079 3639 2152 ligatur,

2014 2179 2271 2245 exuitur;
2318 2179 2455 2233 dum
2500 2177 2858 2243 humiliatur,
2904 2175 3208 2243 attollitur;
3252 2174 3390 2228 dum
3440 2173 3643 2229 recidi-

2013 2277 2124 2340 tur,
2154 2278 2475 2327 coronatur.
2503 2271 2652 2335 Quin
2679 2270 2852 2326 etiam
2877 2275 2944 2324 ut
2967 2274 3132 2324 tener
3156 2268 3434 2335 surculus,
3465 2267 3650 2322 veteri

2011 2365 2287 2422 abscissus
2327 2365 2398 2420 ab
2439 2365 2662 2434 arbore,
2698 2364 2760 2418 in
2801 2362 3036 2418 alterius
3075 2363 3198 2416 fetu
3240 2359 3448 2416 radicis
3492 2359 3642 2415 inse-

2012 2459 2191 2528 ritur;
2229 2459 2306 2514 ita
2336 2459 2575 2530 populus
2615 2457 2708 2512 hic
2745 2461 2972 2512 sanctus
3000 2455 3212 2510 surculi
3251 2453 3459 2510 veteris
3495 2452 3640 2508 cica-

2011 2552 2245 2608 tricibus
2271 2551 2547 2618 enodatis,
2574 2551 2634 2606 in
2661 2567 2808 2606 novo
2835 2550 2932 2604 illo
2958 2549 3139 2603 crucis
3171 2548 3336 2618 signo
3367 2551 3643 2618 tanquam

2013 2646 2235 2718 gremio
2279 2646 2389 2718 pia:
2434 2643 2690 2717 parentis
2732 2645 2882 2699 fctus
2927 2642 3190 2697 inolescit
3234 2658 3246 2696 :
3290 2639 3643 2714 Spiritusque

2013 2745 2243 2796 sanctus
2295 2739 2354 2794 in
2407 2739 2516 2794 hoc
2562 2754 2892 2794 carcereum
2943 2753 3152 2808 corpus
3199 2735 3434 2790 infusus.
3479 2731 3646 2790 Velut

2012 2834 2072 2888 in
2105 2833 2248 2888 altas
2277 2833 2557 2888 demissus
2592 2837 2878 2887 terrarum
2911 2829 3154 2898 scrobes,
3183 2844 3348 2900 aquae
3385 2825 3644 2883 salutaris

2012 2927 2229 2998 irriguo
2272 2926 2440 2982 diluit
2481 2925 2762 2998 quidquid
2802 2930 2886 2980 est
2927 2923 3191 2992 fetidum,
3230 2921 3645 2978 membrorum-

2011 3037 2120 3092 que
2160 3023 2487 3076 nostrorum
2525 3018 2750 3074 habitus
2786 3019 2844 3074 in
2879 3019 3166 3073 caelestem
3195 3015 3368 3086 erigit
3402 3012 3646 3084 discipli-

1931 3133 1987 3207 Ο
2014 3131 2167 3170 nam.

2085 3232 2170 3286 54.
2203 3232 2356 3285 Hanc
2388 3231 2612 3285 vineam
2641 3229 2887 3301 diligens
2912 3228 3162 3300 agricola
3187 3226 3405 3294 fodere,
3427 3225 3640 3298 rigare,

2013 3324 2363 3380 contendere
2392 3324 2706 3390 consuevit,
2735 3322 3164 3394 eruderatisque
3190 3324 3438 3376 terrena:
3473 3317 3642 3374 molis

2012 3417 2338 3490 aggeribus,
2372 3434 2544 3488 opera
2569 3416 2825 3488 corporis
2853 3414 3029 3471 nostri
3061 3431 3214 3469 nunc
3249 3414 3364 3470 sole
3401 3412 3641 3477 torrere,

2011 3528 2162 3566 nunc
2193 3511 2374 3566 imbre
2413 3511 2780 3582 perfundere,
2819 3510 3025 3580 stipare
3064 3524 3268 3578 agrum
3310 3506 3527 3572 solitus,
3569 3521 3642 3560 ne

2012 3604 2266 3660 sentibus
2291 3619 2528 3676 gemma
2561 3603 2822 3668 laedatur,
2855 3619 2928 3656 ne
2967 3601 3212 3656 luxuriet
3246 3600 3452 3654 umbra
3477 3599 3638 3654 folio-

2013 3714 2167 3766 rum,
2200 3697 2615 3768 verborumque
2657 3695 3008 3750 infructuosa
3035 3693 3308 3766 jactantia
3344 3692 3642 3746 virtutibus

2013 3791 2430 3860 obumbrando,
2469 3789 2863 3846 maturitatem
2904 3787 3178 3843 naturalis
3215 3785 3422 3841 indolis
3457 3785 3638 3856 impe-

2013 3884 2148 3939 diat.

2084 4010 2168 4060 55.
2201 4007 2381 4075 (Vers.
2425 4008 2534 4077 14.)
2563 4007 2664 4074 (60)
2706 4009 2775 4061 Et
2811 4007 2950 4066 veni,
2978 4004 3189 4076 inquit,
3221 4002 3466 4057 columba
3502 4016 3638 4063 mea,

2011 4109 2070 4162 in
2112 4108 2397 4176 tegimento
2433 4104 2812 4178 petrae,jumtu
2842 4104 3345 4175 praemunitionem;
3386 4101 3496 4156 hoc
3535 4104 3638 4164 est,

2010 4199 2139 4254 veni
2175 4199 2341 4270 juxta
2383 4197 2754 4270 Evangelium
2799 4214 2812 4251 :
2857 4196 3286 4269 propugnacula
3327 4193 3461 4250 fidei
3505 4197 3638 4259 tua,

2010 4298 2168 4364 gesta
2223 4298 2358 4347 sunt
2409 4292 2652 4360 Christi;
2700 4291 2850 4346 muri
2907 4291 2990 4345 tui
3039 4288 3316 4358 subsidia,
3372 4284 3640 4360 1570

2009 4385 2180 4440 verba
2217 4391 2349 4440 sunt
2388 4385 2645 4452 Domini;
2675 4384 2859 4455 passio
2901 4382 3183 4438 Dominici
3225 4380 3498 4452 corporis,
3542 4382 3641 4432 tua

275 4500 372 4568 rit,
410 4503 472 4553 ut
507 4498 576 4553 de
610 4497 796 4553 medio
839 4497 1085 4552 duarum
1123 4498 1417 4569 virgarum
1448 4498 1722 4554 claviculo
1754 4497 1909 4552 brevi
1930 4497 1988 4569 D
2010 4480 2188 4535 Viri-“5
2219 4486 2322 4534 θεῖ·

273 4597 614 4664 erumpente
665 4594 1058 4663 promergant,
1109 4607 1221 4662 quo
1271 4591 1518 4662 geminis
1567 4594 1718 4646 tecta
1767 4608 1908 4662 prse-

271 4686 469 4752 sidiis,
524 4692 798 4756 tanquam
864 4690 1082 4739 natura:
1141 4684 1388 4756 parentis
1455 4685 1710 4756 gremio,
1763 4685 1911 4739 succi

271 4782 400 4835 fotu
463 4779 737 4849 plenioris
794 4777 1125 4833 inolescant.
1183 4779 1259 4832 Ea
1313 4779 1702 4834 clementioris
1759 4795 1911 4834 aura:

273 4875 581 4944 provocata
614 4871 912 4943 temperie,
941 4876 998 4927 et
1035 4871 1431 4942 prolixioribus
1463 4871 1659 4926 adulta
1697 4876 1912 4943 tempo-

271 4965 451 5033 ribus,
492 4965 592 5020 ubi
634 4965 946 5021 silvestrem
990 4965 1247 5020 animum
1296 4965 1446 5020 succi
1484 4966 1693 5038 prioris
1739 4981 1908 5021 exue-

273 5060 412 5127 rint,
441 5059 626 5131 specie
662 5059 880 5114 ceeteris
914 5063 971 5114 et
1007 5059 1352 5114 maturitatis
1379 5059 1562 5130 gratia
1591 5058 1908 5131 prmferun-

278 5156 393 5208 tur.

350 5249 437 5301 52.
464 5246 669 5318 Specta
699 5263 852 5302 nunc
879 5247 1062 5302 cultus
1097 5251 1153 5300 et
1189 5248 1411 5302 animos
1436 5247 1783 5316 Iudaeorum,
1812 5247 1910 5319 qui

276 5340 434 5413 quasi
478 5340 648 5412 primi
692 5341 907 5396 fructus
950 5341 1094 5395 male
1133 5341 1336 5396 feracis
1375 5341 1710 5413 Synagogie,
1751 5342 1910 5413 quasi

275 5435 514 5490 labentis
553 5434 929 5490 similitudine
958 5440 1321 5500 corruerunt,
1352 5441 1412 5489 ut
1438 5451 1709 5490 mansura
1737 5451 1910 5506 supra

279 5545 459 5583 aevum
509 5527 689 5584 nostri
741 5529 968 5599 generis
1023 5544 1190 5598 poma
1239 5528 1632 5584 succederent.
1689 5529 1908 5585 Etenim

280 5622 494 5691 primus
544 5621 864 5694 Synagoga:
916 5622 1181 5694 populus,
1227 5621 1389 5694 quasi
1439 5621 1624 5678 radice
1669 5639 1909 5694 operum

341 5747 432 5805 (58)
460 5744 581 5795 Lib.
611 5758 688 5795 vn
719 5745 775 5794 in
811 5745 1036 5807 Lucam,
1064 5745 1132 5796 ad
1150 5757 1300 5809 cap»
1319 5757 1439 5799 xm.

345 5817 437 5878 (59)
467 5815 764 5894 Lib.,_sx;in
795 5816 1024 5879 Lucam,
1053 5815 1121 5867 ad
1146 5830 1264 5880 cap.
1293 5829 1396 5867 xx.

2083 4598 2170 4650 56.
2211 4595 2441 4650 Ostende
2483 4596 2618 4649 mihi
2657 4597 2855 4660 faciem
2897 4598 3074 4655 tuam,
3113 4598 3164 4648 et
3206 4595 3427 4648 insinua
3465 4606 3640 4647 vocem

2014 4693 2195 4754 tuum;
2226 4690 2361 4758 quia
2394 4703 2501 4742 υοω
2535 4692 2630 4742 tua
2665 4689 2850 4742 suavis
2889 4693 2988 4749 est,
3019 4691 3070 4742 et
3103 4687 3274 4754 facies
3304 4691 3403 4741 tua
3427 4685 3638 4741 decora.

2012 4781 2208 4837 Suavis
2262 4784 2350 4836 est
2391 4797 2498 4836 vox
2548 4785 2676 4848 tua;
2725 4800 2753 4828 «
2802 4780 2938 4852 quia
2987 4796 3086 4834 ore
3135 4779 3199 4834 fit
3246 4777 3520 4833 confessio
3572 4775 3640 4830 ad

2013 4877 2256 4930 salutem
2286 4877 2474 4941 (Rom,
2505 4890 2560 4942 x,
2597 4875 2712 4945 10);
2746 4895 2773 4924 ››
2804 4877 2862 4929 et
2888 4875 3094 4929 decora
3120 4872 3320 4942 facies;
3351 4871 3485 4943 quia
3512 4885 3641 4942 qum

2012 4985 2127 5026 non
2150 4967 2433 5024 erubescit
2456 4970 2767 5034 auctorem,
2796 4983 2912 5024 non
2937 4965 3304 5023 confunditur
3326 4981 3359 5019 a
3382 4965 3643 5034 redemp-

2015 5069 2158 5118 tore.
2189 5061 2448 5117 Ostendit
2485 5077 2622 5132 ergo
2663 5061 2871 5117 faciem
2908 5077 3090 5126 suam,
3119 5059 3473 5130 signaculum
3510 5073 3640 5112 cru-

2014 5156 2092 5210 cis
2134 5155 2460 5226 presferens,
2504 5158 2562 5209 et
2597 5155 2850 5210 insinuat
2885 5170 3076 5209 vocem
3113 5169 3302 5220 suam,
3341 5151 3638 5207 auctorita-

2011 5256 2132 5305 tem
2179 5249 2594 5320 praedicationis
2644 5265 2961 5304 assumens.
3010 5250 3070 5302 In
3129 5247 3439 5317 tegimento
3488 5245 3640 5300 enim

2011 5344 2264 5414 corporis
2321 5343 2555 5409 Christi,
2607 5359 2720 5414 quo
2779 5342 3103 5412 redemptus
3157 5345 3241 5396 est
3289 5357 3322 5394 a
3373 5343 3640 5410 peccato,

2011 5437 2438 5493 munimentum
2484 5437 2682 5508 gratias
2729 5434 2998 5507 spiritalis
3041 5433 3288 5494 invenit;
3331 5438 3394 5488 ut
3439 5431 3642 5487 saluta-

2010 5532 2099 5589 ria
2147 5531 2251 5586 sibi
2303 5535 2359 5586 et
2407 5531 2611 5586 sentiat
2651 5535 2708 5586 et
2757 5531 3042 5600 loquatur.
3088 5528 3287 5584 Suavis
3330 5543 3468 5599 ergo
3514 5541 3640 5587 vox,

2013 5642 2142 5699 qua:
2200 5625 2258 5682 in
2316 5624 2522 5681 divinis
2573 5623 2917 5700 testimoniis
2979 5621 3321 5694 loquebatur
3374 5638 3386 5676 :
3444 5623 3640 5676 Decora

2076 5747 2176 5810 (ϐο)
2201 5748 2263 5798 In
2293 5747 2429 5811 psal.
2467 5757 2659 5806 cxvm,
2685 5759 2847 5798 serm.
2878 5748 2930 5808 6,
2959 5759 3113 5798 num.
3140 5745 3218 5796 33.
