4022 6176
470 245 603 319 less

1589 264 1937 322 COMMENT.
1979 264 2046 320 IN
2085 261 2370 318 CANTICA
2407 260 2667 319 CANTIC.

3672 269 3782 323 1984

461 389 648 451 facies,
693 402 820 457 quae
859 375 919 442 in
962 391 1272 459 conspectu
1313 403 1516 460 regum
1560 404 1674 444 non
1715 387 2102 444 confundeba-
2125 401 2332 472 Auem
2364 388 2424 441 et
2449 385 2885 442 similitudinem
2925 385 3020 441 Dei
3059 402 3072 440 ;
3110 387 3438 459 peccantem
3471 391 3650 442 autem
3686 404 3784 445 non

468 485 580 534 tur.

537 577 624 629 57.
667 574 782 646 (61)
826 577 1089 645 Exsurge,
1131 576 1338 649 inquit,
1379 579 1520 640 veni,
1558 580 1816 647 proxima
1856 591 2002 644 mea;
2046 576 2100 630 id

467 671 575 736 est,
622 684 869 740 exsurge
917 685 951 723 a
995 669 1462 726 delectationibus
1511 669 1735 736 mundi,
1783 685 2024 740 exsurge
2070 687 2104 723 a

469 761 729 830 terrenis,
777 766 834 817 et
881 761 1012 818 veni
1067 763 1138 818 ad
1186 780 1300 831 me,
1347 781 1477 836 quae
1524 763 1711 819 adhuc
1760 763 2002 830 laboras,
2049 769 2104 819 et

469 859 703 912 onerata
743 872 823 922 es,
860 872 988 928 quae
1027 857 1265 913 sollicita
1295 875 1355 912 es
1385 874 1512 930 qua:
1542 863 1675 912 sunt
1713 855 1945 924 mundi;
1973 857 2102 912 veni

469 965 643 1022 supra
684 949 986 1017 mundum,
1029 950 1158 1005 veni
1201 951 1271 1007 ad
1316 967 1428 1019 me,
1469 950 1605 1024 quia
1640 967 1748 1024 ego
1789 951 1895 1006 vici
1933 967 2098 1005 mun-

467 1043 637 1112 dum;
687 1043 817 1098 veni
863 1060 1042 1116 prope
1091 1061 1202 1112 me,
1242 1045 1365 1115 jam
1416 1045 1651 1116 pulchra
1698 1051 1925 1100 aeternae
1973 1044 2102 1100 vitae

471 1135 693 1205 decore,
709 1137 829 1209 jam
859 1137 1145 1205 columba,
1179 1138 1231 1194 id
1261 1143 1368 1207 est,
1397 1139 1547 1194 mitis
1584 1144 1751 1211 atque
1780 1145 2099 1210 mansueta,

461 1232 585 1302 jam
613 1233 729 1285 tota
755 1231 927 1302 plena
957 1231 1151 1302 gratia:
1178 1231 1461 1304 spiritalis.
1493 1234 1628 1288 lure
1657 1249 1795 1306 ergo
1813 1232 1936 1305 jam
1962 1233 2105 1289 retia

469 1325 677 1380 timere
707 1341 819 1380 non
847 1325 1036 1392 debet,
1068 1341 1201 1381 cum
1230 1325 1278 1380 is
1305 1331 1463 1380 vocet
1493 1327 1564 1380 ad
1607 1343 1666 1380 se
1697 1325 1975 1395 animam,
2006 1326 2103 1399 qui

470 1419 837 1474 tentamentis
865 1423 921 1473 et
950 1418 1163 1474 retibus
1192 1420 1394 1475 mundi
1423 1436 1539 1476 non
1568 1421 1756 1491 potuit
1784 1420 1928 1492 capi.
1959 1421 2103 1476 Nam

469 1528 599 1566 cum
630 1511 890 1567 homines
916 1511 973 1566 in
1007 1512 1197 1568 medio
1221 1513 1556 1584 laqueorum
1589 1513 1967 1583 ambulemus,
1999 1530 2105 1586 per

471 1603 858 1676 appetentiam
894 1621 1034 1660 escae
1071 1605 1287 1660 retibus
1323 1606 1493 1661 simul
1532 1611 1587 1662 et
1622 1606 1840 1678 laqueis
1878 1606 2105 1662 obnoxii

468 1713 686 1753 sumus.
725 1697 824 1753 Ille
854 1697 911 1752 in
954 1713 1194 1769 corpore
1241 1699 1454 1770 positus
1495 1700 1643 1754 retia
1683 1716 1800 1755 non
1841 1699 2102 1770 timebat,

2203 479 2521 547 hominem,
2564 479 2664 535 sed
2703 482 2802 535 aut
2845 481 3190 551 serpentem,
3232 483 3332 534 aut
3371 495 3574 552 equum
3612 481 3784 538 adhin-

2201 573 2460 630 nientem
2509 572 2760 642 feminis,
2805 577 2902 628 aut
2947 572 3325 644 vulpeculam,
3368 576 3464 627 aut
3497 573 3792 643 jumentum

2203 683 2400 723 vocare
2441 666 2748 722 consuevit.
2798 667 2878 722 De
2921 681 3169 739 quorum
3217 681 3330 721 uno
3374 666 3452 721 ait
3495 666 3786 724 Dominus:

2206 780 2234 811 α
2272 761 2369 826 Ite,
2401 759 2572 815 dicite
2611 759 2766 831 vulpi
2803 760 2886 814 illi
2913 758 3085 830 (Luc.,
3123 774 3240 827 xm,
3272 757 3382 830 32),
3417 780 3445 810 »
3476 759 3578 815 hoc
3615 762 3710 830 est,
3737 762 3794 817 de

2203 852 2442 908 Herode.
2487 855 2554 908 Et
2593 852 2727 907 alibi
2773 868 2903 908 cum
2958 869 3018 908 se
3064 851 3450 908 fraudulenter
3489 852 3794 926 interrogari

2203 947 2540 1015 adverteret,
2572 946 2710 1002 dixit
2741 963 2753 1001 :
2792 968 2820 996 ‹‹
2851 947 3054 1018 Vulpes
3091 946 3280 1002 foveas
3314 945 3542 1017 habent,
3571 952 3626 1001 et
3655 948 3795 1003 volu-

2204 1056 2325 1097 cres
2361 1041 2487 1096 coeli
2526 1040 2687 1095 nidos
2725 1040 2820 1096 ubi
2853 1039 3216 1112 requiescant
3239 1040 3474 1108 (Matth,
3501 1056 3608 1109 vui,
3636 1041 3745 1111 20);
3770 1063 3793 1099 ,υ

2204 1149 2273 1189 eo
2329 1135 2479 1206 quod
2525 1135 2924 1190 fraudulenter
2974 1134 3031 1188 in
3086 1133 3443 1188 terrestrium
3494 1133 3797 1205 passionum

2204 1227 2542 1300 quibusdam
2570 1227 2817 1282 latibulis
2848 1227 3243 1282 demorentur.

2274 1324 2361 1376 61.
2391 1321 2551 1376 Unde
2583 1320 2754 1376 etiam
2784 1320 3024 1376 Samson
3053 1319 3221 1376 binas
3248 1321 3446 1392 vulpes
3472 1320 3575 1375 sibi
3607 1321 3799 1388 nexuit,

2203 1415 2274 1470 ad
2315 1431 2559 1486 quarum
2603 1413 2811 1470 caudas
2855 1414 3109 1486 alligavit
3153 1415 3330 1482 faces,
3378 1417 3436 1470 et
3478 1413 3685 1470 dimisit
3724 1431 3803 1470 eas

2203 1524 2306 1581 per
2354 1525 2563 1565 messes
2611 1509 3031 1581 allophylorum
3077 1509 3300 1578 (ludia,
3357 1525 3448 1576 xv,
3500 1510 3552 1574 4,
3600 1513 3674 1578 5);
3722 1525 3806 1580 per

2202 1603 2350 1657 hanc
2382 1602 2626 1674 ﬁguram
2668 1601 2994 1674 signiﬁcans
3032 1602 3186 1673 quod
3219 1601 3467 1674 improbi
3499 1618 3562 1656 ac
3597 1601 3803 1658 fraudus

2203 1695 2342 1751 lenti
2389 1695 2674 1763 homines,
2723 1700 2782 1750 et
2830 1695 3080 1751 maxime
3125 1695 3406 1765 haeretici,
3445 1695 3672 1750 liberam
3713 1695 3807 1749 liu-

471 1791 569 1846 sed
601 1791 893 1847 eminebat
931 1807 1102 1863 super
1136 1769 1297 1860 retia,
1334 1793 1388 1847 id
1420 1799 1523 1863 est,
1553 1809 1725 1865 supra
1755 1795 2106 1849 tentamenta
2125 1769 2182 1839 Β
2206 1805 2382 1861 guam
2412 1789 2660 1844 habeant
2685 1789 2754 1844 ad
2785 1789 3146 1856 Intrandum;
3175 1789 3274 1844 sed
3300 1788 3484 1844 exitus
3509 1788 3806 1861 impeditos,

469 1885 670 1941 mundi
700 1889 759 1941 et
786 1885 1039 1957 corporis
1065 1885 1392 1956 passiones;
1434 1887 1548 1942 imo
1588 1890 1647 1940 et
1678 1886 1820 1941 alios
1849 1886 2102 1942 eminere

471 1979 737 2034 faciebat.

543 2074 629 2128 58.
681 2074 951 2145 Exsurge,
1005 2074 1154 2144 veni,
1210 2074 1471 2146 proxima
1527 2090 1672 2141 mea,
1729 2073 1847 2129 noli
1899 2075 2103 2129 timere

471 2165 636 2232 retia,
682 2165 804 2236 jam
858 2166 1134 2238 praeteriit
1183 2167 1389 2222 hiems.
1451 2166 1615 2222 Venit
1665 2167 1894 2239 pascha,
1951 2167 2105 2223 venit

470 2259 850 2331 indulgentia,
904 2260 1062 2315 venit
1111 2261 1367 2316 remissio
1423 2265 1818 2332 peccatorum,
1869 2261 2106 2317 cessavit

471 2353 730 2421 mutatio,
773 2354 958 2409 imber
1003 2354 1160 2424 abiit,
1208 2354 1455 2426 procella
1502 2353 1644 2409 abiit
1691 2358 1746 2409 et
1796 2354 2101 2426 quassatio.

470 2448 618 2502 Ante
654 2445 964 2503 adventum
997 2447 1207 2503 Christi
1235 2447 1421 2502 hiems
1451 2453 1594 2515 erat,
1628 2453 1756 2519 post
1792 2447 2104 2504 adventum

473 2541 678 2596 Christi
720 2541 888 2598 ﬂores
935 2544 1088 2610 sunt,
1129 2541 1284 2596 unde
1330 2541 1410 2596 ait
1454 2557 1468 2595 :
1515 2542 1694 2597 Flores
1735 2543 1841 2597 uisi
1876 2548 2006 2598 sunt
2046 2545 2105 2596 in

473 2639 638 2689 terra.
684 2633 790 2689 Ubi
839 2638 971 2690 ante
1014 2633 1212 2706 spinas,
1260 2633 1337 2689 ibi
1383 2650 1538 2690 nunc
1582 2635 1756 2690 ﬂores
1793 2651 1806 2689 :
1855 2639 2097 2707 Tempus,

474 2727 692 2800 inquit,
743 2729 965 2785 secandi
1009 2728 1253 2784 advenit.
1304 2728 1410 2785 Ubi
1461 2732 1596 2784 ante
1646 2729 1968 2796 desertum,
2025 2729 2103 2784 ibi

478 2820 676 2876 messis
712 2825 814 2877 est.
855 2823 973 2878 νοω
1010 2824 1241 2878 turturis
1273 2823 1470 2877 audita
1501 2830 1579 2878 est
1610 2825 1667 2876 in
1701 2829 1849 2877 terra
1886 2829 2102 2889 nostra;

473 2915 622 2970 bene
679 2915 898 2970 addidit
949 2915 1224 2988 propheta
1283 2922 1500 2978 nostra,
1553 2916 1712 2987 quasi
1777 2915 2102 2981 admirans,

476 3009 626 3079 quod
689 3008 785 3062 ubi
850 3013 984 3064 ante
1052 3008 1442 3080 impudicitia,
1510 3009 1586 3062 ibi
1651 3010 1891 3064 castitas.
1951 3012 2104 3065 Ficus

465 3102 708 3171 protulit
747 3116 955 3171 grossos
988 3116 1129 3157 suos.
1175 3101 1314 3166 Qum
1355 3102 1517 3173 quasi
1554 3101 1906 3157 infructuosa
1938 3102 2100 3173 jube-

471 3193 640 3250 batur
693 3193 978 3261 absciudi,
1032 3194 1155 3249 haec
1213 3193 1430 3249 fructus
1488 3193 1692 3250 aﬂ‘erre
1739 3194 1862 3265 jam
1917 3196 2104 3267 cmpit.

474 3288 584 3343 Sed
648 3286 785 3358 quid
846 3285 1105 3356 dubitas,
1155 3287 1292 3360 quia
1358 3303 1582 3358 grossos
1647 3287 1830 3343 dixit?
1883 3289 2107 3345 Priores

473 3379 732 3447 discutit,
786 3385 850 3434 ut
907 3380 1249 3451 posteriores
1312 3381 1577 3436 meliores
1640 3380 1840 3436 att‘erat

478 3565 595 3622 sim.

548 3661 633 3716 59.
662 3662 727 3716 Et
755 3663 1016 3732 quamvis
1045 3663 1214 3734 plena
1239 3661 1620 3734 tranquillitas
1647 3663 1738 3729 sit,
1767 3669 1824 3718 et
1851 3663 2109 3720 adoleve-

473 3753 590 3810 rint
619 3755 910 3826 mysteria,
942 3755 1151 3810 iterum
1193 3762 1386 3811 tamen
1425 3755 1561 3811 dicit
1588 3773 1600 3811 :
1633 3757 1881 3827 Exsurge
1917 3771 2109 3812 secura.

475 3850 532 3902 in
569 3849 852 3917 tegimento
889 3853 1077 3919 petra,
1115 3849 1172 3904 id
1212 3855 1319 3915 est,
1359 3853 1481 3904 tuta
1525 3848 1785 3920 praesidio
1828 3849 2108 3921 passionis

481 3957 620 3997 mere
662 3945 719 3996 et
758 3941 895 3996 ﬁdei
939 3941 1318 3997 munimento.
1364 3942 1644 3997 Suxerunt
1687 3943 1841 3998 enim
1883 3944 1999 3998 mel
2038 3944 2106 3999 de

475 4035 638 4105 petra
679 4037 739 4089 et
782 4035 971 4090 oleum
1019 4035 1086 4090 de
1131 4035 1297 4090 ﬁrma
1344 4040 1528 4106 petra.
1577 4037 1688 4091 Hoc
1733 4036 2106 4109 integimento

477 4127 682 4182 animm
711 4127 942 4198 piorum
970 4127 1201 4196 indutae,
1223 4128 1346 4199 jam
1374 4127 1545 4182 nudm
1576 4145 1691 4183 non
1724 4134 1874 4197 sunt,
1905 4135 1962 4184 et
1985 4129 2108 4184 haec

475 4219 585 4275 illis
623 4222 708 4275 est
743 4219 1131 4291 praemunitio.
1175 4221 1421 4293 Ideoque
1462 4227 1521 4277 et
1562 4222 1692 4276 huic
1731 4223 1938 4277 animae
1978 4223 2058 4278 ait
2090 4239 2101 4277 ε

478 4315 546 4370 Et
584 4316 726 4376 veni,
768 4320 848 4376 tu,
884 4313 1130 4369 columba
1163 4330 1301 4382 mea,
1331 4317 1389 4369 in
1429 4317 1712 4385 tegimento
1742 4321 1914 4385 petrae
1938 4316 2110 4385 juxta

468 4407 934 4478 prmunitionem
949 4425 967 4474 ;
1004 4407 1219 4463 ostende
1261 4407 1396 4463 mihi
1429 4409 1628 4476 faciem
1669 4415 1836 4471 tuam,
1881 4413 1932 4464 et
1967 4410 2103 4464 insi-

1896 3400 1908 3437 :
1965 3381 2110 3438 sicut

475 3471 795 3545 Synagogaa
819 3473 1036 3528 fructus
1059 3473 1342 3546 abjicitur,
1378 3479 1678 3530 renovatur
1705 3478 1893 3530 autem
1925 3477 2109 3532 Eccle-

2202 1887 2301 1937 aut
2354 1883 2605 1954 litigiosa
2658 1883 2961 1954 principia,
3016 1883 3188 1938 ﬁnem
3253 1898 3387 1938 vero
3450 1883 3656 1938 fraudis
3706 1899 3805 1938 sua:

2207 1975 2469 2032 incendio
2513 1976 2871 2048 deputatum.
2921 1975 3168 2048 Ideoque
3211 1981 3269 2032 et
3313 1981 3596 2032 trecentas
3641 1976 3808 2049 vulpes

2205 2069 2438 2140 dimisit,
2485 2087 2555 2125 eo
2599 2070 2749 2142 quod
2793 2069 2998 2142 perﬁdi
3045 2071 3230 2125 crucis
3284 2069 3520 2145 quidem
3567 2069 3810 2142 pradica-

2205 2162 2364 2218 tioue
2403 2179 2462 2218 se
2508 2164 2909 2220 commendare
2954 2164 3306 2233 desiderant;
3357 2164 3456 2220 sed
3500 2163 3806 2236 mysterium

2205 2258 2329 2328 ejus
2353 2261 2551 2313 tenere
2580 2273 2694 2312 non
2724 2261 2974 2328 possunt,
3003 2257 3100 2330 qui
3137 2259 3240 2313 hac
3272 2257 3523 2331 1571
3577 2257 3813 2329 praedica-

2205 2350 2365 2405 tione
2415 2351 2744 2423 composita,
2797 2355 2855 2407 et
2904 2352 3045 2406 falsa
3095 2355 3266 2424 atque
3325 2351 3617 2420 simulata,
3670 2364 3809 2405 urere

2205 2443 2388 2516 magis
2427 2443 2646 2499 fructus
2681 2448 2959 2499 conantur
2995 2443 3210 2501 alienos
3248 2461 3261 2499 :
3296 2461 3432 2500 cum
3469 2445 3662 2516 utique
3700 2460 3812 2498 vera

2203 2553 2338 2592 crux
2368 2537 2593 2592 Domini
2625 2553 2741 2592 non
2777 2545 2978 2593 exurat
3018 2537 3203 2594 aliena
3242 2537 3467 2606 merita,
3507 2539 3601 2593 sed
3639 2538 3808 2592 fecun-

2205 2629 2324 2686 det.

2279 2727 2368 2780 62.
2408 2725 2718 2798 Meritoque
2757 2727 3032 2798 scriptum
3069 2731 3154 2781 est
3193 2743 3206 2780 :
3237 2727 3499 2782 Prendite
3525 2727 3674 2782 nobis
3709 2728 3812 2780 vul-

2196 2833 2295 2888 pes
2331 2820 2584 2888 pusiuas,
2628 2822 3048 2875 exterminantes
3086 2822 3291 2884 vineas,
3331 2826 3398 2876 ut
3436 2822 3606 2876 vinea
3645 2827 3816 2876 nostra

2204 2912 2450 2980 ﬂoreant.
2497 2911 2622 2977 Quo
2667 2913 2990 2970 ostenditur
3038 2914 3191 2986 quod
3235 2915 3321 2970 vel
3369 2913 3638 2970 Dominus
3675 2914 3814 2970 Jesus

2204 3006 2292 3060 vel
2324 3006 2571 3062 Ecclesia
2598 3006 3094 3063 fraudulentorum
3125 3008 3286 3064 dolos
3311 3009 3495 3065 vineis
3521 3008 3632 3065 suis
3657 3014 3816 3064 exter-

2209 3099 2516 3155 minandos
2553 3115 2676 3155 esse
2715 3101 3033 3173 praecipiat;
3075 3117 3147 3157 ne
3189 3101 3472 3174 pusillulis
3515 3102 3686 3158 vineis
3727 3118 3814 3156 no-

2209 3197 2388 3263 ceant,
2421 3194 2557 3266 quia
2586 3195 2793 3251 adultis
2811 3195 2934 3267 jam
2964 3195 3172 3250 vitibus
3199 3212 3410 3252 nocere
3442 3213 3558 3252 non
3592 3199 3814 3269 possunt.

2207 3286 2514 3342 Haereticus
2559 3288 2712 3343 enim
2758 3288 3156 3361 imperfectum
3205 3293 3430 3346 tentare
3482 3295 3677 3362 potest,
3719 3304 3815 3344 non

2208 3384 2399 3449 potest
2423 3381 2792 3454 supplantare
2822 3383 3159 3454 perfectum.

2280 3475 2367 3527 63.
2396 3472 2575 3544 (Vers.
2612 3474 2720 3544 16.)
2760 3473 2871 3546 (63)
2907 3477 3100 3532 Frater
3134 3491 3279 3532 meus
3318 3479 3480 3541 mihi,
3520 3484 3571 3532 et
3609 3492 3696 3546 ego
3729 3477 3815 3530 illi.

2209 3567 2325 3621 Vox
2364 3566 2471 3622 ista
2508 3571 2594 3623 est
2631 3567 2896 3640 virginis;
2940 3585 3074 3624 nani
3109 3570 3541 3627 immaculatum
3577 3587 3765 3643 corpus
3792 3585 3817 3622 a

2209 3658 2356 3714 virili
2392 3661 2762 3731 permistione
2798 3678 3047 3731 servare,
3078 3666 3136 3718 et
3172 3664 3426 3736 palmam
3469 3663 3814 3727 castimonia,

2208 3753 2409 3808 limoso
2440 3753 2498 3808 in
2527 3771 2766 3827 corpore
2792 3771 2973 3828 usque
2997 3757 3069 3811 ad
3092 3757 3435 3828 angelorum
3463 3756 3814 3814 conversatio-

2208 3863 2362 3914 nem,
2394 3849 2655 3904 custodia
2692 3849 3036 3920 integritatis
3071 3851 3330 3917 evehere,
3365 3851 3582 3907 utilitas
3608 3850 3817 3923 privata,

2207 3940 2334 3995 laus
2377 3947 2464 3996 est
2510 3941 2751 4013 publica.
2802 3943 2986 4007 Quam
3040 3959 3200 3998 rarus
3252 3944 3311 3998 in
3359 3945 3544 4012 terris,
3589 3944 3683 4017 qui
3727 3943 3818 3996 hoc

2207 4039 2392 4105 potest
2419 4034 2631 4105 dicere,
2659 4051 2833 4107 quam
2864 4036 3087 4092 alienus
3111 4054 3146 4092 a
3173 4037 3346 4107 vitiis,
3377 4055 3555 4110 quam
3582 4051 3817 4109 segrega-

2206 4132 2298 4182 tus
2345 4127 2416 4182 ab
2464 4129 2621 4184 omni
2666 4129 2789 4184 labe
2837 4130 3076 4201 peccati,
3122 4130 3221 4203 qui
3270 4131 3416 4187 nihil
3461 4131 3663 4187 habeat
3705 4145 3814 4185 cum

2209 4220 2416 4276 saeculo
2443 4237 2773 4290 commune,
2807 4223 3001 4278 dicens
3029 4239 3042 4278 :
3075 4224 3306 4280 Dilectus
3333 4241 3482 4280 meus
3508 4226 3640 4281 mihi
3670 4229 3717 4278 et
3740 4237 3818 4290 ego

2207 4314 2312 4377 illi,
2363 4317 2419 4368 in
2467 4315 2640 4369 medio
2692 4315 2916 4371 uberum
2960 4332 3200 4372 meorum
3246 4319 3680 4374 commorabitur.
3724 4315 3816 4384 (6t;

2208 4406 2430 4462 Scilicet
2479 4407 2622 4462 nihil
2664 4408 2867 4464 mundi
2911 4409 3081 4481 hujus
3124 4409 3231 4465 sibi
3273 4411 3548 4479 vindicet,
3591 4411 3675 4466 cui
3717 4422 3812 4463 non

478 4516 591 4555 nua
624 4516 801 4556 vocem
837 4506 1007 4556 tuam.
1038 4502 1306 4557 Hortatur
1339 4502 1409 4556 ad
1439 4501 1870 4570 conﬁdentiam,
1902 4507 1962 4556 ut
1992 4519 2104 4557 non
2126 4505 2186 4577 Ι)
2211 4499 2281 4555 sit
2318 4500 2704 4572 corporalium
2749 4503 3030 4572 possessio
3075 4503 3475 4575 cupiditatum,
3513 4520 3677 4576 quem
3716 4516 3812 4557 non

477 4593 770 4650 erubescat
818 4611 1044 4650 crucem
1109 4595 1346 4663 Christi,
1395 4611 1498 4650 nec
1551 4595 1674 4666 ejus
1721 4595 2104 4668 signaculum.

477 4687 743 4743 Hortatur
795 4687 866 4742 ad
929 4688 1372 4756 confessionem,
1431 4690 1548 4744 vult
1613 4704 1813 4744 omnes
1875 4689 2107 4745 insidias

475 4780 772 4850 dimoveri,
812 4783 874 4835 ut
913 4781 1095 4836 bonus
1133 4781 1267 4837 ﬁdei
1307 4782 1450 4838 odor
1493 4782 1689 4853 spiret,
1732 4788 1796 4837 ut
1836 4781 1957 4838 dies
1995 4783 2102 4837 ful-

475 4877 626 4946 geat,
666 4877 731 4929 ut
770 4875 1018 4930 adversae
1062 4875 1244 4930 noctis
1286 4875 1495 4931 umbra
1532 4892 1645 4931 non
1687 4879 1919 4946 noceat;
1962 4891 2102 4948 quo-

473 4967 628 5022 niam
671 4967 768 5039 qui
805 4969 976 5039 juxta
1017 4968 1307 5023 Christum
1351 4974 1454 5038 est,
1497 4968 1679 5024 dicit:
1722 4990 1751 5019 ‹‹
1793 4971 1914 5025 Nox
1959 4985 2103 5040 prae-

471 5061 672 5132 cessit,
740 5059 858 5117 dies
919 5066 1110 5117 autem
1174 5062 1653 5135 appropinquavit
1711 5062 1920 5134 (Rom.,
1977 5079 2102 5129 xm,

474 5154 582 5225 12).
641 5176 668 5206 »
721 5157 816 5210 Est
865 5159 923 5211 et
979 5155 1183 5211 umbra
1233 5155 1591 5211 saecularium
1641 5172 1770 5228 quae
1823 5156 2103 5228 praeterit,

472 5252 530 5302 et
579 5247 700 5304 dies
749 5249 1062 5306 caelestium
1119 5249 1392 5315 Christus,
1446 5249 1542 5322 qui
1596 5250 1801 5304 sanctis
1850 5249 1967 5304 suis
2015 5250 2102 5304 lu-

474 5346 581 5396 cet.

544 5439 632 5490 60.
660 5437 831 5505 (Vers.
869 5437 974 5504 l5.)
1015 5436 1127 5509 (62)
1161 5437 1416 5492 Prendite
1451 5438 1604 5492 nobis
1641 5439 1824 5508 vulpes
1872 5437 2104 5508 pusillas

471 5529 888 5584 exterminantes
953 5531 1138 5585 vineas
1157 5571 1174 5593 ,
1238 5537 1301 5583 ut
1364 5532 1533 5586 vineas
1598 5535 1791 5586 nostra
1854 5529 2104 5598 ﬂoreant.

477 5616 770 5686 Scriptura
808 5635 943 5675 eum
982 5622 1280 5679 hominem
1319 5622 1475 5690 dicit,
1517 5623 1616 5697 qui
1659 5629 1744 5679 est
1787 5623 1860 5679 ad
1899 5623 2104 5696 imagi-

536 5735 635 5811 (69
662 5734 782 5811 μὴ.
807 5737 870 5811 de
901 5739 1073 5801 Isaac,
1107 5755 1226 5806 cap.
1257 5745 1306 5804 4,
1333 5757 1486 5795 num.
1512 5744 1574 5797 34
1600 5758 1718 5811 seq.

541 5802 637 5862 (62)
662 5803 722 5852 In
757 5806 893 5866 paul.
921 5817 1120 5870 cxvm,
1152 5802 1313 5864 serml.
1353 5815 1432 5874 ll,
1463 5829 1619 5867 num.
1648 5802 1726 5867 Si).

2205 4593 2521 4650 inﬂammet
2548 4593 2745 4661 libido,
2786 4610 2903 4650 non
2936 4594 3192 4652 stimulet
3229 4597 3483 4667 avaritia,
3517 4614 3628 4652 non
3665 4595 3812 4651 lasci-

2207 4687 2294 4742 via
2333 4687 2644 4755 eﬂ'eminet,
2689 4705 2805 4744 non
2847 4689 3074 4745 luxuria
3109 4689 3425 4757 decoloret,
3465 4709 3578 4747 non
3620 4690 3813 4745 sternet

2208 4780 2468 4848 ambitio,
2497 4798 2612 4837 non
2649 4786 2906 4838 maceret
2935 4783 3163 4851 invidia,
3201 4800 3316 4840 non
3351 4786 3545 4856 aliqua
3575 4782 3809 4855 negotio-

2206 4890 2337 4929 rum
2392 4875 2748 4930 saecularium
2795 4891 2933 4932 cura
2982 4877 3248 4933 sollicitet
3295 4895 3306 4932 :
3361 4895 3529 4934 verus
3577 4876 3811 4932 minister

2207 4967 2420 5036 altaris,
2458 4969 2572 5024 Deo
2616 4974 2798 5039 natus,
2837 4986 2952 5024 non
2997 4970 3134 5040 sibi;
3180 4971 3307 5026 Levi
3354 4972 3530 5035 enim,
3567 4976 3623 5025 ut
3663 4967 3813 5024 habet

2207 5061 2632 5133 interpretatio,
2691 5061 2972 5135 signiﬁcat
3026 5082 3039 5118 :
3092 5066 3213 5136 Ipse
3276 5063 3416 5120 mihi
3484 5067 3807 5133 assumptus:

2208 5154 2488 5226 signiﬁcat
2537 5172 2549 5209 :
2596 5157 2665 5210 Et
2708 5156 2831 5228 ipse
2880 5174 3072 5228 meus;
3119 5158 3400 5230 signiﬁcat
3443 5162 3499 5213 et
3545 5161 3749 5214 tantum
3794 5168 3804 5202 ε

2207 5251 2572 5320 Assumptus;
2601 5249 2882 5322 signiﬁcat
2913 5267 2926 5305 :
2962 5252 3028 5306 Et
3053 5255 3376 5324 assumptus
3403 5252 3564 5307 mihi.

2279 5342 2365 5396 64.
2395 5343 2520 5413 Ipse
2555 5342 2731 5412 idem,
2761 5347 2818 5400 et
2843 5344 2985 5400 mihi
3020 5345 3152 5401 Levi
3184 5350 3242 5402 et
3267 5347 3386 5401 Deo
3413 5348 3512 5400 est.
3543 5338 3803 5409 Quomodo

2208 5435 2362 5489 idem
2389 5439 2447 5491 et
2476 5435 2621 5490 mihi
2651 5437 2910 5493 sacerdos
2947 5442 3004 5494 et
3033 5439 3149 5494 Deo
3180 5440 3300 5494 est?
3328 5441 3394 5495 Et
3421 5437 3557 5493 mihi
3585 5435 3795 5490 advoca-

2209 5531 2297 5582 tus
2349 5535 2406 5584 et
2451 5530 2676 5585 Domini
2725 5531 3057 5603 deprecator
3105 5538 3190 5588 est
3241 5549 3254 5587 :
3305 5548 3406 5604 pro
3454 5547 3539 5587 me
3586 5527 3800 5585 oﬁ‘erens

2206 5623 2569 5694 sacriﬁcium,
2608 5630 2665 5680 et
2702 5623 2858 5680 idem
2900 5642 2959 5681 se
2997 5624 3244 5682 offerens
3286 5625 3535 5683 Domino.
3573 5621 3798 5689 Denique

2267 5744 2367 5808 (63)
2399 5745 2462 5796 In
2495 5745 2632 5810 psal.
2665 5757 2866 5810 axvm,
2893 5760 3058 5800 serm.
3089 5748 3164 5799 16.

2272 5817 2374 5879 (et)
2399 5817 2462 5868 In
2487 5817 2624 5884 paul.
2657 5828 2857 5882 cxvm,
2884 5831 3053 5873 eorm.
3083 5822 3133 5886 8,
3163 5833 3316 5874 num.
3345 5819 3379 5873 3
3402 5830 3517 5885 seq.
