3936 6158
221 278 326 328 1985

1176 273 1215 325 Ε
1254 271 1552 328 SCRIPTIS
1591 275 1643 322 ὃ.
1687 269 1999 324 AMBROSII
2042 271 2448 326 COLLECTUS.

3375 274 3510 334 4986

210 403 252 450 et
273 393 389 449 alibi
417 392 530 446 Levi
559 391 1024 461 interpretatione
1050 392 1276 462 dicitur,
1305 395 1410 448 Pro
1436 409 1546 460 me;
1567 392 1777 448 etenim
1803 404 1859 474 Α
1881 391 2059 462 igitur
2089 393 2294 449 Christi
2321 394 2446 448 Jesu
2479 411 2668 467 surge,
2703 400 2762 450 et
2796 397 3026 452 ambula
3054 401 3218 467 (Αοεη
3255 417 3334 467 ιιι,
3364 402 3444 468 6);
3482 427 3507 450 ν

207 491 241 543 si
276 505 304 542 a
327 502 408 542 me
445 485 757 540 nominetur
795 485 948 552 Levi,
988 486 1117 541 Levi
1157 502 1262 558 pro
1302 502 1395 542 me
1439 491 1551 555 est;
1585 487 1632 540 si
1673 501 1774 557 pro

205 597 277 644 me
305 578 501 648 offerat,
526 594 624 650 pro
657 594 747 634 me
780 583 897 648 est;
925 579 971 634 si
1001 595 1104 651 pro
1146 596 1238 635 me
1274 579 1639 648 interveniat,
1669 595 1774 651 pro

203 691 277 730 me
310 678 384 728 est
420 691 432 727 :
472 672 554 727 sin
594 675 785 728 autem
829 677 1068 730 vocetur
1107 690 1141 728 a
1177 674 1438 741 Domino,
1474 674 1594 744 ipse
1633 673 1773 728 mihi

198 767 396 833 dicitur;
428 765 531 821 hoc
567 769 669 834 est,
701 782 818 822 non
855 766 951 822 alii
991 767 1345 838 tributarius,
1376 784 1492 824 non
1524 767 1772 824 decima-

197 860 308 926 rius,
334 875 437 915 non
476 858 541 914 de
568 862 922 932 possessione
959 860 1281 916 muniﬁcus.
1319 863 1440 934 Ipse
1469 861 1634 928 mihi,
1666 861 1774 916 hoc

195 960 278 1022 est,
327 957 580 1024 tanquam
628 953 925 1010 abundans
978 971 1080 1026 pro
1135 955 1250 1010 suis
1311 954 1593 1010 omnibus.
1653 955 1773 1008 Non

193 1047 250 1101 ab
289 1047 380 1102 hoc
429 1045 672 1102 decimas
719 1064 934 1119 quaero,
987 1065 1103 1104 non
1153 1050 1391 1116 fructus,
1434 1064 1550 1104 non
1600 1049 1772 1116 dona,

189 1155 280 1194 non
318 1155 567 1204 munera;
609 1139 730 1211 ipse
775 1140 918 1196 mihi
964 1158 1069 1213 pro
1115 1157 1353 1197 munere
1399 1145 1504 1208 est,
1536 1142 1654 1212 ipse
1692 1145 1776 1196 est

189 1248 269 1302 pro
293 1231 505 1287 tributo.
534 1234 651 1288 Non
679 1233 737 1288 in
765 1235 1113 1306 possessione
1138 1251 1243 1290 sua
1275 1235 1578 1291 munificus
1606 1233 1770 1304 mihi,

185 1325 266 1379 sed
306 1326 414 1396 ipse
459 1326 596 1381 mihi
646 1327 942 1398 possessio,
991 1329 1108 1401 ipse
1157 1345 1318 1385 meus
1367 1330 1603 1392 fructus,
1653 1328 1771 1400 ipse

187 1434 318 1474 meus
339 1435 541 1475 sensus.
573 1424 912 1494 Assumptus
943 1439 974 1478 a
1003 1439 1116 1489 me,
1144 1423 1230 1478 vel
1257 1426 1579 1494 assumptus
1605 1422 1769 1492 mihi,

179 1528 273 1566 non
310 1515 483 1583 potest
517 1513 623 1569 hoc
657 1515 780 1570 sine
811 1515 1002 1571 divina
1038 1533 1161 1572 esse
1201 1517 1403 1588 gratia.
1433 1516 1588 1574 Sicut
1617 1515 1770 1571 enim

180 1607 414 1676 possessio
447 1623 558 1662 non
585 1615 773 1680 potest
810 1627 939 1666 mea
967 1627 1109 1678 esse,
1145 1611 1254 1666 nisi
1287 1626 1480 1666 emero
1514 1626 1662 1677 eam,
1693 1609 1771 1664 sic

175 1715 273 1755 non
310 1704 481 1772 potest
519 1718 641 1758 esse
682 1704 830 1769 Levi,
871 1704 978 1759 nisi
1020 1704 1192 1760 fuerit
1229 1707 1551 1776 assumptus
1588 1722 1620 1758 a
1665 1705 1767 1759 Do-

1882 485 1987 540 hoc
2031 490 2136 552 est,
2179 486 2236 541 in
2284 488 2550 558 portione
2599 504 2723 544 mea
2764 490 2919 545 dives
2962 507 3110 558 sum,
3158 493 3214 546 in
3255 495 3510 564 portione

1878 594 2006 632 mea
2063 582 2262 650 potens
2314 597 2462 636 sum.
2517 582 2712 636 Merito
2764 583 2903 638 tales
2958 600 3243 656 praesumo
3295 587 3512 645 fructus

1876 669 2036 726 istius
2066 672 2363 744 partionis,
2413 677 2476 729 ut
2504 674 2656 730 salus
2686 679 2745 730 et
2775 676 2890 732 vita
2919 677 3197 745 donetur;
3240 679 3374 750 quia
3404 680 3509 735 hoc

1875 767 1960 820 est
1987 765 2147 820 istius
2177 767 2582 837 patrimonium
2624 769 2901 840 portionis
2937 787 3112 843 quam
3141 771 3290 843 elegi
3321 773 3458 827 mihi
3492 791 3504 828 :

1873 859 2112 914 Dilectus
2136 875 2286 915 meus
2312 862 2465 924 mihi,
2496 867 2546 917 et
2570 878 2663 933 ego
2695 865 2801 918 illi.

1945 955 2033 1007 67.
2092 954 2200 1020 Qui
2242 957 2496 1024 pascitur
2543 958 2689 1012 inter
2741 957 2881 1012 lilia.
2938 957 3144 1013 Lilium
3199 960 3512 1016 castitatem

1873 1045 2174 1116 signiﬁcat.
2201 1047 2316 1102 Scit
2352 1048 2543 1120 itaque
2570 1049 2754 1105 bonus
2790 1054 3000 1122 pastor,
3034 1051 3129 1106 ubi
3161 1059 3353 1124 pascat
3383 1069 3508 1126 gre-

1874 1153 2005 1209 gem
2032 1156 2219 1208 suum,
2251 1157 2380 1212 quae
2410 1141 2621 1212 pabula
2650 1143 2846 1198 ovibus
2873 1144 2990 1198 suis
3017 1145 3346 1216 expediant.
3378 1148 3512 1212 Qum

1873 1238 2008 1286 sunt
2058 1233 2167 1304 (65)
2214 1250 2427 1305 pascua
2473 1239 2690 1305 nostra,
2742 1237 2851 1292 hoc
2907 1243 3010 1305 est,
3066 1237 3343 1310 fidelium,
3404 1241 3512 1297 nisi

1871 1325 2165 1382 Christus?
2218 1329 2279 1382 ln
2334 1329 2496 1398 cujus
2547 1331 2771 1401 pascuis
2824 1347 2881 1385 se
2933 1332 3179 1388 locatum
3234 1336 3513 1406 Propheta

1872 1419 2094 1475 laetatus
2123 1423 2229 1487 est,
2260 1421 2453 1476 dicens
2483 1446 2493 1475 :
2532 1443 2559 1471 «
2591 1425 2653 1478 In
2685 1423 2808 1478 loco
2833 1440 3081 1495 pascuae,
3108 1426 3186 1481 ibi
3212 1443 3306 1481 me
3339 1428 3510 1484 collo-

1873 1512 2018 1567 cavit
2059 1515 2225 1584 (Psal.
2275 1531 2401 1583 xxu,
2441 1516 2527 1585 2);
2564 1538 2590 1565 ››
2621 1517 2699 1572 ibi
2745 1517 2899 1572 enim
2945 1535 3050 1574 nos
3101 1520 3277 1591 pascit
3321 1525 3380 1576 et
3419 1539 3507 1577 re-

1872 1605 2005 1661 ﬁcit.
2045 1609 2199 1662 Bona
2241 1624 2464 1679 pascua,
2513 1614 2868 1666 sacramenta
2908 1611 3098 1668 divina
3130 1619 3279 1668 sunt.
3320 1615 3512 1686 Carpi:

1872 1699 1987 1755 illic
2012 1717 2225 1757 novum
2250 1702 2473 1772 ﬂorem,
2507 1705 2604 1775 qui
2630 1704 2849 1760 bonum
2870 1706 3112 1768 ,odorem
3141 1707 3296 1763 dedit
3323 1724 3509 1764 resur-

177 1793 307 1847 mino
340 1811 352 1848 :
390 1811 514 1851 cum
555 1797 713 1853 enim
756 1801 1082 1870 assumptus
1123 1798 1314 1867 fuerit,
1346 1801 1501 1853 recte
1542 1797 1768 1864 dicitur,
1794 1773 1849 1846 Β
1875 1794 2141 1849 rectionis
2176 1812 2189 1849 :
2223 1796 2405 1868 carpis
2442 1797 2642 1863 lilium,
2675 1798 2733 1852 in
2773 1814 2888 1870 quo
2925 1800 2996 1854 sit
3030 1800 3302 1871 splendor
3339 1807 3507 1858 teter-

173 1887 273 1957 ipse
315 1904 489 1945 meus.
539 1891 794 1964 Denique
845 1907 975 1947 cum
1024 1891 1194 1963 Moysi
1244 1892 1457 1947 dictum
1505 1897 1666 1960 esset,
1716 1896 1775 1946 ut

174 1981 355 2050 populo
404 1983 732 2040 Judseorum
789 2001 893 2056 per
945 1984 1128 2040 tribus
1186 1985 1442 2057 singulas
1494 1984 1776 2040 divideret

170 2073 436 2145 incolatus,
476 2080 534 2130 et
574 2077 944 2133 distribueret
981 2078 1220 2150 singulis
1260 2078 1521 2133 tribubus
1561 2079 1772 2151 portio-

172 2182 307 2234 nem;
341 2167 553 2225 tribum
597 2171 898 2227 Leviticam
945 2172 1162 2243 excepit
1203 2172 1372 2238 Deus,
1417 2171 1609 2227 dicens
1644 2173 1774 2228 filiis

169 2259 275 2314 Levi
312 2279 322 2315 :
363 2281 388 2309 ‹‹
429 2262 549 2319 Non
596 2264 705 2320 erit
741 2265 795 2320 ei
839 2265 1051 2336 portio,
1093 2281 1279 2338 neque
1318 2281 1437 2320 sors
1481 2267 1540 2320 in
1585 2266 1774 2322 medio

166 2353 372 2410 fratrum
413 2373 688 2425 suorum;
722 2359 857 2431 quia
899 2359 1170 2415 Dominus
1213 2359 1357 2414 Deus
1396 2376 1524 2431 pars
1569 2375 1772 2415 eorum

165 2452 232 2502 est
257 2448 441 2515 (Deut,
468 2469 524 2521 x,
554 2451 644 2523 9);
680 2472 708 2505 »
746 2457 806 2508 et
838 2453 973 2508 alibi
1003 2471 1015 2508 :
1048 2475 1076 2501 «
1109 2455 1228 2524 Ego
1268 2453 1543 2510 Dominus
1581 2453 1775 2526 portio

162 2555 332 2598 eorum
363 2545 575 2614 (Num.,
611 2563 764 2615 xvm,
792 2549 902 2619 20).
936 2569 962 2596 ν

223 2637 302 2691 65.
353 2637 610 2711 Negatur
658 2641 746 2695 his
797 2644 1024 2696 terrena
1074 2641 1304 2708 divisio,
1361 2647 1425 2696 ut
1477 2641 1582 2713 ipsi
1635 2641 1775 2722 dum

160 2729 462 2786 saecularem
492 2734 606 2789 sibi
639 2751 755 2789 non
788 2733 1080 2790 vindicant
1117 2735 1462 2806 portionem,
1496 2735 1636 2790 fiant
1659 2751 1770 2790 cae-

159 2823 291 2878 lestis
329 2829 607 2896 possessio
644 2829 774 2883 :vel
805 2828 912 2882 hoc
939 2828 1119 2883 solum
1158 2829 1424 2883 noverint
1463 2828 1772 2899 possidere,

156 2915 245 2972 hoc
270 2923 368 2986 est,
398 2920 536 2976 fidei
563 2925 625 2978 et
653 2921 972 2977 devotionis
999 2921 1358 2993 obsequium,
1388 2922 1568 2978 multo
1603 2922 1772 2977 ditio-

1874 1888 2100 1957 nitatis;
2147 1889 2335 1961 carpis
2381 1906 2601 1958 rosam,
2645 1891 2756 1946 hoc
2793 1896 2896 1959 est,
2941 1893 3221 1949 Dominici
3254 1897 3510 1967 corporis

1873 1983 2229 2053 sanguinem.
2261 1984 2418 2039 Bona
2448 1983 2622 2040 etiam
2655 2001 2882 2056 pascua,
2926 1987 3054 2042 libri
3091 1995 3223 2043 sunt
3255 1987 3507 2060 Scriptu-

1878 2091 2070 2130 rarum
2126 2077 2460 2148 omlestium,
2521 2079 2575 2133 in
2625 2079 2834 2150 quibus
2884 2080 3220 2152 quotidiana
3272 2082 3513 2138 lectione

1878 2169 2185 2240 pascimur,
2217 2171 2274 2225 in
2311 2171 2520 2244 quibus
2562 2189 2889 2229 recreemur
2927 2191 2993 2230 ac
3033 2176 3348 2242 reficimur;
3379 2193 3512 2232 cum

1875 2277 1943 2318 ea
1985 2280 2113 2335 qua:
2164 2263 2370 2335 scripta
2411 2267 2544 2319 sunt
2583 2265 2982 2338 degustamus,
3026 2269 3116 2323 vel
3154 2285 3381 2325 summo
3416 2285 3513 2325 om

1871 2354 2045 2410 libata
2092 2356 2446 2429 frequentius
2501 2359 2878 2415 ruminamus.
2939 2362 3034 2415 His
3093 2363 3315 2433 pascuis
3368 2379 3510 2435 grex

1876 2449 2107 2504 Domini
2137 2450 2454 2522 saginatur.
2489 2451 2641 2507 Bona
2675 2452 2846 2508 etiam
2876 2454 3084 2511 Christi
3113 2471 3320 2526 pascua
3344 2472 3510 2512 mon-

1878 2547 1962 2597 tes
1991 2544 2364 2612 convallium;
2404 2561 2537 2600 nam
2564 2549 2622 2600 et
2649 2546 2712 2600 in
2750 2546 2840 2601 his
2875 2547 3052 2619 pascit
3085 2548 3338 2604 Christus
3366 2549 3513 2606 sicut

1875 2638 2174 2709 capreolus
2200 2641 2301 2693 aut
2325 2638 2599 2694 hinnulus
2625 2655 2945 2707 cervorum,
2975 2640 3086 2696 hoc
3111 2648 3215 2708 est,
3240 2642 3297 2696 in
3324 2643 3512 2715 splen-

1877 2729 2112 2787 doribus
2137 2734 2486 2787 sanctorum.

1946 2826 2034 2879 68.
2081 2825 2257 2887 (Vera.
2307 2826 2412 2896 17.)
2463 2825 2571 2897 (66)
2618 2829 2790 2882 Donec
2828 2830 3030 2898 aspiret
3076 2829 3208 2892 dies,
3257 2836 3308 2885 et
3350 2832 3508 2886 incli-

1874 2924 2070 2974 nentur
2095 2920 2319 2974 umbrz.
2341 2919 2608 2975 Zachaeus
2630 2920 2687 2975 in
2714 2919 2979 2976 arborem
3004 2923 3290 2994 sycomori
3317 2940 3510 2980 ascen-

157 3026 230 3064 res
265 3029 430 3083 quam
471 3017 573 3086 qui
624 3016 1048 3087 possessionum
1093 3031 1326 3071 suarum
1367 3015 1548 3087 spatia
1584 3016 1776 3087 ampla
1878 3011 1980 3080 dit,
2023 3019 2084 3067 ut
2126 3013 2414 3070 Christum
2458 3013 2678 3069 videret
2717 3031 2730 3069 :
2767 3015 2928 3070 nobis
2973 3031 3200 3088 quoque
3239 3017 3512 3090 expandit

151 3102 472 3163 diffundunt.
521 3109 965 3174 Quantumlibet
1005 3110 1162 3165 enim
1209 3109 1353 3164 ﬂues
1403 3126 1536 3166 suos
1581 3115 1774 3166 exten-
1795 3140 1850 3214 Ο
1879 3123 2079 3162 manus
2109 3123 2237 3162 suas
2264 3109 2444 3174 .lesus,
2479 3112 2539 3163 ut
2577 3113 2759 3164 totum
2803 3109 3080 3165 mundum
3119 3110 3512 3169 obumbraret.

150 3195 281 3266 dant,
335 3208 390 3256 et
444 3207 608 3258 terra
659 3201 872 3269 deﬁcit,
931 3209 987 3258 et
1044 3219 1200 3258 mare
1256 3202 1496 3259 includit
1546 3195 2164 3265 insanasVQuomodo
2215 3218 2332 3256 non
2382 3218 2582 3257 sumus
2629 3203 2688 3258 in
2733 3203 2953 3270 umbra,
3006 3205 3105 3276 qui
3155 3206 3336 3260 crucis
3387 3206 3510 3277 ejus

146 3292 483 3365 cupiditates,
515 3301 584 3353 et
608 3297 869 3368 pendunt
898 3296 1114 3352 tributa
1150 3297 1369 3367 majora
1403 3312 1580 3369 quam
1617 3296 1770 3352 fruc-

149 3391 221 3439 tus
260 3395 408 3444 sunt.
458 3393 538 3446 At
588 3406 723 3446 vero
771 3391 878 3446 iste
922 3390 1069 3448 nihil
1117 3389 1440 3462 possidens,
1484 3390 1625 3445 nulli
1663 3391 1774 3444 nisi

145 3479 239 3534 Deo
260 3483 483 3552 militat,
519 3500 700 3556 supra
733 3487 946 3540 terram
977 3484 1100 3555 ejus
1128 3487 1215 3539 est
1250 3484 1457 3556 portio,
1489 3500 1607 3539 non
1642 3500 1773 3539 cum

147 3577 279 3630 terra
303 3576 516 3647 deficit,
554 3594 672 3633 non
712 3578 855 3633 mari
887 3578 1185 3633 clauditur.
1217 3577 1388 3648 Cujus
1415 3579 1600 3649 portio
1629 3579 1774 3633 Deus

144 3674 230 3736 est,
279 3671 451 3727 totius
497 3688 792 3744 possessor
839 3675 929 3726 est
968 3677 1206 3727 naturae.
1256 3673 1360 3726 Pro
1405 3671 1558 3743 agris
1601 3671 1775 3744 igitur

141 3760 242 3832 ipse
287 3764 392 3820 sibi
443 3767 592 3823 satis
642 3770 756 3833 est,
811 3766 1026 3822 habens
1071 3766 1291 3822 bonum
1341 3766 1620 3834 fructum,
1675 3767 1774 3838 qui

136 3871 414 3930 nunquam
445 3860 637 3933 possit
660 3860 870 3931 perire.
905 3861 1009 3916 Pro
1051 3859 1323 3914 domibus
1355 3860 1489 3914 satis
1529 3865 1613 3914 est
1642 3859 1769 3930 sibi,

138 3952 192 4003 nt
212 3951 279 4007 sit
300 3953 596 4010 habitatio
639 3953 884 4020 Domini,
921 3960 978 4008 et
1001 3953 1278 4025 templum
1320 3955 1439 4020 Dei,
1475 3970 1590 4025 quo
1631 3952 1770 4008 nihil

135 4050 306 4111 potest
344 4063 472 4103 esse
515 4047 843 4119 pretiosius.
886 4046 1032 4111 Quid
1071 4046 1228 4101 enim
1272 4047 1578 4118 pretiosius
1618 4046 1772 4102 Deo?

135 4141 230 4190 aut
259 4139 399 4210 quid
445 4141 619 4196 deest
655 4141 787 4195 huic
816 4140 938 4195 viro
976 4140 1077 4213 qui
1107 4143 1294 4212 potest
1329 4141 1515 4196 dicere
1544 4157 1557 4196 :
1593 4163 1620 4191 «
1651 4141 1773 4196 Non

133 4233 413 4305 contingat
454 4234 606 4289 mihi
647 4233 879 4306 gloriari
909 4233 1020 4288 nisi
1048 4234 1108 4288 in
1139 4250 1305 4288 cruce
1336 4234 1554 4290 Domini
1596 4236 1773 4290 nostri

132 4323 246 4379 Jesu
290 4327 546 4395 Christi,
597 4343 703 4400 per
749 4343 922 4400 quem
981 4327 1120 4383 mihi
1173 4328 1423 4384 mundus
1472 4327 1773 4384 cruciﬁxus

130 4421 223 4489 est,
250 4423 309 4475 et
334 4437 452 4494 ego
479 4421 704 4476 mundo
733 4422 960 4491 (60101.,
993 4438 1065 4489 vl,
1103 4421 1230 4492 14)?
1262 4444 1288 4470 »

1876 3295 2241 3365 protegimur
2289 3295 2649 3351 velamento?
2691 3296 2991 3362 Quomodo
3040 3315 3156 3354 non
3203 3315 3400 3354 sumus
3447 3300 3508 3354 in

1876 3388 2113 3455 umbra,
2169 3404 2311 3459 quos
2367 3389 2670 3445 cruciﬁxus
2719 3406 2754 3444 a
2799 3391 3160 3462 malignitate
3211 3393 3402 3448 saeculi
3455 3398 3514 3449 et

1875 3481 2132 3554 corporis
2176 3481 2380 3536 ardore
2429 3482 2725 3538 defendit?
2771 3486 2857 3537 An
2904 3485 3190 3540 nescimus
3233 3487 3511 3558 quoniam

1876 3574 2120 3629 Verbum
2159 3575 2255 3629 Dei
2294 3575 2524 3631 veniens
2566 3576 2622 3629 in
2665 3576 2818 3630 hunc
2862 3577 3166 3647 mundum,
3207 3595 3322 3634 non
3367 3580 3512 3636 sicut

1877 3667 2118 3722 Verbum
2171 3667 2437 3736 advenit,
2487 3669 2656 3741 quale
2704 3673 2825 3724 erat
2873 3671 2930 3725 in
2979 3671 3291 3744 principio,
3338 3675 3509 3745 quale

1877 3765 1999 3818 erat
2045 3761 2199 3834 apud
2248 3763 2424 3818 Deum
2478 3780 2490 3817 :
2544 3787 2571 3812 «
2604 3761 2718 3819 Sed
2762 3763 3134 3836 semetipsum
3178 3766 3508 3837 exinanivit,

1874 3857 2118 3912 formam
2150 3857 2295 3912 servi
2331 3857 2612 3928 accipiens
2651 3859 2935 3930 (Philipp,
2975 3875 3030 3927 ιι,
3073 3858 3168 3930 7)?
3203 3881 3230 3909 »
3265 3861 3426 3916 Venit
3449 3860 3510 3915 in

1874 3949 2024 4006 nube
2054 3950 2183 4019 levi,
2210 3956 2266 4006 et
2291 3967 2418 4005 cum
2445 3957 2595 4006 esset
2617 3951 2797 4006 virtus
2822 3952 3115 4020 Altissimi,
3143 3952 3512 4012 obumbravit

1873 4040 2087 4112 Marias;
2122 4050 2186 4100 ut
2213 4044 2650 4118 transﬁguraret
2677 4061 2883 4117 corpus
2913 4046 3250 4102 humilitatis
3281 4055 3510 4116 nostrae,

1873 4137 2164 4195 conforme
2208 4139 2332 4194 fieri
2371 4139 2596 4211 corpori
2636 4139 2828 4211 gloria:
2867 4156 3005 4196 suae.
3039 4140 3198 4197 Sicut
3237 4141 3332 4198 ille
3373 4160 3512 4216 ergo

1875 4231 2118 4287 formam
2147 4233 2401 4302 mutavit,
2434 4249 2565 4288 cum
2597 4250 2666 4288 ex
2693 4234 2926 4306 Virgine
2965 4242 3316 4306 nasceretur,
3343 4238 3423 4292 ita
3458 4244 3516 4295 et

1874 4326 2039 4380 nobis
2091 4343 2388 4382 sermones
2435 4327 2532 4382 Dei
2584 4327 2977 4400 transﬁgurari
3027 4329 3325 4398 videntur,
3377 4347 3511 4387 cum

1875 4421 2147 4491 leguntur
2180 4421 2236 4476 in
2266 4421 2592 4492 Evangelia,
2623 4439 2752 4476 cum
2793 4421 3013 4493 species
3049 4438 3251 4478 eorum
3286 4423 3515 4480 videtur

195 4514 276 4568 66.
336 4516 467 4571 Non
522 4518 713 4587 potest
761 4514 820 4569 in
877 4515 980 4569 hoc
1038 4515 1298 4586 princeps
1353 4514 1550 4569 mundi
1607 4514 1934 4587 hujusDin
1975 4515 2279 4586 Scripturis
2306 4516 2467 4587 quasi
2505 4531 2606 4586 per
2631 4515 2946 4586 speculum,
2977 4517 3114 4587 quia
3158 4519 3275 4572 tota
3310 4519 3514 4576 veritas

131 4603 225 4660 sibi
263 4609 635 4664 consortium
672 4607 979 4674 vindicare,
1006 4607 1064 4662 in
1095 4624 1209 4680 quo
1240 4607 1382 4662 nihil
1414 4623 1582 4662 suum
1615 4607 1770 4662 inve-

134 4699 228 4753 nit.
275 4701 538 4774 [deoque
583 4701 862 4757 Dominus
906 4701 1003 4774 qui
1050 4700 1206 4756 venit
1246 4701 1470 4769 docere,
1511 4705 1574 4756 ut
1612 4701 1775 4758 fieret

130 4790 286 4849 nobis
315 4795 474 4851 Deus
507 4795 719 4868 portio,
759 4795 838 4850 ait
866 4812 880 4850 :
915 4817 940 4845 α
985 4795 1142 4850 Venit
1182 4795 1339 4850 enim
1367 4794 1538 4864 hujus
1570 4794 1771 4850 mundi

131 4887 412 4961 princeps,
445 4894 513 4945 et
547 4890 604 4944 in
646 4904 739 4945 me
780 4889 999 4944 invenit
1035 4888 1180 4944 nihil
1218 4889 1421 4958 (10am,
1456 4904 1564 4955 xxv,
1597 4891 1708 4960 30).
1744 4911 1770 4937 ››

128 4978 441 5056 Ιεήίοῳιθ
483 4983 801 5039 imitatores
837 4983 922 5038 sui
962 4999 1082 5039 esse
1122 4982 1338 5052 volens,
1373 4982 1455 5038 ait
1484 4999 1498 5036 ε
1532 5005 1560 5032 ‹‹
1592 4983 1771 5038 Nolite

130 5077 418 5142 possidere
478 5094 709 5147 aurum,
761 5093 945 5149 neque
1000 5082 1326 5148 argentum,
1369 5091 1556 5149 neque
1611 5093 1772 5148 pecu-

125 5168 272 5226 niam
316 5172 580 5243 (Matth,
625 5189 683 5242 x,
724 5171 800 5242 9).
841 5194 868 5221 ››
910 5171 1071 5227 Unde
1118 5172 1313 5227 Petrus
1360 5171 1668 5228 ostendens
1714 5172 1770 5226 in

129 5263 234 5321 Ι)εο
261 5266 612 5338 portionem
639 5265 746 5322 sibi
779 5282 923 5331 esse,
950 5281 1068 5320 non
1097 5265 1155 5319 in
1184 5265 1409 5333 saeculo,
1447 5266 1525 5320 ait
1560 5283 1574 5321 :
1611 5286 1640 5316 «
1671 5269 1770 5322 Ar-

129 5364 361 5427 gentum
429 5363 499 5414 et
554 5375 760 5415 aurum
827 5375 945 5414 non
1012 5358 1224 5426 habeo,
1289 5359 1389 5415 sed
1451 5359 1607 5431 quod
1674 5359 1772 5414 ha-

127 5450 247 5522 beo,
289 5451 574 5528 1572
604 5454 714 5510 hoc
744 5453 849 5508 tibi
886 5453 959 5508 do
990 5469 1003 5508 :
1039 5454 1096 5508 in
1132 5452 1368 5508 nomine
1402 5454 1536 5508 Jesu
1572 5453 1773 5508 Christi

127 5541 401 5603 Nazareni
459 5564 632 5621 surge
683 5553 743 5604 et
783 5547 1045 5617 ambula;
1103 5569 1130 5596 ››
1185 5547 1294 5602 hoc
1341 5551 1456 5614 est,
1512 5547 1632 5602 haec
1691 5554 1777 5603 est

129 5640 307 5708 portio
340 5658 505 5711 mea,
546 5642 734 5715 portio
773 5658 900 5698 mea
935 5641 1190 5698 Christus
1223 5644 1308 5696 est
1341 5657 1352 5695 :
1392 5663 1418 5690 ιι
1451 5641 1508 5694 In
1542 5640 1774 5696 nomine

185 5761 285 5824 (οδ)
315 5764 385 5817 In
413 5765 558 5831 put.
588 5777 792 5830 cxvm,
821 5777 992 5818 sem.
1018 5765 1096 5829 u,
1121 5778 1274 5816 num.
1305 5764 1352 5816 2.

185 5836 282 5898 εἷσϐἷ·
311 5836 377 5887 In
411 5836 557 5902 psal.
586 5848 786 5902 cxwu,
811 5848 974 5889 serui.
1013 5835 1061 5888 3.

1876 4607 1966 4662 hic
2007 4623 2116 4662 non
2160 4613 2338 4679 potest
2379 4607 2818 4678 comprehendi;
2869 4625 3001 4664 cum
3050 4614 3240 4666 autem
3291 4613 3513 4669 venerit

1872 4701 2019 4772 quod
2073 4702 2391 4773 perfectum
2439 4708 2544 4764 est,
2597 4718 2711 4756 non
2753 4703 2880 4774 jam
2929 4721 3028 4774 per
3073 4704 3508 4775 discussionem,

1877 4811 1987 4850 non
2014 4811 2115 4867 per
2143 4795 2392 4867 speciem
2427 4799 2487 4849 ut
2515 4795 2924 4867 transﬁgurati,
2957 4798 3052 4852 sed
3087 4799 3312 4870 integra
3341 4803 3512 4871 atque

1873 4905 2138 4960 expressa
2174 4888 2412 4944 veritate
2441 4888 2822 4960 resplendent.

1944 4985 2032 5037 69.
2091 4984 2199 5055 (67)
2255 4983 2469 5039 Flectat
2523 4999 2664 5054 ergo
2715 4983 2968 5039 animam
3017 4986 3160 5056 jugo
3215 4985 3400 5049 Verbi,
3452 4991 3514 5041 et

1877 5076 2119 5132 habenis
2161 5077 2274 5131 suis
2309 5080 2491 5149 regat,
2543 5081 2603 5132 ut
2644 5077 2929 5133 voluntate
2979 5078 3080 5132 Dei
3121 5078 3434 5134 abducetur
3479 5096 3513 5136 ι

1875 5170 2043 5236 vitiis,
2088 5175 2146 5226 et
2187 5169 2314 5226 vita
2362 5171 2601 5226 odorem
2654 5171 2838 5242 capiat
2885 5175 3143 5239 internas;
3193 5188 3305 5227 non
3349 5173 3508 5227 enim

1876 5265 1996 5319 haec
2030 5265 2143 5320 vita
2169 5265 2417 5336 perfecta
2441 5268 2544 5330 est,
2588 5265 2683 5320 sed
2721 5265 2838 5320 haec
2869 5264 2980 5320 vita
3013 5265 3068 5320 in
3106 5264 3332 5320 umbra.
3373 5265 3508 5322 Ideo

1876 5362 1941 5414 ut
1998 5358 2172 5413 homo
2234 5358 2490 5413 Christus
2540 5359 2698 5413 lesus
2753 5375 2819 5412 ex
2877 5359 3100 5429 Virgine
3154 5365 3511 5429 nasceretur,

1876 5452 2233 5507 obumbravit
2270 5453 2448 5507 virtus
2477 5451 2747 5507 Altissimi
2777 5459 3022 5507 matrem
3065 5453 3344 5521 futuram;
3375 5454 3514 5526 quia

1878 5548 1935 5602 in
1978 5545 2181 5602 umbra
2225 5545 2538 5614 descendit,
2592 5545 2663 5601 ab
2706 5546 2914 5602 umbra
2964 5546 3238 5620 incipiens
3284 5549 3513 5620 operari

1875 5641 2111 5696 salutem
2187 5639 2468 5704 hominis,
2545 5645 2602 5694 et
2673 5647 3171 5697 consummaturus
3249 5641 3510 5698 claritate

1939 5761 2038 5826 (67)
2066 5761 2128 5813 In
2149 5761 2286 5828 μαι.
2316 5772 2518 5826 cxvm,
2543 5774 2707 5816 lem.
2732 5764 2783 5830 5,
2809 5776 2966 5815 num.
2991 5763 3072 5815 36.
