4022 6176
474 311 604 376 1987

1562 306 1936 376 ὈΟΜΜΕΝΤ.
1979 320 2046 373 ΙΝ
2084 321 2371 376 CANTICA
2408 322 2674 377 CANTIC.

3679 326 3788 379 I988

463 444 592 497 solis
629 443 846 498 aeterni.
887 441 1098 496 Umbra
1139 447 1224 495 est
1260 457 1396 512 ergo
1437 442 1548 496 vita
1585 441 1726 496 haec.
1773 441 1994 496 Festina
2026 441 2097 496 ad
2121 453 2178 526 Α
2201 444 2381 499 tiones
2419 445 2518 499 Dei
2559 445 2749 499 animo
2789 443 3111 499 retexenda:
3150 446 3301 508 sunt,
3334 443 3619 513 relegenda
3650 461 3790 498 man-

460 533 663 602 eolem,
708 540 769 589 ut
804 540 859 589 te
889 534 1157 589 defendat
1187 532 1258 588 ab
1299 533 1516 588 umbrae
1558 534 1726 604 hujus
1768 535 2000 604 frigore,
2043 537 2099 588 et

459 631 700 685 calorem
746 629 845 683 tibi
900 627 1204 698 perfundat
1255 627 1533 682 aestivum.
1589 629 1654 681 Et
1709 628 1836 681 ideo
1891 627 2096 682 suadet

463 722 765 787 erandum,
809 722 1021 776 ne'ﬁat
1058 722 1195 792 fuga
1240 728 1428 775 nostra
1471 720 1659 776 hieme
1701 725 1797 774 aut
1841 720 2095 788 sabbato,

463 833 579 871 non
627 819 853 887 tempus
902 815 1170 887 diemque
1211 812 1555 885 signiﬁcans,
1601 814 1696 868 sed
1741 813 1951 885 frigere
1994 830 2099 869 nos

463 910 680 964 meritis
718 909 1050 981 prohibens,
1095 914 1151 963 et
1193 908 1466 964 bonorum
1512 923 1751 979 operum
1796 924 1913 964 esse
1946 908 2096 978 jeju-

464 1020 582 1100 ms'
638 1093 641 1096 -
991 1074 1206 1130 CAPUT
1243 1073 1560 1128 TERTIUM.

538 1196 585 1245 l.
631 1192 802 1261 (Vers.
856 1193 924 1260 l.)
968 1191 1074 1261 (68)
1120 1193 1183 1246 In
1231 1190 1401 1244 cubili
1435 1205 1570 1252 meo,
1603 1191 1661 1244 in
1691 1195 1839 1245 nocte
1879 1193 2102 1260 quaesiui

460 1301 613 1356 quem
640 1285 835 1340 dilexit
861 1287 1047 1339 anima
1077 1300 1237 1338 mea:
1267 1285 1496 1354 qumsivi
1519 1299 1636 1339 eum
1671 1291 1721 1338 et
1748 1300 1856 1339 non
1890 1285 2094 1338 inveni.

462 1380 768 1446 Emsurgam
796 1380 1000 1448 itaque,
1034 1385 1082 1432 et
1123 1393 1367 1447 quaeram
1401 1379 1459 1432 in
1496 1379 1732 1440 civitate,
1776 1381 1834 1432 in
1870 1381 2009 1445 foro,
2035 1381 2096 1432 in

456 1474 682 1544 plateis,
739 1481 894 1542 quem
946 1471 1140 1526 dilexit
1192 1475 1378 1526 anima
1426 1487 1561 1527 mea.
1617 1475 1928 1543 Acceperat
1978 1472 2096 1543 jam

462 1569 585 1621 haec
612 1565 805 1620 anima
835 1563 983 1620 bona
1012 1565 1252 1636 pignora
1292 1565 1613 1631 charitatis;
1655 1565 1750 1619 sed
1785 1565 1917 1636 quia
1946 1581 2094 1619 sem-

459 1657 564 1731 per
591 1659 808 1714 solliciti
842 1675 966 1713 esse
1008 1658 1309 1725 debemus,
1352 1674 1575 1730 semper
1601 1659 1828 1724 intenti,
1867 1665 1923 1714 et
1961 1659 2097 1730 quia

460 1751 706 1809 verbum
738 1752 836 1807 Dei
867 1751 1009 1807 sicut
1047 1752 1310 1822 capreola
1348 1752 1547 1818 exsilit,
1579 1755 1678 1806 aut
1713 1752 1855 1806 sicut
1885 1752 2092 1806 hinnu-

2202 537 2333 592 data
2383 537 2694 593 hortatoria
2745 555 2757 592 :
2815 537 2914 592 illa
2966 535 3035 592 de
3088 536 3348 590 castitate
3383 543 3653 608 praecepta
3693 553 3795 594 non

2201 630 2408 698 absint,
2435 638 2499 687 ut
2527 631 2614 686 bis
2638 635 2911 703 occupata
2939 646 3124 700 mens,
3164 629 3517 701 ﬂagrantiam
3553 629 3794 701 libidinis,

2202 725 2384 779 carnis
2440 725 2760 798 restinguat
2819 725 3101 780 ardorem.
3167 726 3318 779 Tene
3372 722 3507 778 illud
3556 723 3729 779 animo
3779 742 3790 780 :

2206 840 2229 868 α
2276 819 2494 874 Lavabo
2539 836 2643 892 per
2670 820 2924 891 singulas
2953 823 3140 874 noctes
3177 818 3388 872 lectum
3432 832 3616 871 meum
3649 818 3793 887 (Psal.

2207 929 2277 980 v1,
2314 914 2386 984 7).
2433 935 2461 963 »
2509 914 2644 977 Quis
2681 914 2835 968 enim
2875 913 3084 984 stupris
3118 910 3360 977 deditus,
3392 910 3616 981 ﬂagitiis
3653 911 3794 966 invo-

2199 1008 2380 1074 lutus,
2436 1007 2586 1061 lavat
2644 1023 2749 1078 per
2805 1006 3054 1077 singulas
3106 1009 3299 1060 noctes
3356 1007 3559 1058 lectum
3610 1006 3796 1059 suum?

2199 1100 2385 1156 Nescit
2421 1101 2580 1170 ﬂere,
2612 1099 2707 1172 qui
2739 1099 2935 1155 ﬂenda
2963 1099 3294 1168 committit;
3335 1100 3395 1152 et
3427 1114 3555 1152 cum
3594 1098 3661 1152 sit
3696 1099 3798 1168 ipse

2202 1191 2592 1266 lacrymabilis,
2644 1211 2756 1248 non
2809 1193 2985 1248 habet
3032 1208 3212 1264 pcenae
3256 1193 3529 1263 lacrymas
3577 1200 3702 1246 sua.
3743 1195 3798 1246 At

2199 1289 2294 1344 ille
2337 1290 2433 1360 qui
2470 1289 2703 1360 castigat
2740 1303 2942 1358 corpus
2978 1303 3165 1353 suum,
3197 1293 3253 1341 et
3292 1287 3378 1340 sui
3415 1284 3674 1340 sollicitus
3707 1301 3798 1355 gu-

2197 1384 2469 1438 bernator
2513 1387 2626 1451 est,
2675 1387 2845 1454 atque
2885 1381 3267 1452 ingemiscens
3305 1386 3359 1435 et
3402 1379 3596 1434 dolens
3634 1379 3802 1449 lapsus

2197 1477 2504 1548 superioris
2547 1476 2847 1545 offensam,
2890 1475 3096 1548 quaerit
3134 1474 3420 1546 quomodo
3463 1473 3648 1528 abluat
3694 1488 3800 1526 eam

2197 1569 2426 1625 ﬂetibus
2466 1569 2836 1641 pmnitentiaz,
2884 1569 2980 1624 hic
3020 1569 3172 1624 lavat
3210 1583 3310 1639 per
3349 1567 3600 1638 singulas
3635 1568 3802 1621 noctes

2197 1665 2405 1720 lectum
2433 1680 2625 1719 suum.
2648 1664 2772 1718 Non
2801 1663 3165 1718 dormiamus
3189 1662 3368 1733 igitur
3394 1661 3525 1716 totis
3549 1659 3800 1725 noctibus,

2197 1757 2297 1813 sed
2325 1758 2639 1812 maximam
2664 1760 2887 1828 partem
2914 1771 3114 1811 earum
3143 1754 3374 1810 lectioni
3398 1759 3455 1810 et
3476 1752 3803 1809 orationibus

459 1849 545 1903 lus
574 1853 906 1914 cervorum,
939 1862 1166 1916 semper
1201 1846 1394 1916 vigilet
1434 1845 1651 1915 anima,
1691 1851 1747 1900 et
1784 1829 2174 1916 praetendatB
2197 1852 2555 1923 deputemus.
2599 1850 2741 1906 Audi
2772 1850 3030 1905 Ecclesia:
3073 1865 3272 1905 vocem
3309 1848 3618 1920 quierantis
3653 1846 3802 1902 etiam

459 1935 791 2012 cumquem
821 1939 1045 2011 quaerit,
1079 1946 1132 1994 et
1165 1955 1338 2010 quem
1381 1945 1574 1994 tenere
1611 1939 1917 1994 desiderat.
1962 1941 2092 1996 Ideo

459 2034 617 2107 quasi
661 2034 988 2105 sublapsum
1031 2033 1136 2087 sibi
1177 2032 1512 2104 deplorans,
1547 2035 1608 2088 In
1648 2034 1847 2095 cubili,
1888 2034 2092 2105 inquit,

457 2129 600 2192 meo,
645 2129 702 2182 in
740 2127 980 2182 noctibus
1023 2128 1246 2197 qwsivi
1287 2142 1446 2197 quem
1489 2127 1682 2182 dilexit
1722 2129 1909 2182 anima.
1954 2143 2092 2182 mea.

457 2219 562 2286 Qui
613 2221 759 2276 bene
807 2220 1039 2292 quierit,
1094 2221 1153 2275 in
1203 2220 1374 2275 cubili
1427 2225 1669 2291 quaerat,
1727 2221 1785 2274 in
1837 2221 2096 2275 noctibus

461 2315 708 2387 quaerat;
764 2331 865 2368 nec
918 2311 1035 2369 dies
1083 2313 1349 2380 feriatus,
1408 2330 1596 2385 neque
1650 2319 1844 2369 noctes
1907 2313 2020 2368 sint
2074 2329 2091 2368 -:

461 2402 684 2463 nullum
723 2412 952 2479 tempus
996 2411 1159 2462 vacet
1198 2423 1231 2461 a
1267 2404 1491 2479 pietatis
1539 2405 1726 2462 ofﬁcio
1773 2424 1784 2462 :
1827 2408 1931 2461 etsi
1979 2423 2094 2462 non

458 2495 738 2557 invenerit
766 2501 968 2573 primo,
999 2505 1323 2572 perseveret
1352 2501 1410 2555 in
1442 2501 1808 2572 requirendo.
1845 2501 2094 2571 Ideoque

459 2585 603 2652 dicit
627 2613 640 2652 :

455 2696 470 2705 '
525 2693 582 2745 2.
615 2691 792 2762 (Vers.
826 2689 898 2759 2.)
934 2691 1240 2758 Exsurgam
1279 2691 1486 2758 itaque,
1519 2695 1571 2744 et
1608 2703 1847 2759 queram
1871 2691 1927 2743 in
1959 2691 2092 2742 civi-

459 2790 590 2846 tate,
623 2787 683 2838 in
717 2785 860 2852 foro,
903 2786 959 2837 in
992 2783 1210 2853 plateis.
1243 2783 1310 2837 Et
1350 2783 1584 2837 fortasse
1622 2782 1750 2836 ideo
1791 2799 1905 2837 non
1938 2782 2093 2836 inve-

406 2875 412 2880 ’
457 2879 544 2933 hit
583 2877 795 2944 adhuc,
837 2878 966 2948 quia
1005 2877 1062 2930 in
1109 2877 1232 2931 foro
1271 2876 1559 2947 quaesivit,
1605 2873 1699 2930 ubi
1733 2876 1860 2931 lites
1905 2880 2037 2930 sunt
2077 2893 2089 2930 :

461 2973 518 3026 in
550 2965 768 3043 plateis,
809 2971 907 3025 ubi
942 2970 1214 3025 nundinae.
1253 2987 1443 3024 rerum
1486 2968 1744 3044 1573
1776 2969 2091 3036 venalium;

453 3046 572 3121 non
650 3066 802 3120 enim
880 3063 1134 3121 Christus
1201 3063 1441 3134 pecunia
1515 3068 1895 3135 comparatur.
1962 3063 2092 3117 Nul—

455 3162 575 3214 tum
619 3159 726 3230 (69)
774 3163 998 3230 tempus
1045 3156 1393 3228 praedicandi
1439 3173 1676 3211 vacuum
1718 3157 1864 3211 sinat
1904 3161 2096 3211 sancta

455 3243 682 3308 ‘devotio
725 3250 1038 3322 praeterire.
1078 3249 1136 3304 Si
1182 3249 1473 3305 studentes
1512 3249 1780 3304 doctrinis
1820 3249 2093 3304 saeculari-

458 3344 562 3400 bus
593 3360 904 3417 perparum
945 3359 1148 3398 somno
1180 3343 1505 3415 indulgent,
1536 3348 1751 3414 quanto
1787 3342 1966 3413 magis
1993 3343 2090 3413 qui

451 3427 636 3494 Deum
672 3438 910 3510 cupiunt
940 3453 1307 3509 cognoscere,
1341 3453 1453 3492 non
1492 3436 1703 3492 debent
1736 3453 1932 3491 somno
1965 3451 2087 3490 cor-

455 3524 610 3606 poris
663 3531 948 3604 impediri,
1011 3531 1115 3586 nisi
1169 3534 1445 3602 quantum
1505 3536 1720 3586 natura:
1774 3531 1907 3584 satis
1964 3530 2090 3585 est?

455 3626 626 3701 David
666 3641 771 3697 per
812 3625 1070 3696 singulas
1115 3627 1309 3679 noctes
1354 3624 1564 3680 lectum
1617 3640 1782 3678 suum
1832 3623 2090 3694 lacrymis

453 3713 727 3798 diluebat,
761 3718 1032 3790 surgebat
1060 3719 1236 3773 etiam
1275 3718 1457 3773 noctis
1492 3717 1703 3785 medio,
1745 3721 1808 3772 ut
1846 3717 2088 3772 Domino

452 3804 862 3871 conﬁteretur:
897 3816 955 3866 et
991 3822 1050 3867 tu
1093 3817 1267 3867 totam
1310 3816 1534 3867 noctem
1576 3812 1767 3883 sopori
1804 3811 2090 3866 existimas

453 3907 878 3980 deputandum?
897 3909 1050 3962 Tunc
1077 3906 1263 3977 magis
1290 3905 1389 3960 tibi
1413 3906 1656 3960 orandus
1686 3909 1769 3960 est
1796 3905 2086 3970 Dominus,

449 4007 586 4057 tunc
625 4001 889 4074 praesidia
928 3999 1288 4072 postulanda,
1331 4000 1499 4070 culpa
1539 3998 1810 4068 cavenda,
1857 3998 2088 4070 quando

453 4096 678 4151 videtur
729 4095 944 4149 habere
998 4097 1302 4149 secretum.
1355 4093 1510 4146 Tunc
1565 4093 1809 4147 maxime
1860 4093 2088 4164 quando

455 4193 703 4247 tenebrae
735 4193 790 4246 in
819 4192 1061 4246 circuitu
1098 4196 1247 4258 meo,
1287 4194 1344 4246 et
1379 4190 1620 4262 parietes
1667 4206 1758 4245 me
1799 4191 2084 4262 operiunt,

451 4291 930 4346 considerandum
966 4290 1118 4361 quod
1155 4291 1300 4344 Deus
1340 4288 1534 4343 omnia
1568 4290 1823 4343 intuetur
1859 4289 2086 4344 abscon-

452 4375 589 4441 dita.
637 4385 715 4440 Ne
767 4383 975 4440 dixeris
1017 4400 1155 4455 ergo
1207 4383 1581 4438 circumfusus
1631 4382 1904 4447 tenebris,
1962 4383 2087 4455 quis

453 4489 545 4534 me
585 4479 772 4534 videt?
807 4485 864 4533 et
904 4495 1076 4550 quem
1116 4493 1315 4532 vereor
1344 4482 1535 4549 septus
1569 4475 1879 4548 parietibus
1910 4479 1966 4531 et
1995 4476 2085 4531 in-

2116 3203 2170 3278 C

2196 1947 2253 2000 in
2299 1945 2557 2000 noctibus
2608 1943 2894 2000 Christum
2939 1961 2951 1998 :
2993 1945 3059 1998 In
3105 1944 3292 2006 cubili,
3333 1943 3544 2015 inquit,
3591 1956 3715 2003 meo,
3757 1942 3804 1994 in

2197 2041 2444 2094 noctibus
2468 2041 2694 2110 quaesivi
2720 2053 2876 2108 quem
2899 2037 3096 2092 dilexit
3114 2039 3300 2092 anima
3329 2052 3470 2092 mea.

2265 2134 2319 2187 4.
2365 2133 2567 2202 Accipe
2611 2131 2928 2188 secundum
2970 2130 3238 2197 litteram,
3283 2130 3425 2202 quia
3471 2129 3715 2200 quaesivit
3756 2129 3804 2181 in

2197 2225 2457 2281 noctibus
2483 2225 2724 2294 orando,
2751 2223 3128 2296 deprecando,
3153 2224 3330 2279 etiam
3360 2223 3622 2294 lacrymis
3641 2222 3808 2292 deplo-

2197 2320 2398 2374 rando.
2441 2319 2707 2383 Quaasivit
2743 2319 2802 2373 in
2844 2317 3123 2386 noctibus,
3164 2317 3300 2389 quia
3353 2337 3380 2366 «
3429 2317 3623 2376 Posuit
3667 2321 3803 2369 tene-

2196 2413 2322 2468 bras
2362 2412 2662 2468 latibulum
2691 2429 2860 2467 suum
2895 2412 3066 2481 (Paul.
3099 2426 3229 2478 xvu,
3267 2411 3380 2482 l2),
3414 2432 3442 2460 »
3479 2415 3539 2465 ut
3577 2423 3805 2482 querere

2199 2523 2330 2561 eum
2371 2505 2668 2562 sollicitius
2700 2505 3067 2561 disceremus.
3105 2503 3379 2568 Quaesivit
3407 2503 3587 2576 igitur
3612 2503 3664 2558 in
3695 2517 3804 2573 pro-

2198 2600 2383 2672 phetis
2439 2599 2682 2654 Ecclesia
2740 2616 2809 2654 ex
2866 2597 3130 2670 gentibus
3175 2601 3550 2669 congregata,
3599 2600 3656 2650 et
3700 2595 3807 2650 ideo

2197 2693 2455 2749 credidit.
2497 2693 2747 2766 Denique
2789 2691 3065 2747 adventus
3092 2691 3372 2746 Dominici
3403 2690 3722 2746 testimonia
3745 2689 3804 2742 de

2197 2787 2515 2858 prOphetis,
2567 2785 2928 2857 evangelistaa
2966 2785 3284 2856 Paulusque
3310 2791 3644 2856 posuerunt,
3678 2781 3806 2837 unde

2195 2880 2467 2950 scriptum
2512 2883 2597 2934 est
2628 2899 2640 2935 :
2689 2900 2717 2928 ‹‹
2757 2879 2902 2944 Quia
2936 2895 3050 2934 nox
3094 2878 3248 2933 nocti
3286 2878 3507 2934 indicat
3544 2876 3806 2932 scientiam

2198 2973 2363 3043 (Psal.
2414 2990 2561 3042 xvm,
2609 2975 2682 3045 3).
2727 2996 2754 3024 ››
2796 2973 3064 3037 Ουωεὶνὶι
3103 2973 3164 3027 in
3209 2971 3494 3042 noctibus,
3536 2971 3594 3026 in
3641 2985 3805 3042 perse-

2195 3067 2517 3123 cutiouibus
2557 3070 2615 3123 et
2654 3065 2925 3136 adversis,
2967 3067 3028 3121 in
3067 3065 3538 3121 tribulationibus
3575 3068 3630 3120 et
3662 3063 3804 3120 dolo-

2196 3161 2352 3216 ribus
2406 3162 2584 3216 duris.
2643 3162 2760 3216 Nox
2814 3164 2899 3215 est
2953 3158 3252 3225 omnibus,
3308 3159 3522 3231 quibus
3575 3175 3684 3214 non
3738 3162 3809 3212 est

2194 3255 2446 3326 perfecta
2494 3255 2791 3322 securitas;
2853 3254 3001 3309 unde
3045 3254 3125 3308 ait
3170 3253 3449 3308 Dominus
3494 3269 3507 3306 :
3558 3275 3585 3303 «
3631 3250 3808 3306 Veniet

2192 3364 2302 3404 nox
2357 3349 2588 3420 quando
2642 3365 2812 3404 nemo
2864 3351 3049 3420 potest
3103 3347 3360 3418 operari.
3420 3348 3563 3402 Cum
3612 3347 3667 3402 in
3719 3346 3808 3400 hoc

2191 3443 2405 3497 mundo
2424 3460 2570 3509 sum,
2593 3444 2689 3498 lux
2713 3443 2884 3515 hujus
2905 3441 3104 3496 mundi
3129 3457 3254 3496 sum
3280 3441 3495 3512 (Ιοαηι,
3517 3457 3590 3510 ix,
3613 3443 3665 3507 4,
3693 3441 3759 3510 ὅ).
3781 3459 3804 3487 ›ι

2191 3537 2310 3590 Non
2345 3551 2483 3606 ergo
2525 3552 2830 3607 Operemur
2885 3536 2943 3590 in
2997 3535 3277 3601 tenebris;
3335 3535 3383 3590 si
3431 3535 3585 3590 enim
3635 3533 3806 3588 lucent

2192 3645 2366 3700 opera
2417 3633 2627 3697 nostra,
2679 3647 2795 3686 non
2843 3645 3154 3701 operamur
3195 3629 3255 3682 in
3305 3628 3580 3698 tenebris,
3627 3627 3718 3682 sed
3757 3624 3804 3678 in

2189 3723 2428 3778 lumine.

2262 3824 2312 3873 5.
2347 3818 2470 3874 Dies
2503 3824 2587 3874 est
2625 3818 2831 3890 quibus
2867 3819 3026 3874 adest
3063 3818 3339 3884 Christus,
3378 3833 3493 3874 nox
3518 3822 3601 3874 est
3624 3815 3804 3889 quibus

2191 3928 2247 3967 se
2273 3913 2540 3984 denegat.
2574 3913 2696 3967 Non
2728 3928 3004 3983 magnum
3038 3911 3159 3981 tibi,
3191 3911 3239 3966 si
3267 3914 3407 3966 tunc
3438 3913 3678 3969 Domino
3703 3924 3807 3982 gra-

2190 4007 2293 4061 tias
2331 4021 2486 4076 agas,
2519 4005 2751 4078 quando
2778 4007 2835 4060 in
2871 4006 3162 4079 prosperis
3204 4010 3262 4061 et
3298 4006 3562 4061 secundis
3602 4021 3685 4074 es;
3720 4001 3804 4057 sed

2189 4099 2236 4155 si
2281 4106 2414 4155 tunc
2461 4100 2755 4155 adhaereas
2804 4100 3048 4168 Christo,
3101 4101 3332 4172 quando
3385 4104 3444 4155 te
3497 4099 3806 4171 persecutor

2187 4193 2448 4265 exagitat,
2496 4193 2726 4265 quando
2770 4193 2960 4265 aliqua
3009 4194 3260 4265 procella
3306 4193 3622 4267 perturbat.
3671 4187 3805 4245 Anii.

2187 4287 2307 4342 sisti
2353 4287 2574 4342 tilium?
2621 4289 2685 4341 In
2737 4288 2834 4342 illo
2881 4286 3092 4350 dolore,
3135 4289 3195 4342 in
3248 4287 3345 4342 illa
3395 4292 3586 4357 nocte,
3629 4287 3682 4340 in
3720 4282 3804 4337 illa

2189 4379 2583 4448 destitutione,
2635 4384 2923 4436 memento
2974 4381 3198 4436 Domini
3246 4381 3344 4437 Dei
3391 4382 3504 4448 tui,
3551 4397 3622 4435 ne
3661 4374 3803 4451 quasi

2187 4492 2304 4530 non
2337 4475 2656 4545 exauditus,
2699 4475 2954 4546 ingratus
2981 4475 3074 4544 sis,
3103 4481 3158 4530 et
3202 4475 3260 4529 in
3293 4479 3395 4532 tua
3435 4469 3802 4548 praevaricaris

446 4559 676 4650 clusus?
705 4573 838 4645 quia
866 4593 893 4625 ‹‹
928 4573 1122 4628 Vultus
1163 4571 1395 4627 Domini
1422 4587 1593 4643 super
1631 4571 1904 4625 facientes
1938 4570 2165 4650 malaD
2188 4585 2465 4626 erumna.
2508 4569 2705 4624 Pulsus
2743 4585 2802 4624 es
2841 4570 2900 4624 in
2944 4568 3248 4625 exsilium?
3275 4569 3563 4625 Memento
3598 4562 3800 4622 Domini

449 4643 618 4737 (Psal'.
663 4643 855 4734 xxXIu,
901 4668 1006 4737 Π).
1042 4689 1067 4713 ι)
1099 4666 1355 4736 Denique
1385 4666 1428 4719 si
1457 4665 1738 4720 arbitrum
1767 4681 1880 4719 non
1911 4664 2084 4732 vides,

447 4759 506 4816 t'e
533 4760 718 4833 ipsum
747 4774 860 4816 non
890 4759 1088 4815 vides?
1125 4761 1256 4815 Tua:
1292 4757 1655 4814 conscientia!
1693 4758 2086 4814 testimonium

450 4842 867 4910 n‘on‘vereris?
921 4852 1108 4910 Nescis
1162 4853 1314 4908 illam
1375 4852 1679 4924 caliginem
1732 4852 1915 4908 noctis
1973 4867 2086 4907 non

447 4950 834 5020 opertorium,
886 4948 983 5004 sed
1037 4947 1384 5002 incentivum
1448 4963 1569 5001 esse
1633 4946 1892 5019 peccati?
1942 4948 2083 5002 Cum

443 5033 646 5099 somno
673 5048 728 5098 et
757 5039 884 5098 cibo
926 5043 1146 5098 fervent
1189 5057 1450 5112 corpora,
1490 5043 1626 5095 tunc
1665 5041 1837 5096 etiam
1875 5040 2086 5095 mentis

447 5132 836 5210 trigor'sopore
876 5131 1119 5204 laxatur,
1158 5151 1358 5190 somno
1385 5135 1707 5190 resolvitur.
1748 5135 1901 5189 Tunc
1937 5134 2080 5188 irre-

447 5227 539 5304 pit
564 5223 772 5305 impuri
815 5231 989 5286 libido
1031 5229 1383 5298 concubitus,
1415 5232 1550 5283 tunc
1589 5229 1956 5300 perturbatur
1985 5242 2085 5283 cor

448 5313 704 5399 squalore
748 5323 1164 5394 immunditiaa,
1204 5331 1324 5379 non
1367 5322 1592 5378 videtur
1633 5323 1877 5388 castitas,
1921 5321 2077 5394 puri-

444 5428 527 5500 tas
563 5413 673 5476 non
711 5419 1128 5486 consideratur,
1171 5417 1452 5490 pudicitiae
1505 5414 1685 5487 gloria
1727 5431 1839 5470 non
1880 5428 2076 5472 recen-

447 5499 618 5594 δέξειν·
684 5526 686 5529 ·
1849 5530 1851 5533 ·

598 5605 906 5672 'Nox'erat,
938 5606 1168 5676 quando
1208 5605 1379 5660 ludas
1409 5604 1680 5676 prodidit,
1713 5604 1943 5677 quando
1971 5605 2071 5659 Pe-

446 5681 572 5750 trus
598 5699 842 5764 negavit.
878 5697 976 5751 lllo
1003 5698 1180 5767 igitur
1208 5695 1497 5770 praecipue
1525 5689 1787 5770 tempore
1807 5697 2077 5769 justiﬂca-

511 5886 605 5952 (68)
638 5883 754 5934 Lib.
788 5882 851 5933 de
872 5884 1044 5944 Isaac,
1071 5900 1193 5952 cap.
1219 5891 1268 5952 5,
1296 5902 1450 5942 num.
1477 5890 1554 5941 38.

2189 4664 2286 4718 Dei
2319 4663 2424 4730 tui,
2451 4680 2523 4719 ne
2558 4663 2758 4734 patria:
2786 4663 3106 4720 interdictae
3146 4664 3487 4720 charitatem
3526 4663 3634 4717 Deo
3670 4673 3799 4732 pre-

2189 4758 2359 4812 feras.
2403 4757 2653 4828 Alicujus
2693 4757 2879 4812 divitis
2917 4773 3220 4829 oppressus
3260 4757 3534 4830 potentia,
3584 4748 3799 4810 amisisti

2190 4851 2442 4924 proprias
2514 4851 2849 4918 facultates,
2917 4851 3140 4923 indiges
3206 4853 3479 4924 sumptu?
3537 4850 3797 4905 Memento

2187 4945 2414 5000 Domini
2443 4945 2536 5000 Dei
2568 4943 2671 5009 tui,
2699 4961 2770 4999 ne
2797 4961 2905 4999 nox
2935 4948 2990 5000 te
3025 4945 3286 5017 egestatis
3314 4944 3565 4999 abducat
3588 4958 3621 4997 a
3650 4941 3797 4996 devo-

2185 5040 2354 5095 tionis
2401 5038 2625 5096 aﬂ‘ectu.
2674 5039 2789 5094 Hoc
2833 5043 2919 5094 est
2964 5039 3120 5094 enim
3169 5038 3502 5094 mandatum
3550 5035 3706 5108 legis,
3729 5033 3798 5086 ut

2185 5135 2242 5187 in
2292 5140 2460 5190 nocte
2505 5133 2689 5205 magis
2729 5149 2970 5205 quaeras,
3015 5132 3243 5205 quando
3287 5131 3468 5204 magis
3507 5123 3793 5186 exaudiaris

2185 5244 2218 5282 a
2262 5227 2523 5294 Domino,
2571 5232 2629 5282 et
2674 5227 2855 5299 possis
2902 5215 3090 5282 dicere
3124 5243 3136 5282 :
3175 5247 3202 5277 ‹‹
3231 5228 3286 5281 In
3328 5222 3692 5280 tribulatione
3724 5219 3790 5273 iu-

2183 5321 2372 5376 vocavi
2426 5320 2765 5390 Dominum,
2819 5326 2876 5376 et
2927 5319 3213 5376 exaudivit
3263 5335 3354 5374 me
3409 5319 3465 5372 in
3519 5312 3790 5372 latitudine

2183 5409 2450 5471 Dominus
2473 5417 2646 5488 (Psal.
2679 5431 2842 5486 cxvu,
2875 5418 2949 5485 5).
2985 5435 3014 5467 ν
3765 5456 3768 5458 .

2251 5514 2303 5565 6.
2336 5509 2442 5565 Sed
2474 5526 2576 5566 nec
2608 5525 2862 5582 quaerere
2891 5508 3272 5581 perfunctorie
3305 5508 3554 5564 abundat
3585 5503 3652 5561 ad
3680 5514 3790 5574 gra-

2175 5605 2343 5674 tiam,
2373 5605 2466 5660 sed
2512 5607 2576 5659 ut
2619 5604 2844 5660 insistas
2883 5610 2939 5659 et
2978 5603 3239 5658 intendas
3276 5601 3520 5657 muneri.
3552 5596 3785 5668 Denique

2179 5691 2285 5753 ista
2311 5698 2394 5753 vel
2427 5699 2672 5754 Ecclesia
2697 5699 2781 5753 vel
2808 5697 3018 5768 anima,
3044 5713 3172 5770 quae
3202 5695 3489 5768 requisivit
3522 5694 3578 5747 in
3612 5685 3783 5748 cubili.

2238 5893 2342 5956 (69)
2366 5891 2425 5942 In
2458 5891 2594 5957 psal.
2627 5901 2827 5957 cxvm,
2861 5846 3100 5955 serm'Q-‘l,
3137 5846 3285 5942 num.
3315 5845 3373 5941 3t
3559 5888 3562 5890 ’
