4022 6176
249 309 262 356 l
279 307 382 358 989

1267 314 1304 367 Ε
1343 313 1643 368 SCRIPTIS
1680 317 1735 366 S.
1780 313 2092 368 AMBROSII
2131 311 2536 366 CULLECTUS.

3479 313 3610 365 I990

236 427 491 497 quasivit
548 431 606 484 in
664 433 949 500 noctibus;
1006 435 1189 504 primo
1245 452 1360 491 non
1424 437 1673 504 invenit,
1732 437 1867 507 quia
1890 447 1947 520 Α
1968 450 2124 505 quem
2150 434 2343 489 dilexit
2371 435 2556 488 animo
2581 447 2718 486 mea.
2744 433 3045 485 Possumus
3071 436 3126 484 et
3147 432 3225 485 sic
3254 432 3602 503 intelligere.

235 521 478 576 fortasse
524 522 586 577 in
641 523 814 580 cubili
863 527 1139 598 qumsivit.
1200 527 1458 601 15⁵74
1513 529 1622 584 Sed
1677 533 1873 600 postea

233 629 405 685 quam
454 617 721 687 surrexit,
763 623 822 674 et
874 619 1031 690 abiit,
1072 621 1131 675 in
1171 622 1456 678 civitatem
1507 623 1654 693 [vide
1701 641 1776 678 ne
1814 625 1872 678 in

235 707 388 763 illam
464 710 748 767 civitatem
824 714 884 768 in
958 730 1069 786 qua
1142 717 1414 772 Dominus
1487 717 1874 772 celebraturus

237 802 471 868 Pascha,
512 803 816 875 discipulos
852 807 1156 864 destinavit
1203 809 1400 866 dicens
1443 811 1688 879 (Matth.,
1728 827 1870 878 xxvn,

238 896 372 963 £8):
419 917 446 944 «
495 897 572 952 Ite
623 899 680 952 in
731 899 1017 958 civitatem
1072 903 1146 957 ad
1197 904 1549 977 quemdamj,
1598 926 1625 953 ››
1679 908 1875 976 postea

235 1003 411 1058 quam
440 989 498 1044 in
526 989 673 1059 foro,
696 1000 760 1047 ut
786 993 924 1060 dixi,
947 995 1224 1066 quaesivit,
1253 997 1348 1051 ubi
1369 999 1559 1052 oleum
1585 997 1870 1065 venditur,

236 1082 391 1152 quod
436 1089 831 1154 exspectantes
874 1088 1159 1160 Sponsum
1209 1106 1399 1146 emere
1451 1098 1799 1146 consuerunt
1855 1108 1868 1146 :

235 1174 335 1230 ubi
360 1175 478 1246 jus,
515 1175 609 1232 ubi
634 1179 807 1250 leges.
841 1181 896 1236 Si
924 1181 1079 1237 enim
1113 1183 1201 1237 lex
1240 1183 1568 1254 spiritualis,
1601 1187 1660 1239 et
1682 1185 1870 1240 forum

237 1270 433 1340 utique
456 1271 770 1343 spirituale,
802 1273 899 1329 ubi
929 1275 1221 1348 disputant
1247 1277 1414 1347 periti
1446 1278 1590 1349 legis
1618 1282 1869 1334 mternre.

235 1362 400 1426 Quod
451 1365 640 1421 forum
691 1383 810 1422 non
868 1367 1056 1424 litibus
1119 1371 1540 1426 tumultuosum
1601 1378 1717 1437 est,
1773 1373 1870 1427 sed

230 1456 437 1512 Christi
480 1459 861 1516 tribunalibus
916 1462 1250 1532 gloriosum.
1296 1463 1401 1519 Ubi
1454 1464 1734 1535 quaesivit,
1784 1466 1868 1519 in-

232 1552 444 1621 quam?
470 1553 531 1606 In
568 1552 709 1620 foro,
753 1560 810 1610 et
850 1561 980 1627 post
1007 1556 1271 1627 quesivit
1295 1558 1354 1612 in
1399 1559 1619 1629 plateis,
1658 1559 1727 1614 de
1753 1559 1872 1630 qui-

1978 529 2035 582 ln
2079 526 2251 582 cubili
2299 526 2506 599 quaerit
2551 524 2858 590 Christum,
2900 523 2998 594 qui
3043 524 3246 594 quierit
3293 541 3423 580 eum
3473 542 3603 580 cum

1978 621 2409 692 tranquillitate,
2448 635 2576 674 cum
2618 633 2776 688 pace.
2805 619 2868 672 in
2900 615 3162 672 noctibus
3199 618 3423 688 quaerit,
3461 634 3601 690 quo-

1977 715 2127 769 niam
2178 730 2283 784 per
2329 712 2628 784 parabolas
2674 709 3015 782 loquebatur
3067 727 3079 764 :
3134 732 3160 758 ι‹
3214 709 3402 766 Posuit
3453 712 3607 766 enim

1977 807 2238 862 tenebras
2280 805 2580 862 latibulum
2623 820 2790 859 suum
2828 805 2996 873 (Psal.
3028 819 3154 872 xvu,
3201 807 3280 875 t2)
3320 825 3348 854 »ι
3387 835 3453 845 -
3487 825 3516 854 α
3547 809 3605 860 et

1975 917 2085 956 nox
2115 900 2266 955 nocti
2294 899 2506 955 indicat
2529 898 2823 954 scientiam
2844 899 3011 968 (Psal.
3035 914 3189 966 xvm,
3214 901 3286 967 3).
3317 921 3344 946 ι)
3367 898 3603 967 Deinde,

1976 994 2246 1066 quoniam
2269 1009 2398 1066 quae
2427 992 2666 1048 dicimus
2692 993 2750 1046 in
2773 991 2946 1048 corde
2974 995 3192 1058 nostro,
3223 1008 3288 1047 ea
3316 1007 3416 1047 nos
3445 1009 3602 1048 com-

1976 1105 2234 1160 pungere
2259 1087 2470 1143 debent
2503 1087 2564 1142 in
2593 1085 2892 1141 cubilibus.

1977 1215 1999 1228 -
2050 1186 2134 1237 Η.
2177 1181 2284 1238 Sed
2333 1185 2529 1236 tamen
2575 1196 2680 1235 nec
2727 1180 2804 1234 sic
2854 1180 3088 1247 invenit,
3135 1187 3192 1235 et
3238 1181 3366 1236 ideo
3406 1182 3542 1237 dicit
3584 1199 3596 1237 :

1974 1279 2299 1345 Exsurgam,
2340 1276 2394 1329 id
2435 1278 2539 1341 est,
2573 1274 2793 1344 erigam
2831 1277 2887 1329 et
2927 1273 3179 1329 attollam
3219 1275 3603 1332 intentionem

1978 1386 2192 1437 meam,
2223 1375 2283 1424 ut
2310 1384 2569 1440 quaeram
2607 1367 2874 1438 impigre,
2911 1382 3164 1437 quaeram
3202 1367 3438 1425 sollicite
3468 1385 3481 1423 :
3514 1371 3604 1423 in-

1971 1463 2161 1518 troibo
2190 1463 2259 1518 ad
2291 1463 2594 1516 civitatem.
2628 1462 2720 1515 Est
2756 1465 2814 1515 et
2845 1460 3033 1515 anima
3059 1476 3189 1532 quae
3215 1461 3351 1515 dicit
3383 1479 3396 1516 :
3431 1485 3457 1511 ιι
3487 1464 3605 1534 Ego

1974 1557 2173 1612 civitas
2200 1556 2443 1622 munita,
2477 1571 2584 1626 ego
2609 1555 2806 1610 civitas
2828 1554 3052 1609 obsessa
3071 1555 3218 1623 (lsa.,
3246 1571 3418 1623 xxvu,
3445 1559 3550 1626 10),
3575 1580 3602 1609 υ

231 1644 340 1699 bus
396 1645 450 1700 hi
503 1647 599 1717 qui
646 1647 719 1702 ad
757 1649 1179 1720 patrisfamilias
1213 1652 1522 1722 evangelici
1567 1653 1872 1723 prandium
1976 1653 2071 1706 Est
2116 1651 2311 1705 civitas
2361 1650 2578 1704 munita
2631 1665 2732 1720 per
2776 1647 3086 1713 Christum,
3132 1653 3222 1703 est
3265 1649 3460 1705 civitas
3509 1650 3606 1706 illa

233 1739 626 1807 convenirent,
658 1741 1116 1814 colligebantur:
1149 1747 1247 1817 qui
1275 1745 1461 1802 vocati
1486 1747 1871 1803 excusandum
1973 1744 2288 1800 Jerusalem
2322 1744 2381 1798 in
2423 1744 2582 1810 caelo,
2617 1743 2676 1796 in
2722 1758 2836 1812 qua
2876 1741 3174 1797 abundant
3217 1742 3420 1798 divina:
3461 1745 3606 1816 legis

232 1850 293 1888 se
331 1833 404 1889 ab
434 1833 761 1904 huiusmodi
789 1837 970 1908 epulis
1010 1855 1122 1894 non
1151 1843 1444 1910 putarunt.
1479 1842 1670 1896 Postea
1699 1858 1871 1913 quam
1895 1819 1951 1890 B
1978 1839 2322 1909 interpretes
2363 1841 2421 1891 et
2458 1836 2885 1907 disciplinarum
2929 1835 3114 1907 periti,
3145 1853 3246 1907 per
3285 1855 3431 1909 quos
3468 1840 3600 1896 Ver-

231 1929 295 1984 in
324 1929 476 1996 foro,
516 1929 778 2002 inquam,
807 1936 862 1986 et
895 1931 1098 2003 plateis
1135 1932 1413 2004 quaesivit,
1455 1933 1654 1989 incidit
1688 1937 1747 1989 in
1778 1952 1872 1991 eos

233 2024 334 2095 qui
368 2023 730 2079 circumeunt
765 2024 1070 2092 civitatem,
1121 2030 1176 2080 et
1220 2032 1355 2082 tunc
1397 2028 1631 2082 demum
1687 2030 1873 2100 potuit

232 2117 488 2173 invenire
514 2118 668 2188 quod
709 2123 1022 2190 quaereret;
1072 2120 1306 2175 fortasse
1355 2121 1511 2192 quod
1549 2122 1606 2177 in
1649 2123 1872 2178 tribula-

233 2212 386 2266 tione
419 2215 475 2266 et
499 2215 655 2266 metu
683 2213 863 2282 posita
903 2214 1086 2285 magis
1113 2215 1367 2270 inveniat
1405 2216 1667 2285 gratiam.
1711 2218 1872 2272 Deni~

235 2322 349 2376 que
378 2305 655 2376 posterius
684 2305 766 2362 ait
798 2323 810 2360 :

308 2405 359 2453 7.
410 2400 590 2470 (Vers.
640 2401 716 2470 3.)
763 2421 791 2450 «
840 2401 1185 2456 Invenerunt
1229 2419 1320 2458 me
1365 2405 1462 2474 qui
1515 2405 1870 2460 circumeunt

234 2493 540 2561 civitatem,
593 2494 847 2549 tulerunt
896 2495 1038 2549 mihi
1090 2496 1348 2567 pallium.
1399 2519 1425 2548 ν
1471 2499 1676 2553 Habuit
1728 2516 1869 2570 ergo

234 2592 558 2654 certamen;
609 2587 704 2642 sed
755 2604 869 2659 qua
921 2589 1135 2644 ratione
1199 2589 1290 2644 hic
1346 2591 1398 2645 ei
1461 2609 1578 2646 non
1636 2593 1872 2648 tulerint

231 2681 491 2752 pallium,
527 2681 714 2736 haereo
746 2682 1026 2753 reperire;
1067 2683 1175 2737 nisi
1217 2685 1360 2740 forte
1401 2686 1537 2756 quia
1576 2685 1652 2740 ibi
1689 2687 1867 2742 inter-

239 2791 466 2847 rogasse
510 2791 568 2828 se
609 2775 751 2830 dixit
781 2791 794 2830 :
839 2795 862 2826 α
896 2777 1040 2831 Num
1071 2793 1245 2847 quem
1276 2777 1476 2833 dilexit
1513 2779 1705 2834 anima
1747 2797 1872 2836 mea

237 2868 496 2923 vidistis?
545 2891 570 2918 ››
619 2869 754 2933 Quae
800 2869 1087 2925 Christum
1140 2871 1498 2942 loquebatur,
1545 2890 1649 2929 nec
1705 2881 1872 2931 exuta

238 2967 324 3016 est
359 2961 554 3032 pallio,
587 2970 644 3016 et
669 2979 839 3034 quem
869 2964 1182 3034 quaerebat,
1213 2965 1446 3020 invenit.
1481 2968 1638 3022 Disce
1665 2985 1867 3040 quem-

238 3055 555 3112 admodum
604 3063 894 3128 quaeratur
937 3058 1220 3124 Christus;
1272 3059 1343 3114 ab
1395 3060 1480 3115 his
1530 3061 1728 3134 utique
1774 3064 1871 3135 qui

236 3167 354 3205 non
397 3151 776 3221 perfunctorie
815 3157 1102 3223 quaerunt,
1135 3153 1234 3208 sed
1279 3153 1557 3210 violenter
1599 3156 1869 3222 retinent,

236 3245 385 3299 sicut
424 3245 534 3299 ista
572 3260 701 3315 quae
731 3245 809 3299 ait
845 3263 857 3300 :
893 3247 1064 3301 Tenui
1091 3263 1230 3312 cum,
1271 3263 1366 3303 nec
1404 3248 1703 3312 dimittam,
1741 3267 1870 3306 cum

236 3337 349 3393 fide
376 3337 610 3405 invenit,
641 3338 1018 3394 meditatione
1043 3340 1392 3395 constrinxit.

296 3434 366 3489 _8.
414 3431 473 3487 Si
519 3431 704 3487 bonos
750 3433 1013 3488 custodes
1061 3435 1392 3505 accipimus,
1440 3436 1634 3508 utique
1683 3438 1873 3508 angeli

239 3530 397 3581 sunt.
428 3525 536 3590 Qui
577 3542 711 3580 vero
747 3528 981 3598 angelos
1023 3527 1300 3594 transivit,
1334 3529 1580 3584 Verbum
1623 3530 1870 3600 invenit;

241 3622 489 3692 ideoque
529 3636 647 3675 non
679 3622 925 3676 multum
964 3621 1243 3676 intervalli
1285 3623 1412 3689 fuit,
1444 3639 1574 3678 cum
1613 3624 1875 3679 transivit
1921 3611 1926 3616 ’

241 3715 315 3769 ab
345 3714 454 3781 his,
483 3718 542 3769 et
563 3715 784 3770 invenit
806 3717 1023 3770 Jesum.
1055 3717 1350 3780 Quomodo
1380 3733 1516 3788 ergo
1546 3717 1691 3772 infra
1721 3718 1871 3774 tule-

239 3811 393 3863 runt-
407 3807 666 3879 pallium,
693 3809 802 3864 nisi
832 3809 973 3865 forte
1009 3810 1144 3881 quia
1177 3827 1438 3881 processu
1466 3811 1694 3868 offensas
1720 3813 1872 3882 fidei,

237 3902 492 3957 Ecclesia
543 3902 679 3957 dum
733 3904 1014 3969 nudatur,
1065 3921 1095 3957 a
1148 3904 1387 3960 Domino
1440 3906 1564 3976 plus
1613 3912 1872 3973 amatur,

236 3995 556 4067 exspolians
585 4013 644 4050 se
671 3999 924 4052 veterem
964 3997 1259 4052 hominem
1298 4002 1363 4053 ut
1403 4014 1611 4054 novum
1650 3999 1872 4069 induat,

239 4106 417 4161 quem
469 4106 585 4146 non
635 4090 902 4163 operiunt
948 4097 1200 4162 peccata,
1247 4091 1346 4146 sed
1402 4094 1613 4149 mentis
1661 4099 1876 4149 secreta

239 4183 570 4251 clariﬁcaut,
618 4187 717 4238 aut
757 4185 893 4255 quia
938 4185 1211 4240 amictum
1255 4185 1546 4257 sapientia:
1589 4189 1876 4243 saecularis

240 4277 317 4332 ad
356 4277 642 4333 Christum
687 4282 932 4333 ventura
968 4277 1275 4350 deposuit?
1309 4285 1367 4335 et
1402 4297 1519 4336 non
1557 4287 1755 4338 exutus
1793 4288 1877 4338 est

240 4372 438 4442 pallio,
466 4377 663 4442 postea
692 4388 862 4443 quam
891 4373 1060 4444 coepit
1088 4389 1208 4428 esse
1237 4374 1559 4444 perfectior.

316 4470 368 4519 9.
394 4465 587 4520 Simus
605 4482 742 4536 ergo
762 4481 1041 4521 memores
1054 4466 1526 4537 justificationum
1545 4471 1874 4536 caelestium,

1893 3198 1947 3272 C

1973 1933 2111 1987 hum
2158 1931 2253 1986 Dei
2286 1931 2584 2003 quaeritur.
2625 1931 2908 1996 Quarum,
2947 1928 3153 2002 inquit,
3191 1931 3250 1984 in
3295 1931 3419 1986 foro
3457 1934 3607 1988 illius

1973 2026 2234 2091 civitatis,
2267 2026 2324 2080 in
2362 2025 2458 2080 illo
2495 2025 2618 2079 foro
2647 2023 2745 2078 ubi
2777 2027 3028 2079 tractant
3053 2025 3187 2095 jura
3213 2027 3477 2094 consulti,
3507 2028 3605 2082 ubi

1975 2121 2166 2175 oleum
2212 2118 2493 2186 venditur,
2525 2117 2678 2189 quod
2720 2118 3064 2188 evangelica
3095 2119 3344 2191 virgines
3386 2126 3604 2190 emunt,

1977 2219 2038 2268 ut
2079 2229 2304 2285 semper
2347 2213 2497 2266 faces
2536 2228 2653 2266 suae
2696 2213 2941 2277 luceant,
2981 2229 3086 2267 nec
3131 2229 3232 2268 eas
3265 2214 3455 2270 fumus
3487 2215 3605 2271 ini-

1973 2308 2205 2379 quitatis
2249 2306 2591 2378 exstinguat.
2634 2307 2914 2373 Quaeram,
2958 2306 3163 2377 inquit,
3203 2308 3263 2362 in
3304 2309 3504 2379 plateis
3545 2311 3605 2366 in

1975 2402 2184 2472 quibus
2213 2401 2574 2471 superﬂuunt
2608 2415 2772 2470 aqua;
2813 2399 2883 2454 de
2917 2399 3028 2454 illis
3057 2400 3307 2456 fontibus
3336 2418 3602 2472 proram.-

1974 2501 2194 2566 pentes,
2227 2495 2298 2549 de
2329 2493 2534 2564 quibus
2562 2493 2828 2549 Salomon
2855 2491 2992 2547 dicit
3018 2509 3139 2548 esse
3168 2496 3537 2564 potandum..

2051 2593 2132 2644 t2.
2162 2592 2481 2645 Invenerunt
2505 2603 2605 2648 me,
2639 2587 2846 2657 inquit,
2878 2587 3122 2643 custodes
3151 2591 3249 2658 qui
3271 2591 3604 2646 circumeunt

1973 2685 2264 2738 civitatem.
2317 2683 2458 2736 Dum
2525 2679 2966 2751 quaerit'igitur
3015 2681 3334 2750 Christum,
3385 2684 3604 2741 invenit

1972 2775 2236 2832 custodes
2272 2775 2373 2846 qui
2413 2775 2474 2830 in
2515 2773 2830 2829 ministerio
2873 2777 3034 2844 sunt;
3075 2775 3145 2830 ab
3184 2776 3272 2831 his
3311 2778 3551 2849 requirit
3587 2799 3599 2835 :

1972 2872 2116 2927 Num
2153 2885 2312 2942 quem
2349 2869 2534 2937 diligit
2573 2870 2760 2924 anima
2799 2885 2919 2923 mea
2959 2869 3218 2925 vidistis?
3255 2871 3368 2927 Sed
3408 2875 3603 2930 anima

1973 2980 2099 3035 quae
2153 2965 2332 3020 Deum
2387 2963 2608 3034 quaerit,
2661 2964 2835 3017 etiam
2884 2964 3143 3018 custodes
3191 2967 3410 3020 transit.
3460 2969 3605 3024 Sunt

1973 3058 2128 3112 enim
2170 3057 2437 3128 mysteria
2477 3073 2606 3128 qum
2644 3055 2813 3112 etiam
2853 3057 3043 3128 angeli
3083 3060 3494 3132 concupiscunt
3518 3063 3598 3116 vi-

1973 3155 2140 3221 dere;
2185 3151 2336 3206 unde
2388 3154 2585 3206 Petrus
2623 3151 2699 3204 ait
2750 3173 2760 3204 :
2812 3172 2840 3200 ει
2880 3152 3150 3207 Nuntiata
3193 3159 3344 3223 sunt,
3391 3155 3603 3227 inquit,

1974 3247 2128 3302 vobis
2190 3263 2292 3316 per
2347 3261 2442 3300 eos
2505 3245 2710 3316 quibus
2775 3246 3338 3316 evangelizaverunt,
3394 3249 3606 3320 Spiritu

1975 3339 2232 3414 1575
2277 3343 2468 3394 sancto
2518 3339 2692 3394 misso
2735 3339 2805 3394 de
2853 3340 3016 3409 ccelo,
3063 3341 3122 3394 in
3170 3356 3345 3412 quem
3393 3358 3604 3398 concu-

1973 3434 2201 3506 piscunt
2222 3433 2412 3504 angeli
2441 3433 2761 3504 prospicere
2793 3435 2834 3503 (Ι
2863 3434 3030 3496 Petr.,
3061 3450 3100 3502 ι,
3133 3436 3238 3506 t2).
3272 3458 3298 3484 n

2049 3532 2133 3584 l3.
2162 3529 2338 3599 (Vers.
2373 3529 2446 3596 4.)
2483 3529 2655 3594 Quam
2684 3527 2948 3582 modicum
2987 3544 3107 3582 cum
3142 3534 3377 3586 transivi
3404 3534 3474 3588 ab
3509 3538 3607 3601 eis,

1976 3625 2155 3678 inveni
2199 3638 2338 3685 eum,
2388 3625 2537 3677 tenui
2582 3637 2722 3683 cum,
2766 3628 2819 3675 et
2872 3637 2981 3676 non
3035 3622 3219 3677 dimisi
3271 3640 3412 3680 eum.
3456 3629 3605 3699 Ergo

1975 3715 2072 3788 qui
2115 3715 2404 3770 transierit
2440 3714 2721 3780 custodes,
2765 3714 3008 3769 Verbum
3052 3716 3286 3772 invenit.
3329 3721 3609 3777 Transivit

1973 3811 2238 3878 Joannes,
2271 3809 2367 3881 qui
2412 3808 2660 3862 Verbum
2696 3808 2849 3879 apud
2891 3810 3117 3864 Patrem
3164 3810 3401 3868 invenit.
3441 3813 3607 3870 Multi

1975 3919 2202 3976 quoque
2235 3902 2328 3957 alii
2368 3906 2501 3957 sunt
2535 3901 2634 3973 qui
2673 3901 2732 3956 in
2766 3902 2880 3957 otio
2911 3910 3177 3974 quaerunt
3215 3906 3522 3975 Christum,
3551 3916 3608 3962 et

1977 4013 2094 4053 non
2119 3997 2454 4064 inveniunt;
2477 3999 2534 4050 et
2558 3999 2827 4067 quaerunt
2853 4012 2986 4051 eum
3012 3996 3070 4052 in
3099 4000 3606 4070 persecutionibus,

1977 4099 2034 4145 et
2073 4091 2396 4146 inveniunt.
2430 4091 2497 4144 Et
2534 4089 2662 4144 ideo
2705 4090 2866 4160 quasi
2902 4095 3032 4162 post
3075 4094 3437 4164 tentationes,
3473 4096 3607 4167 quia

1977 4187 2035 4240 in
2059 4185 2331 4257 periculis
2357 4184 2610 4239 ﬁdelium
2636 4200 2873 4239 suorum
2898 4184 3058 4240 adest
3087 4189 3295 4254 :Quam
3317 4189 3607 4252 modicum,

1979 4278 2186 4350 inquit,
2213 4294 2334 4332 cum
2363 4280 2598 4333 transivi
2620 4279 2690 4333 ab
2717 4280 2814 4340 eis,
2839 4281 3023 4334 inveni
3049 4296 3190 4342 eum,
3219 4289 3270 4337 et
3296 4287 3444 4338 tenui
3466 4299 3606 4348 etim,

1977 4378 2029 4427 et
2069 4387 2176 4427 non
2219 4373 2402 4427 dimisi
2439 4387 2580 4427 eum.
2621 4371 2817 4427 Omnis
2857 4373 3010 4428 enim
3054 4375 3150 4445 qui
3194 4377 3416 4446 quaerit,
3451 4380 3610 4435 inveo‘

1983 4466 2094 4535 nit;
2144 4472 2200 4521 et
2251 4466 2345 4538 qui
2394 4466 2693 4533 invenerit,
2739 4465 3036 4521 adhaerere
3081 4469 3270 4526 debet.
3318 4487 3386 4523 nn
3431 4474 3608 4541 pascit

245 4565 308 4615 ut
339 4560 478 4614 dum
509 4575 606 4614 eas
647 4565 861 4615 secreta
898 4561 1105 4615 mentis
1145 4577 1276 4615 voce
1305 4565 1622 4633 cantamus,
1655 4581 1876 4620 memo-
1900 4569 1958 4642 D
1981 4560 2263 4615 amittere.

244 4671 336 4709 res
381 4653 557 4708 simus
602 4654 662 4708 in
707 4656 874 4708 nocte
927 4653 1175 4709 nominis
1226 4655 1470 4723 Domini,
1515 4663 1573 4712 et
1621 4658 1878 4714 dicamus

239 4755 305 4802 ut
334 4746 610 4818 scriptum
649 4753 775 4802 est:
810 4749 933 4802 Hec
965 4750 1120 4814 facta
1154 4754 1231 4804 est
1267 4751 1424 4815 mihi,
1450 4751 1582 4820 quid.
1606 4752 1874 4822 justiﬁca-

240 4843 418 4896 tiones
455 4847 577 4896 tuus
604 4842 870 4912 exquisivi
894 4841 1062 4912 (Psal.
1099 4858 1288 4907 cxvm,
1321 4846 1438 4911 56);
1475 4843 1582 4899 hoc
1623 4849 1724 4913 est,
1758 4847 1879 4901 haec

239 4935 521 4990 memoria
564 4935 714 4989 facta
762 4940 848 4990 est
895 4935 1056 5004 mihi,
1105 4941 1166 4990 ut
1208 4953 1433 4992 memor
1480 4954 1664 4993 essem
1718 4945 1777 4994 et
1818 4941 1877 4996 in

240 5035 414 5085 nocte
439 5028 689 5083 nominis
719 5029 821 5098 tui,
853 5046 964 5084 non
993 5029 1268 5086 ebrietate
1295 5031 1528 5104 sapitus,
1559 5049 1670 5088 non
1697 5035 1880 5105 epulis

244 5123 528 5191 resolutus
560 5123 620 5178 in
651 5139 945 5191 somnum,
976 5139 1088 5178 non
1119 5125 1269 5179 curis
1305 5125 1672 5182 saecularibus
1710 5144 1874 5184 occu-

245 5222 534 5287 pctus,-ne
566 5217 770 5273 oblivia
801 5217 941 5272 mihi
979 5222 1094 5272 tua:
1121 5218 1499 5274 venerationis
1527 5221 1874 5292 irreperent;

228 5311 344 5375 ,θεὰ
392 5310 728 5382 quotidiana
769 5310 1138 5368 meditatione
1181 5313 1437 5368 membra
1478 5314 1784 5388 castigans,
1824 5321 1880 5371 et

241 5405 624 5460 intentionem
677 5405 886 5461 mentis
935 5421 1234 5475 exercens,
1294 5412 1355 5462 ut
1405 5408 1734 5465 assiduitate
1782 5409 1880 5465 ﬂat

245 5497 410 5564 nobis
457 5515 657 5554 cursus
706 5501 816 5555 iste
870 5499 1157 5569 solemnis,
1205 5504 1270 5554 ut
1321 5501 1628 5557 Dominum
1683 5505 1877 5558 Iesum

245 5592 421 5649 etiam
449 5593 518 5648 in-
538 5593 798 5648 noctibus
821 5597 942 5648 toto
969 5609 1310 5649 veneremur
1334 5594 1558 5650 affectu.

319 5691 405 5744 10.
461 5687 572 5758 (70)
621 5689 683 5743 In
741 5687 984 5743 cubiculo
1038 5702 1183 5750 meo,
1240 5689 1300 5741 in
1354 5688 1593 5744 noctibus
1654 5693 1881 5760 quasivi

313 5880 409 5946 (τῦ)
436 5881 554 5933 Lib.
587 5882 654 5935 de
681 5884 850 5944 Isaac,
881 5895 998 5949 cap.
1029 5884 1079 5949 3,
1103 5896 1258 5935 num.
1285 5883 1362 5936 ω.

2056 4655 2138 4708 14.
2175 4655 2241 4709 Et
2278 4654 2555 4724 quoniam
2593 4670 2698 4725 per
2737 4654 3105 4726 Evangelium
3149 4658 3204 4711 in
3252 4660 3413 4715 terris
3451 4663 3605 4718 vide-

1983 4765 2106 4802 mus
2136 4747 2386 4802 ccelestia
2427 4748 2702 4818 mysteria
2736 4749 2996 4819 ﬁgurata,
3028 4751 3322 4807 veniamus
3357 4755 3424 4809 ad
3455 4756 3605 4828 Mag-

1979 4840 2258 4906 dalenam,
2308 4841 2603 4896 veniamus
2650 4842 2720 4898 ad
2763 4842 3006 4898 alteram
3049 4846 3295 4901 Mariam.
3337 4849 3608 4904 Conside-

1981 4950 2173 4989 remus
2199 4934 2692 5006 quemadmodum
2722 4935 3009 4992 Christum
3049 4939 3108 4993 in
3150 4939 3322 4994 cubili.
3357 4942 3609 5012 corporis

1979 5029 2086 5095 sui,
2118 5029 2176 5083 in
2217 5045 2332 5100 quo
2377 5029 2681 5085 defunctus
2713 5031 2957 5102 jacebat,
2996 5032 3054 5086 in
3099 5033 3357 5088 noctibus
3400 5037 3607 5106 quaesi-

1982 5122 2184 5189 verint,
2231 5122 2460 5193 quando
2509 5123 2651 5178 dixit
2698 5125 2805 5179 illis
2850 5125 3085 5196 angelus
3131 5143 3144 5180 :
3195 5148 3225 5175 ‹‹
3273 5127 3462 5183 Jesum
3511 5132 3611 5201 qui

1980 5215 2282 5271 crucifixus
2305 5221 2392 5271 est
2423 5217 2722 5288 queeritis?
2748 5223 2982 5280 nonest
3010 5219 3118 5285 hic,
3147 5220 3394 5276 surrexit
3423 5223 3606 5292 enim;

1980 5309 2116 5380 quid
2141 5310 2320 5380 igitur
2343 5311 2595 5382 quaeritis
2620 5311 2902 5366 viventem
2936 5329 3065 5367 cum
3097 5315 3339 5369 mortuis
3369 5313 3611 5385 (Matth,

1980 5419 2170 5471 xxvur,
2198 5407 2250 5471 5,
2280 5404 2373 5472 6)?
2405 5427 2433 5453 ι»
2471 5405 2616 5469 Quid
2656 5405 2906 5476 qumritis
2948 5408 3004 5460 in
3045 5409 3304 5479 sepulcro
3339 5425 3472 5467 eum
3510 5413 3612 5483 qui

1972 5497 2095 5568 jam
2118 5497 2177 5552 in
2198 5498 2338 5553 coelo
2364 5498 2473 5553 sit?
2491 5497 2640 5563 Quid
2657 5499 2913 5570 quaeritis
2936 5501 3254 5558 invinculis
3281 5505 3610 5577 sepultura,

1981 5591 2375 5646 universorum
2427 5591 2654 5647 vincula
2704 5591 3064 5650 solventem?
3115 5596 3237 5652 Non
3285 5600 3610 5671 sepulcrum

1981 5683 2112 5740 huic
2137 5683 2317 5754 sedes,
2351 5685 2446 5741 sed
2476 5686 2683 5741 coelum
2718 5690 2833 5757 est;
2869 5686 3003 5743 ideo
3042 5689 3185 5746 dixit
3230 5708 3343 5748 una
3377 5709 3442 5748 ex
3473 5695 3562 5750 his
3591 5709 3609 5756 ς
