4022 6176
479 296 602 348 1991

1599 293 1942 351 COMMENT.
1989 295 2052 349 IN
2092 294 2375 348 CANTICA
2416 294 2676 349 CANTlC.

3662 303 3767 355 1992

474 417 707 482 Quaesivi
750 431 892 478 eum,
935 423 987 469 et
1029 433 1137 470 non
1182 418 1370 472 inveni
1405 417 1608 486 (Cant.,
1652 434 1733 488 ιιι,
1777 419 1847 488 1).
1893 419 2104 472 Tamen
2130 416 2389 502 AAdam
2431 418 2618 487 primo
2663 417 2847 471 nudus
2891 421 3031 483 erat,
3073 416 3302 488 quando
3343 432 3464 472 eum
3500 418 3770 477 innocentia

475 509 614 564 dum
640 508 857 565 vadunt
881 509 1147 581 apostolis
1174 510 1523 581 renuntiare,
1552 512 1823 567 misertus
1848 527 2108 583 quaeren-

472 608 582 670 tes,
623 603 868 658 occurrit
912 603 996 657 eis
1037 603 1195 658 Jesus
1239 602 1435 660 dicens
1475 622 1488 658 :
1525 607 1713 660 Aucte.
1755 605 1868 662 Illae
1911 611 2104 661 autem

473 702 853 764 accesserunt,
894 702 950 751 et
987 700 1296 754 tenuerunt
1333 699 1510 770 pedes
1553 699 1695 770 ejus,
1738 702 1795 754 et
1833 699 2103 754 adorave-

476 793 613 845 runt
639 806 794 846 eum.

547 887 632 939 t5.
669 885 919 939 Tenetur
956 900 1095 956 ergo
1123 886 1304 954 Iesus,
1335 886 1750 960 et‘delectatur
1782 885 1860 940 sic
1900 887 2104 956 teneri,

476 978 609 1049 quia
648 977 762 1033 ﬂde
805 983 1051 1034 tenetur.
1093 978 1346 1050 Denique
1396 979 1695 1036 delectavit
1739 996 1872 1035 eum
1915 985 1971 1035 et
2012 979 2109 1034 illa

474 1071 702 1140 mulier,
731 1088 859 1144 qua».
899 1071 1086 1144 tetigit
1124 1088 1277 1139 eum,
1306 1074 1364 1128 et
1405 1077 1600 1128 curata
1629 1076 1712 1128 est
1747 1090 1778 1128 a
1813 1073 2108 1145 sanguinis

475 1165 654 1231 ﬂuxu,
680 1165 749 1220 de
780 1182 892 1237 qua
917 1165 1063 1221 dixit
1095 1183 1108 1220 :
1148 1187 1176 1215 «
1198 1165 1406 1237 Tetigit
1427 1182 1521 1221 me
1551 1165 1788 1238 aliquis;
1820 1183 1954 1222 nam
1979 1183 2109 1222 sen-

474 1261 556 1315 tio
598 1259 866 1316 virtutem
911 1259 982 1314 de
1028 1275 1120 1314 me
1162 1259 1338 1315 exisse
1371 1259 1538 1327 (Luc.,
1569 1277 1686 1324 vni,
1713 1262 1824 1332 46).
1860 1282 1886 1310 ››
1917 1262 2108 1333 Tange

479 1369 640 1424 ergo,
669 1356 727 1409 et
753 1353 863 1408 ﬁde
888 1356 1021 1408 tene
1048 1369 1202 1423 eum,
1229 1359 1286 1410 et
1310 1354 1640 1424 constringe
1669 1353 1912 1409 ﬁdeliter
1937 1353 2110 1426 pedes

477 1448 617 1518 ejus,
649 1452 708 1501 ut
735 1447 915 1501 virtus
949 1446 1019 1500 de
1056 1461 1124 1502 eo
1157 1451 1342 1515 exeat,
1366 1451 1432 1502 ut
1457 1451 1616 1503 sanet
1640 1447 1890 1502 animam
1929 1451 2105 1503 tuam.

476 1542 540 1595 Et
565 1541 610 1594 si
639 1539 787 1594 dicat
815 1556 828 1594 :
855 1558 884 1592 α
906 1539 1034 1595 Noli
1063 1556 1158 1595 me
1184 1545 1442 1612 tangere,
1468 1562 1496 1590 »
1525 1544 1588 1596 tu
1614 1544 1762 1596 tene.
1795 1562 1822 1590 ι(
1845 1540 2108 1596 Nondum

477 1633 630 1688 enim
659 1631 889 1688 escendi
921 1631 994 1688 ad
1032 1634 1258 1689 Patrem
1300 1649 1519 1701 meum,
1548 1655 1576 1684 »
1613 1634 1752 1689 dixit
1778 1635 1979 1706 (100.11.,
2018 1650 2107 1702 xx,

2208 509 2500 564 vestiebat.
2564 509 2830 566 Videntes
2889 511 3081 583 itaque
3143 526 3274 564 eam
3337 509 3456 566 tilia:
3511 513 3772 571 Jerusalem

2207 603 2429 658 Christo
2477 603 2879 673 inhaerentem,
2929 609 2986 659 et
3028 603 3215 658 adhuc
3262 605 3635 661 ascendentem
3669 623 3773 663 cum

2209 713 2279 752 eo
2319 697 2613 768 (dignatur
2650 697 2803 752 enim
2846 697 3234 769 quaerentibus
3272 697 3578 770 frequenter
3612 717 3773 756 occur-

2210 806 2358 858 rere,
2381 794 2438 845 et
2465 791 2948 859 condescendere,
2980 796 3042 845 ut
3066 807 3161 846 eos
3185 790 3404 861 elevet),
3433 791 3610 847 dicunt
3633 811 3645 846 :

2285 886 2368 938 19.
2419 885 2590 953 (Vers.
2638 885 2714 953 6.)
2762 885 2870 956 (74)
2915 884 3045 951 Qua
3087 889 3165 940 est
3213 886 3322 939 haec
3362 900 3475 955 qua:
3515 888 3722 943 ascendit
3756 906 3783 943 a

2209 978 2453 1033 deserto?
2494 977 2579 1033 Sis
2629 978 2772 1033 sicut
2823 979 2921 1033 illa
2968 978 3182 1044 anima,
3235 995 3363 1050 quae
3413 979 3602 1034 Christi
3647 980 3697 1035 in
3735 998 3781 1036 se

2209 1070 2548 1126 charitatem
2601 1072 2826 1141 excitat,
2883 1088 3056 1142 quam
3110 1071 3391 1128 mirantur
3435 1072 3785 1130 ascendentem

2211 1166 2442 1221 virtutes
2492 1165 2795 1234 caelorum;
2845 1165 3002 1238 quod
3051 1166 3168 1220 sine
3218 1165 3518 1222 offensione
3568 1165 3784 1240 1576

2209 1258 2494 1326 ascendat,
2536 1263 2594 1314 et
2637 1275 2707 1314 ex
2751 1260 2857 1314 hoc
2903 1259 3117 1314 mundo
3159 1259 3426 1315 ascendat
3470 1275 3588 1314 cum
3629 1259 3790 1315 latitia

2211 1359 2268 1408 et
2288 1353 2673 1423 jucunditate,
2705 1353 2847 1408 sicut
2880 1352 3007 1408 vitis
3047 1369 3328 1425 propago,
3369 1359 3423 1408 et
3467 1354 3597 1408 sicut
3633 1353 3788 1408 fumus

2210 1463 2268 1502 se
2307 1448 2377 1502 ad
2416 1463 2664 1519 superna
2693 1447 2969 1518 subrigat,
2995 1447 3260 1518 fragrans
3289 1447 3515 1502 odorem
3543 1463 3790 1502 resurrec-

2210 1540 2380 1595 tionis
2418 1541 2550 1612 piaa,
2596 1547 2652 1596 et
2694 1541 3026 1596 suavitatem
3074 1540 3231 1610 ﬁdei,
3271 1541 3417 1597 sicut
3450 1541 3612 1596 habes
3643 1541 3788 1612 scrip-

2210 1640 2334 1689 tum
2364 1652 2377 1689 :
2408 1634 2534 1701 Qua
2571 1639 2648 1690 est
2675 1635 2785 1690 haec
2817 1650 2938 1705 qua
2965 1635 3210 1690 ascendit
3238 1651 3271 1689 a
3300 1635 3522 1698 deserto,
3552 1637 3676 1690 sicut
3695 1637 3797 1689 vitis

478 1731 584 1797 t7).
638 1727 824 1783 Semel
875 1726 1018 1783 dixit
1061 1747 1076 1782 :
1127 1747 1153 1779 ι(
1199 1726 1321 1782 Noli
1368 1743 1459 1783 me
1509 1733 1765 1800 tangere,
1813 1750 1840 1778 »
1881 1727 2109 1800 quando
2131 1796 2170 1800 _
2207 1744 2470 1800 propago,
2508 1731 2662 1796 fumo
2704 1730 2915 1784 incensi
2950 1730 3287 1798 odoriﬁcata,
3335 1729 3553 1798 myrrha
3588 1735 3634 1783 et
3671 1727 3796 1782 thure

476 1796 819 1887 resurrexit;
863 1825 964 1876 aut
1001 1821 1149 1877 forte
1194 1820 1274 1876 illi
1317 1821 1480 1891 dixit,
1516 1796 1644 1893 qua;
1689 1796 1925 1893 putabat.
1959 1821 2110 1876 furto
2131 1796 2279 1878 Bab
2305 1796 2559 1878 omnibus
2595 1824 2912 1892 pulveribus
2952 1796 3258 1892 unguenti?
3288 1796 3522 1877 Pulchre
3560 1819 3795 1876 subtilita-

477 1932 600 1972 esse
624 1914 927 1982 sublatum,
957 1918 1015 1970 et
1037 1931 1156 1970 non
1189 1914 1398 1970 virtute
1427 1915 1661 1986 propria
1687 1915 2106 1971 resuscitatum.

480 2010 732 2081 Denique
763 2008 822 2063 in
861 2008 972 2064 alio
1011 2008 1158 2064 libro
1193 2008 1389 2077 habes,
1421 2009 1556 2081 quia
1585 2008 1910 2064 tenentibus
1937 2009 2112 2081 pedes

479 2110 536 2159 et
589 2101 962 2158 adorantibus
1027 2101 1171 2156 dixit
1219 2118 1230 2157 :
1292 2126 1314 2148 ‹·
1371 2101 1551 2157 Nolite
1613 2103 1816 2158 timere
1872 2103 2108 2170 (Matth,

480 2210 666 2263 xxvm,
703 2197 812 2267 10).
846 2217 874 2247 ››

551 2292 636 2344 16.
687 2290 839 2344 Tene
889 2304 1030 2361 ergo
1077 2295 1134 2344 et
1181 2295 1264 2358 tu,
1313 2290 1525 2359 anima,
1580 2290 1726 2344 sicut
1775 2289 2010 2344 tenebat
2056 2295 2112 2344 et

473 2383 661 2451 Maria,
707 2388 764 2438 et
807 2383 896 2438 dic
949 2400 960 2437 :
1013 2386 1182 2439 Tenui
1223 2400 1364 2448 eum,
1411 2390 1463 2437 et
1513 2399 1622 2438 non
1665 2383 1974 2448 dimittam;
2020 2383 2110 2438 cui

475 2475 740 2533 dicebant
770 2476 976 2544 ambae,
1006 2483 1273 2533 tenemus
1308 2481 1386 2532 te.
1418 2476 1567 2532 Vade
1611 2476 1684 2531 ad
1726 2478 1974 2546 Patrem,
2013 2476 2109 2532 sed

477 2587 594 2627 non
619 2571 985 2644 derelinquas
1010 2587 1126 2640 me,
1150 2587 1223 2626 ne
1244 2571 1455 2627 iterum
1483 2570 1676 2638 labar;
1700 2575 1759 2626 et
1783 2587 1914 2626 cum
1941 2571 2112 2626 Maria

482 2681 599 2720 non
649 2671 898 2732 errante,
957 2664 1057 2720 sed
1112 2665 1378 2720 arborem
1428 2665 1559 2720 vitae
1608 2668 1862 2734 tenente,
1921 2669 2111 2720 tecum

479 2775 620 2833 rape
663 2759 776 2814 tuis
817 2758 1055 2831 pedibus
1099 2759 1499 2815 inhaerentem.
1537 2760 1747 2814 Tecum
1787 2759 2108 2825 ascendam,

478 2854 592 2911 noli
629 2869 724 2909 me
771 2853 1076 2921 dimittere,
1107 2870 1180 2909 ne
1220 2853 1431 2908 iterum
1477 2869 1709 2925 serpens
1752 2868 1972 2908 venena
2011 2869 2112 2907 sua

477 2947 698 3015 fundat,
730 2964 804 3002 ne
842 2947 1050 3002 iterum
1077 2952 1250 3019 queat
1283 2947 1596 3002 femineum
1640 2945 1906 3001 mordere
1938 2947 2108 3001 vesti-

479 3043 656 3114 gium,
689 3047 752 3096 ut
787 3041 1114 3112 supplantat
1151 3040 1350 3096 Adam.
1380 3041 1532 3096 Dicat
1560 3055 1700 3111 ergo
1732 3040 1925 3094 anima
1961 3045 2063 3094 tua
2094 3058 2106 3094 :

481 3137 650 3196 Teneo
689 3141 738 3189 te
774 3139 825 3190 et
860 3134 1118 3188 inducam
1161 3141 1210 3188 te
1239 3136 1298 3189 in
1322 3134 1542 3189 domum
1566 3137 1762 3188 matris
1799 3149 1946 3197 mea,
1975 3140 2026 3187 et
2051 3136 2111 3188 in
2131 3167 2187 3243 Ο

476 3235 735 3285 secretum
784 3227 895 3296 ejus
941 3243 1062 3297 quae
1111 3228 1348 3298 concepit
1393 3242 1476 3282 me
1525 3227 1728 3297 (Cant.,
1777 3241 1858 3294 ιιι,
1910 3226 1996 3297 4);
2047 3231 2112 3282 ut

479 3336 818 3393 cognoscam
861 3320 1130 3389 mysteria
1176 3322 1296 3388 tua,
1339 3325 1404 3376 ut
1445 3319 1708 3376 hauriam
1755 3324 2112 3376 sacramenta

480 3423 597 3471 tua.

555 3514 642 3565 l7.
693 3509 803 3580 (7t)
851 3511 1023 3564 Tenui
1073 3522 1214 3571 eum,
1264 3522 1359 3562 nec
1406 3508 1715 3578 relinquam
1763 3523 1904 3570 eum,
1949 3509 2113 3564 donec

477 3603 817 3661 introducam
843 3618 963 3658 eum
989 3604 1048 3656 in
1075 3601 1294 3656 domum
1319 3601 1516 3656 matris
1545 3617 1690 3665 mea,
1724 3607 1776 3657 et
1801 3604 1860 3656 in
1890 3602 2109 3657 cubicu-

480 3700 593 3754 lum
629 3699 746 3768 ejus
785 3712 904 3768 qua
940 3711 1022 3752 me
1063 3697 1323 3766 concepit.
1357 3693 1497 3759 Quae
1544 3699 1630 3750 est
1667 3695 1872 3750 domus
1913 3695 2111 3751 matris

477 3808 624 3850 mem
655 3795 714 3847 et
747 3789 1074 3847 cubiculum
1116 3789 1258 3861 ejus,
1290 3788 1401 3843 nisi
1435 3789 1732 3846 internum
1767 3793 1883 3844 tuae
1924 3806 2108 3845 secre-

480 3894 718 3959 tumque
748 3883 1009 3942 naturae?
1036 3883 1183 3938 Hanc
1219 3884 1458 3938 domum
1493 3898 1676 3950 serva,
1705 3883 1878 3955 hujus
1908 3883 2114 3939 domus

479 3981 756 4040 mandato
815 3977 1145 4050 penetralia,
1193 3981 1258 4032 ut
1305 3993 1437 4032 cum
1491 3977 1861 4032 immaculata
1911 3977 2111 4032 domus

479 4075 671 4142 fuerit,
715 4089 818 4129 nec
861 4073 1029 4127 ullius
1075 4071 1410 4126 adulterinae
1454 4071 1810 4126 conscientiae
1853 4071 2113 4126 sordibus

479 4168 803 4240 inquinata,
834 4165 1101 4237 spiritalis
1124 4165 1330 4220 domus
1354 4165 1412 4220 in
1444 4165 1828 4220 sacerdotium
1856 4169 2112 4220 sanctum

481 4261 668 4334 lapide
697 4259 962 4332 angulari
993 4262 1393 4330 coagmentata
1429 4263 1754 4331 consurgat,
1783 4260 1842 4314 et
1870 4259 2113 4331 Spiritus

477 4359 703 4412 sanctus
740 4353 958 4410 habitet
993 4353 1054 4407 in
1099 4368 1183 4408 ea.
1220 4353 1355 4418 Quae
1401 4351 1480 4407 sic
1522 4352 1810 4409 Christum
1851 4353 2109 4424 requirit,

478 4466 613 4524 quae
640 4449 722 4506 sic
747 4448 1036 4505 Christum
1067 4446 1341 4515 obsecrat,
1371 4463 1490 4502 non
1524 4446 1868 4518 relinquitur
1896 4446 1967 4502 ab
1998 4463 2065 4502 eo
2095 4464 2108 4500 :

481 4545 600 4600 imo
629 4544 801 4599 etiam
829 4543 1162 4613 frequenter
1198 4539 1486 4596 revisitur.

557 4641 643 4694 18.
688 4636 799 4708 (72)
845 4636 940 4692 Vel
985 4633 1187 4691 domus
1228 4635 1445 4704 matris,
1477 4635 1712 4690 fortasse
1751 4633 1956 4689 domus
2005 4640 2108 4703 est,

481 4735 542 4788 in
585 4747 700 4804 qua
742 4729 1046 4802 praefulget
1089 4729 1394 4785 moralium
1439 4727 1730 4800 disciplina
1775 4747 1786 4782 :
1831 4733 2110 4784 secretum

481 4829 676 4881 autem
722 4823 864 4878 illud
907 4826 1010 4892 est,
1048 4823 1106 4878 in
1151 4839 1266 4895 quo
1310 4826 1443 4878 sunt
1483 4821 1686 4877 altiora
1725 4822 2012 4893 mysteria,
2053 4822 2108 4875 in

483 4921 691 4993 quibus
717 4918 926 4974 divinae
953 4917 1154 4989 gratiae
1179 4917 1354 4972 mella
1382 4916 1662 4972 redolent.
1693 4920 1778 4971 An
1809 4932 1924 4970 non
1953 4916 2110 4971 omni

482 5015 648 5071 melle
701 5012 923 5068 dulcior
965 5017 1330 5084 peccatorum
1375 5009 1672 5066 remissio?
1712 5010 1908 5065 Nonne
1954 5010 2114 5064 omni

479 5110 621 5166 ﬂore
663 5107 882 5180 gratior
925 5105 1262 5162 resurrectio
1302 5105 1697 5160 mortuorum?
1738 5105 1848 5175 (73)
1884 5104 2112 5175 Suscipe

480 5205 659 5278 igitur
700 5203 897 5269 Evam,
945 5217 1062 5256 non
1099 5201 1226 5272 jam
1273 5199 1528 5255 ﬁculneae
1572 5197 1724 5254 foliis
1765 5203 2111 5270 coopertam,

478 5298 580 5361 sed
608 5300 801 5354 sancto
838 5295 1108 5351 amictam
1144 5294 1378 5367 Spiritu,
1407 5298 1466 5347 et
1502 5308 1651 5347 nova
1688 5292 1871 5364 gratia
1902 5291 2112 5364 glorio-

481 5409 632 5462 sam;
671 5390 808 5464 quia
838 5390 960 5462 jam
1001 5404 1120 5444 non
1159 5392 1430 5460 tanquam
1473 5385 1682 5441 nudata
1726 5385 2113 5452 absconditur,

480 5485 582 5543 sed
619 5489 896 5556 tanquam
937 5481 1286 5539 circumdata
1315 5478 1642 5535 vestimenti
1677 5478 1973 5551 splendore
2002 5478 2114 5532 ful-

486 5578 672 5646 gentis
721 5577 987 5645 occurrit,
1032 5576 1170 5648 quia
1216 5575 1378 5630 vestit
1422 5591 1549 5630 eam
1598 5574 1813 5645 gratia;
1863 5571 1964 5627 sed
2015 5587 2116 5627 nec

486 5720 488 5722 '
556 5717 649 5785 si)
671 5716 788 5785 nu).
820 5718 883 5766 de
916 5719 1250 5782 Virginitats,
1281 5733 1404 5785 cap.
1439 5693 1517 5783 is,
1545 5732 1699 5769 num.
1727 5719 1807 5769 7s.

554 5782 648 5851 (13)
679 5783 900 5851 lnpsal.
927 5797 1128 5851 cxvm,
1151 5803 1317 5842 serm.
1341 5782 1420 5841 i7.

553 5848 652 5912 (73)
683 5849 798 5899 Lib.
830 5851 893 5900 de
920 5852 1088 5913 Isaac,
1115 5848 1237 5921 cap.
1268 5859 1317 5919 5,
1343 5873 1499 5913 num.
1527 5861 1606 5924 43,
1634 5863 1688 5912 ln
1721 5861 1814 5912 ﬂn.

2209 1921 2328 1971 tem
2376 1916 2498 1986 ejus
2541 1916 2820 1986 expressit
2861 1916 3107 1988 pulveris
3151 1915 3591 1988 comparatione,
3626 1918 3677 1969 et
3710 1929 3794 1969 un-

2215 2013 2410 2082 guenti
2459 2010 3028 2078 commemoratione;
3081 2010 3216 2080 quia
3269 2010 3330 2064 in
3387 2009 3572 2064 Exodo
3628 2006 3800 2063 subtile

2212 2105 2478 2176 legimus,
2508 2110 2566 2159 et
2593 2120 2662 2159 ex
2692 2103 2887 2158 multis
2921 2103 3301 2175 compositum
3338 2103 3663 2174 thymiama,
3687 2099 3799 2156 illud

2212 2214 2333 2253 esse
2384 2197 2678 2253 incensum
2726 2197 3148 2268 propheticum,
3191 2196 3344 2268 quod
3390 2201 3473 2250 est
3516 2198 3803 2250 sanctorum

2211 2292 2416 2358 oratio,
2453 2294 2515 2346 ut
2553 2291 2837 2362 dirigatur
2869 2291 2926 2345 in
2969 2295 3276 2362 conspectu
3321 2289 3559 2357 Domini,
3598 2289 3725 2343 sicut
3760 2290 3803 2340 et

2213 2385 2389 2439 David
2418 2384 2554 2440 dicit
2583 2402 2596 2439 :
2631 2407 2659 2434 ιι
2682 2383 2969 2456 Dirigatur
2995 2384 3178 2439 oratio
3206 2399 3356 2451 mea,
3381 2383 3520 2438 sicut
3547 2383 3803 2438 incensum

2214 2480 2272 2534 in
2305 2484 2607 2550 conspectu
2639 2484 2737 2533 tuo
2769 2478 2932 2549 (Psal.
2965 2494 3086 2544 οη,
3114 2477 3192 2547 2).
3228 2501 3252 2526 ››

2281 2575 2370 2628 20.
2423 2573 2532 2645 (75)
2583 2572 2711 2639 Qua
2763 2577 2843 2628 est
2893 2574 3003 2628 ista
3054 2587 3174 2642 quae
3227 2573 3470 2627 ascendit
3522 2588 3554 2624 a
3603 2569 3808 2626 deserto?

2214 2669 2476 2722 Desertus
2508 2666 2601 2721 hic
2626 2672 2796 2721 terrae
2836 2665 2996 2721 locus
3036 2670 3094 2719 et
3131 2665 3382 2720 incultus
3411 2664 3642 2732 videtur,
3671 2661 3810 2718 senti-

2210 2761 2317 2816 bus
2348 2766 2405 2814 et
2441 2759 2626 2831 spinis
2664 2764 2992 2815 nostrorum
3022 2758 3235 2814 obsitus
3264 2758 3620 2814 delictorum.
3644 2756 3810 2810 Miran-

2210 2861 2306 2910 tur
2336 2853 2604 2908 videlicet
2631 2853 2917 2925 quomodo
2955 2852 3149 2908 anima
3192 2868 3327 2924 quae
3367 2858 3497 2908 ante
3527 2851 3582 2906 in
3617 2849 3808 2905 inferno

2210 2947 2662 3019 relinquebatur,
2711 2947 2987 3002 inhaereat
3037 2946 3141 3001 Dei
3184 2945 3396 3016 Verbo,
3444 2949 3500 3000 et
3537 2941 3811 2999 ascenderit

2211 3042 2356 3096 sicut
2407 3041 2535 3095 vitis
2593 3057 2880 3112 propago,
2933 3041 2992 3096 in
3057 3040 3353 3112 superiora
3407 3039 3691 3109 subrigens
3735 3051 3809 3100 se,

2211 3136 2365 3190 velut
2400 3135 2590 3190 fumus
2631 3140 2799 3189 natus
2837 3151 2902 3190 ex
2932 3134 3089 3206 igne,
3118 3139 3291 3206 atque
3328 3134 3442 3189 alta
3480 3135 3689 3205 petens,
3712 3132 3812 3184 tum

2212 3233 2488 3301 praeterea
2526 3228 2693 3284 bonis
2732 3228 3001 3283 odoribus
3041 3229 3277 3300 fragret.
3323 3227 3478 3283 Odor
3519 3231 3700 3281 autem
3738 3221 3812 3275 ille

2213 3322 2480 3378 orationis
2534 3322 2644 3394 piae
2697 3321 2915 3377 redolet
2967 3322 3344 3389 suavitatem,
3400 3336 3529 3393 qua
3587 3315 3815 3388 dirigitur

2216 3437 2243 3468 ‹‹
2283 3417 2429 3473 sicut
2467 3417 2762 3472 incensum
2807 3416 2866 3470 in
2905 3419 3213 3487 conspectu
3258 3414 3490 3470 Domini
3520 3411 3681 3484 (Psal.
3716 3422 3810 3476 cn,

2214 3511 2286 3582 2).
2337 3533 2365 3561 ››
2413 3512 2481 3566 Et
2520 3510 2580 3564 in
2627 3509 2966 3581 Apocalypsi
3009 3509 3276 3580 legimus,
3328 3507 3485 3581 quod
3528 3528 3555 3558 ι(
3592 3499 3815 3561 Ascendit

2211 3607 2405 3660 fumus
2429 3605 2791 3661 incensorum
2820 3603 2890 3657 de
2917 3603 3266 3658 orationibus
3292 3607 3616 3658 sanctorum
3635 3600 3813 3669 (Apoc.

2213 3715 2328 3768 vm,
2377 3699 2453 3770 4),
2495 3719 2524 3748 ››
2563 3713 2693 3770 quae
2737 3697 2962 3752 incensa
3006 3696 3339 3752 referuntur
3375 3713 3479 3768 per
3517 3693 3816 3766 angelorum

2213 3808 2448 3848 suorum
2479 3791 2788 3858 orationes,
2811 3789 3022 3845 scilicet
3048 3805 3218 3861 super
3241 3790 3422 3845 altare
3448 3788 3584 3844 illud
3610 3795 3815 3842 aureum

2213 3887 2360 3959 quod
2404 3891 2489 3941 est
2529 3891 2659 3940 ante
2701 3883 2896 3940 sedem
2940 3883 3057 3938 Dei.
3102 3885 3172 3940 Et
3217 3889 3489 3957 tanquam
3537 3897 3694 3937 suave
3729 3876 3817 3948 pic.

2213 3980 2555 4052 precationis
2581 3980 2799 4050 fragrat
2825 3983 3219 4050 unguentum;
3242 3978 3376 4050 quia
3404 3979 3476 4033 de
3502 3980 3815 4031 aeternorum

2215 4078 2272 4129 et
2299 4073 2697 4143 invisibilium,
2731 4089 2848 4128 non
2879 4071 2949 4126 de
2980 4071 3366 4144 corporalium
3392 4069 3662 4144 petitione
3691 4077 3820 4120 com-

2212 4167 2460 4240 positum
2487 4173 2570 4222 est
2604 4183 2617 4221 :
2649 4167 2938 4238 praecipue
2965 4171 3162 4221 tamen
3206 4165 3504 4236 myrrham
3545 4160 3751 4217 redolet
3773 4160 3817 4209 et

2213 4263 2363 4332 thus,
2406 4278 2476 4316 eo
2516 4261 2669 4334 quod
2711 4265 2940 4332 peccato
2987 4263 3246 4315 mortuus
3283 4259 3380 4327 sit,
3418 4264 3474 4314 et
3519 4259 3627 4313 Deo
3669 4253 3815 4307 vivat.

2215 4355 2371 4411 Unde
2426 4359 2485 4410 et
2533 4357 2592 4409 in
2645 4353 3058 4426 posterioribus
3109 4371 3123 4408 ε
3174 4354 3286 4418 Ibo,
3337 4352 3546 4425 inquit,
3594 4348 3717 4404 mihi
3755 4341 3818 4398 ad

2212 4455 2444 4506 montem
2481 4450 2736 4519 myrrhae,
2776 4455 2826 4503 et
2866 4448 2940 4504 ad
2977 4449 3164 4504 collem
3207 4449 3382 4504 thuris
3420 4448 3620 4516 (Cant.,
3662 4457 3726 4507 ιν,
3755 4439 3815 4506 6).

2133 4538 2193 4612 Ι)
2215 4543 2484 4616 Sequitur
2512 4560 2525 4598 :

2282 4641 2368 4693 2t.
2415 4637 2596 4708 (Vers.
2643 4642 2715 4701 7.)
2764 4638 2868 4708 (76)
2914 4640 2998 4693 En
3035 4639 3321 4706 sexaginta
3357 4639 3597 4707 potentes
3633 4634 3687 4685 in
3725 4628 3812 4682 cir-

2212 4734 2362 4786 cuitu
2415 4733 2738 4802 propaginis
2789 4731 2931 4800 ejus,
2981 4733 3187 4786 strictis
3234 4731 3444 4785 armati
3491 4726 3729 4784 ensibus.
3774 4723 3816 4772 εἰ

2213 4827 2419 4882 eruditi
2454 4826 2802 4896 pretioribus
2844 4825 3166 4896 disciplinis.
3215 4823 3325 4888 Qui
3368 4828 3503 4877 sunt
3545 4819 3630 4875 isti
3665 4816 3815 4872 fortes

2213 4923 2272 4974 et
2318 4919 2521 4974 eruditi
2573 4919 2931 4990 praeliaribus
2983 4917 3315 4990 disciplinis,
3367 4916 3614 4971 adverte.
3662 4906 3812 4964 Fortis

2213 5019 2270 5068 et
2315 5012 2678 5069 ecclesiastici
2729 5018 2812 5067 est
2860 5013 2962 5067 viri
3006 5028 3122 5068 non
3167 5010 3525 5066 dissimulare
3567 5020 3689 5062 cum
3727 4999 3812 5056 sli-

2213 5106 2352 5178 quid
2383 5107 2702 5175 immineat,
2731 5105 2828 5161 sed
2870 5105 3223 5177 praetendere
3253 5107 3312 5158 et
3337 5107 3609 5175 tanquam
3645 5094 3808 5166 explo-

2214 5217 2344 5256 rare
2387 5200 2456 5255 de
2497 5200 2722 5272 specula
2763 5200 3004 5272 quadam
3053 5199 3278 5267 mentis,
3322 5202 3378 5252 et
3420 5195 3640 5251 obviare
3675 5187 3810 5259 οοείο

2215 5294 2432 5350 tatione
2484 5294 2721 5366 provida
2773 5293 2944 5348 rebus
2991 5292 3327 5365 profuturis,
3385 5307 3459 5346 ne
3508 5290 3645 5344 forte
3687 5281 3809 5337 dicat

2217 5391 2415 5459 postea
2459 5407 2472 5444 :
2523 5387 2655 5443 Ideo
2697 5387 2755 5441 in
2802 5388 2908 5443 ista
2955 5386 3149 5456 incidi,
3192 5385 3320 5458 quia
3369 5400 3488 5440 non
3531 5373 3812 5436 arbitrabar

2216 5497 2378 5554 posse
2428 5481 2673 5537 evenire.
2724 5480 2975 5554 Denique
3019 5480 3126 5536 nisi
3179 5478 3544 5551 explorentur
3581 5471 3805 5528 adversa.

2217 5575 2329 5631 cito
2371 5578 2671 5647 occupant.
2725 5574 2794 5629 Ut
2844 5574 2898 5629 in
2953 5574 3099 5629 bello
3149 5572 3489 5644 improvisus
3538 5565 3698 5623 hostis
3734 5559 3808 5614 vi!

2282 5721 2379 5781 (74)
2406 5720 2579 5786 Epist.
2605 5719 2670 5772 63
2694 5719 2767 5770 ad
2794 5720 3071 5782 Irmum,
3100 5732 3254 5769 num.
3282 5717 3314 5768 4
3338 5729 3460 5781 seq.

2283 5791 2384 5854 (75)
2411 5789 2530 5840 Lib.
2559 5789 2623 5840 de
2649 5790 2826 5849 Isaac,
2845 5802 2965 5854 cap.
2996 5791 3047 5851 5,
3073 5802 3228 5840 num.
3256 5788 3335 5839 u.
3453 5845 3456 5848 ,

2281 5861 2377 5926 (76)
2409 5860 2525 5913 Lib.
2561 5860 2660 5912 ide
2685 5860 2901 5926 Ofﬁciis,
2933 5873 3051 5927 cap.
3080 5859 3160 5925 38,
3187 5869 3343 5912 num.
3376 5858 3482 5909 186.
