  <div class='ocr_page' id='page_1' title='image "/cluster/home/n/w/nwhite01/storage/ocr_20150623/15/hvd.32044048207278/378.png"; bbox 0 0 4022 6176; ppageno 0'>
   <div class='ocr_carea' id='block_1_1' title="bbox 235 251 360 304">
    <p class='ocr_par' dir='ltr' id='par_1_1' title="bbox 235 251 360 304">
     <span class='ocr_line' id='line_1_1' title="bbox 235 251 360 304; baseline 0.024 -3"><span class='ocrx_word' id='word_1_1' title='bbox 235 253 247 301; x_wconf 85' lang='lat' dir='ltr'><strong>l</strong></span> <span class='ocrx_word' id='word_1_2' title='bbox 263 251 360 304; x_wconf 80' lang='lat'><strong>993</strong></span> 
     </span>
    </p>
   </div>
   <div class='ocr_carea' id='block_1_2' title="bbox 1246 250 2532 307">
    <p class='ocr_par' dir='ltr' id='par_1_2' title="bbox 1246 250 2532 307">
     <span class='ocr_line' id='line_1_2' title="bbox 1246 250 2532 307; baseline -0.005 0"><span class='ocrx_word' id='word_1_3' title='bbox 1246 254 1286 307; x_wconf 90' lang='lat' dir='ltr'><strong>E</strong></span> <span class='ocrx_word' id='word_1_4' title='bbox 1330 251 1633 307; x_wconf 77' lang='lat' dir='ltr'><strong>SCRIPTIS</strong></span> <span class='ocrx_word' id='word_1_5' title='bbox 1672 254 1726 304; x_wconf 77' lang='lat' dir='ltr'><strong>S.</strong></span> <span class='ocrx_word' id='word_1_6' title='bbox 1773 251 2086 306; x_wconf 75' lang='lat' dir='ltr'><strong>AMBROSII</strong></span> <span class='ocrx_word' id='word_1_7' title='bbox 2129 250 2532 306; x_wconf 82' lang='lat' dir='ltr'><strong>COLLECTUS.</strong></span> 
     </span>
    </p>
   </div>
   <div class='ocr_carea' id='block_1_3' title="bbox 3451 257 3584 309">
    <p class='ocr_par' dir='ltr' id='par_1_3' title="bbox 3451 257 3584 309">
     <span class='ocr_line' id='line_1_3' title="bbox 3451 257 3584 309; baseline -0.015 0"><span class='ocrx_word' id='word_1_8' title='bbox 3451 257 3584 309; x_wconf 66' lang='lat'><strong>1994</strong></span> 
     </span>
    </p>
   </div>
   <div class='ocr_carea' id='block_1_4' title="bbox 228 371 3578 459">
    <p class='ocr_par' dir='ltr' id='par_1_4' title="bbox 228 371 3578 459">
     <span class='ocr_line' id='line_1_4' title="bbox 228 371 3578 459; baseline 0.001 -35"><span class='ocrx_word' id='word_1_9' title='bbox 228 371 556 438; x_wconf 82' lang='lat' dir='ltr'><strong>sustinetur,</strong></span> <span class='ocrx_word' id='word_1_10' title='bbox 601 377 657 426; x_wconf 91' lang='lat' dir='ltr'><strong>et</strong></span> <span class='ocrx_word' id='word_1_11' title='bbox 700 372 744 425; x_wconf 90' lang='lat' dir='ltr'><strong>si</strong></span> <span class='ocrx_word' id='word_1_12' title='bbox 788 372 1091 443; x_wconf 82' lang='lat' dir='ltr'><strong>imparatos</strong></span> <span class='ocrx_word' id='word_1_13' title='bbox 1135 373 1406 442; x_wconf 85' lang='lat' dir='ltr'><strong>inveniat,</strong></span> <span class='ocrx_word' id='word_1_14' title='bbox 1453 375 1614 430; x_wconf 86' lang='lat' dir='ltr'><strong>facile</strong></span> <span class='ocrx_word' id='word_1_15' title='bbox 1663 376 1848 445; x_wconf 81' lang='lat' dir='ltr'><strong>Oppri-</strong></span> <span class='ocrx_word' id='word_1_16' title='bbox 1875 389 1929 459; x_wconf 63' lang='grc' dir='ltr'><strong>Α</strong></span> <span class='ocrx_word' id='word_1_17' title='bbox 1950 373 2184 427; x_wconf 92' lang='lat' dir='ltr'><strong>fortium</strong></span> <span class='ocrx_word' id='word_1_18' title='bbox 2227 377 2412 426; x_wconf 87' lang='lat' dir='ltr'><strong>castra</strong></span> <span class='ocrx_word' id='word_1_19' title='bbox 2451 372 2618 425; x_wconf 83' lang='lat' dir='ltr'><strong>Jacob</strong></span> <span class='ocrx_word' id='word_1_20' title='bbox 2665 372 2860 427; x_wconf 88' lang='lat' dir='ltr'><strong>videns</strong></span> <span class='ocrx_word' id='word_1_21' title='bbox 2899 373 2956 426; x_wconf 89' lang='lat' dir='ltr'><strong>in</strong></span> <span class='ocrx_word' id='word_1_22' title='bbox 3000 375 3219 443; x_wconf 80' lang='lat' dir='ltr'><strong>spiritu,</strong></span> <span class='ocrx_word' id='word_1_23' title='bbox 3251 398 3277 424; x_wconf 89' lang='grc'><strong>‹‹</strong></span> <span class='ocrx_word' id='word_1_24' title='bbox 3309 380 3518 443; x_wconf 86' lang='lat' dir='ltr'><strong>Castra,</strong></span> <span class='ocrx_word' id='word_1_25' title='bbox 3549 400 3578 426; x_wconf 76' lang='grc' dir='ltr'><strong>ν</strong></span> 
     </span>
    </p>
   </div>
   <div class='ocr_carea' id='block_1_5' title="bbox 228 464 1846 540">
    <p class='ocr_par' dir='ltr' id='par_1_5' title="bbox 228 464 1846 540">
     <span class='ocr_line' id='line_1_5' title="bbox 228 464 1846 540; baseline 0.003 -22"><span class='ocrx_word' id='word_1_26' title='bbox 228 465 349 532; x_wconf 88' lang='lat' dir='ltr'><strong>mit,</strong></span> <span class='ocrx_word' id='word_1_27' title='bbox 380 464 457 518; x_wconf 88' lang='lat' dir='ltr'><strong>ita</strong></span> <span class='ocrx_word' id='word_1_28' title='bbox 499 465 757 520; x_wconf 87' lang='lat' dir='ltr'><strong>animum</strong></span> <span class='ocrx_word' id='word_1_29' title='bbox 794 466 945 521; x_wconf 86' lang='lat' dir='ltr'><strong>mala</strong></span> <span class='ocrx_word' id='word_1_30' title='bbox 985 467 1333 539; x_wconf 87' lang='lat' dir='ltr'><strong>inexplorata</strong></span> <span class='ocrx_word' id='word_1_31' title='bbox 1383 469 1506 540; x_wconf 88' lang='lat' dir='ltr'><strong>plus</strong></span> <span class='ocrx_word' id='word_1_32' title='bbox 1549 470 1846 540; x_wconf 89' lang='lat' dir='ltr'><strong>frangunt.</strong></span> 
     </span>
    </p>
   </div>
   <div class='ocr_carea' id='block_1_6' title="bbox 228 558 1853 630">
    <p class='ocr_par' dir='ltr' id='par_1_6' title="bbox 228 558 1853 630">
     <span class='ocr_line' id='line_1_6' title="bbox 228 558 1853 630; baseline 0.002 -18"><span class='ocrx_word' id='word_1_33' title='bbox 228 560 286 612; x_wconf 89' lang='lat' dir='ltr'><strong>In</strong></span> <span class='ocrx_word' id='word_1_34' title='bbox 333 558 424 611; x_wconf 87' lang='lat' dir='ltr'><strong>his</strong></span> <span class='ocrx_word' id='word_1_35' title='bbox 469 573 606 630; x_wconf 90' lang='lat' dir='ltr'><strong>ergo</strong></span> <span class='ocrx_word' id='word_1_36' title='bbox 649 558 866 614; x_wconf 90' lang='lat' dir='ltr'><strong>duobus</strong></span> <span class='ocrx_word' id='word_1_37' title='bbox 909 559 1000 614; x_wconf 90' lang='lat' dir='ltr'><strong>illa</strong></span> <span class='ocrx_word' id='word_1_38' title='bbox 1044 566 1128 616; x_wconf 90' lang='lat' dir='ltr'><strong>est</strong></span> <span class='ocrx_word' id='word_1_39' title='bbox 1172 561 1353 616; x_wconf 90' lang='lat' dir='ltr'><strong>animi</strong></span> <span class='ocrx_word' id='word_1_40' title='bbox 1397 563 1746 628; x_wconf 82' lang='lat' dir='ltr'><strong>excellentia,</strong></span> <span class='ocrx_word' id='word_1_41' title='bbox 1793 567 1853 616; x_wconf 90' lang='lat' dir='ltr'><strong>ut</strong></span> 
     </span>
    </p>
   </div>
   <div class='ocr_carea' id='block_1_7' title="bbox 229 651 1848 727">
    <p class='ocr_par' dir='ltr' id='par_1_7' title="bbox 229 651 1848 727">
     <span class='ocr_line' id='line_1_7' title="bbox 229 651 1848 727; baseline 0.003 -23"><span class='ocrx_word' id='word_1_42' title='bbox 229 651 480 720; x_wconf 88' lang='lat' dir='ltr'><strong>primum</strong></span> <span class='ocrx_word' id='word_1_43' title='bbox 529 652 752 707; x_wconf 89' lang='lat' dir='ltr'><strong>animus</strong></span> <span class='ocrx_word' id='word_1_44' title='bbox 795 659 925 708; x_wconf 88' lang='lat' dir='ltr'><strong>tuus</strong></span> <span class='ocrx_word' id='word_1_45' title='bbox 968 654 1127 708; x_wconf 90' lang='lat' dir='ltr'><strong>bouis</strong></span> <span class='ocrx_word' id='word_1_46' title='bbox 1172 656 1506 710; x_wconf 81' lang='lat' dir='ltr'><strong>exercitatus</strong></span> <span class='ocrx_word' id='word_1_47' title='bbox 1555 655 1848 727; x_wconf 88' lang='lat' dir='ltr'><strong>cogitatio-</strong></span> 
     </span>
    </p>
   </div>
   <div class='ocr_carea' id='block_1_8' title="bbox 228 744 1850 818">
    <p class='ocr_par' dir='ltr' id='par_1_8' title="bbox 228 744 1850 818">
     <span class='ocr_line' id='line_1_8' title="bbox 228 744 1850 818; baseline 0.002 -20"><span class='ocrx_word' id='word_1_48' title='bbox 228 744 414 810; x_wconf 84' lang='lat' dir='ltr'><strong>nibus,</strong></span> <span class='ocrx_word' id='word_1_49' title='bbox 445 746 660 800; x_wconf 91' lang='lat' dir='ltr'><strong>mundo</strong></span> <span class='ocrx_word' id='word_1_50' title='bbox 698 747 866 802; x_wconf 91' lang='lat' dir='ltr'><strong>corde</strong></span> <span class='ocrx_word' id='word_1_51' title='bbox 900 748 1052 818; x_wconf 90' lang='lat' dir='ltr'><strong>quod</strong></span> <span class='ocrx_word' id='word_1_52' title='bbox 1087 765 1280 804; x_wconf 90' lang='lat' dir='ltr'><strong>verum</strong></span> <span class='ocrx_word' id='word_1_53' title='bbox 1315 754 1370 804; x_wconf 87' lang='lat' dir='ltr'><strong>et</strong></span> <span class='ocrx_word' id='word_1_54' title='bbox 1410 751 1715 805; x_wconf 88' lang='lat' dir='ltr'><strong>honestum</strong></span> <span class='ocrx_word' id='word_1_55' title='bbox 1747 753 1850 810; x_wconf 85' lang='lat' dir='ltr'><strong>est,</strong></span> 
     </span>
    </p>
   </div>
   <div class='ocr_carea' id='block_1_9' title="bbox 227 837 1852 914">
    <p class='ocr_par' dir='ltr' id='par_1_9' title="bbox 227 837 1852 914">
     <span class='ocr_line' id='line_1_9' title="bbox 227 837 1852 914; baseline 0.004 -24"><span class='ocrx_word' id='word_1_56' title='bbox 227 837 413 892; x_wconf 80' lang='lat' dir='ltr'><strong>videat</strong></span> <span class='ocrx_word' id='word_1_57' title='bbox 443 857 456 892; x_wconf 93' lang='lat'><strong>:</strong></span> <span class='ocrx_word' id='word_1_58' title='bbox 482 860 510 886; x_wconf 87' lang='grc'><strong>‹‹</strong></span> <span class='ocrx_word' id='word_1_59' title='bbox 534 840 684 893; x_wconf 82' lang='lat' dir='ltr'><strong>Beati</strong></span> <span class='ocrx_word' id='word_1_60' title='bbox 709 840 902 911; x_wconf 91' lang='lat' dir='ltr'><strong>(enim)</strong></span> <span class='ocrx_word' id='word_1_61' title='bbox 925 841 1144 896; x_wconf 88' lang='lat' dir='ltr'><strong>mundo</strong></span> <span class='ocrx_word' id='word_1_62' title='bbox 1175 843 1368 910; x_wconf 86' lang='lat' dir='ltr'><strong>corde,</strong></span> <span class='ocrx_word' id='word_1_63' title='bbox 1394 842 1525 914; x_wconf 85' lang='lat' dir='ltr'><strong>quia</strong></span> <span class='ocrx_word' id='word_1_64' title='bbox 1550 843 1657 914; x_wconf 89' lang='lat' dir='ltr'><strong>ipsi</strong></span> <span class='ocrx_word' id='word_1_65' title='bbox 1685 844 1852 897; x_wconf 82' lang='lat' dir='ltr'><strong>etiam</strong></span> 
     </span>
    </p>
   </div>
   <div class='ocr_carea' id='block_1_10' title="bbox 231 932 1853 1007">
    <p class='ocr_par' dir='ltr' id='par_1_10' title="bbox 231 932 1853 1007">
     <span class='ocr_line' id='line_1_10' title="bbox 231 932 1853 1007; baseline 0.004 -23"><span class='ocrx_word' id='word_1_66' title='bbox 231 932 412 986; x_wconf 87' lang='lat' dir='ltr'><strong>Deum</strong></span> <span class='ocrx_word' id='word_1_67' title='bbox 465 932 736 986; x_wconf 91' lang='lat' dir='ltr'><strong>videbunt</strong></span> <span class='ocrx_word' id='word_1_68' title='bbox 779 933 1018 1001; x_wconf 57' lang='lat' dir='ltr'><strong>(Matth.</strong></span> <span class='ocrx_word' id='word_1_69' title='bbox 1072 953 1121 1000; x_wconf 93' lang='lat' dir='ltr'><strong>v,</strong></span> <span class='ocrx_word' id='word_1_70' title='bbox 1172 938 1244 1004; x_wconf 89' lang='lat'><strong>8),</strong></span> <span class='ocrx_word' id='word_1_71' title='bbox 1293 958 1319 984; x_wconf 88' lang='grc'><strong>››</strong></span> <span class='ocrx_word' id='word_1_72' title='bbox 1374 942 1542 1007; x_wconf 86' lang='lat' dir='ltr'><strong>atque</strong></span> <span class='ocrx_word' id='word_1_73' title='bbox 1593 937 1648 990; x_wconf 92' lang='lat' dir='ltr'><strong>id</strong></span> <span class='ocrx_word' id='word_1_74' title='bbox 1701 936 1853 1007; x_wconf 89' lang='lat' dir='ltr'><strong>quod</strong></span> 
     </span>
    </p>
   </div>
   <div class='ocr_carea' id='block_1_11' title="bbox 227 1025 1856 1099">
    <p class='ocr_par' dir='ltr' id='par_1_11' title="bbox 227 1025 1856 1099">
     <span class='ocr_line' id='line_1_11' title="bbox 227 1025 1856 1099; baseline 0.004 -21"><span class='ocrx_word' id='word_1_75' title='bbox 227 1025 529 1080; x_wconf 86' lang='lat' dir='ltr'><strong>honestum</strong></span> <span class='ocrx_word' id='word_1_76' title='bbox 562 1033 664 1094; x_wconf 88' lang='lat' dir='ltr'><strong>est,</strong></span> <span class='ocrx_word' id='word_1_77' title='bbox 699 1027 879 1081; x_wconf 90' lang='lat' dir='ltr'><strong>solum</strong></span> <span class='ocrx_word' id='word_1_78' title='bbox 921 1028 1129 1082; x_wconf 91' lang='lat' dir='ltr'><strong>bonum</strong></span> <span class='ocrx_word' id='word_1_79' title='bbox 1162 1029 1398 1099; x_wconf 89' lang='lat' dir='ltr'><strong>judicet.</strong></span> <span class='ocrx_word' id='word_1_80' title='bbox 1436 1029 1647 1084; x_wconf 78' lang='lat' dir='ltr'><strong>Deinde</strong></span> <span class='ocrx_word' id='word_1_81' title='bbox 1683 1030 1856 1084; x_wconf 89' lang='lat' dir='ltr'><strong>nullis</strong></span> 
     </span>
    </p>
   </div>
   <div class='ocr_carea' id='block_1_12' title="bbox 228 1119 1855 1199">
    <p class='ocr_par' dir='ltr' id='par_1_12' title="bbox 228 1119 1855 1199">
     <span class='ocr_line' id='line_1_12' title="bbox 228 1119 1855 1199; baseline 0.002 -27"><span class='ocrx_word' id='word_1_82' title='bbox 228 1119 594 1188; x_wconf 85' lang='lat' dir='ltr'><strong>perturbetur</strong></span> <span class='ocrx_word' id='word_1_83' title='bbox 652 1121 1148 1191; x_wconf 81' lang='lat' dir='ltr'><strong>occupationibus,</strong></span> <span class='ocrx_word' id='word_1_84' title='bbox 1216 1124 1382 1178; x_wconf 92' lang='lat' dir='ltr'><strong>nullis</strong></span> <span class='ocrx_word' id='word_1_85' title='bbox 1449 1123 1855 1199; x_wconf 84' lang='lat' dir='ltr'><strong>cupiditatibus</strong></span> 
     </span>
    </p>
   </div>
   <div class='ocr_carea' id='block_1_13' title="bbox 226 1211 484 1267">
    <p class='ocr_par' dir='ltr' id='par_1_13' title="bbox 226 1211 484 1267">
     <span class='ocr_line' id='line_1_13' title="bbox 226 1211 484 1267; baseline 0.008 -2"><span class='ocrx_word' id='word_1_86' title='bbox 226 1211 484 1267; x_wconf 80' lang='lat' dir='ltr'><strong>ﬂuctuet.</strong></span> 
     </span>
    </p>
   </div>
   <div class='ocr_carea' id='block_1_14' title="bbox 298 1339 1856 1414">
    <p class='ocr_par' dir='ltr' id='par_1_14' title="bbox 298 1339 1856 1414">
     <span class='ocr_line' id='line_1_14' title="bbox 298 1339 1856 1414; baseline 0.004 -22"><span class='ocrx_word' id='word_1_87' title='bbox 298 1342 388 1393; x_wconf 82' lang='lat'><strong>22.</strong></span> <span class='ocrx_word' id='word_1_88' title='bbox 425 1339 611 1410; x_wconf 81' lang='lat' dir='ltr'><strong>Neque</strong></span> <span class='ocrx_word' id='word_1_89' title='bbox 657 1357 790 1395; x_wconf 92' lang='lat' dir='ltr'><strong>vero</strong></span> <span class='ocrx_word' id='word_1_90' title='bbox 831 1341 890 1393; x_wconf 90' lang='lat' dir='ltr'><strong>id</strong></span> <span class='ocrx_word' id='word_1_91' title='bbox 937 1342 1238 1412; x_wconf 84' lang='lat' dir='ltr'><strong>quisquam</strong></span> <span class='ocrx_word' id='word_1_92' title='bbox 1279 1343 1443 1397; x_wconf 87' lang='lat' dir='ltr'><strong>facile</strong></span> <span class='ocrx_word' id='word_1_93' title='bbox 1492 1344 1625 1398; x_wconf 83' lang='lat' dir='ltr'><strong>facit</strong></span> <span class='ocrx_word' id='word_1_94' title='bbox 1665 1363 1677 1398; x_wconf 91' lang='lat'><strong>:</strong></span> <span class='ocrx_word' id='word_1_95' title='bbox 1720 1345 1856 1414; x_wconf 87' lang='lat' dir='ltr'><strong>quid</strong></span> 
     </span>
    </p>
   </div>
   <div class='ocr_carea' id='block_1_15' title="bbox 225 1432 1856 1506">
    <p class='ocr_par' dir='ltr' id='par_1_15' title="bbox 225 1432 1856 1506">
     <span class='ocr_line' id='line_1_15' title="bbox 225 1432 1856 1506; baseline 0.004 -21"><span class='ocrx_word' id='word_1_96' title='bbox 225 1432 385 1486; x_wconf 89' lang='lat' dir='ltr'><strong>enim</strong></span> <span class='ocrx_word' id='word_1_97' title='bbox 416 1436 533 1487; x_wconf 87' lang='lat' dir='ltr'><strong>tam</strong></span> <span class='ocrx_word' id='word_1_98' title='bbox 567 1433 794 1488; x_wconf 89' lang='lat' dir='ltr'><strong>difﬁcile</strong></span> <span class='ocrx_word' id='word_1_99' title='bbox 820 1451 990 1505; x_wconf 89' lang='lat' dir='ltr'><strong>quam</strong></span> <span class='ocrx_word' id='word_1_100' title='bbox 1023 1435 1298 1506; x_wconf 86' lang='lat' dir='ltr'><strong>dispicere</strong></span> <span class='ocrx_word' id='word_1_101' title='bbox 1329 1440 1603 1506; x_wconf 89' lang='lat' dir='ltr'><strong>tanquam</strong></span> <span class='ocrx_word' id='word_1_102' title='bbox 1630 1453 1695 1493; x_wconf 88' lang='lat' dir='ltr'><strong>ex</strong></span> <span class='ocrx_word' id='word_1_103' title='bbox 1728 1455 1856 1492; x_wconf 85' lang='lat' dir='ltr'><strong>arce</strong></span> 
     </span>
    </p>
   </div>
   <div class='ocr_carea' id='block_1_16' title="bbox 227 1524 1854 1601">
    <p class='ocr_par' dir='ltr' id='par_1_16' title="bbox 227 1524 1854 1601">
     <span class='ocr_line' id='line_1_16' title="bbox 227 1524 1854 1601; baseline 0.004 -24"><span class='ocrx_word' id='word_1_104' title='bbox 227 1524 423 1596; x_wconf 85' lang='lat' dir='ltr'><strong>aliqua</strong></span> <span class='ocrx_word' id='word_1_105' title='bbox 461 1525 770 1596; x_wconf 66' lang='lat' dir='ltr'><strong>sapientiae,</strong></span> <span class='ocrx_word' id='word_1_106' title='bbox 809 1543 942 1598; x_wconf 90' lang='lat' dir='ltr'><strong>opes</strong></span> <span class='ocrx_word' id='word_1_107' title='bbox 983 1527 1204 1599; x_wconf 88' lang='lat' dir='ltr'><strong>aliaque</strong></span> <span class='ocrx_word' id='word_1_108' title='bbox 1245 1529 1458 1598; x_wconf 87' lang='lat' dir='ltr'><strong>omnia,</strong></span> <span class='ocrx_word' id='word_1_109' title='bbox 1494 1547 1618 1601; x_wconf 65' lang='lat' dir='ltr'><strong>quae</strong></span> <span class='ocrx_word' id='word_1_110' title='bbox 1657 1531 1854 1601; x_wconf 91' lang='lat' dir='ltr'><strong>pleris-</strong></span> 
     </span>
    </p>
   </div>
   <div class='ocr_carea' id='block_1_17' title="bbox 229 1619 1855 1694">
    <p class='ocr_par' dir='ltr' id='par_1_17' title="bbox 229 1619 1855 1694">
     <span class='ocr_line' id='line_1_17' title="bbox 229 1619 1855 1694; baseline 0.004 -22"><span class='ocrx_word' id='word_1_111' title='bbox 229 1633 344 1688; x_wconf 88' lang='lat' dir='ltr'><strong>que</strong></span> <span class='ocrx_word' id='word_1_112' title='bbox 376 1619 640 1674; x_wconf 89' lang='lat' dir='ltr'><strong>videntur</strong></span> <span class='ocrx_word' id='word_1_113' title='bbox 680 1637 882 1692; x_wconf 87' lang='lat' dir='ltr'><strong>magna</strong></span> <span class='ocrx_word' id='word_1_114' title='bbox 915 1626 973 1676; x_wconf 92' lang='lat' dir='ltr'><strong>et</strong></span> <span class='ocrx_word' id='word_1_115' title='bbox 1010 1623 1317 1692; x_wconf 73' lang='lat' dir='ltr'><strong>praecelsa?</strong></span> <span class='ocrx_word' id='word_1_116' title='bbox 1347 1623 1565 1678; x_wconf 82' lang='lat' dir='ltr'><strong>Deinde</strong></span> <span class='ocrx_word' id='word_1_117' title='bbox 1606 1627 1671 1679; x_wconf 91' lang='lat' dir='ltr'><strong>ut</strong></span> <span class='ocrx_word' id='word_1_118' title='bbox 1699 1625 1855 1694; x_wconf 90' lang='lat' dir='ltr'><strong>judi-</strong></span> 
     </span>
    </p>
   </div>
   <div class='ocr_carea' id='block_1_18' title="bbox 1953 465 3221 538">
    <p class='ocr_par' dir='ltr' id='par_1_18' title="bbox 1953 465 3221 538">
     <span class='ocr_line' id='line_1_18' title="bbox 1953 465 3221 538; baseline -0.002 -18"><span class='ocrx_word' id='word_1_119' title='bbox 1953 465 2156 538; x_wconf 89' lang='lat' dir='ltr'><strong>inquit,</strong></span> <span class='ocrx_word' id='word_1_120' title='bbox 2189 487 2216 514; x_wconf 83' lang='lat'><strong><em>«</em></strong></span> <span class='ocrx_word' id='word_1_121' title='bbox 2247 465 2342 520; x_wconf 92' lang='lat' dir='ltr'><strong>Dei</strong></span> <span class='ocrx_word' id='word_1_122' title='bbox 2377 470 2508 520; x_wconf 87' lang='lat' dir='ltr'><strong>sunt</strong></span> <span class='ocrx_word' id='word_1_123' title='bbox 2535 465 2657 519; x_wconf 73' lang='lat' dir='ltr'><strong>haec</strong></span> <span class='ocrx_word' id='word_1_124' title='bbox 2685 466 2858 534; x_wconf 63' lang='lat' dir='ltr'><strong>(Gem,</strong></span> <span class='ocrx_word' id='word_1_125' title='bbox 2889 481 3054 533; x_wconf 80' lang='lat' dir='ltr'><strong>xxxu,</strong></span> <span class='ocrx_word' id='word_1_126' title='bbox 3083 470 3158 537; x_wconf 80' lang='lat'><strong>2).</strong></span> <span class='ocrx_word' id='word_1_127' title='bbox 3193 489 3221 518; x_wconf 85' lang='lat'>»</span> 
     </span>
    </p>
   </div>
   <div class='ocr_carea' id='block_1_19' title="bbox 2023 591 3579 661">
    <p class='ocr_par' dir='ltr' id='par_1_19' title="bbox 2023 591 3579 661">
     <span class='ocr_line' id='line_1_19' title="bbox 2023 591 3579 661; baseline 0.002 -15"><span class='ocrx_word' id='word_1_128' title='bbox 2023 597 2109 648; x_wconf 77' lang='lat'><strong>25.</strong></span> <span class='ocrx_word' id='word_1_129' title='bbox 2162 595 2268 660; x_wconf 78' lang='lat'><strong>(78)</strong></span> <span class='ocrx_word' id='word_1_130' title='bbox 2318 592 2461 656; x_wconf 88' lang='lat' dir='ltr'><strong>Quid</strong></span> <span class='ocrx_word' id='word_1_131' title='bbox 2527 595 2720 646; x_wconf 89' lang='lat' dir='ltr'><strong>autem</strong></span> <span class='ocrx_word' id='word_1_132' title='bbox 2784 595 2916 645; x_wconf 89' lang='lat' dir='ltr'><strong>sunt</strong></span> <span class='ocrx_word' id='word_1_133' title='bbox 2978 591 3316 661; x_wconf 79' lang='lat' dir='ltr'><strong>sexaginta?</strong></span> <span class='ocrx_word' id='word_1_134' title='bbox 3366 595 3579 649; x_wconf 83' lang='lat' dir='ltr'><strong>Scimus</strong></span> 
     </span>
    </p>
   </div>
   <div class='ocr_carea' id='block_1_20' title="bbox 1954 685 3581 755">
    <p class='ocr_par' dir='ltr' id='par_1_20' title="bbox 1954 685 3581 755">
     <span class='ocr_line' id='line_1_20' title="bbox 1954 685 3581 755; baseline 0 -15"><span class='ocrx_word' id='word_1_135' title='bbox 1954 685 2380 740; x_wconf 86' lang='lat' dir='ltr'><strong>hebdomadam</strong></span> <span class='ocrx_word' id='word_1_136' title='bbox 2423 686 2654 753; x_wconf 89' lang='lat' dir='ltr'><strong>Veteris,</strong></span> <span class='ocrx_word' id='word_1_137' title='bbox 2699 685 3003 755; x_wconf 87' lang='lat' dir='ltr'><strong>ogdoaden</strong></span> <span class='ocrx_word' id='word_1_138' title='bbox 3048 688 3241 739; x_wconf 91' lang='lat' dir='ltr'><strong>autem</strong></span> <span class='ocrx_word' id='word_1_139' title='bbox 3281 686 3419 740; x_wconf 85' lang='lat' dir='ltr'><strong>Novi</strong></span> <span class='ocrx_word' id='word_1_140' title='bbox 3462 703 3581 742; x_wconf 86' lang='lat' dir='ltr'><strong>esse</strong></span> 
     </span>
    </p>
   </div>
   <div class='ocr_carea' id='block_1_21' title="bbox 1953 777 3581 850">
    <p class='ocr_par' dir='ltr' id='par_1_21' title="bbox 1953 777 3581 850">
     <span class='ocr_line' id='line_1_21' title="bbox 1953 777 3581 850; baseline 0.001 -18"><span class='ocrx_word' id='word_1_141' title='bbox 1953 779 2321 844; x_wconf 88' lang='lat' dir='ltr'><strong>Testameuti,</strong></span> <span class='ocrx_word' id='word_1_142' title='bbox 2378 778 2589 832; x_wconf 87' lang='lat' dir='ltr'><strong>scilicet</strong></span> <span class='ocrx_word' id='word_1_143' title='bbox 2653 777 2880 850; x_wconf 90' lang='lat' dir='ltr'><strong>quando</strong></span> <span class='ocrx_word' id='word_1_144' title='bbox 2941 778 3192 833; x_wconf 87' lang='lat' dir='ltr'><strong>Christus</strong></span> <span class='ocrx_word' id='word_1_145' title='bbox 3257 781 3581 845; x_wconf 84' lang='lat' dir='ltr'><strong>resurrexit,</strong></span> 
     </span>
    </p>
   </div>
   <div class='ocr_carea' id='block_1_22' title="bbox 1957 871 3582 942">
    <p class='ocr_par' dir='ltr' id='par_1_22' title="bbox 1957 871 3582 942">
     <span class='ocr_line' id='line_1_22' title="bbox 1957 871 3582 942; baseline -0.001 -16"><span class='ocrx_word' id='word_1_146' title='bbox 1957 879 2013 926; x_wconf 92' lang='lat' dir='ltr'><strong>et</strong></span> <span class='ocrx_word' id='word_1_147' title='bbox 2051 873 2170 926; x_wconf 89' lang='lat' dir='ltr'><strong>dies</strong></span> <span class='ocrx_word' id='word_1_148' title='bbox 2214 872 2478 926; x_wconf 88' lang='lat' dir='ltr'><strong>omnibus</strong></span> <span class='ocrx_word' id='word_1_149' title='bbox 2519 888 2678 926; x_wconf 60' lang='lat' dir='ltr'><strong>nova</strong></span> <span class='ocrx_word' id='word_1_150' title='bbox 2720 871 2915 925; x_wconf 76' lang='lat' dir='ltr'><strong>salutis</strong></span> <span class='ocrx_word' id='word_1_151' title='bbox 2960 872 3141 925; x_wconf 83' lang='lat' dir='ltr'><strong>illuxit</strong></span> <span class='ocrx_word' id='word_1_152' title='bbox 3185 891 3198 927; x_wconf 93' lang='lat'><strong>:</strong></span> <span class='ocrx_word' id='word_1_153' title='bbox 3238 889 3350 942; x_wconf 88' lang='lat' dir='ltr'><strong>quo</strong></span> <span class='ocrx_word' id='word_1_154' title='bbox 3390 873 3482 927; x_wconf 90' lang='lat' dir='ltr'><strong>die</strong></span> <span class='ocrx_word' id='word_1_155' title='bbox 3525 890 3582 925; x_wconf 82' lang='lat' dir='ltr'><strong>se</strong></span> 
     </span>
    </p>
   </div>
   <div class='ocr_carea' id='block_1_23' title="bbox 1956 965 3584 1036">
    <p class='ocr_par' dir='ltr' id='par_1_23' title="bbox 1956 965 3584 1036">
     <span class='ocr_line' id='line_1_23' title="bbox 1956 965 3584 1036; baseline 0.001 -17"><span class='ocrx_word' id='word_1_156' title='bbox 1956 967 2147 1036; x_wconf 80' lang='lat' dir='ltr'><strong>fulgor</strong></span> <span class='ocrx_word' id='word_1_157' title='bbox 2172 966 2359 1036; x_wconf 79' lang='lat' dir='ltr'><strong>plenae</strong></span> <span class='ocrx_word' id='word_1_158' title='bbox 2394 971 2565 1035; x_wconf 91' lang='lat' dir='ltr'><strong>atque</strong></span> <span class='ocrx_word' id='word_1_159' title='bbox 2602 965 2868 1035; x_wconf 54' lang='lat' dir='ltr'><strong>perfectas.</strong></span> <span class='ocrx_word' id='word_1_160' title='bbox 2908 965 3350 1020; x_wconf 89' lang='lat' dir='ltr'><strong>circumcisionis</strong></span> <span class='ocrx_word' id='word_1_161' title='bbox 3380 967 3584 1022; x_wconf 85' lang='lat' dir='ltr'><strong>huma-</strong></span> 
     </span>
    </p>
   </div>
   <div class='ocr_carea' id='block_1_24' title="bbox 1959 1057 3588 1130">
    <p class='ocr_par' dir='ltr' id='par_1_24' title="bbox 1959 1057 3588 1130">
     <span class='ocr_line' id='line_1_24' title="bbox 1959 1057 3588 1130; baseline 0 -18"><span class='ocrx_word' id='word_1_162' title='bbox 1959 1059 2043 1113; x_wconf 91' lang='lat' dir='ltr'><strong>nis</strong></span> <span class='ocrx_word' id='word_1_163' title='bbox 2072 1059 2396 1129; x_wconf 89' lang='lat' dir='ltr'><strong>pectoribus</strong></span> <span class='ocrx_word' id='word_1_164' title='bbox 2424 1057 2655 1112; x_wconf 88' lang='lat' dir='ltr'><strong>infudit.</strong></span> <span class='ocrx_word' id='word_1_165' title='bbox 2686 1059 2918 1127; x_wconf 87' lang='lat' dir='ltr'><strong>Septem</strong></span> <span class='ocrx_word' id='word_1_166' title='bbox 2943 1061 3135 1112; x_wconf 90' lang='lat' dir='ltr'><strong>autem</strong></span> <span class='ocrx_word' id='word_1_167' title='bbox 3163 1063 3219 1113; x_wconf 91' lang='lat' dir='ltr'><strong>et</strong></span> <span class='ocrx_word' id='word_1_168' title='bbox 3249 1064 3395 1126; x_wconf 90' lang='lat' dir='ltr'><strong>octo,</strong></span> <span class='ocrx_word' id='word_1_169' title='bbox 3425 1063 3588 1130; x_wconf 85' lang='lat' dir='ltr'><strong>quiu-</strong></span> 
     </span>
    </p>
   </div>
   <div class='ocr_carea' id='block_1_25' title="bbox 1957 1151 3582 1222">
    <p class='ocr_par' dir='ltr' id='par_1_25' title="bbox 1957 1151 3582 1222">
     <span class='ocr_line' id='line_1_25' title="bbox 1957 1151 3582 1222; baseline 0 -16"><span class='ocrx_word' id='word_1_170' title='bbox 1957 1152 2139 1207; x_wconf 90' lang='lat' dir='ltr'><strong>decim</strong></span> <span class='ocrx_word' id='word_1_171' title='bbox 2166 1151 2397 1206; x_wconf 84' lang='lat' dir='ltr'><strong>faciunt.</strong></span> <span class='ocrx_word' id='word_1_172' title='bbox 2429 1151 2522 1206; x_wconf 88' lang='lat' dir='ltr'><strong>Isti</strong></span> <span class='ocrx_word' id='word_1_173' title='bbox 2561 1167 2697 1222; x_wconf 91' lang='lat' dir='ltr'><strong>ergo</strong></span> <span class='ocrx_word' id='word_1_174' title='bbox 2727 1157 2858 1206; x_wconf 92' lang='lat' dir='ltr'><strong>sunt</strong></span> <span class='ocrx_word' id='word_1_175' title='bbox 2886 1157 3107 1222; x_wconf 88' lang='lat' dir='ltr'><strong>septem</strong></span> <span class='ocrx_word' id='word_1_176' title='bbox 3137 1158 3192 1206; x_wconf 88' lang='lat' dir='ltr'><strong>et</strong></span> <span class='ocrx_word' id='word_1_177' title='bbox 3223 1156 3369 1219; x_wconf 89' lang='lat' dir='ltr'><strong>octo,</strong></span> <span class='ocrx_word' id='word_1_178' title='bbox 3397 1153 3453 1206; x_wconf 88' lang='lat' dir='ltr'><strong>id</strong></span> <span class='ocrx_word' id='word_1_179' title='bbox 3480 1159 3582 1219; x_wconf 88' lang='lat' dir='ltr'><strong>est,</strong></span> 
     </span>
    </p>
   </div>
   <div class='ocr_carea' id='block_1_26' title="bbox 1958 1244 3587 1317">
    <p class='ocr_par' dir='ltr' id='par_1_26' title="bbox 1958 1244 3587 1317">
     <span class='ocr_line' id='line_1_26' title="bbox 1958 1244 3587 1317; baseline 0.001 -18"><span class='ocrx_word' id='word_1_180' title='bbox 1958 1245 2306 1317; x_wconf 88' lang='lat' dir='ltr'><strong>quindecim,</strong></span> <span class='ocrx_word' id='word_1_181' title='bbox 2329 1245 2534 1316; x_wconf 89' lang='lat' dir='ltr'><strong>quibus</strong></span> <span class='ocrx_word' id='word_1_182' title='bbox 2554 1244 2829 1299; x_wconf 89' lang='lat' dir='ltr'><strong>conduxit</strong></span> <span class='ocrx_word' id='word_1_183' title='bbox 2846 1245 2982 1299; x_wconf 90' lang='lat' dir='ltr'><strong>Osee</strong></span> <span class='ocrx_word' id='word_1_184' title='bbox 3009 1246 3392 1314; x_wconf 86' lang='lat' dir='ltr'><strong>meretricem,</strong></span> <span class='ocrx_word' id='word_1_185' title='bbox 3416 1262 3587 1317; x_wconf 85' lang='lat' dir='ltr'><strong>quam</strong></span> 
     </span>
    </p>
   </div>
   <div class='ocr_carea' id='block_1_27' title="bbox 1957 1338 3589 1409">
    <p class='ocr_par' dir='ltr' id='par_1_27' title="bbox 1957 1338 3589 1409">
     <span class='ocr_line' id='line_1_27' title="bbox 1957 1338 3589 1409; baseline 0.001 -16"><span class='ocrx_word' id='word_1_186' title='bbox 1957 1339 2386 1394; x_wconf 89' lang='lat' dir='ltr'><strong>conducendam</strong></span> <span class='ocrx_word' id='word_1_187' title='bbox 2427 1338 2701 1392; x_wconf 88' lang='lat' dir='ltr'><strong>Dominus</strong></span> <span class='ocrx_word' id='word_1_188' title='bbox 2741 1339 2792 1391; x_wconf 92' lang='lat' dir='ltr'><strong>ei</strong></span> <span class='ocrx_word' id='word_1_189' title='bbox 2824 1341 3189 1409; x_wconf 63' lang='lat' dir='ltr'><strong>prwceperat.</strong></span> <span class='ocrx_word' id='word_1_190' title='bbox 3221 1339 3589 1395; x_wconf 84' lang='lat' dir='ltr'><strong>Hebdomada</strong></span> 
     </span>
    </p>
   </div>
   <div class='ocr_carea' id='block_1_28' title="bbox 1959 1431 3586 1503">
    <p class='ocr_par' dir='ltr' id='par_1_28' title="bbox 1959 1431 3586 1503">
     <span class='ocr_line' id='line_1_28' title="bbox 1959 1431 3586 1503; baseline 0 -15"><span class='ocrx_word' id='word_1_191' title='bbox 1959 1435 2151 1503; x_wconf 83' lang='lat' dir='ltr'><strong>itaque</strong></span> <span class='ocrx_word' id='word_1_192' title='bbox 2177 1439 2233 1486; x_wconf 91' lang='lat' dir='ltr'><strong>et</strong></span> <span class='ocrx_word' id='word_1_193' title='bbox 2258 1438 2452 1486; x_wconf 89' lang='lat' dir='ltr'><strong>octava</strong></span> <span class='ocrx_word' id='word_1_194' title='bbox 2479 1431 2803 1502; x_wconf 88' lang='lat' dir='ltr'><strong>signiﬁcant</strong></span> <span class='ocrx_word' id='word_1_195' title='bbox 2828 1431 3071 1486; x_wconf 91' lang='lat' dir='ltr'><strong>duorum</strong></span> <span class='ocrx_word' id='word_1_196' title='bbox 3096 1433 3586 1488; x_wconf 87' lang='lat' dir='ltr'><strong>Testamentorum</strong></span> 
     </span>
    </p>
   </div>
   <div class='ocr_carea' id='block_1_29' title="bbox 1959 1524 3586 1596">
    <p class='ocr_par' dir='ltr' id='par_1_29' title="bbox 1959 1524 3586 1596">
     <span class='ocr_line' id='line_1_29' title="bbox 1959 1524 3586 1596; baseline 0.001 -16"><span class='ocrx_word' id='word_1_197' title='bbox 1959 1525 2537 1591; x_wconf 80' lang='lat' dir='ltr'><strong>consummationem,</strong></span> <span class='ocrx_word' id='word_1_198' title='bbox 2567 1528 2624 1579; x_wconf 94' lang='lat' dir='ltr'><strong>et</strong></span> <span class='ocrx_word' id='word_1_199' title='bbox 2664 1525 2794 1578; x_wconf 87' lang='lat' dir='ltr'><strong>ﬁdei</strong></span> <span class='ocrx_word' id='word_1_200' title='bbox 2836 1524 3250 1594; x_wconf 87' lang='lat' dir='ltr'><strong>plenitudinem</strong></span> <span class='ocrx_word' id='word_1_201' title='bbox 3293 1544 3306 1579; x_wconf 87' lang='lat'>:</span> <span class='ocrx_word' id='word_1_202' title='bbox 3348 1527 3586 1596; x_wconf 85' lang='lat' dir='ltr'><strong>quinde-</strong></span> 
     </span>
    </p>
   </div>
   <div class='ocr_carea' id='block_1_30' title="bbox 1961 1617 3585 1690">
    <p class='ocr_par' dir='ltr' id='par_1_30' title="bbox 1961 1617 3585 1690">
     <span class='ocr_line' id='line_1_30' title="bbox 1961 1617 3585 1690; baseline 0.001 -17"><span class='ocrx_word' id='word_1_203' title='bbox 1961 1619 2155 1673; x_wconf 87' lang='lat' dir='ltr'><strong>narius</strong></span> <span class='ocrx_word' id='word_1_204' title='bbox 2184 1635 2316 1672; x_wconf 89' lang='lat' dir='ltr'><strong>vero</strong></span> <span class='ocrx_word' id='word_1_205' title='bbox 2349 1635 2620 1672; x_wconf 89' lang='lat' dir='ltr'><strong>numerus</strong></span> <span class='ocrx_word' id='word_1_206' title='bbox 2655 1621 2856 1688; x_wconf 89' lang='lat' dir='ltr'><strong>quater</strong></span> <span class='ocrx_word' id='word_1_207' title='bbox 2890 1617 3109 1684; x_wconf 91' lang='lat' dir='ltr'><strong>ductus,</strong></span> <span class='ocrx_word' id='word_1_208' title='bbox 3143 1619 3238 1690; x_wconf 88' lang='lat' dir='ltr'><strong>qui</strong></span> <span class='ocrx_word' id='word_1_209' title='bbox 3269 1628 3400 1673; x_wconf 89' lang='lat' dir='ltr'><strong>sunt</strong></span> <span class='ocrx_word' id='word_1_210' title='bbox 3428 1636 3585 1674; x_wconf 88' lang='lat' dir='ltr'><strong>sexa-</strong></span> 
     </span>
    </p>
   </div>
   <div class='ocr_carea' id='block_1_31' title="bbox 229 1711 2925 1824">
    <p class='ocr_par' dir='ltr' id='par_1_31' title="bbox 229 1711 2925 1824">
     <span class='ocr_line' id='line_1_31' title="bbox 229 1711 2925 1824; baseline 0 -59"><span class='ocrx_word' id='word_1_211' title='bbox 229 1712 387 1765; x_wconf 89' lang='lat' dir='ltr'><strong>cium</strong></span> <span class='ocrx_word' id='word_1_212' title='bbox 429 1716 590 1767; x_wconf 91' lang='lat' dir='ltr'><strong>tuum</strong></span> <span class='ocrx_word' id='word_1_213' title='bbox 630 1713 811 1768; x_wconf 86' lang='lat' dir='ltr'><strong>stabili</strong></span> <span class='ocrx_word' id='word_1_214' title='bbox 856 1714 1076 1769; x_wconf 87' lang='lat' dir='ltr'><strong>ratione</strong></span> <span class='ocrx_word' id='word_1_215' title='bbox 1107 1715 1430 1782; x_wconf 89' lang='lat' dir='ltr'><strong>conﬁrmes,</strong></span> <span class='ocrx_word' id='word_1_216' title='bbox 1461 1723 1517 1771; x_wconf 91' lang='lat' dir='ltr'><strong>et</strong></span> <span class='ocrx_word' id='word_1_217' title='bbox 1554 1733 1681 1787; x_wconf 80' lang='lat' dir='ltr'><strong>quae</strong></span> <span class='ocrx_word' id='word_1_218' title='bbox 1705 1717 1856 1788; x_wconf 84' lang='lat' dir='ltr'><strong>judi-</strong></span> <span class='ocrx_word' id='word_1_219' title='bbox 1881 1755 1937 1824; x_wconf 77' lang='grc' dir='ltr'>Β</span> <span class='ocrx_word' id='word_1_220' title='bbox 1963 1713 2144 1783; x_wconf 88' lang='lat' dir='ltr'><strong>ginta,</strong></span> <span class='ocrx_word' id='word_1_221' title='bbox 2177 1711 2467 1782; x_wconf 85' lang='lat' dir='ltr'><strong>Evangelii</strong></span> <span class='ocrx_word' id='word_1_222' title='bbox 2500 1711 2925 1782; x_wconf 83' lang='lat' dir='ltr'><strong>perfectionem.</strong></span> 
     </span>
    </p>
   </div>
   <div class='ocr_carea' id='block_1_32' title="bbox 229 1806 1861 1879">
    <p class='ocr_par' dir='ltr' id='par_1_32' title="bbox 229 1806 1861 1879">
     <span class='ocr_line' id='line_1_32' title="bbox 229 1806 1861 1879; baseline 0.004 -20"><span class='ocrx_word' id='word_1_223' title='bbox 229 1806 448 1860; x_wconf 89' lang='lat' dir='ltr'><strong>caveris</strong></span> <span class='ocrx_word' id='word_1_224' title='bbox 479 1807 640 1874; x_wconf 89' lang='lat' dir='ltr'><strong>levia,</strong></span> <span class='ocrx_word' id='word_1_225' title='bbox 671 1813 946 1878; x_wconf 85' lang='lat' dir='ltr'><strong>tanquam</strong></span> <span class='ocrx_word' id='word_1_226' title='bbox 987 1808 1124 1862; x_wconf 89' lang='lat' dir='ltr'><strong>nihil</strong></span> <span class='ocrx_word' id='word_1_227' title='bbox 1162 1809 1455 1879; x_wconf 88' lang='lat' dir='ltr'><strong>profutura</strong></span> <span class='ocrx_word' id='word_1_228' title='bbox 1492 1811 1861 1865; x_wconf 79' lang='lat' dir='ltr'><strong>contemnas?</strong></span> 
     </span>
    </p>
   </div>
   <div class='ocr_carea' id='block_1_33' title="bbox 230 1899 1864 1976">
    <p class='ocr_par' dir='ltr' id='par_1_33' title="bbox 230 1899 1864 1976">
     <span class='ocr_line' id='line_1_33' title="bbox 230 1899 1864 1976; baseline 0.003 -23"><span class='ocrx_word' id='word_1_229' title='bbox 230 1899 452 1954; x_wconf 90' lang='lat' dir='ltr'><strong>Deinde</strong></span> <span class='ocrx_word' id='word_1_230' title='bbox 485 1906 544 1954; x_wconf 90' lang='lat' dir='ltr'><strong>ut</strong></span> <span class='ocrx_word' id='word_1_231' title='bbox 569 1901 616 1954; x_wconf 90' lang='lat' dir='ltr'><strong>si</strong></span> <span class='ocrx_word' id='word_1_232' title='bbox 648 1901 784 1972; x_wconf 91' lang='lat' dir='ltr'><strong>quid</strong></span> <span class='ocrx_word' id='word_1_233' title='bbox 822 1902 1090 1957; x_wconf 87' lang='lat' dir='ltr'><strong>acciderit</strong></span> <span class='ocrx_word' id='word_1_234' title='bbox 1127 1903 1366 1970; x_wconf 83' lang='lat' dir='ltr'><strong>adversi,</strong></span> <span class='ocrx_word' id='word_1_235' title='bbox 1395 1903 1565 1975; x_wconf 85' lang='lat' dir='ltr'><strong>idque</strong></span> <span class='ocrx_word' id='word_1_236' title='bbox 1605 1920 1774 1976; x_wconf 88' lang='lat' dir='ltr'><strong>grave</strong></span> <span class='ocrx_word' id='word_1_237' title='bbox 1807 1911 1864 1958; x_wconf 90' lang='lat' dir='ltr'><strong>et</strong></span> 
     </span>
    </p>
   </div>
   <div class='ocr_carea' id='block_1_34' title="bbox 231 1991 1857 2067">
    <p class='ocr_par' dir='ltr' id='par_1_34' title="bbox 231 1991 1857 2067">
     <span class='ocr_line' id='line_1_34' title="bbox 231 1991 1857 2067; baseline 0.003 -22"><span class='ocrx_word' id='word_1_238' title='bbox 231 1991 503 2046; x_wconf 90' lang='lat' dir='ltr'><strong>acerbum</strong></span> <span class='ocrx_word' id='word_1_239' title='bbox 545 1997 794 2064; x_wconf 88' lang='lat' dir='ltr'><strong>putetur,</strong></span> <span class='ocrx_word' id='word_1_240' title='bbox 838 1995 914 2048; x_wconf 90' lang='lat' dir='ltr'><strong>ita</strong></span> <span class='ocrx_word' id='word_1_241' title='bbox 953 1995 1117 2061; x_wconf 89' lang='lat' dir='ltr'><strong>feras,</strong></span> <span class='ocrx_word' id='word_1_242' title='bbox 1163 1998 1226 2049; x_wconf 93' lang='lat' dir='ltr'><strong>ut</strong></span> <span class='ocrx_word' id='word_1_243' title='bbox 1263 1995 1404 2050; x_wconf 86' lang='lat' dir='ltr'><strong>nihil</strong></span> <span class='ocrx_word' id='word_1_244' title='bbox 1445 2003 1655 2067; x_wconf 72' lang='lat' dir='ltr'><strong>praeter</strong></span> <span class='ocrx_word' id='word_1_245' title='bbox 1696 2002 1857 2052; x_wconf 88' lang='lat' dir='ltr'><strong>natu-</strong></span> 
     </span>
    </p>
   </div>
   <div class='ocr_carea' id='block_1_35' title="bbox 231 2083 1860 2161">
    <p class='ocr_par' dir='ltr' id='par_1_35' title="bbox 231 2083 1860 2161">
     <span class='ocr_line' id='line_1_35' title="bbox 231 2083 1860 2161; baseline 0.004 -23"><span class='ocrx_word' id='word_1_246' title='bbox 231 2101 360 2139; x_wconf 89' lang='lat' dir='ltr'><strong>ram</strong></span> <span class='ocrx_word' id='word_1_247' title='bbox 413 2083 679 2140; x_wconf 88' lang='lat' dir='ltr'><strong>accidisse</strong></span> <span class='ocrx_word' id='word_1_248' title='bbox 736 2092 926 2158; x_wconf 88' lang='lat' dir='ltr'><strong>putes,</strong></span> <span class='ocrx_word' id='word_1_249' title='bbox 977 2105 1110 2144; x_wconf 91' lang='lat' dir='ltr'><strong>cum</strong></span> <span class='ocrx_word' id='word_1_250' title='bbox 1163 2090 1368 2161; x_wconf 88' lang='lat' dir='ltr'><strong>legeris</strong></span> <span class='ocrx_word' id='word_1_251' title='bbox 1425 2107 1436 2144; x_wconf 92' lang='lat'>:</span> <span class='ocrx_word' id='word_1_252' title='bbox 1489 2090 1684 2145; x_wconf 87' lang='lat' dir='ltr'><strong>Nudus</strong></span> <span class='ocrx_word' id='word_1_253' title='bbox 1737 2107 1860 2145; x_wconf 90' lang='lat' dir='ltr'><strong>sum</strong></span> 
     </span>
    </p>
   </div>
   <div class='ocr_carea' id='block_1_36' title="bbox 231 2179 1864 2253">
    <p class='ocr_par' dir='ltr' id='par_1_36' title="bbox 231 2179 1864 2253">
     <span class='ocr_line' id='line_1_36' title="bbox 231 2179 1864 2253; baseline 0.004 -21"><span class='ocrx_word' id='word_1_254' title='bbox 231 2182 421 2245; x_wconf 90' lang='lat' dir='ltr'><strong>natus,</strong></span> <span class='ocrx_word' id='word_1_255' title='bbox 449 2179 634 2234; x_wconf 88' lang='lat' dir='ltr'><strong>nudus</strong></span> <span class='ocrx_word' id='word_1_256' title='bbox 661 2180 858 2249; x_wconf 81' lang='lat' dir='ltr'><strong>exibo;</strong></span> <span class='ocrx_word' id='word_1_257' title='bbox 893 2198 1022 2253; x_wconf 75' lang='lat' dir='ltr'><strong>quas</strong></span> <span class='ocrx_word' id='word_1_258' title='bbox 1066 2184 1338 2238; x_wconf 90' lang='lat' dir='ltr'><strong>Dominus</strong></span> <span class='ocrx_word' id='word_1_259' title='bbox 1381 2183 1553 2253; x_wconf 88' lang='lat' dir='ltr'><strong>dedit,</strong></span> <span class='ocrx_word' id='word_1_260' title='bbox 1594 2185 1864 2239; x_wconf 87' lang='lat' dir='ltr'><strong>Dominus</strong></span> 
     </span>
    </p>
   </div>
   <div class='ocr_carea' id='block_1_37' title="bbox 231 2273 1865 2348">
    <p class='ocr_par' dir='ltr' id='par_1_37' title="bbox 231 2273 1865 2348">
     <span class='ocr_line' id='line_1_37' title="bbox 231 2273 1865 2348; baseline 0.003 -21"><span class='ocrx_word' id='word_1_261' title='bbox 231 2277 291 2328; x_wconf 88' lang='lat' dir='ltr'><strong>et</strong></span> <span class='ocrx_word' id='word_1_262' title='bbox 327 2273 556 2328; x_wconf 84' lang='lat' dir='ltr'><strong>abstulit</strong></span> <span class='ocrx_word' id='word_1_263' title='bbox 585 2275 716 2343; x_wconf 83' lang='lat' dir='ltr'><strong>(Job,</strong></span> <span class='ocrx_word' id='word_1_264' title='bbox 760 2291 797 2342; x_wconf 79' lang='grc' dir='ltr'><strong>ι,</strong></span> <span class='ocrx_word' id='word_1_265' title='bbox 835 2276 947 2345; x_wconf 76' lang='grc'><strong>21);</strong></span> <span class='ocrx_word' id='word_1_266' title='bbox 986 2283 1042 2331; x_wconf 87' lang='lat' dir='ltr'><strong>et</strong></span> <span class='ocrx_word' id='word_1_267' title='bbox 1079 2277 1273 2348; x_wconf 88' lang='lat' dir='ltr'><strong>utique</strong></span> <span class='ocrx_word' id='word_1_268' title='bbox 1321 2283 1374 2331; x_wconf 91' lang='lat' dir='ltr'><strong>et</strong></span> <span class='ocrx_word' id='word_1_269' title='bbox 1413 2277 1561 2333; x_wconf 88' lang='lat' dir='ltr'><strong>ﬁlios</strong></span> <span class='ocrx_word' id='word_1_270' title='bbox 1602 2278 1865 2332; x_wconf 84' lang='lat' dir='ltr'><strong>amiserat.</strong></span> 
     </span>
    </p>
   </div>
   <div class='ocr_carea' id='block_1_38' title="bbox 231 2367 1862 2442">
    <p class='ocr_par' dir='ltr' id='par_1_38' title="bbox 231 2367 1862 2442">
     <span class='ocr_line' id='line_1_38' title="bbox 231 2367 1862 2442; baseline 0.004 -22"><span class='ocrx_word' id='word_1_271' title='bbox 231 2373 291 2422; x_wconf 86' lang='lat' dir='ltr'><strong>et</strong></span> <span class='ocrx_word' id='word_1_272' title='bbox 326 2367 620 2422; x_wconf 86' lang='lat' dir='ltr'><strong>facultates</strong></span> <span class='ocrx_word' id='word_1_273' title='bbox 650 2388 662 2423; x_wconf 90' lang='lat'>:</span> <span class='ocrx_word' id='word_1_274' title='bbox 697 2385 1000 2441; x_wconf 90' lang='lat' dir='ltr'><strong>servesque</strong></span> <span class='ocrx_word' id='word_1_275' title='bbox 1036 2371 1093 2425; x_wconf 91' lang='lat' dir='ltr'><strong>in</strong></span> <span class='ocrx_word' id='word_1_276' title='bbox 1133 2370 1399 2425; x_wconf 91' lang='lat' dir='ltr'><strong>omnibus</strong></span> <span class='ocrx_word' id='word_1_277' title='bbox 1433 2387 1734 2442; x_wconf 87' lang='lat' dir='ltr'><strong>personam</strong></span> <span class='ocrx_word' id='word_1_278' title='bbox 1775 2388 1862 2425; x_wconf 88' lang='lat' dir='ltr'><strong>sa-</strong></span> 
     </span>
    </p>
   </div>
   <div class='ocr_carea' id='block_1_39' title="bbox 232 2461 1868 2536">
    <p class='ocr_par' dir='ltr' id='par_1_39' title="bbox 232 2461 1868 2536">
     <span class='ocr_line' id='line_1_39' title="bbox 232 2461 1868 2536; baseline 0.004 -22"><span class='ocrx_word' id='word_1_279' title='bbox 232 2461 444 2533; x_wconf 88' lang='lat' dir='ltr'><strong>pientis</strong></span> <span class='ocrx_word' id='word_1_280' title='bbox 479 2465 537 2516; x_wconf 90' lang='lat' dir='ltr'><strong>et</strong></span> <span class='ocrx_word' id='word_1_281' title='bbox 564 2463 724 2532; x_wconf 89' lang='lat' dir='ltr'><strong>justi,</strong></span> <span class='ocrx_word' id='word_1_282' title='bbox 760 2463 903 2518; x_wconf 89' lang='lat' dir='ltr'><strong>sicut</strong></span> <span class='ocrx_word' id='word_1_283' title='bbox 938 2463 1032 2518; x_wconf 92' lang='lat' dir='ltr'><strong>ille</strong></span> <span class='ocrx_word' id='word_1_284' title='bbox 1070 2466 1335 2532; x_wconf 76' lang='lat' dir='ltr'><strong>servavit,</strong></span> <span class='ocrx_word' id='word_1_285' title='bbox 1372 2465 1468 2536; x_wconf 88' lang='lat' dir='ltr'><strong>qui</strong></span> <span class='ocrx_word' id='word_1_286' title='bbox 1497 2466 1578 2519; x_wconf 88' lang='lat' dir='ltr'><strong>ait</strong></span> <span class='ocrx_word' id='word_1_287' title='bbox 1610 2483 1622 2520; x_wconf 91' lang='lat'>:</span> <span class='ocrx_word' id='word_1_288' title='bbox 1655 2488 1680 2515; x_wconf 78' lang='lat' dir='ltr'><strong>u</strong></span> <span class='ocrx_word' id='word_1_289' title='bbox 1714 2465 1868 2521; x_wconf 91' lang='lat' dir='ltr'><strong>Sicut</strong></span> 
     </span>
    </p>
   </div>
   <div class='ocr_carea' id='block_1_40' title="bbox 237 2554 1869 2627">
    <p class='ocr_par' dir='ltr' id='par_1_40' title="bbox 237 2554 1869 2627">
     <span class='ocr_line' id='line_1_40' title="bbox 237 2554 1869 2627; baseline 0.002 -18"><span class='ocrx_word' id='word_1_290' title='bbox 237 2555 478 2610; x_wconf 90' lang='lat' dir='ltr'><strong>Domino</strong></span> <span class='ocrx_word' id='word_1_291' title='bbox 507 2554 736 2626; x_wconf 88' lang='lat' dir='ltr'><strong>placuit,</strong></span> <span class='ocrx_word' id='word_1_292' title='bbox 765 2555 843 2610; x_wconf 89' lang='lat' dir='ltr'><strong>ita</strong></span> <span class='ocrx_word' id='word_1_293' title='bbox 887 2557 1097 2611; x_wconf 85' lang='lat' dir='ltr'><strong>factum</strong></span> <span class='ocrx_word' id='word_1_294' title='bbox 1140 2562 1251 2627; x_wconf 86' lang='lat' dir='ltr'><strong>est;</strong></span> <span class='ocrx_word' id='word_1_295' title='bbox 1288 2559 1358 2611; x_wconf 87' lang='lat' dir='ltr'><strong>sit</strong></span> <span class='ocrx_word' id='word_1_296' title='bbox 1392 2575 1603 2612; x_wconf 86' lang='lat' dir='ltr'><strong>nomen</strong></span> <span class='ocrx_word' id='word_1_297' title='bbox 1643 2558 1869 2613; x_wconf 90' lang='lat' dir='ltr'><strong>Domini</strong></span> 
     </span>
    </p>
   </div>
   <div class='ocr_carea' id='block_1_41' title="bbox 235 2648 1864 2719">
    <p class='ocr_par' dir='ltr' id='par_1_41' title="bbox 235 2648 1864 2719">
     <span class='ocr_line' id='line_1_41' title="bbox 235 2648 1864 2719; baseline 0.002 -16"><span class='ocrx_word' id='word_1_298' title='bbox 235 2648 604 2703; x_wconf 88' lang='lat' dir='ltr'><strong>benedictum</strong></span> <span class='ocrx_word' id='word_1_299' title='bbox 641 2651 849 2719; x_wconf 74' lang='lat' dir='ltr'><strong>(lbid.).</strong></span> <span class='ocrx_word' id='word_1_300' title='bbox 897 2672 920 2698; x_wconf 84' lang='grc'><strong>››</strong></span> <span class='ocrx_word' id='word_1_301' title='bbox 963 2652 1031 2704; x_wconf 86' lang='lat' dir='ltr'><strong>Et</strong></span> <span class='ocrx_word' id='word_1_302' title='bbox 1074 2652 1223 2705; x_wconf 87' lang='lat' dir='ltr'><strong>infra</strong></span> <span class='ocrx_word' id='word_1_303' title='bbox 1263 2669 1274 2705; x_wconf 92' lang='lat'><strong>:</strong></span> <span class='ocrx_word' id='word_1_304' title='bbox 1323 2674 1348 2700; x_wconf 89' lang='grc'><strong>‹‹</strong></span> <span class='ocrx_word' id='word_1_305' title='bbox 1387 2652 1540 2706; x_wconf 86' lang='lat' dir='ltr'><strong>Sicut</strong></span> <span class='ocrx_word' id='word_1_306' title='bbox 1579 2669 1692 2706; x_wconf 88' lang='lat' dir='ltr'><strong>una</strong></span> <span class='ocrx_word' id='word_1_307' title='bbox 1732 2652 1864 2706; x_wconf 90' lang='lat' dir='ltr'><strong>insi-</strong></span> 
     </span>
    </p>
   </div>
   <div class='ocr_carea' id='block_1_42' title="bbox 240 2741 1870 2816">
    <p class='ocr_par' dir='ltr' id='par_1_42' title="bbox 240 2741 1870 2816">
     <span class='ocr_line' id='line_1_42' title="bbox 240 2741 1870 2816; baseline 0.002 -22"><span class='ocrx_word' id='word_1_308' title='bbox 240 2741 529 2811; x_wconf 90' lang='lat' dir='ltr'><strong>pientium</strong></span> <span class='ocrx_word' id='word_1_309' title='bbox 574 2743 877 2798; x_wconf 89' lang='lat' dir='ltr'><strong>mulierum</strong></span> <span class='ocrx_word' id='word_1_310' title='bbox 910 2745 1096 2798; x_wconf 91' lang='lat' dir='ltr'><strong>locuta</strong></span> <span class='ocrx_word' id='word_1_311' title='bbox 1125 2747 1239 2808; x_wconf 83' lang='lat' dir='ltr'><strong>est;</strong></span> <span class='ocrx_word' id='word_1_312' title='bbox 1269 2744 1314 2798; x_wconf 89' lang='lat' dir='ltr'><strong>si</strong></span> <span class='ocrx_word' id='word_1_313' title='bbox 1349 2745 1494 2799; x_wconf 89' lang='lat' dir='ltr'><strong>bona</strong></span> <span class='ocrx_word' id='word_1_314' title='bbox 1523 2744 1870 2816; x_wconf 76' lang='lat' dir='ltr'><strong>suSCepimus</strong></span> 
     </span>
    </p>
   </div>
   <div class='ocr_carea' id='block_1_43' title="bbox 237 2834 1871 2908">
    <p class='ocr_par' dir='ltr' id='par_1_43' title="bbox 237 2834 1871 2908">
     <span class='ocr_line' id='line_1_43' title="bbox 237 2834 1871 2908; baseline 0.002 -20"><span class='ocrx_word' id='word_1_315' title='bbox 237 2834 307 2889; x_wconf 90' lang='lat' dir='ltr'><strong>de</strong></span> <span class='ocrx_word' id='word_1_316' title='bbox 340 2851 507 2889; x_wconf 90' lang='lat' dir='ltr'><strong>manu</strong></span> <span class='ocrx_word' id='word_1_317' title='bbox 543 2835 790 2904; x_wconf 87' lang='lat' dir='ltr'><strong>Domini,</strong></span> <span class='ocrx_word' id='word_1_318' title='bbox 822 2853 949 2908; x_wconf 66' lang='lat' dir='ltr'><strong>qua:</strong></span> <span class='ocrx_word' id='word_1_319' title='bbox 981 2838 1126 2891; x_wconf 89' lang='lat' dir='ltr'><strong>mala</strong></span> <span class='ocrx_word' id='word_1_320' title='bbox 1164 2842 1296 2893; x_wconf 90' lang='lat' dir='ltr'><strong>sunt</strong></span> <span class='ocrx_word' id='word_1_321' title='bbox 1327 2855 1441 2894; x_wconf 89' lang='lat' dir='ltr'><strong>non</strong></span> <span class='ocrx_word' id='word_1_322' title='bbox 1469 2839 1871 2893; x_wconf 86' lang='lat' dir='ltr'><strong>sustinebimus</strong></span> 
     </span>
    </p>
   </div>
   <div class='ocr_carea' id='block_1_44' title="bbox 239 2929 682 2998">
    <p class='ocr_par' dir='ltr' id='par_1_44' title="bbox 239 2929 682 2998">
     <span class='ocr_line' id='line_1_44' title="bbox 239 2929 682 2998; baseline -0.005 -16"><span class='ocrx_word' id='word_1_323' title='bbox 239 2929 380 2997; x_wconf 74' lang='lat' dir='ltr'><strong>(Job,</strong></span> <span class='ocrx_word' id='word_1_324' title='bbox 409 2945 465 2996; x_wconf 84' lang='grc' dir='ltr'><strong>ιι,</strong></span> <span class='ocrx_word' id='word_1_325' title='bbox 503 2930 627 2998; x_wconf 73' lang='grc' dir='ltr'><strong>10)ἳ</strong></span> <span class='ocrx_word' id='word_1_326' title='bbox 655 2949 682 2980; x_wconf 71' lang='grc' dir='ltr'><strong>ν</strong></span> 
     </span>
    </p>
   </div>
   <div class='ocr_carea' id='block_1_45' title="bbox 2031 1837 3592 1908">
    <p class='ocr_par' dir='ltr' id='par_1_45' title="bbox 2031 1837 3592 1908">
     <span class='ocr_line' id='line_1_45' title="bbox 2031 1837 3592 1908; baseline -0.001 -15"><span class='ocrx_word' id='word_1_327' title='bbox 2031 1841 2120 1894; x_wconf 88' lang='lat'><strong>26.</strong></span> <span class='ocrx_word' id='word_1_328' title='bbox 2163 1838 2274 1908; x_wconf 86' lang='lat'><strong>(79)</strong></span> <span class='ocrx_word' id='word_1_329' title='bbox 2307 1837 2443 1901; x_wconf 78' lang='lat' dir='ltr'><strong>Quae</strong></span> <span class='ocrx_word' id='word_1_330' title='bbox 2471 1842 2555 1892; x_wconf 91' lang='lat' dir='ltr'><strong>est</strong></span> <span class='ocrx_word' id='word_1_331' title='bbox 2578 1842 2769 1891; x_wconf 82' lang='lat' dir='ltr'><strong>autem</strong></span> <span class='ocrx_word' id='word_1_332' title='bbox 2796 1852 3053 1908; x_wconf 88' lang='lat' dir='ltr'><strong>propago</strong></span> <span class='ocrx_word' id='word_1_333' title='bbox 3082 1838 3138 1891; x_wconf 89' lang='lat' dir='ltr'><strong>in</strong></span> <span class='ocrx_word' id='word_1_334' title='bbox 3166 1837 3326 1907; x_wconf 90' lang='lat' dir='ltr'><strong>cujus</strong></span> <span class='ocrx_word' id='word_1_335' title='bbox 3355 1838 3592 1892; x_wconf 84' lang='lat' dir='ltr'><strong>circuitu</strong></span> 
     </span>
    </p>
   </div>
   <div class='ocr_carea' id='block_1_46' title="bbox 1965 1929 3588 2002">
    <p class='ocr_par' dir='ltr' id='par_1_46' title="bbox 1965 1929 3588 2002">
     <span class='ocr_line' id='line_1_46' title="bbox 1965 1929 3588 2002; baseline -0.002 -16"><span class='ocrx_word' id='word_1_336' title='bbox 1965 1937 2221 2002; x_wconf 88' lang='lat' dir='ltr'><strong>potentes</strong></span> <span class='ocrx_word' id='word_1_337' title='bbox 2248 1931 2339 1985; x_wconf 89' lang='lat' dir='ltr'><strong>isti</strong></span> <span class='ocrx_word' id='word_1_338' title='bbox 2363 1931 2537 1984; x_wconf 81' lang='lat' dir='ltr'><strong>sunt?</strong></span> <span class='ocrx_word' id='word_1_339' title='bbox 2562 1931 2928 2000; x_wconf 70' lang='lat' dir='ltr'><strong>Nephthalim,</strong></span> <span class='ocrx_word' id='word_1_340' title='bbox 2963 1929 3172 2000; x_wconf 89' lang='lat' dir='ltr'><strong>inquit,</strong></span> <span class='ocrx_word' id='word_1_341' title='bbox 3199 1933 3325 1985; x_wconf 71' lang='lat' dir='ltr'><strong>vitis</strong></span> <span class='ocrx_word' id='word_1_342' title='bbox 3346 1934 3588 1991; x_wconf 81' lang='lat' dir='ltr'><strong>remissa,</strong></span> 
     </span>
    </p>
   </div>
   <div class='ocr_carea' id='block_1_47' title="bbox 1960 2023 3593 2096">
    <p class='ocr_par' dir='ltr' id='par_1_47' title="bbox 1960 2023 3593 2096">
     <span class='ocr_line' id='line_1_47' title="bbox 1960 2023 3593 2096; baseline -0.001 -16"><span class='ocrx_word' id='word_1_343' title='bbox 1960 2029 2239 2096; x_wconf 10' lang='lat' dir='ltr'><strong>poenigens</strong></span> <span class='ocrx_word' id='word_1_344' title='bbox 2300 2028 2358 2078; x_wconf 73' lang='lat' dir='ltr'><strong>in</strong></span> <span class='ocrx_word' id='word_1_345' title='bbox 2417 2026 2654 2092; x_wconf 72' lang='lat' dir='ltr'><strong>germine</strong></span> <span class='ocrx_word' id='word_1_346' title='bbox 2715 2025 2974 2078; x_wconf 82' lang='lat' dir='ltr'><strong>decorem.</strong></span> <span class='ocrx_word' id='word_1_347' title='bbox 3029 2023 3396 2078; x_wconf 89' lang='lat' dir='ltr'><strong>Sarmentum</strong></span> <span class='ocrx_word' id='word_1_348' title='bbox 3466 2026 3593 2080; x_wconf 85' lang='lat' dir='ltr'><strong>vitis</strong></span> 
     </span>
    </p>
   </div>
   <div class='ocr_carea' id='block_1_48' title="bbox 1962 2115 3596 2189">
    <p class='ocr_par' dir='ltr' id='par_1_48' title="bbox 1962 2115 3596 2189">
     <span class='ocr_line' id='line_1_48' title="bbox 1962 2115 3596 2189; baseline -0.001 -16"><span class='ocrx_word' id='word_1_349' title='bbox 1962 2119 2117 2173; x_wconf 90' lang='lat' dir='ltr'><strong>aliud</strong></span> <span class='ocrx_word' id='word_1_350' title='bbox 2170 2121 2499 2189; x_wconf 88' lang='lat' dir='ltr'><strong>amputatur</strong></span> <span class='ocrx_word' id='word_1_351' title='bbox 2548 2117 2701 2188; x_wconf 89' lang='lat' dir='ltr'><strong>quod</strong></span> <span class='ocrx_word' id='word_1_352' title='bbox 2755 2115 2980 2171; x_wconf 91' lang='lat' dir='ltr'><strong>videtur</strong></span> <span class='ocrx_word' id='word_1_353' title='bbox 3029 2116 3256 2183; x_wconf 90' lang='lat' dir='ltr'><strong>inutile,</strong></span> <span class='ocrx_word' id='word_1_354' title='bbox 3314 2134 3387 2172; x_wconf 91' lang='lat' dir='ltr'><strong>ne</strong></span> <span class='ocrx_word' id='word_1_355' title='bbox 3440 2135 3596 2172; x_wconf 88' lang='lat' dir='ltr'><strong>cassa</strong></span> 
     </span>
    </p>
   </div>
   <div class='ocr_carea' id='block_1_49' title="bbox 1966 2209 3596 2278">
    <p class='ocr_par' dir='ltr' id='par_1_49' title="bbox 1966 2209 3596 2278">
     <span class='ocr_line' id='line_1_49' title="bbox 1966 2209 3596 2278; baseline 0.001 -14"><span class='ocrx_word' id='word_1_356' title='bbox 1966 2211 2091 2267; x_wconf 85' lang='lat' dir='ltr'><strong>vitis</strong></span> <span class='ocrx_word' id='word_1_357' title='bbox 2133 2215 2551 2266; x_wconf 82' lang='lat' dir='ltr'><strong>sarmentorum</strong></span> <span class='ocrx_word' id='word_1_358' title='bbox 2599 2209 2974 2264; x_wconf 81' lang='lat' dir='ltr'><strong>exsultatione</strong></span> <span class='ocrx_word' id='word_1_359' title='bbox 3023 2210 3287 2278; x_wconf 89' lang='lat' dir='ltr'><strong>luxuriet,</strong></span> <span class='ocrx_word' id='word_1_360' title='bbox 3337 2217 3392 2266; x_wconf 91' lang='lat' dir='ltr'><strong>et</strong></span> <span class='ocrx_word' id='word_1_361' title='bbox 3443 2211 3596 2267; x_wconf 86' lang='lat' dir='ltr'><strong>aliud</strong></span> 
     </span>
    </p>
   </div>
   <div class='ocr_carea' id='block_1_50' title="bbox 1965 2302 3594 2376">
    <p class='ocr_par' dir='ltr' id='par_1_50' title="bbox 1965 2302 3594 2376">
     <span class='ocr_line' id='line_1_50' title="bbox 1965 2302 3594 2376; baseline 0.001 -18"><span class='ocrx_word' id='word_1_362' title='bbox 1965 2304 2253 2376; x_wconf 86' lang='lat' dir='ltr'><strong>paulisper</strong></span> <span class='ocrx_word' id='word_1_363' title='bbox 2293 2303 2565 2358; x_wconf 88' lang='lat' dir='ltr'><strong>reciditur</strong></span> <span class='ocrx_word' id='word_1_364' title='bbox 2605 2309 2659 2356; x_wconf 89' lang='lat' dir='ltr'><strong>et</strong></span> <span class='ocrx_word' id='word_1_365' title='bbox 2699 2302 3028 2369; x_wconf 88' lang='lat' dir='ltr'><strong>remittitur,</strong></span> <span class='ocrx_word' id='word_1_366' title='bbox 3059 2306 3125 2356; x_wconf 90' lang='lat' dir='ltr'><strong>ut</strong></span> <span class='ocrx_word' id='word_1_367' title='bbox 3169 2303 3415 2358; x_wconf 84' lang='lat' dir='ltr'><strong>fructum</strong></span> <span class='ocrx_word' id='word_1_368' title='bbox 3459 2304 3594 2359; x_wconf 77' lang='lat' dir='ltr'><strong>affe-</strong></span> 
     </span>
    </p>
   </div>
   <div class='ocr_carea' id='block_1_51' title="bbox 1969 2395 3601 2468">
    <p class='ocr_par' dir='ltr' id='par_1_51' title="bbox 1969 2395 3601 2468">
     <span class='ocr_line' id='line_1_51' title="bbox 1969 2395 3601 2468; baseline 0.001 -17"><span class='ocrx_word' id='word_1_369' title='bbox 1969 2404 2072 2464; x_wconf 88' lang='lat' dir='ltr'><strong>rat,</strong></span> <span class='ocrx_word' id='word_1_370' title='bbox 2120 2399 2279 2468; x_wconf 82' lang='lat' dir='ltr'><strong>cujus</strong></span> <span class='ocrx_word' id='word_1_371' title='bbox 2324 2397 2497 2450; x_wconf 89' lang='lat' dir='ltr'><strong>decus</strong></span> <span class='ocrx_word' id='word_1_372' title='bbox 2543 2397 2600 2450; x_wconf 91' lang='lat' dir='ltr'><strong>in</strong></span> <span class='ocrx_word' id='word_1_373' title='bbox 2651 2395 3024 2467; x_wconf 86' lang='lat' dir='ltr'><strong>generatione</strong></span> <span class='ocrx_word' id='word_1_374' title='bbox 3075 2395 3417 2466; x_wconf 88' lang='lat' dir='ltr'><strong>porrigitur;</strong></span> <span class='ocrx_word' id='word_1_375' title='bbox 3467 2398 3601 2468; x_wconf 89' lang='lat' dir='ltr'><strong>quia</strong></span> 
     </span>
    </p>
   </div>
   <div class='ocr_carea' id='block_1_52' title="bbox 1969 2489 3603 2561">
    <p class='ocr_par' dir='ltr' id='par_1_52' title="bbox 1969 2489 3603 2561">
     <span class='ocr_line' id='line_1_52' title="bbox 1969 2489 3603 2561; baseline -0.001 -15"><span class='ocrx_word' id='word_1_376' title='bbox 1969 2492 2104 2546; x_wconf 89' lang='lat' dir='ltr'><strong>dum</strong></span> <span class='ocrx_word' id='word_1_377' title='bbox 2136 2491 2210 2546; x_wconf 91' lang='lat' dir='ltr'><strong>ad</strong></span> <span class='ocrx_word' id='word_1_378' title='bbox 2251 2507 2500 2561; x_wconf 90' lang='lat' dir='ltr'><strong>superna</strong></span> <span class='ocrx_word' id='word_1_379' title='bbox 2537 2506 2594 2544; x_wconf 92' lang='lat' dir='ltr'><strong>se</strong></span> <span class='ocrx_word' id='word_1_380' title='bbox 2634 2489 2895 2558; x_wconf 89' lang='lat' dir='ltr'><strong>subrigit,</strong></span> <span class='ocrx_word' id='word_1_381' title='bbox 2929 2489 3102 2543; x_wconf 84' lang='lat' dir='ltr'><strong>vitem</strong></span> <span class='ocrx_word' id='word_1_382' title='bbox 3132 2489 3514 2560; x_wconf 83' lang='lat' dir='ltr'><strong>amplectitur,</strong></span> <span class='ocrx_word' id='word_1_383' title='bbox 3545 2497 3603 2544; x_wconf 90' lang='lat' dir='ltr'><strong>et</strong></span> 
     </span>
    </p>
   </div>
   <div class='ocr_carea' id='block_1_53' title="bbox 1969 2582 3599 2653">
    <p class='ocr_par' dir='ltr' id='par_1_53' title="bbox 1969 2582 3599 2653">
     <span class='ocr_line' id='line_1_53' title="bbox 1969 2582 3599 2653; baseline -0.001 -14"><span class='ocrx_word' id='word_1_384' title='bbox 1969 2585 2037 2639; x_wconf 89' lang='lat' dir='ltr'><strong>ad</strong></span> <span class='ocrx_word' id='word_1_385' title='bbox 2081 2585 2351 2639; x_wconf 87' lang='lat' dir='ltr'><strong>verticem</strong></span> <span class='ocrx_word' id='word_1_386' title='bbox 2389 2583 2720 2650; x_wconf 89' lang='lat' dir='ltr'><strong>ascendens,</strong></span> <span class='ocrx_word' id='word_1_387' title='bbox 2745 2582 2872 2652; x_wconf 91' lang='lat' dir='ltr'><strong>jugi</strong></span> <span class='ocrx_word' id='word_1_388' title='bbox 2913 2582 3176 2653; x_wconf 71' lang='lat' dir='ltr'><strong>quaedam</strong></span> <span class='ocrx_word' id='word_1_389' title='bbox 3217 2583 3363 2638; x_wconf 89' lang='lat' dir='ltr'><strong>colla</strong></span> <span class='ocrx_word' id='word_1_390' title='bbox 3403 2583 3599 2638; x_wconf 86' lang='lat' dir='ltr'><strong>vitium</strong></span> 
     </span>
    </p>
   </div>
   <div class='ocr_carea' id='block_1_54' title="bbox 1972 2675 3604 2749">
    <p class='ocr_par' dir='ltr' id='par_1_54' title="bbox 1972 2675 3604 2749">
     <span class='ocr_line' id='line_1_54' title="bbox 1972 2675 3604 2749; baseline 0 -17"><span class='ocrx_word' id='word_1_391' title='bbox 1972 2678 2202 2749; x_wconf 87' lang='lat' dir='ltr'><strong>pretiosi</strong></span> <span class='ocrx_word' id='word_1_392' title='bbox 2241 2676 2490 2748; x_wconf 87' lang='lat' dir='ltr'><strong>palmitis</strong></span> <span class='ocrx_word' id='word_1_393' title='bbox 2531 2677 2699 2731; x_wconf 88' lang='lat' dir='ltr'><strong>vestit</strong></span> <span class='ocrx_word' id='word_1_394' title='bbox 2741 2675 2962 2731; x_wconf 89' lang='lat' dir='ltr'><strong>monili.</strong></span> <span class='ocrx_word' id='word_1_395' title='bbox 3005 2677 3100 2730; x_wconf 88' lang='lat' dir='ltr'><strong>Est</strong></span> <span class='ocrx_word' id='word_1_396' title='bbox 3142 2682 3196 2730; x_wconf 91' lang='lat' dir='ltr'><strong>et</strong></span> <span class='ocrx_word' id='word_1_397' title='bbox 3237 2676 3329 2731; x_wconf 91' lang='lat' dir='ltr'><strong>ille</strong></span> <span class='ocrx_word' id='word_1_398' title='bbox 3368 2677 3604 2732; x_wconf 88' lang='lat' dir='ltr'><strong>decorus</strong></span> 
     </span>
    </p>
   </div>
   <div class='ocr_carea' id='block_1_55' title="bbox 1970 2768 3599 2841">
    <p class='ocr_par' dir='ltr' id='par_1_55' title="bbox 1970 2768 3599 2841">
     <span class='ocr_line' id='line_1_55' title="bbox 1970 2768 3599 2841; baseline 0.001 -17"><span class='ocrx_word' id='word_1_399' title='bbox 1970 2771 2026 2824; x_wconf 92' lang='lat' dir='ltr'><strong>in</strong></span> <span class='ocrx_word' id='word_1_400' title='bbox 2056 2771 2444 2841; x_wconf 87' lang='lat' dir='ltr'><strong>generatione,</strong></span> <span class='ocrx_word' id='word_1_401' title='bbox 2477 2770 2611 2840; x_wconf 88' lang='lat' dir='ltr'><strong>quia</strong></span> <span class='ocrx_word' id='word_1_402' title='bbox 2649 2768 2832 2839; x_wconf 90' lang='lat' dir='ltr'><strong>plenis</strong></span> <span class='ocrx_word' id='word_1_403' title='bbox 2863 2768 3191 2838; x_wconf 87' lang='lat' dir='ltr'><strong>palmitibus</strong></span> <span class='ocrx_word' id='word_1_404' title='bbox 3220 2769 3429 2824; x_wconf 85' lang='lat' dir='ltr'><strong>multos</strong></span> <span class='ocrx_word' id='word_1_405' title='bbox 3452 2769 3599 2825; x_wconf 85' lang='lat' dir='ltr'><strong>fruc-</strong></span> 
     </span>
    </p>
   </div>
   <div class='ocr_carea' id='block_1_56' title="bbox 1971 2861 3603 2935">
    <p class='ocr_par' dir='ltr' id='par_1_56' title="bbox 1971 2861 3603 2935">
     <span class='ocr_line' id='line_1_56' title="bbox 1971 2861 3603 2935; baseline 0 -17"><span class='ocrx_word' id='word_1_406' title='bbox 1971 2871 2062 2919; x_wconf 89' lang='lat' dir='ltr'><strong>tus</strong></span> <span class='ocrx_word' id='word_1_407' title='bbox 2106 2862 2376 2917; x_wconf 89' lang='lat' dir='ltr'><strong>exuudat.</strong></span> <span class='ocrx_word' id='word_1_408' title='bbox 2425 2863 2698 2916; x_wconf 89' lang='lat' dir='ltr'><strong>Decorum</strong></span> <span class='ocrx_word' id='word_1_409' title='bbox 2749 2862 2877 2928; x_wconf 92' lang='lat' dir='ltr'><strong>hoc,</strong></span> <span class='ocrx_word' id='word_1_410' title='bbox 2921 2861 3022 2916; x_wconf 88' lang='lat' dir='ltr'><strong>sed</strong></span> <span class='ocrx_word' id='word_1_411' title='bbox 3069 2862 3252 2916; x_wconf 87' lang='lat' dir='ltr'><strong>multo</strong></span> <span class='ocrx_word' id='word_1_412' title='bbox 3293 2863 3431 2918; x_wconf 92' lang='lat' dir='ltr'><strong>illud</strong></span> <span class='ocrx_word' id='word_1_413' title='bbox 3478 2865 3603 2935; x_wconf 87' lang='lat' dir='ltr'><strong>pul-</strong></span> 
     </span>
    </p>
   </div>
   <div class='ocr_carea' id='block_1_57' title="bbox 1975 2955 3608 3027">
    <p class='ocr_par' dir='ltr' id='par_1_57' title="bbox 1975 2955 3608 3027">
     <span class='ocr_line' id='line_1_57' title="bbox 1975 2955 3608 3027; baseline 0 -16"><span class='ocrx_word' id='word_1_414' title='bbox 1975 2957 2180 3023; x_wconf 90' lang='lat' dir='ltr'><strong>chrius,</strong></span> <span class='ocrx_word' id='word_1_415' title='bbox 2236 2955 2390 3026; x_wconf 91' lang='lat' dir='ltr'><strong>quod</strong></span> <span class='ocrx_word' id='word_1_416' title='bbox 2442 2956 2760 3010; x_wconf 72' lang='lat' dir='ltr'><strong>haerentem</strong></span> <span class='ocrx_word' id='word_1_417' title='bbox 2820 2955 3112 3024; x_wconf 90' lang='lat' dir='ltr'><strong>palmitem</strong></span> <span class='ocrx_word' id='word_1_418' title='bbox 3169 2955 3271 3010; x_wconf 91' lang='lat' dir='ltr'><strong>viti</strong></span> <span class='ocrx_word' id='word_1_419' title='bbox 3325 2955 3608 3027; x_wconf 83' lang='lat' dir='ltr'><strong>signiﬁcat</strong></span> 
     </span>
    </p>
   </div>
   <div class='ocr_carea' id='block_1_58' title="bbox 313 3049 1870 3127">
    <p class='ocr_par' dir='ltr' id='par_1_58' title="bbox 313 3055 1870 3127">
     <span class='ocr_line' id='line_1_58' title="bbox 313 3055 1870 3127; baseline 0.004 -19"><span class='ocrx_word' id='word_1_420' title='bbox 313 3056 400 3108; x_wconf 85' lang='lat'><strong>&#39;23.</strong></span> <span class='ocrx_word' id='word_1_421' title='bbox 431 3055 540 3124; x_wconf 84' lang='lat'><strong>(77)</strong></span> <span class='ocrx_word' id='word_1_422' title='bbox 568 3056 691 3109; x_wconf 86' lang='lat' dir='ltr'><strong>Non</strong></span> <span class='ocrx_word' id='word_1_423' title='bbox 733 3059 818 3110; x_wconf 88' lang='lat' dir='ltr'><strong>est</strong></span> <span class='ocrx_word' id='word_1_424' title='bbox 853 3056 1030 3127; x_wconf 91' lang='lat' dir='ltr'><strong>igitur</strong></span> <span class='ocrx_word' id='word_1_425' title='bbox 1072 3057 1372 3112; x_wconf 90' lang='lat' dir='ltr'><strong>mediocris</strong></span> <span class='ocrx_word' id='word_1_426' title='bbox 1411 3075 1514 3111; x_wconf 83' lang='lat' dir='ltr'><strong>nec</strong></span> <span class='ocrx_word' id='word_1_427' title='bbox 1558 3059 1799 3113; x_wconf 83' lang='lat' dir='ltr'><strong>discreta</strong></span> <span class='ocrx_word' id='word_1_428' title='bbox 1839 3076 1870 3114; x_wconf 87' lang='lat' dir='ltr'><strong>a</strong></span> 
     </span>
    </p>
   </div>
   <div class='ocr_carea' id='block_1_59' title="bbox 1976 3049 3605 3127">
    <p class='ocr_par' dir='ltr' id='par_1_59' title="bbox 1976 3049 3605 3121">
     <span class='ocr_line' id='line_1_59' title="bbox 1976 3049 3605 3121; baseline -0.001 -16"><span class='ocrx_word' id='word_1_429' title='bbox 1976 3051 2233 3121; x_wconf 87' lang='lat' dir='ltr'><strong>spiritali,</strong></span> <span class='ocrx_word' id='word_1_430' title='bbox 2263 3049 2424 3120; x_wconf 88' lang='lat' dir='ltr'><strong>cujus</strong></span> <span class='ocrx_word' id='word_1_431' title='bbox 2460 3065 2562 3103; x_wconf 91' lang='lat' dir='ltr'><strong>nos</strong></span> <span class='ocrx_word' id='word_1_432' title='bbox 2602 3053 2962 3102; x_wconf 87' lang='lat' dir='ltr'><strong>sarmentum</strong></span> <span class='ocrx_word' id='word_1_433' title='bbox 3005 3065 3221 3115; x_wconf 90' lang='lat' dir='ltr'><strong>sumus,</strong></span> <span class='ocrx_word' id='word_1_434' title='bbox 3260 3054 3318 3104; x_wconf 90' lang='lat' dir='ltr'><strong>et</strong></span> <span class='ocrx_word' id='word_1_435' title='bbox 3359 3050 3605 3105; x_wconf 90' lang='lat' dir='ltr'><strong>fructum</strong></span> 
     </span>
    </p>
   </div>
   <div class='ocr_carea' id='block_1_60' title="bbox 239 3118 3606 3221">
    <p class='ocr_par' dir='ltr' id='par_1_60' title="bbox 239 3118 3606 3221">
     <span class='ocr_line' id='line_1_60' title="bbox 239 3118 3606 3221; baseline -0.001 -21"><span class='ocrx_word' id='word_1_436' title='bbox 239 3147 464 3201; x_wconf 67' lang='lat' dir='ltr'><strong>caeteris</strong></span> <span class='ocrx_word' id='word_1_437' title='bbox 487 3148 667 3202; x_wconf 91' lang='lat' dir='ltr'><strong>animi</strong></span> <span class='ocrx_word' id='word_1_438' title='bbox 701 3149 993 3216; x_wconf 86' lang='lat' dir='ltr'><strong>fortitudo,</strong></span> <span class='ocrx_word' id='word_1_439' title='bbox 1022 3166 1149 3221; x_wconf 80' lang='lat' dir='ltr'><strong>quae</strong></span> <span class='ocrx_word' id='word_1_440' title='bbox 1183 3151 1396 3205; x_wconf 89' lang='lat' dir='ltr'><strong>bellum</strong></span> <span class='ocrx_word' id='word_1_441' title='bbox 1422 3167 1549 3205; x_wconf 91' lang='lat' dir='ltr'><strong>cum</strong></span> <span class='ocrx_word' id='word_1_442' title='bbox 1577 3151 1875 3207; x_wconf 87' lang='lat' dir='ltr'><strong>virtutibus</strong></span> <span class='ocrx_word' id='word_1_443' title='bbox 1896 3118 1950 3191; x_wconf 64' lang='grc' dir='ltr'>Ο</span> <span class='ocrx_word' id='word_1_444' title='bbox 1974 3145 2176 3199; x_wconf 82' lang='lat' dir='ltr'><strong>atferre</strong></span> <span class='ocrx_word' id='word_1_445' title='bbox 2212 3159 2536 3214; x_wconf 86' lang='lat' dir='ltr'><strong>possumus,</strong></span> <span class='ocrx_word' id='word_1_446' title='bbox 2564 3142 2610 3196; x_wconf 90' lang='lat' dir='ltr'><strong>si</strong></span> <span class='ocrx_word' id='word_1_447' title='bbox 2645 3157 2985 3197; x_wconf 88' lang='lat' dir='ltr'><strong>maneamus</strong></span> <span class='ocrx_word' id='word_1_448' title='bbox 3019 3142 3080 3196; x_wconf 90' lang='lat' dir='ltr'><strong>in</strong></span> <span class='ocrx_word' id='word_1_449' title='bbox 3105 3143 3247 3210; x_wconf 87' lang='lat' dir='ltr'><strong>vite;</strong></span> <span class='ocrx_word' id='word_1_450' title='bbox 3276 3143 3362 3196; x_wconf 88' lang='lat' dir='ltr'><strong>sin</strong></span> <span class='ocrx_word' id='word_1_451' title='bbox 3392 3149 3606 3210; x_wconf 87' lang='lat' dir='ltr'><strong>autem,</strong></span> 
     </span>
    </p>
   </div>
   <div class='ocr_carea' id='block_1_61' title="bbox 242 3241 1874 3312">
    <p class='ocr_par' dir='ltr' id='par_1_61' title="bbox 242 3241 1874 3312">
     <span class='ocr_line' id='line_1_61' title="bbox 242 3241 1874 3312; baseline 0.004 -19"><span class='ocrx_word' id='word_1_452' title='bbox 242 3246 433 3310; x_wconf 87' lang='lat' dir='ltr'><strong>gerat;</strong></span> <span class='ocrx_word' id='word_1_453' title='bbox 465 3241 559 3295; x_wconf 89' lang='lat' dir='ltr'><strong>sed</strong></span> <span class='ocrx_word' id='word_1_454' title='bbox 599 3257 726 3312; x_wconf 72' lang='lat' dir='ltr'><strong>qua:</strong></span> <span class='ocrx_word' id='word_1_455' title='bbox 766 3244 885 3297; x_wconf 88' lang='lat' dir='ltr'><strong>sola</strong></span> <span class='ocrx_word' id='word_1_456' title='bbox 915 3242 1190 3298; x_wconf 89' lang='lat' dir='ltr'><strong>defendat</strong></span> <span class='ocrx_word' id='word_1_457' title='bbox 1227 3248 1562 3298; x_wconf 87' lang='lat' dir='ltr'><strong>ornamenta</strong></span> <span class='ocrx_word' id='word_1_458' title='bbox 1601 3245 1874 3300; x_wconf 85' lang='lat' dir='ltr'><strong>virtutum</strong></span> 
     </span>
    </p>
   </div>
   <div class='ocr_carea' id='block_1_62' title="bbox 241 3333 1876 3409">
    <p class='ocr_par' dir='ltr' id='par_1_62' title="bbox 241 3333 1876 3409">
     <span class='ocr_line' id='line_1_62' title="bbox 241 3333 1876 3409; baseline 0.003 -22"><span class='ocrx_word' id='word_1_459' title='bbox 241 3333 525 3401; x_wconf 90' lang='lat' dir='ltr'><strong>omnium,</strong></span> <span class='ocrx_word' id='word_1_460' title='bbox 576 3338 634 3388; x_wconf 89' lang='lat' dir='ltr'><strong>et</strong></span> <span class='ocrx_word' id='word_1_461' title='bbox 675 3335 893 3405; x_wconf 90' lang='lat' dir='ltr'><strong>judicia</strong></span> <span class='ocrx_word' id='word_1_462' title='bbox 932 3337 1228 3405; x_wconf 86' lang='lat' dir='ltr'><strong>custodiat,</strong></span> <span class='ocrx_word' id='word_1_463' title='bbox 1272 3343 1330 3392; x_wconf 89' lang='lat' dir='ltr'><strong>et</strong></span> <span class='ocrx_word' id='word_1_464' title='bbox 1376 3353 1505 3408; x_wconf 66' lang='lat' dir='ltr'><strong>quas</strong></span> <span class='ocrx_word' id='word_1_465' title='bbox 1553 3337 1876 3409; x_wconf 88' lang='lat' dir='ltr'><strong>inexpiabili</strong></span> 
     </span>
    </p>
   </div>
   <div class='ocr_carea' id='block_1_63' title="bbox 241 3427 1877 3499">
    <p class='ocr_par' dir='ltr' id='par_1_63' title="bbox 241 3427 1877 3499">
     <span class='ocr_line' id='line_1_63' title="bbox 241 3427 1877 3499; baseline 0.003 -17"><span class='ocrx_word' id='word_1_466' title='bbox 241 3427 444 3497; x_wconf 68' lang='lat' dir='ltr'><strong>prelio</strong></span> <span class='ocrx_word' id='word_1_467' title='bbox 494 3427 756 3483; x_wconf 89' lang='lat' dir='ltr'><strong>adversus</strong></span> <span class='ocrx_word' id='word_1_468' title='bbox 804 3429 996 3484; x_wconf 89' lang='lat' dir='ltr'><strong>omnia</strong></span> <span class='ocrx_word' id='word_1_469' title='bbox 1040 3430 1174 3485; x_wconf 90' lang='lat' dir='ltr'><strong>vitia</strong></span> <span class='ocrx_word' id='word_1_470' title='bbox 1223 3431 1509 3499; x_wconf 88' lang='lat' dir='ltr'><strong>decernat,</strong></span> <span class='ocrx_word' id='word_1_471' title='bbox 1550 3431 1759 3486; x_wconf 87' lang='lat' dir='ltr'><strong>invicta</strong></span> <span class='ocrx_word' id='word_1_472' title='bbox 1807 3432 1877 3487; x_wconf 87' lang='lat' dir='ltr'><strong>ad</strong></span> 
     </span>
    </p>
   </div>
   <div class='ocr_carea' id='block_1_64' title="bbox 240 3520 1875 3595">
    <p class='ocr_par' dir='ltr' id='par_1_64' title="bbox 240 3520 1875 3595">
     <span class='ocr_line' id='line_1_64' title="bbox 240 3520 1875 3595; baseline 0.002 -21"><span class='ocrx_word' id='word_1_473' title='bbox 240 3520 489 3588; x_wconf 85' lang='lat' dir='ltr'><strong>labores,</strong></span> <span class='ocrx_word' id='word_1_474' title='bbox 521 3521 685 3576; x_wconf 90' lang='lat' dir='ltr'><strong>fortis</strong></span> <span class='ocrx_word' id='word_1_475' title='bbox 714 3523 786 3577; x_wconf 88' lang='lat' dir='ltr'><strong>ad</strong></span> <span class='ocrx_word' id='word_1_476' title='bbox 816 3523 1085 3594; x_wconf 88' lang='lat' dir='ltr'><strong>pericula,</strong></span> <span class='ocrx_word' id='word_1_477' title='bbox 1118 3524 1350 3595; x_wconf 89' lang='lat' dir='ltr'><strong>rigidior</strong></span> <span class='ocrx_word' id='word_1_478' title='bbox 1377 3524 1648 3580; x_wconf 87' lang='lat' dir='ltr'><strong>adversus</strong></span> <span class='ocrx_word' id='word_1_479' title='bbox 1678 3525 1875 3595; x_wconf 88' lang='lat' dir='ltr'><strong>volup-</strong></span> 
     </span>
    </p>
   </div>
   <div class='ocr_carea' id='block_1_65' title="bbox 242 3614 1877 3688">
    <p class='ocr_par' dir='ltr' id='par_1_65' title="bbox 242 3614 1877 3688">
     <span class='ocr_line' id='line_1_65' title="bbox 242 3614 1877 3688; baseline 0.002 -20"><span class='ocrx_word' id='word_1_480' title='bbox 242 3618 423 3680; x_wconf 86' lang='lat' dir='ltr'><strong>tates,</strong></span> <span class='ocrx_word' id='word_1_481' title='bbox 491 3614 635 3669; x_wconf 90' lang='lat' dir='ltr'><strong>dura</strong></span> <span class='ocrx_word' id='word_1_482' title='bbox 694 3615 961 3670; x_wconf 88' lang='lat' dir='ltr'><strong>adversus</strong></span> <span class='ocrx_word' id='word_1_483' title='bbox 1022 3617 1344 3686; x_wconf 88' lang='lat' dir='ltr'><strong>illecebras,</strong></span> <span class='ocrx_word' id='word_1_484' title='bbox 1409 3618 1613 3688; x_wconf 89' lang='lat' dir='ltr'><strong>quibus</strong></span> <span class='ocrx_word' id='word_1_485' title='bbox 1677 3633 1877 3672; x_wconf 88' lang='lat' dir='ltr'><strong>aurem</strong></span> 
     </span>
    </p>
   </div>
   <div class='ocr_carea' id='block_1_66' title="bbox 245 3707 1876 3782">
    <p class='ocr_par' dir='ltr' id='par_1_66' title="bbox 245 3707 1876 3782">
     <span class='ocr_line' id='line_1_66' title="bbox 245 3707 1876 3782; baseline 0.004 -22"><span class='ocrx_word' id='word_1_486' title='bbox 245 3707 469 3761; x_wconf 82' lang='lat' dir='ltr'><strong>deferre</strong></span> <span class='ocrx_word' id='word_1_487' title='bbox 515 3708 750 3776; x_wconf 89' lang='lat' dir='ltr'><strong>nesciat,</strong></span> <span class='ocrx_word' id='word_1_488' title='bbox 793 3726 899 3764; x_wconf 92' lang='lat' dir='ltr'><strong>nec</strong></span> <span class='ocrx_word' id='word_1_489' title='bbox 945 3711 1029 3781; x_wconf 92' lang='lat' dir='ltr'><strong>(ut</strong></span> <span class='ocrx_word' id='word_1_490' title='bbox 1072 3710 1298 3778; x_wconf 91' lang='lat' dir='ltr'><strong>dicitur)</strong></span> <span class='ocrx_word' id='word_1_491' title='bbox 1345 3727 1448 3765; x_wconf 87' lang='lat' dir='ltr'><strong>ave</strong></span> <span class='ocrx_word' id='word_1_492' title='bbox 1492 3711 1661 3778; x_wconf 90' lang='lat' dir='ltr'><strong>dicat,</strong></span> <span class='ocrx_word' id='word_1_493' title='bbox 1705 3728 1876 3782; x_wconf 89' lang='lat' dir='ltr'><strong>pecu-</strong></span> 
     </span>
    </p>
   </div>
   <div class='ocr_carea' id='block_1_67' title="bbox 245 3801 1879 3875">
    <p class='ocr_par' dir='ltr' id='par_1_67' title="bbox 245 3801 1879 3875">
     <span class='ocr_line' id='line_1_67' title="bbox 245 3801 1879 3875; baseline 0.002 -20"><span class='ocrx_word' id='word_1_494' title='bbox 245 3801 403 3855; x_wconf 83' lang='lat' dir='ltr'><strong>niam</strong></span> <span class='ocrx_word' id='word_1_495' title='bbox 454 3801 735 3873; x_wconf 89' lang='lat' dir='ltr'><strong>negligat,</strong></span> <span class='ocrx_word' id='word_1_496' title='bbox 787 3802 1079 3857; x_wconf 89' lang='lat' dir='ltr'><strong>avaritiam</strong></span> <span class='ocrx_word' id='word_1_497' title='bbox 1138 3803 1320 3873; x_wconf 89' lang='lat' dir='ltr'><strong>fugiat</strong></span> <span class='ocrx_word' id='word_1_498' title='bbox 1367 3808 1641 3875; x_wconf 87' lang='lat' dir='ltr'><strong>tanquam</strong></span> <span class='ocrx_word' id='word_1_499' title='bbox 1691 3803 1879 3859; x_wconf 89' lang='lat' dir='ltr'><strong>labem</strong></span> 
     </span>
    </p>
   </div>
   <div class='ocr_carea' id='block_1_68' title="bbox 244 3894 1882 3966">
    <p class='ocr_par' dir='ltr' id='par_1_68' title="bbox 244 3894 1882 3966">
     <span class='ocr_line' id='line_1_68' title="bbox 244 3894 1882 3966; baseline 0.003 -18"><span class='ocrx_word' id='word_1_500' title='bbox 244 3894 583 3965; x_wconf 88' lang='lat' dir='ltr'><strong>quamdam,</strong></span> <span class='ocrx_word' id='word_1_501' title='bbox 613 3911 742 3966; x_wconf 66' lang='lat' dir='ltr'><strong>quae</strong></span> <span class='ocrx_word' id='word_1_502' title='bbox 767 3895 1035 3951; x_wconf 89' lang='lat' dir='ltr'><strong>virtutem</strong></span> <span class='ocrx_word' id='word_1_503' title='bbox 1061 3896 1380 3963; x_wconf 77' lang='lat' dir='ltr'><strong>effeminet;</strong></span> <span class='ocrx_word' id='word_1_504' title='bbox 1411 3897 1554 3952; x_wconf 92' lang='lat' dir='ltr'><strong>nihil</strong></span> <span class='ocrx_word' id='word_1_505' title='bbox 1583 3898 1737 3953; x_wconf 92' lang='lat' dir='ltr'><strong>enim</strong></span> <span class='ocrx_word' id='word_1_506' title='bbox 1764 3905 1882 3953; x_wconf 90' lang='lat' dir='ltr'><strong>tam</strong></span> 
     </span>
    </p>
   </div>
   <div class='ocr_carea' id='block_1_69' title="bbox 244 3989 1880 4063">
    <p class='ocr_par' dir='ltr' id='par_1_69' title="bbox 244 3989 1880 4063">
     <span class='ocr_line' id='line_1_69' title="bbox 244 3989 1880 4063; baseline 0.004 -22"><span class='ocrx_word' id='word_1_507' title='bbox 244 3989 599 4042; x_wconf 87' lang='lat' dir='ltr'><strong>contrarium</strong></span> <span class='ocrx_word' id='word_1_508' title='bbox 626 3989 969 4057; x_wconf 87' lang='lat' dir='ltr'><strong>fortitudini,</strong></span> <span class='ocrx_word' id='word_1_509' title='bbox 1001 4007 1176 4061; x_wconf 87' lang='lat' dir='ltr'><strong>quam</strong></span> <span class='ocrx_word' id='word_1_510' title='bbox 1203 3991 1360 4046; x_wconf 90' lang='lat' dir='ltr'><strong>lucro</strong></span> <span class='ocrx_word' id='word_1_511' title='bbox 1391 3991 1558 4046; x_wconf 91' lang='lat' dir='ltr'><strong>vinci.</strong></span> <span class='ocrx_word' id='word_1_512' title='bbox 1593 3993 1880 4063; x_wconf 85' lang='lat' dir='ltr'><strong>Frequen-</strong></span> 
     </span>
    </p>
   </div>
   <div class='ocr_carea' id='block_1_70' title="bbox 244 4080 1880 4155">
    <p class='ocr_par' dir='ltr' id='par_1_70' title="bbox 244 4080 1880 4155">
     <span class='ocr_line' id='line_1_70' title="bbox 244 4080 1880 4155; baseline 0.004 -21"><span class='ocrx_word' id='word_1_513' title='bbox 244 4086 338 4134; x_wconf 85' lang='lat' dir='ltr'><strong>ter</strong></span> <span class='ocrx_word' id='word_1_514' title='bbox 362 4080 543 4153; x_wconf 88' lang='lat' dir='ltr'><strong>pulsis</strong></span> <span class='ocrx_word' id='word_1_515' title='bbox 582 4082 856 4150; x_wconf 86' lang='lat' dir='ltr'><strong>hostibus,</strong></span> <span class='ocrx_word' id='word_1_516' title='bbox 898 4083 1167 4138; x_wconf 87' lang='lat' dir='ltr'><strong>inclinata</strong></span> <span class='ocrx_word' id='word_1_517' title='bbox 1202 4084 1261 4138; x_wconf 88' lang='lat' dir='ltr'><strong>in</strong></span> <span class='ocrx_word' id='word_1_518' title='bbox 1301 4084 1495 4155; x_wconf 89' lang='lat' dir='ltr'><strong>fugam</strong></span> <span class='ocrx_word' id='word_1_519' title='bbox 1525 4086 1880 4140; x_wconf 88' lang='lat' dir='ltr'><strong>adversario-</strong></span> 
     </span>
    </p>
   </div>
   <div class='ocr_carea' id='block_1_71' title="bbox 245 4175 1882 4249">
    <p class='ocr_par' dir='ltr' id='par_1_71' title="bbox 245 4175 1882 4249">
     <span class='ocr_line' id='line_1_71' title="bbox 245 4175 1882 4249; baseline 0.003 -21"><span class='ocrx_word' id='word_1_520' title='bbox 245 4191 378 4229; x_wconf 90' lang='lat' dir='ltr'><strong>rum</strong></span> <span class='ocrx_word' id='word_1_521' title='bbox 417 4175 556 4241; x_wconf 88' lang='lat' dir='ltr'><strong>acie,</strong></span> <span class='ocrx_word' id='word_1_522' title='bbox 587 4175 727 4230; x_wconf 91' lang='lat' dir='ltr'><strong>dum</strong></span> <span class='ocrx_word' id='word_1_523' title='bbox 760 4176 973 4230; x_wconf 84' lang='lat' dir='ltr'><strong>exuviis</strong></span> <span class='ocrx_word' id='word_1_524' title='bbox 1009 4193 1284 4232; x_wconf 75' lang='lat' dir='ltr'><strong>caesorum</strong></span> <span class='ocrx_word' id='word_1_525' title='bbox 1320 4178 1539 4248; x_wconf 89' lang='lat' dir='ltr'><strong>capitur</strong></span> <span class='ocrx_word' id='word_1_526' title='bbox 1570 4179 1882 4249; x_wconf 66' lang='lat' dir='ltr'><strong>praeliator,</strong></span> 
     </span>
    </p>
   </div>
   <div class='ocr_carea' id='block_1_72' title="bbox 246 4269 1887 4340">
    <p class='ocr_par' dir='ltr' id='par_1_72' title="bbox 246 4269 1887 4340">
     <span class='ocr_line' id='line_1_72' title="bbox 246 4269 1887 4340; baseline 0.003 -19"><span class='ocrx_word' id='word_1_527' title='bbox 246 4271 404 4322; x_wconf 90' lang='lat' dir='ltr'><strong>inter</strong></span> <span class='ocrx_word' id='word_1_528' title='bbox 447 4269 598 4339; x_wconf 85' lang='lat' dir='ltr'><strong>ipsos</strong></span> <span class='ocrx_word' id='word_1_529' title='bbox 646 4285 789 4340; x_wconf 89' lang='lat' dir='ltr'><strong>quos</strong></span> <span class='ocrx_word' id='word_1_530' title='bbox 828 4270 1041 4337; x_wconf 89' lang='lat' dir='ltr'><strong>stravit,</strong></span> <span class='ocrx_word' id='word_1_531' title='bbox 1081 4271 1433 4326; x_wconf 90' lang='lat' dir='ltr'><strong>miserandus</strong></span> <span class='ocrx_word' id='word_1_532' title='bbox 1477 4272 1742 4326; x_wconf 87' lang='lat' dir='ltr'><strong>occubuit</strong></span> <span class='ocrx_word' id='word_1_533' title='bbox 1780 4288 1793 4326; x_wconf 91' lang='lat'>:</span> <span class='ocrx_word' id='word_1_534' title='bbox 1831 4277 1887 4328; x_wconf 89' lang='lat' dir='ltr'><strong>et</strong></span> 
     </span>
    </p>
   </div>
   <div class='ocr_carea' id='block_1_73' title="bbox 242 4361 1879 4438">
    <p class='ocr_par' dir='ltr' id='par_1_73' title="bbox 242 4361 1879 4438">
     <span class='ocr_line' id='line_1_73' title="bbox 242 4361 1879 4438; baseline 0.006 -24"><span class='ocrx_word' id='word_1_535' title='bbox 242 4361 555 4432; x_wconf 87' lang='lat' dir='ltr'><strong>triumphis</strong></span> <span class='ocrx_word' id='word_1_536' title='bbox 609 4363 723 4416; x_wconf 90' lang='lat' dir='ltr'><strong>suis</strong></span> <span class='ocrx_word' id='word_1_537' title='bbox 783 4361 1023 4433; x_wconf 66' lang='lat' dir='ltr'><strong>dejectai</strong></span> <span class='ocrx_word' id='word_1_538' title='bbox 1080 4363 1370 4434; x_wconf 88' lang='lat' dir='ltr'><strong>legiones,</strong></span> <span class='ocrx_word' id='word_1_539' title='bbox 1423 4364 1560 4419; x_wconf 90' lang='lat' dir='ltr'><strong>dum</strong></span> <span class='ocrx_word' id='word_1_540' title='bbox 1625 4363 1879 4438; x_wconf 78' lang='grc'><strong>1577</strong></span> 
     </span>
    </p>
   </div>
   <div class='ocr_carea' id='block_1_74' title="bbox 1977 3234 3613 3308">
    <p class='ocr_par' dir='ltr' id='par_1_74' title="bbox 1977 3234 3613 3308">
     <span class='ocr_line' id='line_1_74' title="bbox 1977 3234 3613 3308; baseline -0.001 -17"><span class='ocrx_word' id='word_1_541' title='bbox 1977 3237 2358 3308; x_wconf 71' lang='lat' dir='ltr'><strong>prascidimur.</strong></span> <span class='ocrx_word' id='word_1_542' title='bbox 2413 3235 2650 3291; x_wconf 86' lang='lat' dir='ltr'><strong>Sanctus</strong></span> <span class='ocrx_word' id='word_1_543' title='bbox 2698 3234 3021 3305; x_wconf 90' lang='lat' dir='ltr'><strong>patriarcha</strong></span> <span class='ocrx_word' id='word_1_544' title='bbox 3073 3234 3433 3305; x_wconf 81' lang='lat' dir='ltr'><strong>Nephtbalim</strong></span> <span class='ocrx_word' id='word_1_545' title='bbox 3488 3239 3613 3290; x_wconf 86' lang='lat' dir='ltr'><strong>erat</strong></span> 
     </span>
    </p>
   </div>
   <div class='ocr_carea' id='block_1_75' title="bbox 1977 3328 3614 3401">
    <p class='ocr_par' dir='ltr' id='par_1_75' title="bbox 1977 3328 3614 3401">
     <span class='ocr_line' id='line_1_75' title="bbox 1977 3328 3614 3401; baseline -0.001 -16"><span class='ocrx_word' id='word_1_546' title='bbox 1977 3332 2190 3401; x_wconf 88' lang='lat' dir='ltr'><strong>palmes</strong></span> <span class='ocrx_word' id='word_1_547' title='bbox 2217 3329 2536 3396; x_wconf 89' lang='lat' dir='ltr'><strong>abundans,</strong></span> <span class='ocrx_word' id='word_1_548' title='bbox 2558 3329 2713 3384; x_wconf 91' lang='lat' dir='ltr'><strong>unde</strong></span> <span class='ocrx_word' id='word_1_549' title='bbox 2738 3332 2796 3382; x_wconf 90' lang='lat' dir='ltr'><strong>et</strong></span> <span class='ocrx_word' id='word_1_550' title='bbox 2819 3330 3036 3400; x_wconf 83' lang='lat' dir='ltr'><strong>Moyses</strong></span> <span class='ocrx_word' id='word_1_551' title='bbox 3061 3329 3202 3384; x_wconf 89' lang='lat' dir='ltr'><strong>dicit</strong></span> <span class='ocrx_word' id='word_1_552' title='bbox 3230 3346 3243 3384; x_wconf 93' lang='lat'><strong>:</strong></span> <span class='ocrx_word' id='word_1_553' title='bbox 3275 3349 3302 3378; x_wconf 82' lang='lat'><strong>«</strong></span> <span class='ocrx_word' id='word_1_554' title='bbox 3332 3328 3614 3400; x_wconf 87' lang='lat' dir='ltr'><strong>Nephtha-</strong></span> 
     </span>
    </p>
   </div>
   <div class='ocr_carea' id='block_1_76' title="bbox 1977 3421 3611 3493">
    <p class='ocr_par' dir='ltr' id='par_1_76' title="bbox 1977 3421 3611 3493">
     <span class='ocr_line' id='line_1_76' title="bbox 1977 3421 3611 3493; baseline -0.001 -15"><span class='ocrx_word' id='word_1_555' title='bbox 1977 3423 2076 3478; x_wconf 93' lang='lat' dir='ltr'><strong>lim</strong></span> <span class='ocrx_word' id='word_1_556' title='bbox 2123 3424 2352 3478; x_wconf 89' lang='lat' dir='ltr'><strong>satietas</strong></span> <span class='ocrx_word' id='word_1_557' title='bbox 2395 3422 2819 3493; x_wconf 90' lang='lat' dir='ltr'><strong>accipientium,</strong></span> <span class='ocrx_word' id='word_1_558' title='bbox 2853 3422 3168 3492; x_wconf 90' lang='lat' dir='ltr'><strong>replebitur</strong></span> <span class='ocrx_word' id='word_1_559' title='bbox 3209 3421 3611 3478; x_wconf 85' lang='lat' dir='ltr'><strong>benedictiOne</strong></span> 
     </span>
    </p>
   </div>
   <div class='ocr_carea' id='block_1_77' title="bbox 1978 3514 3610 3588">
    <p class='ocr_par' dir='ltr' id='par_1_77' title="bbox 1978 3514 3610 3588">
     <span class='ocr_line' id='line_1_77' title="bbox 1978 3514 3610 3588; baseline -0.001 -17"><span class='ocrx_word' id='word_1_560' title='bbox 1978 3534 2011 3571; x_wconf 90' lang='lat' dir='ltr'><strong>a</strong></span> <span class='ocrx_word' id='word_1_561' title='bbox 2065 3517 2302 3571; x_wconf 91' lang='lat' dir='ltr'><strong>Domino</strong></span> <span class='ocrx_word' id='word_1_562' title='bbox 2357 3535 2367 3569; x_wconf 94' lang='lat'>:</span> <span class='ocrx_word' id='word_1_563' title='bbox 2419 3532 2576 3571; x_wconf 89' lang='lat' dir='ltr'><strong>mare</strong></span> <span class='ocrx_word' id='word_1_564' title='bbox 2634 3521 2692 3569; x_wconf 91' lang='lat' dir='ltr'><strong>et</strong></span> <span class='ocrx_word' id='word_1_565' title='bbox 2742 3515 2994 3570; x_wconf 81' lang='lat' dir='ltr'><strong>Africum</strong></span> <span class='ocrx_word' id='word_1_566' title='bbox 3044 3514 3358 3586; x_wconf 89' lang='lat' dir='ltr'><strong>possidebit</strong></span> <span class='ocrx_word' id='word_1_567' title='bbox 3405 3515 3610 3588; x_wconf 60' lang='lat' dir='ltr'><strong>(Deut,</strong></span> 
     </span>
    </p>
   </div>
   <div class='ocr_carea' id='block_1_78' title="bbox 1980 3608 3609 3679">
    <p class='ocr_par' dir='ltr' id='par_1_78' title="bbox 1980 3608 3609 3679">
     <span class='ocr_line' id='line_1_78' title="bbox 1980 3608 3609 3679; baseline 0 -14"><span class='ocrx_word' id='word_1_568' title='bbox 1980 3626 2166 3677; x_wconf 86' lang='lat' dir='ltr'><strong>xxxm,</strong></span> <span class='ocrx_word' id='word_1_569' title='bbox 2212 3611 2332 3679; x_wconf 82' lang='lat'><strong>23);</strong></span> <span class='ocrx_word' id='word_1_570' title='bbox 2383 3630 2408 3658; x_wconf 72' lang='grc' dir='ltr'><strong>ι)</strong></span> <span class='ocrx_word' id='word_1_571' title='bbox 2460 3624 2749 3679; x_wconf 87' lang='lat' dir='ltr'><strong>exponens</strong></span> <span class='ocrx_word' id='word_1_572' title='bbox 2798 3608 2906 3663; x_wconf 91' lang='lat' dir='ltr'><strong>hoc</strong></span> <span class='ocrx_word' id='word_1_573' title='bbox 2951 3609 3102 3679; x_wconf 90' lang='lat' dir='ltr'><strong>quod</strong></span> <span class='ocrx_word' id='word_1_574' title='bbox 3148 3608 3315 3662; x_wconf 83' lang='lat' dir='ltr'><strong>Jacob</strong></span> <span class='ocrx_word' id='word_1_575' title='bbox 3367 3609 3609 3676; x_wconf 89' lang='lat' dir='ltr'><strong>dixerat,</strong></span> 
     </span>
    </p>
   </div>
   <div class='ocr_carea' id='block_1_79' title="bbox 1979 3701 3613 3776">
    <p class='ocr_par' dir='ltr' id='par_1_79' title="bbox 1979 3701 3613 3776">
     <span class='ocr_line' id='line_1_79' title="bbox 1979 3701 3613 3776; baseline -0.001 -18"><span class='ocrx_word' id='word_1_576' title='bbox 1979 3705 2112 3776; x_wconf 91' lang='lat' dir='ltr'><strong>quid</strong></span> <span class='ocrx_word' id='word_1_577' title='bbox 2162 3704 2235 3758; x_wconf 87' lang='lat' dir='ltr'><strong>sit</strong></span> <span class='ocrx_word' id='word_1_578' title='bbox 2273 3706 2402 3758; x_wconf 76' lang='lat' dir='ltr'><strong>vitis</strong></span> <span class='ocrx_word' id='word_1_579' title='bbox 2446 3705 2692 3766; x_wconf 63' lang='lat' dir='ltr'><strong>remissa;</strong></span> <span class='ocrx_word' id='word_1_580' title='bbox 2739 3702 2846 3756; x_wconf 92' lang='lat' dir='ltr'><strong>hoc</strong></span> <span class='ocrx_word' id='word_1_581' title='bbox 2896 3705 3001 3769; x_wconf 89' lang='lat' dir='ltr'><strong>est,</strong></span> <span class='ocrx_word' id='word_1_582' title='bbox 3049 3718 3150 3772; x_wconf 89' lang='lat' dir='ltr'><strong>per</strong></span> <span class='ocrx_word' id='word_1_583' title='bbox 3193 3701 3326 3755; x_wconf 87' lang='lat' dir='ltr'><strong>ﬁdei</strong></span> <span class='ocrx_word' id='word_1_584' title='bbox 3371 3703 3613 3773; x_wconf 86' lang='lat' dir='ltr'><strong>gratiam</strong></span> 
     </span>
    </p>
   </div>
   <div class='ocr_carea' id='block_1_80' title="bbox 1981 3794 3613 3865">
    <p class='ocr_par' dir='ltr' id='par_1_80' title="bbox 1981 3794 3613 3865">
     <span class='ocr_line' id='line_1_80' title="bbox 1981 3794 3613 3865; baseline -0.003 -13"><span class='ocrx_word' id='word_1_585' title='bbox 1981 3797 2214 3852; x_wconf 91' lang='lat' dir='ltr'><strong>vinculis</strong></span> <span class='ocrx_word' id='word_1_586' title='bbox 2246 3797 2446 3851; x_wconf 90' lang='lat' dir='ltr'><strong>mortis</strong></span> <span class='ocrx_word' id='word_1_587' title='bbox 2476 3799 2680 3850; x_wconf 83' lang='lat' dir='ltr'><strong>exutus</strong></span> <span class='ocrx_word' id='word_1_588' title='bbox 2710 3811 2722 3849; x_wconf 94' lang='lat'>:</span> <span class='ocrx_word' id='word_1_589' title='bbox 2756 3795 2815 3848; x_wconf 93' lang='lat' dir='ltr'><strong>in</strong></span> <span class='ocrx_word' id='word_1_590' title='bbox 2851 3811 2964 3864; x_wconf 91' lang='lat' dir='ltr'><strong>quo</strong></span> <span class='ocrx_word' id='word_1_591' title='bbox 2992 3794 3343 3864; x_wconf 87' lang='lat' dir='ltr'><strong>signiﬁcatur</strong></span> <span class='ocrx_word' id='word_1_592' title='bbox 3373 3796 3613 3865; x_wconf 87' lang='lat' dir='ltr'><strong>populus</strong></span> 
     </span>
    </p>
   </div>
   <div class='ocr_carea' id='block_1_81' title="bbox 1982 3887 3614 3958">
    <p class='ocr_par' dir='ltr' id='par_1_81' title="bbox 1982 3887 3614 3958">
     <span class='ocr_line' id='line_1_81' title="bbox 1982 3887 3614 3958; baseline -0.002 -13"><span class='ocrx_word' id='word_1_593' title='bbox 1982 3892 2082 3945; x_wconf 90' lang='lat' dir='ltr'><strong>Dei</strong></span> <span class='ocrx_word' id='word_1_594' title='bbox 2111 3891 2183 3945; x_wconf 93' lang='lat' dir='ltr'><strong>ad</strong></span> <span class='ocrx_word' id='word_1_595' title='bbox 2204 3890 2528 3944; x_wconf 87' lang='lat' dir='ltr'><strong>libertatem</strong></span> <span class='ocrx_word' id='word_1_596' title='bbox 2555 3888 2686 3943; x_wconf 87' lang='lat' dir='ltr'><strong>ﬁdei</strong></span> <span class='ocrx_word' id='word_1_597' title='bbox 2713 3890 2772 3941; x_wconf 90' lang='lat' dir='ltr'><strong>et</strong></span> <span class='ocrx_word' id='word_1_598' title='bbox 2794 3887 3112 3942; x_wconf 89' lang='lat' dir='ltr'><strong>ubertatem</strong></span> <span class='ocrx_word' id='word_1_599' title='bbox 3139 3890 3368 3941; x_wconf 87' lang='lat' dir='ltr'><strong>vocatus</strong></span> <span class='ocrx_word' id='word_1_600' title='bbox 3393 3887 3614 3958; x_wconf 79' lang='lat' dir='ltr'><strong>gratiae,</strong></span> 
     </span>
    </p>
   </div>
   <div class='ocr_carea' id='block_1_82' title="bbox 1982 3979 3615 4053">
    <p class='ocr_par' dir='ltr' id='par_1_82' title="bbox 1982 3979 3615 4053">
     <span class='ocr_line' id='line_1_82' title="bbox 1982 3979 3615 4053; baseline -0.004 -13"><span class='ocrx_word' id='word_1_601' title='bbox 1982 3991 2098 4040; x_wconf 92' lang='lat' dir='ltr'><strong>toto</strong></span> <span class='ocrx_word' id='word_1_602' title='bbox 2143 3985 2277 4038; x_wconf 89' lang='lat' dir='ltr'><strong>orbe</strong></span> <span class='ocrx_word' id='word_1_603' title='bbox 2317 3983 2571 4050; x_wconf 82' lang='lat' dir='ltr'><strong>diffusus,</strong></span> <span class='ocrx_word' id='word_1_604' title='bbox 2606 3982 2701 4053; x_wconf 88' lang='lat' dir='ltr'><strong>qui</strong></span> <span class='ocrx_word' id='word_1_605' title='bbox 2736 3982 2944 4052; x_wconf 90' lang='lat' dir='ltr'><strong>jugum</strong></span> <span class='ocrx_word' id='word_1_606' title='bbox 2987 3980 3193 4036; x_wconf 87' lang='lat' dir='ltr'><strong>Christi</strong></span> <span class='ocrx_word' id='word_1_607' title='bbox 3236 3979 3388 4034; x_wconf 90' lang='lat' dir='ltr'><strong>bono</strong></span> <span class='ocrx_word' id='word_1_608' title='bbox 3428 3980 3615 4035; x_wconf 91' lang='lat' dir='ltr'><strong>fructu</strong></span> 
     </span>
    </p>
   </div>
   <div class='ocr_carea' id='block_1_83' title="bbox 1984 4074 3622 4147">
    <p class='ocr_par' dir='ltr' id='par_1_83' title="bbox 1984 4074 3622 4147">
     <span class='ocr_line' id='line_1_83' title="bbox 1984 4074 3622 4147; baseline -0.001 -18"><span class='ocrx_word' id='word_1_609' title='bbox 1984 4079 2207 4145; x_wconf 88' lang='lat' dir='ltr'><strong>vestiat,</strong></span> <span class='ocrx_word' id='word_1_610' title='bbox 2240 4083 2297 4131; x_wconf 90' lang='lat' dir='ltr'><strong>et</strong></span> <span class='ocrx_word' id='word_1_611' title='bbox 2329 4075 2488 4147; x_wconf 86' lang='lat' dir='ltr'><strong>ligna</strong></span> <span class='ocrx_word' id='word_1_612' title='bbox 2527 4091 2674 4130; x_wconf 75' lang='lat' dir='ltr'><strong>veras</strong></span> <span class='ocrx_word' id='word_1_613' title='bbox 2710 4075 2864 4129; x_wconf 88' lang='lat' dir='ltr'><strong>illius</strong></span> <span class='ocrx_word' id='word_1_614' title='bbox 2892 4074 3040 4140; x_wconf 88' lang='lat' dir='ltr'><strong>vitis,</strong></span> <span class='ocrx_word' id='word_1_615' title='bbox 3072 4074 3177 4128; x_wconf 89' lang='lat' dir='ltr'><strong>hoc</strong></span> <span class='ocrx_word' id='word_1_616' title='bbox 3209 4078 3313 4144; x_wconf 88' lang='lat' dir='ltr'><strong>est,</strong></span> <span class='ocrx_word' id='word_1_617' title='bbox 3347 4074 3622 4144; x_wconf 88' lang='lat' dir='ltr'><strong>mysteria</strong></span> 
     </span>
    </p>
   </div>
   <div class='ocr_carea' id='block_1_84' title="bbox 1984 4167 3619 4236">
    <p class='ocr_par' dir='ltr' id='par_1_84' title="bbox 1984 4167 3619 4236">
     <span class='ocr_line' id='line_1_84' title="bbox 1984 4167 3619 4236; baseline -0.004 -10"><span class='ocrx_word' id='word_1_618' title='bbox 1984 4171 2295 4226; x_wconf 72' lang='lat' dir='ltr'><strong>Dominicaa</strong></span> <span class='ocrx_word' id='word_1_619' title='bbox 2340 4170 2519 4224; x_wconf 88' lang='lat' dir='ltr'><strong>crucis</strong></span> <span class='ocrx_word' id='word_1_620' title='bbox 2571 4168 2808 4236; x_wconf 90' lang='lat' dir='ltr'><strong>ambiat,</strong></span> <span class='ocrx_word' id='word_1_621' title='bbox 2853 4183 2956 4222; x_wconf 92' lang='lat' dir='ltr'><strong>nec</strong></span> <span class='ocrx_word' id='word_1_622' title='bbox 3005 4168 3203 4223; x_wconf 88' lang='lat' dir='ltr'><strong>timeat</strong></span> <span class='ocrx_word' id='word_1_623' title='bbox 3253 4167 3619 4222; x_wconf 83' lang='lat' dir='ltr'><strong>confessionis</strong></span> 
     </span>
    </p>
   </div>
   <div class='ocr_carea' id='block_1_85' title="bbox 1985 4261 3616 4336">
    <p class='ocr_par' dir='ltr' id='par_1_85' title="bbox 1985 4261 3616 4336">
     <span class='ocr_line' id='line_1_85' title="bbox 1985 4261 3616 4336; baseline -0.002 -17"><span class='ocrx_word' id='word_1_624' title='bbox 1985 4266 2109 4336; x_wconf 91' lang='lat' dir='ltr'><strong>ejus</strong></span> <span class='ocrx_word' id='word_1_625' title='bbox 2145 4263 2462 4335; x_wconf 91' lang='lat' dir='ltr'><strong>periculum</strong></span> <span class='ocrx_word' id='word_1_626' title='bbox 2501 4281 2513 4316; x_wconf 86' lang='lat'><strong>:</strong></span> <span class='ocrx_word' id='word_1_627' title='bbox 2549 4261 2648 4317; x_wconf 91' lang='lat' dir='ltr'><strong>sed</strong></span> <span class='ocrx_word' id='word_1_628' title='bbox 2682 4262 2864 4333; x_wconf 89' lang='lat' dir='ltr'><strong>magis</strong></span> <span class='ocrx_word' id='word_1_629' title='bbox 2903 4261 3080 4316; x_wconf 89' lang='lat' dir='ltr'><strong>etiam</strong></span> <span class='ocrx_word' id='word_1_630' title='bbox 3124 4262 3178 4316; x_wconf 91' lang='lat' dir='ltr'><strong>in</strong></span> <span class='ocrx_word' id='word_1_631' title='bbox 3210 4261 3616 4332; x_wconf 84' lang='lat' dir='ltr'><strong>persecutioni-</strong></span> 
     </span>
    </p>
   </div>
   <div class='ocr_carea' id='block_1_86' title="bbox 1987 4355 3170 4429">
    <p class='ocr_par' dir='ltr' id='par_1_86' title="bbox 1987 4355 3170 4429">
     <span class='ocr_line' id='line_1_86' title="bbox 1987 4355 3170 4429; baseline -0.003 -16"><span class='ocrx_word' id='word_1_632' title='bbox 1987 4359 2091 4413; x_wconf 89' lang='lat' dir='ltr'><strong>bus</strong></span> <span class='ocrx_word' id='word_1_633' title='bbox 2118 4359 2347 4429; x_wconf 89' lang='lat' dir='ltr'><strong>positus,</strong></span> <span class='ocrx_word' id='word_1_634' title='bbox 2379 4356 2582 4411; x_wconf 87' lang='lat' dir='ltr'><strong>Christi</strong></span> <span class='ocrx_word' id='word_1_635' title='bbox 2611 4355 2842 4411; x_wconf 91' lang='lat' dir='ltr'><strong>nomine</strong></span> <span class='ocrx_word' id='word_1_636' title='bbox 2872 4356 3170 4426; x_wconf 90' lang='lat' dir='ltr'><strong>glorietur.</strong></span> 
     </span>
    </p>
   </div>
   <div class='ocr_carea' id='block_1_87' title="bbox 246 4454 3620 4554">
    <p class='ocr_par' dir='ltr' id='par_1_87' title="bbox 246 4454 3620 4554">
     <span class='ocr_line' id='line_1_87' title="bbox 246 4454 3620 4554; baseline 0.002 -45"><span class='ocrx_word' id='word_1_637' title='bbox 246 4454 858 4554; x_wconf 7' lang='lat' dir='ltr'><strong>spoliisgoccupantur,</strong></span> <span class='ocrx_word' id='word_1_638' title='bbox 906 4457 1130 4511; x_wconf 89' lang='lat' dir='ltr'><strong>hostem</strong></span> <span class='ocrx_word' id='word_1_639' title='bbox 1181 4457 1240 4511; x_wconf 91' lang='lat' dir='ltr'><strong>in</strong></span> <span class='ocrx_word' id='word_1_640' title='bbox 1288 4473 1346 4512; x_wconf 90' lang='lat' dir='ltr'><strong>se</strong></span> <span class='ocrx_word' id='word_1_641' title='bbox 1389 4462 1751 4528; x_wconf 88' lang='lat' dir='ltr'><strong>revocarunt,</strong></span> <span class='ocrx_word' id='word_1_642' title='bbox 1788 4459 1966 4554; x_wconf 84' lang='lat' dir='ltr'><strong>quiD</strong></span> <span class='ocrx_word' id='word_1_643' title='bbox 2059 4487 2147 4538; x_wconf 45' lang='lat'><strong>27.</strong></span> <span class='ocrx_word' id='word_1_644' title='bbox 2201 4484 2308 4552; x_wconf 73' lang='grc'>(80)</span> <span class='ocrx_word' id='word_1_645' title='bbox 2366 4483 2584 4536; x_wconf 66' lang='lat' dir='ltr'><strong>Tenent</strong></span> <span class='ocrx_word' id='word_1_646' title='bbox 2643 4485 2834 4534; x_wconf 67' lang='lat' dir='ltr'><strong>autem</strong></span> <span class='ocrx_word' id='word_1_647' title='bbox 2899 4479 3073 4533; x_wconf 65' lang='lat' dir='ltr'><strong>fortes</strong></span> <span class='ocrx_word' id='word_1_648' title='bbox 3134 4479 3222 4533; x_wconf 63' lang='grc' dir='ltr'><strong>ίειί</strong></span> <span class='ocrx_word' id='word_1_649' title='bbox 3288 4480 3502 4549; x_wconf 63' lang='lat' dir='ltr'><strong>gladios</strong></span> <span class='ocrx_word' id='word_1_650' title='bbox 3562 4482 3620 4534; x_wconf 52' lang='lat' dir='ltr'><strong>in</strong></span> 
     </span>
    </p>
   </div>
   <div class='ocr_carea' id='block_1_88' title="bbox 247 4548 498 4617">
    <p class='ocr_par' dir='ltr' id='par_1_88' title="bbox 247 4548 498 4617">
     <span class='ocr_line' id='line_1_88' title="bbox 247 4548 498 4617; baseline 0.004 -16"><span class='ocrx_word' id='word_1_651' title='bbox 247 4548 498 4617; x_wconf 86' lang='lat' dir='ltr'><strong>fugerat.</strong></span> 
     </span>
    </p>
   </div>
   <div class='ocr_carea' id='block_1_89' title="bbox 320 4672 1881 4748">
    <p class='ocr_par' dir='ltr' id='par_1_89' title="bbox 320 4672 1881 4748">
     <span class='ocr_line' id='line_1_89' title="bbox 320 4672 1881 4748; baseline 0.002 -21"><span class='ocrx_word' id='word_1_652' title='bbox 320 4673 412 4727; x_wconf 79' lang='grc'><strong>24.</strong></span> <span class='ocrx_word' id='word_1_653' title='bbox 458 4672 746 4729; x_wconf 84' lang='lat' dir='ltr'><strong>Fortitudo</strong></span> <span class='ocrx_word' id='word_1_654' title='bbox 790 4673 966 4745; x_wconf 89' lang='lat' dir='ltr'><strong>igitur</strong></span> <span class='ocrx_word' id='word_1_655' title='bbox 1008 4683 1124 4731; x_wconf 89' lang='lat' dir='ltr'><strong>tam</strong></span> <span class='ocrx_word' id='word_1_656' title='bbox 1169 4676 1482 4732; x_wconf 90' lang='lat' dir='ltr'><strong>immanem</strong></span> <span class='ocrx_word' id='word_1_657' title='bbox 1532 4682 1750 4748; x_wconf 90' lang='lat' dir='ltr'><strong>pestem</strong></span> <span class='ocrx_word' id='word_1_658' title='bbox 1795 4694 1881 4730; x_wconf 89' lang='lat' dir='ltr'><strong>re-</strong></span> 
     </span>
    </p>
   </div>
   <div class='ocr_carea' id='block_1_90' title="bbox 250 4767 1889 4841">
    <p class='ocr_par' dir='ltr' id='par_1_90' title="bbox 250 4767 1889 4841">
     <span class='ocr_line' id='line_1_90' title="bbox 250 4767 1889 4841; baseline 0.004 -22"><span class='ocrx_word' id='word_1_659' title='bbox 250 4767 428 4836; x_wconf 88' lang='lat' dir='ltr'><strong>pellat</strong></span> <span class='ocrx_word' id='word_1_660' title='bbox 465 4773 522 4821; x_wconf 87' lang='lat' dir='ltr'><strong>et</strong></span> <span class='ocrx_word' id='word_1_661' title='bbox 563 4772 833 4838; x_wconf 88' lang='lat' dir='ltr'><strong>proterat,</strong></span> <span class='ocrx_word' id='word_1_662' title='bbox 875 4785 978 4824; x_wconf 90' lang='lat' dir='ltr'><strong>nec</strong></span> <span class='ocrx_word' id='word_1_663' title='bbox 1020 4773 1274 4825; x_wconf 90' lang='lat' dir='ltr'><strong>tentetur</strong></span> <span class='ocrx_word' id='word_1_664' title='bbox 1321 4770 1740 4841; x_wconf 81' lang='lat' dir='ltr'><strong>cupiditatibus,</strong></span> <span class='ocrx_word' id='word_1_665' title='bbox 1787 4787 1889 4826; x_wconf 91' lang='lat' dir='ltr'><strong>nec</strong></span> 
     </span>
    </p>
   </div>
   <div class='ocr_carea' id='block_1_91' title="bbox 250 4860 1890 4932">
    <p class='ocr_par' dir='ltr' id='par_1_91' title="bbox 250 4860 1890 4932">
     <span class='ocr_line' id='line_1_91' title="bbox 250 4860 1890 4932; baseline 0.002 -18"><span class='ocrx_word' id='word_1_666' title='bbox 250 4860 550 4930; x_wconf 83' lang='lat' dir='ltr'><strong>frangatur</strong></span> <span class='ocrx_word' id='word_1_667' title='bbox 580 4867 763 4929; x_wconf 86' lang='lat' dir='ltr'><strong>metu;</strong></span> <span class='ocrx_word' id='word_1_668' title='bbox 793 4862 926 4932; x_wconf 89' lang='lat' dir='ltr'><strong>quia</strong></span> <span class='ocrx_word' id='word_1_669' title='bbox 955 4863 1132 4918; x_wconf 87' lang='lat' dir='ltr'><strong>virtus</strong></span> <span class='ocrx_word' id='word_1_670' title='bbox 1161 4863 1264 4917; x_wconf 90' lang='lat' dir='ltr'><strong>sibi</strong></span> <span class='ocrx_word' id='word_1_671' title='bbox 1296 4870 1535 4930; x_wconf 85' lang='lat' dir='ltr'><strong>constat,</strong></span> <span class='ocrx_word' id='word_1_672' title='bbox 1567 4868 1629 4918; x_wconf 93' lang='lat' dir='ltr'><strong>ut</strong></span> <span class='ocrx_word' id='word_1_673' title='bbox 1663 4864 1890 4919; x_wconf 87' lang='lat' dir='ltr'><strong>fortiter</strong></span> 
     </span>
    </p>
   </div>
   <div class='ocr_carea' id='block_1_92' title="bbox 250 4953 1883 5027">
    <p class='ocr_par' dir='ltr' id='par_1_92' title="bbox 250 4953 1883 5027">
     <span class='ocr_line' id='line_1_92' title="bbox 250 4953 1883 5027; baseline 0.002 -20"><span class='ocrx_word' id='word_1_674' title='bbox 250 4953 444 5007; x_wconf 87' lang='lat' dir='ltr'><strong>omnia</strong></span> <span class='ocrx_word' id='word_1_675' title='bbox 486 4957 856 5025; x_wconf 89' lang='lat' dir='ltr'><strong>persequatur</strong></span> <span class='ocrx_word' id='word_1_676' title='bbox 896 4955 1049 5023; x_wconf 90' lang='lat' dir='ltr'><strong>vitia,</strong></span> <span class='ocrx_word' id='word_1_677' title='bbox 1079 4960 1350 5027; x_wconf 88' lang='lat' dir='ltr'><strong>tanquam</strong></span> <span class='ocrx_word' id='word_1_678' title='bbox 1383 4957 1605 5011; x_wconf 90' lang='lat' dir='ltr'><strong>virtutis</strong></span> <span class='ocrx_word' id='word_1_679' title='bbox 1644 4974 1883 5013; x_wconf 87' lang='lat' dir='ltr'><strong>venena.</strong></span> 
     </span>
    </p>
   </div>
   <div class='ocr_carea' id='block_1_93' title="bbox 256 5047 1890 5122">
    <p class='ocr_par' dir='ltr' id='par_1_93' title="bbox 256 5047 1890 5122">
     <span class='ocr_line' id='line_1_93' title="bbox 256 5047 1890 5122; baseline 0.003 -22"><span class='ocrx_word' id='word_1_680' title='bbox 256 5047 618 5101; x_wconf 88' lang='lat' dir='ltr'><strong>Iracundiam</strong></span> <span class='ocrx_word' id='word_1_681' title='bbox 648 5049 804 5102; x_wconf 89' lang='lat' dir='ltr'><strong>velut</strong></span> <span class='ocrx_word' id='word_1_682' title='bbox 837 5049 1175 5121; x_wconf 88' lang='lat' dir='ltr'><strong>quibusdam</strong></span> <span class='ocrx_word' id='word_1_683' title='bbox 1209 5051 1505 5122; x_wconf 90' lang='lat' dir='ltr'><strong>propulset</strong></span> <span class='ocrx_word' id='word_1_684' title='bbox 1533 5052 1727 5118; x_wconf 89' lang='lat' dir='ltr'><strong>armis,</strong></span> <span class='ocrx_word' id='word_1_685' title='bbox 1762 5067 1890 5122; x_wconf 70' lang='lat' dir='ltr'><strong>quae</strong></span> 
     </span>
    </p>
   </div>
   <div class='ocr_carea' id='block_1_94' title="bbox 255 5139 1888 5216">
    <p class='ocr_par' dir='ltr' id='par_1_94' title="bbox 255 5139 1888 5216">
     <span class='ocr_line' id='line_1_94' title="bbox 255 5139 1888 5216; baseline 0.002 -22"><span class='ocrx_word' id='word_1_686' title='bbox 255 5139 406 5194; x_wconf 82' lang='lat' dir='ltr'><strong>tollit</strong></span> <span class='ocrx_word' id='word_1_687' title='bbox 460 5141 782 5208; x_wconf 82' lang='lat' dir='ltr'><strong>consilium,</strong></span> <span class='ocrx_word' id='word_1_688' title='bbox 842 5147 899 5197; x_wconf 92' lang='lat' dir='ltr'><strong>et</strong></span> <span class='ocrx_word' id='word_1_689' title='bbox 949 5147 1220 5215; x_wconf 87' lang='lat' dir='ltr'><strong>tanquam</strong></span> <span class='ocrx_word' id='word_1_690' title='bbox 1274 5144 1677 5216; x_wconf 71' lang='lat' dir='ltr'><strong>aegritudinem</strong></span> <span class='ocrx_word' id='word_1_691' title='bbox 1731 5143 1888 5199; x_wconf 87' lang='lat' dir='ltr'><strong>vitet.</strong></span> 
     </span>
    </p>
   </div>
   <div class='ocr_carea' id='block_1_95' title="bbox 257 5234 1892 5309">
    <p class='ocr_par' dir='ltr' id='par_1_95' title="bbox 257 5234 1892 5309">
     <span class='ocr_line' id='line_1_95' title="bbox 257 5234 1892 5309; baseline 0.002 -20"><span class='ocrx_word' id='word_1_692' title='bbox 257 5234 464 5289; x_wconf 69' lang='lat' dir='ltr'><strong>Gloria:</strong></span> <span class='ocrx_word' id='word_1_693' title='bbox 491 5250 718 5307; x_wconf 89' lang='lat' dir='ltr'><strong>quoque</strong></span> <span class='ocrx_word' id='word_1_694' title='bbox 742 5243 931 5291; x_wconf 88' lang='lat' dir='ltr'><strong>caveat</strong></span> <span class='ocrx_word' id='word_1_695' title='bbox 957 5237 1368 5308; x_wconf 88' lang='lat' dir='ltr'><strong>appetentiam,</strong></span> <span class='ocrx_word' id='word_1_696' title='bbox 1401 5255 1530 5309; x_wconf 64' lang='lat' dir='ltr'><strong>quae</strong></span> <span class='ocrx_word' id='word_1_697' title='bbox 1561 5239 1892 5309; x_wconf 90' lang='lat' dir='ltr'><strong>frequenter</strong></span> 
     </span>
    </p>
   </div>
   <div class='ocr_carea' id='block_1_96' title="bbox 259 5329 1890 5403">
    <p class='ocr_par' dir='ltr' id='par_1_96' title="bbox 259 5329 1890 5403">
     <span class='ocr_line' id='line_1_96' title="bbox 259 5329 1890 5403; baseline 0.003 -21"><span class='ocrx_word' id='word_1_698' title='bbox 259 5329 457 5383; x_wconf 90' lang='lat' dir='ltr'><strong>nocuit</strong></span> <span class='ocrx_word' id='word_1_699' title='bbox 485 5329 916 5384; x_wconf 79' lang='lat' dir='ltr'><strong>immoderatius</strong></span> <span class='ocrx_word' id='word_1_700' title='bbox 947 5331 1220 5401; x_wconf 88' lang='lat' dir='ltr'><strong>appetita,</strong></span> <span class='ocrx_word' id='word_1_701' title='bbox 1247 5347 1474 5403; x_wconf 91' lang='lat' dir='ltr'><strong>semper</strong></span> <span class='ocrx_word' id='word_1_702' title='bbox 1501 5337 1693 5387; x_wconf 91' lang='lat' dir='ltr'><strong>autem</strong></span> <span class='ocrx_word' id='word_1_703' title='bbox 1723 5347 1890 5386; x_wconf 89' lang='lat' dir='ltr'><strong>usur-</strong></span> 
     </span>
    </p>
   </div>
   <div class='ocr_carea' id='block_1_97' title="bbox 258 5421 1892 5492">
    <p class='ocr_par' dir='ltr' id='par_1_97' title="bbox 258 5421 1892 5492">
     <span class='ocr_line' id='line_1_97' title="bbox 258 5421 1892 5492; baseline 0.002 -18"><span class='ocrx_word' id='word_1_704' title='bbox 258 5427 410 5492; x_wconf 78' lang='lat' dir='ltr'><strong>pata.</strong></span> <span class='ocrx_word' id='word_1_705' title='bbox 439 5421 698 5478; x_wconf 87' lang='lat' dir='ltr'><strong>Emolliri</strong></span> <span class='ocrx_word' id='word_1_706' title='bbox 736 5423 891 5478; x_wconf 91' lang='lat' dir='ltr'><strong>enim</strong></span> <span class='ocrx_word' id='word_1_707' title='bbox 931 5423 1256 5479; x_wconf 87' lang='lat' dir='ltr'><strong>adulatione</strong></span> <span class='ocrx_word' id='word_1_708' title='bbox 1288 5441 1405 5480; x_wconf 91' lang='lat' dir='ltr'><strong>non</strong></span> <span class='ocrx_word' id='word_1_709' title='bbox 1445 5426 1630 5480; x_wconf 91' lang='lat' dir='ltr'><strong>solum</strong></span> <span class='ocrx_word' id='word_1_710' title='bbox 1667 5425 1892 5480; x_wconf 83' lang='lat' dir='ltr'><strong>fortitu-</strong></span> 
     </span>
    </p>
   </div>
   <div class='ocr_carea' id='block_1_98' title="bbox 1991 4572 3619 4646">
    <p class='ocr_par' dir='ltr' id='par_1_98' title="bbox 1991 4572 3619 4646">
     <span class='ocr_line' id='line_1_98' title="bbox 1991 4572 3619 4646; baseline -0.005 -13"><span class='ocrx_word' id='word_1_711' title='bbox 1991 4577 2269 4644; x_wconf 87' lang='lat' dir='ltr'><strong>manibus,</strong></span> <span class='ocrx_word' id='word_1_712' title='bbox 2313 4591 2456 4646; x_wconf 87' lang='lat' dir='ltr'><strong>quos</strong></span> <span class='ocrx_word' id='word_1_713' title='bbox 2501 4590 2605 4644; x_wconf 90' lang='lat' dir='ltr'><strong>pro</strong></span> <span class='ocrx_word' id='word_1_714' title='bbox 2653 4572 2862 4628; x_wconf 87' lang='lat' dir='ltr'><strong>Christi</strong></span> <span class='ocrx_word' id='word_1_715' title='bbox 2914 4572 3151 4627; x_wconf 87' lang='lat' dir='ltr'><strong>nomine</strong></span> <span class='ocrx_word' id='word_1_716' title='bbox 3194 4588 3304 4626; x_wconf 91' lang='lat' dir='ltr'><strong>non</strong></span> <span class='ocrx_word' id='word_1_717' title='bbox 3352 4573 3619 4639; x_wconf 87' lang='lat' dir='ltr'><strong>refutent,</strong></span> 
     </span>
    </p>
   </div>
   <div class='ocr_carea' id='block_1_99' title="bbox 1988 4665 3620 4742">
    <p class='ocr_par' dir='ltr' id='par_1_99' title="bbox 1988 4665 3620 4742">
     <span class='ocr_line' id='line_1_99' title="bbox 1988 4665 3620 4742; baseline -0.002 -18"><span class='ocrx_word' id='word_1_718' title='bbox 1988 4672 2072 4726; x_wconf 89' lang='lat' dir='ltr'><strong>vel</strong></span> <span class='ocrx_word' id='word_1_719' title='bbox 2123 4670 2328 4742; x_wconf 90' lang='lat' dir='ltr'><strong>quibus</strong></span> <span class='ocrx_word' id='word_1_720' title='bbox 2377 4667 2695 4738; x_wconf 90' lang='lat' dir='ltr'><strong>corporalia</strong></span> <span class='ocrx_word' id='word_1_721' title='bbox 2741 4683 2774 4719; x_wconf 88' lang='lat' dir='ltr'><strong>a</strong></span> <span class='ocrx_word' id='word_1_722' title='bbox 2819 4665 3222 4736; x_wconf 90' lang='lat' dir='ltr'><strong>spiritualibus,</strong></span> <span class='ocrx_word' id='word_1_723' title='bbox 3272 4666 3539 4722; x_wconf 87' lang='lat' dir='ltr'><strong>umbram</strong></span> <span class='ocrx_word' id='word_1_724' title='bbox 3590 4685 3620 4720; x_wconf 88' lang='lat' dir='ltr'><strong>a</strong></span> 
     </span>
    </p>
   </div>
   <div class='ocr_carea' id='block_1_100' title="bbox 1991 4758 3622 4832">
    <p class='ocr_par' dir='ltr' id='par_1_100' title="bbox 1991 4758 3622 4832">
     <span class='ocr_line' id='line_1_100' title="bbox 1991 4758 3622 4832; baseline -0.001 -15"><span class='ocrx_word' id='word_1_725' title='bbox 1991 4764 2227 4819; x_wconf 84' lang='lat' dir='ltr'><strong>veritate</strong></span> <span class='ocrx_word' id='word_1_726' title='bbox 2271 4762 2651 4832; x_wconf 87' lang='lat' dir='ltr'><strong>distinguant.</strong></span> <span class='ocrx_word' id='word_1_727' title='bbox 2697 4782 2721 4807; x_wconf 76' lang='grc' dir='ltr'><strong>ι(</strong></span> <span class='ocrx_word' id='word_1_728' title='bbox 2766 4758 2934 4812; x_wconf 85' lang='lat' dir='ltr'><strong>Vivus</strong></span> <span class='ocrx_word' id='word_1_729' title='bbox 2973 4763 3057 4813; x_wconf 89' lang='lat' dir='ltr'><strong>est</strong></span> <span class='ocrx_word' id='word_1_730' title='bbox 3095 4759 3250 4813; x_wconf 91' lang='lat' dir='ltr'><strong>enim</strong></span> <span class='ocrx_word' id='word_1_731' title='bbox 3297 4761 3396 4814; x_wconf 91' lang='lat' dir='ltr'><strong>Dei</strong></span> <span class='ocrx_word' id='word_1_732' title='bbox 3435 4776 3622 4815; x_wconf 90' lang='lat' dir='ltr'><strong>sermo</strong></span> 
     </span>
    </p>
   </div>
   <div class='ocr_carea' id='block_1_101' title="bbox 1988 4853 3625 4926">
    <p class='ocr_par' dir='ltr' id='par_1_101' title="bbox 1988 4853 3625 4926">
     <span class='ocr_line' id='line_1_101' title="bbox 1988 4853 3625 4926; baseline -0.002 -14"><span class='ocrx_word' id='word_1_733' title='bbox 1988 4865 2043 4912; x_wconf 86' lang='lat' dir='ltr'><strong>et</strong></span> <span class='ocrx_word' id='word_1_734' title='bbox 2083 4858 2308 4924; x_wconf 85' lang='lat' dir='ltr'><strong>efﬁcax,</strong></span> <span class='ocrx_word' id='word_1_735' title='bbox 2337 4861 2393 4910; x_wconf 87' lang='lat' dir='ltr'><strong>et</strong></span> <span class='ocrx_word' id='word_1_736' title='bbox 2432 4853 2840 4926; x_wconf 89' lang='lat' dir='ltr'><strong>penetrabilior</strong></span> <span class='ocrx_word' id='word_1_737' title='bbox 2873 4853 3030 4907; x_wconf 90' lang='lat' dir='ltr'><strong>omni</strong></span> <span class='ocrx_word' id='word_1_738' title='bbox 3072 4853 3260 4923; x_wconf 88' lang='lat' dir='ltr'><strong>gladio</strong></span> <span class='ocrx_word' id='word_1_739' title='bbox 3288 4853 3538 4924; x_wconf 89' lang='lat' dir='ltr'><strong>ancipiti,</strong></span> <span class='ocrx_word' id='word_1_740' title='bbox 3568 4862 3625 4908; x_wconf 88' lang='lat' dir='ltr'><strong>et</strong></span> 
     </span>
    </p>
   </div>
   <div class='ocr_carea' id='block_1_102' title="bbox 1993 4946 3622 5022">
    <p class='ocr_par' dir='ltr' id='par_1_102' title="bbox 1993 4946 3622 5022">
     <span class='ocr_line' id='line_1_102' title="bbox 1993 4946 3622 5022; baseline -0.002 -16"><span class='ocrx_word' id='word_1_741' title='bbox 1993 4951 2318 5022; x_wconf 87' lang='lat' dir='ltr'><strong>pertingens</strong></span> <span class='ocrx_word' id='word_1_742' title='bbox 2356 4965 2530 5019; x_wconf 89' lang='lat' dir='ltr'><strong>usque</strong></span> <span class='ocrx_word' id='word_1_743' title='bbox 2557 4947 2627 5001; x_wconf 88' lang='lat' dir='ltr'><strong>ad</strong></span> <span class='ocrx_word' id='word_1_744' title='bbox 2664 4946 2996 5002; x_wconf 87' lang='lat' dir='ltr'><strong>divisionem</strong></span> <span class='ocrx_word' id='word_1_745' title='bbox 3028 4947 3240 5002; x_wconf 70' lang='lat' dir='ltr'><strong>animm</strong></span> <span class='ocrx_word' id='word_1_746' title='bbox 3267 4963 3331 5001; x_wconf 92' lang='lat' dir='ltr'><strong>ac</strong></span> <span class='ocrx_word' id='word_1_747' title='bbox 3357 4948 3622 5018; x_wconf 87' lang='lat' dir='ltr'><strong>spiritus;</strong></span> 
     </span>
    </p>
   </div>
   <div class='ocr_carea' id='block_1_103' title="bbox 1991 5040 3626 5116">
    <p class='ocr_par' dir='ltr' id='par_1_103' title="bbox 1991 5040 3626 5116">
     <span class='ocr_line' id='line_1_103' title="bbox 1991 5040 3626 5116; baseline -0.002 -17"><span class='ocrx_word' id='word_1_748' title='bbox 1991 5060 2330 5116; x_wconf 91' lang='lat' dir='ltr'><strong>compagum</strong></span> <span class='ocrx_word' id='word_1_749' title='bbox 2387 5057 2617 5114; x_wconf 89' lang='lat' dir='ltr'><strong>quoque</strong></span> <span class='ocrx_word' id='word_1_750' title='bbox 2669 5057 2734 5095; x_wconf 88' lang='lat' dir='ltr'><strong>ac</strong></span> <span class='ocrx_word' id='word_1_751' title='bbox 2784 5040 3185 5107; x_wconf 86' lang='lat' dir='ltr'><strong>medullarum,</strong></span> <span class='ocrx_word' id='word_1_752' title='bbox 3243 5047 3300 5094; x_wconf 91' lang='lat' dir='ltr'><strong>et</strong></span> <span class='ocrx_word' id='word_1_753' title='bbox 3351 5041 3626 5097; x_wconf 90' lang='lat' dir='ltr'><strong>discretor</strong></span> 
     </span>
    </p>
   </div>
   <div class='ocr_carea' id='block_1_104' title="bbox 1992 5135 3627 5210">
    <p class='ocr_par' dir='ltr' id='par_1_104' title="bbox 1992 5135 3627 5210">
     <span class='ocr_line' id='line_1_104' title="bbox 1992 5135 3627 5210; baseline -0.003 -16"><span class='ocrx_word' id='word_1_754' title='bbox 1992 5138 2404 5210; x_wconf 89' lang='lat' dir='ltr'><strong>cogitationum</strong></span> <span class='ocrx_word' id='word_1_755' title='bbox 2455 5142 2512 5191; x_wconf 89' lang='lat' dir='ltr'><strong>et</strong></span> <span class='ocrx_word' id='word_1_756' title='bbox 2559 5135 2942 5190; x_wconf 89' lang='lat' dir='ltr'><strong>intentionum</strong></span> <span class='ocrx_word' id='word_1_757' title='bbox 2987 5135 3171 5189; x_wconf 90' lang='lat' dir='ltr'><strong>cordis</strong></span> <span class='ocrx_word' id='word_1_758' title='bbox 3224 5151 3236 5188; x_wconf 89' lang='lat'>:</span> <span class='ocrx_word' id='word_1_759' title='bbox 3282 5140 3337 5188; x_wconf 92' lang='lat' dir='ltr'><strong>et</strong></span> <span class='ocrx_word' id='word_1_760' title='bbox 3384 5151 3493 5189; x_wconf 88' lang='lat' dir='ltr'><strong>non</strong></span> <span class='ocrx_word' id='word_1_761' title='bbox 3542 5143 3627 5190; x_wconf 90' lang='lat' dir='ltr'><strong>est</strong></span> 
     </span>
    </p>
   </div>
   <div class='ocr_carea' id='block_1_105' title="bbox 1993 5227 3628 5298">
    <p class='ocr_par' dir='ltr' id='par_1_105' title="bbox 1993 5227 3628 5298">
     <span class='ocr_line' id='line_1_105' title="bbox 1993 5227 3628 5298; baseline -0.003 -11"><span class='ocrx_word' id='word_1_762' title='bbox 1993 5233 2105 5287; x_wconf 92' lang='lat' dir='ltr'><strong>ulla</strong></span> <span class='ocrx_word' id='word_1_763' title='bbox 2161 5236 2422 5286; x_wconf 89' lang='lat' dir='ltr'><strong>creatura</strong></span> <span class='ocrx_word' id='word_1_764' title='bbox 2482 5227 2776 5283; x_wconf 87' lang='lat' dir='ltr'><strong>invisibilis</strong></span> <span class='ocrx_word' id='word_1_765' title='bbox 2832 5228 2890 5282; x_wconf 92' lang='lat' dir='ltr'><strong>in</strong></span> <span class='ocrx_word' id='word_1_766' title='bbox 2952 5230 3257 5298; x_wconf 89' lang='lat' dir='ltr'><strong>conspectu</strong></span> <span class='ocrx_word' id='word_1_767' title='bbox 3321 5228 3475 5298; x_wconf 88' lang='lat' dir='ltr'><strong>ejus,</strong></span> <span class='ocrx_word' id='word_1_768' title='bbox 3530 5229 3628 5282; x_wconf 87' lang='lat' dir='ltr'><strong>sed</strong></span> 
     </span>
    </p>
   </div>
   <div class='ocr_carea' id='block_1_106' title="bbox 1996 5321 3626 5394">
    <p class='ocr_par' dir='ltr' id='par_1_106' title="bbox 1996 5321 3626 5394">
     <span class='ocr_line' id='line_1_106' title="bbox 1996 5321 3626 5394; baseline -0.002 -13"><span class='ocrx_word' id='word_1_769' title='bbox 1996 5325 2192 5381; x_wconf 89' lang='lat' dir='ltr'><strong>omnia</strong></span> <span class='ocrx_word' id='word_1_770' title='bbox 2234 5323 2385 5378; x_wconf 91' lang='lat' dir='ltr'><strong>nuda</strong></span> <span class='ocrx_word' id='word_1_771' title='bbox 2429 5327 2486 5377; x_wconf 88' lang='lat' dir='ltr'><strong>et</strong></span> <span class='ocrx_word' id='word_1_772' title='bbox 2524 5325 2723 5394; x_wconf 90' lang='lat' dir='ltr'><strong>aperta</strong></span> <span class='ocrx_word' id='word_1_773' title='bbox 2767 5326 2900 5376; x_wconf 89' lang='lat' dir='ltr'><strong>sunt</strong></span> <span class='ocrx_word' id='word_1_774' title='bbox 2935 5321 3108 5375; x_wconf 89' lang='lat' dir='ltr'><strong>oculis</strong></span> <span class='ocrx_word' id='word_1_775' title='bbox 3149 5322 3270 5391; x_wconf 88' lang='lat' dir='ltr'><strong>ejus</strong></span> <span class='ocrx_word' id='word_1_776' title='bbox 3313 5323 3515 5390; x_wconf 86' lang='lat' dir='ltr'><strong>(Hebr.,</strong></span> <span class='ocrx_word' id='word_1_777' title='bbox 3553 5339 3626 5390; x_wconf 74' lang='grc' dir='ltr'><strong>ιν,</strong></span> 
     </span>
    </p>
   </div>
   <div class='ocr_carea' id='block_1_107' title="bbox 2002 5413 3626 5488">
    <p class='ocr_par' dir='ltr' id='par_1_107' title="bbox 2002 5413 3626 5488">
     <span class='ocr_line' id='line_1_107' title="bbox 2002 5413 3626 5488; baseline -0.001 -14"><span class='ocrx_word' id='word_1_778' title='bbox 2002 5423 2084 5486; x_wconf 83' lang='lat' dir='ltr'><strong>l2,</strong></span> <span class='ocrx_word' id='word_1_779' title='bbox 2116 5419 2224 5488; x_wconf 81' lang='lat' dir='ltr'><strong>t3).</strong></span> <span class='ocrx_word' id='word_1_780' title='bbox 2258 5441 2285 5467; x_wconf 90' lang='grc'><strong>››</strong></span> <span class='ocrx_word' id='word_1_781' title='bbox 2317 5418 2411 5471; x_wconf 86' lang='lat' dir='ltr'><strong>Est</strong></span> <span class='ocrx_word' id='word_1_782' title='bbox 2447 5417 2605 5472; x_wconf 91' lang='lat' dir='ltr'><strong>enim</strong></span> <span class='ocrx_word' id='word_1_783' title='bbox 2646 5415 2879 5470; x_wconf 90' lang='lat' dir='ltr'><strong>verbum</strong></span> <span class='ocrx_word' id='word_1_784' title='bbox 2910 5414 3009 5468; x_wconf 90' lang='lat' dir='ltr'><strong>Dei</strong></span> <span class='ocrx_word' id='word_1_785' title='bbox 3045 5413 3270 5485; x_wconf 83' lang='lat' dir='ltr'><strong>gladius</strong></span> <span class='ocrx_word' id='word_1_786' title='bbox 3297 5415 3382 5469; x_wconf 90' lang='lat' dir='ltr'><strong>bis</strong></span> <span class='ocrx_word' id='word_1_787' title='bbox 3411 5421 3626 5472; x_wconf 87' lang='lat' dir='ltr'><strong>acutus.</strong></span> 
     </span>
    </p>
   </div>
   <div class='ocr_carea' id='block_1_108' title="bbox 263 5506 3628 5588">
    <p class='ocr_par' dir='ltr' id='par_1_108' title="bbox 263 5506 3628 5588">
     <span class='ocr_line' id='line_1_108' title="bbox 263 5506 3628 5588; baseline -0 -21"><span class='ocrx_word' id='word_1_788' title='bbox 263 5513 414 5568; x_wconf 81' lang='lat' dir='ltr'><strong>diuis</strong></span> <span class='ocrx_word' id='word_1_789' title='bbox 447 5531 562 5570; x_wconf 91' lang='lat' dir='ltr'><strong>non</strong></span> <span class='ocrx_word' id='word_1_790' title='bbox 602 5532 747 5584; x_wconf 88' lang='lat' dir='ltr'><strong>esse,</strong></span> <span class='ocrx_word' id='word_1_791' title='bbox 781 5517 879 5572; x_wconf 91' lang='lat' dir='ltr'><strong>sed</strong></span> <span class='ocrx_word' id='word_1_792' title='bbox 917 5516 1092 5573; x_wconf 89' lang='lat' dir='ltr'><strong>etiam</strong></span> <span class='ocrx_word' id='word_1_793' title='bbox 1127 5518 1365 5588; x_wconf 80' lang='lat' dir='ltr'><strong>ignaviae</strong></span> <span class='ocrx_word' id='word_1_794' title='bbox 1401 5519 1641 5574; x_wconf 90' lang='lat' dir='ltr'><strong>videtur.</strong></span> <span class='ocrx_word' id='word_1_795' title='bbox 1683 5519 1896 5574; x_wconf 85' lang='lat' dir='ltr'><strong>Horum</strong></span> <span class='ocrx_word' id='word_1_796' title='bbox 1996 5515 2139 5569; x_wconf 86' lang='lat' dir='ltr'><strong>Sunt</strong></span> <span class='ocrx_word' id='word_1_797' title='bbox 2167 5516 2224 5567; x_wconf 90' lang='lat' dir='ltr'><strong>et</strong></span> <span class='ocrx_word' id='word_1_798' title='bbox 2242 5509 2334 5566; x_wconf 90' lang='lat' dir='ltr'><strong>alii</strong></span> <span class='ocrx_word' id='word_1_799' title='bbox 2361 5511 2475 5566; x_wconf 90' lang='lat' dir='ltr'><strong>duo</strong></span> <span class='ocrx_word' id='word_1_800' title='bbox 2499 5508 2668 5581; x_wconf 90' lang='lat' dir='ltr'><strong>gladii</strong></span> <span class='ocrx_word' id='word_1_801' title='bbox 2695 5507 2751 5562; x_wconf 93' lang='lat' dir='ltr'><strong>in</strong></span> <span class='ocrx_word' id='word_1_802' title='bbox 2776 5506 3035 5575; x_wconf 87' lang='lat' dir='ltr'><strong>Ecclesia,</strong></span> <span class='ocrx_word' id='word_1_803' title='bbox 3059 5507 3127 5560; x_wconf 91' lang='lat' dir='ltr'><strong>de</strong></span> <span class='ocrx_word' id='word_1_804' title='bbox 3153 5507 3358 5579; x_wconf 90' lang='lat' dir='ltr'><strong>quibus</strong></span> <span class='ocrx_word' id='word_1_805' title='bbox 3384 5509 3628 5567; x_wconf 87' lang='lat' dir='ltr'><strong>dicitur:</strong></span> 
     </span>
    </p>
   </div>
   <div class='ocr_carea' id='block_1_109' title="bbox 331 5711 3633 5785">
    <p class='ocr_par' dir='ltr' id='par_1_109' title="bbox 331 5711 3633 5785">
     <span class='ocr_line' id='line_1_109' title="bbox 331 5711 3633 5785; baseline -0.002 -18"><span class='ocrx_word' id='word_1_806' title='bbox 331 5717 426 5778; x_wconf 86' lang='lat'><strong>(71)</strong></span> <span class='ocrx_word' id='word_1_807' title='bbox 448 5717 570 5769; x_wconf 77' lang='lat' dir='ltr'><strong>Lib.</strong></span> <span class='ocrx_word' id='word_1_808' title='bbox 601 5732 618 5768; x_wconf 88' lang='grc' dir='ltr'><strong><em>ι</em></strong></span> <span class='ocrx_word' id='word_1_809' title='bbox 656 5720 720 5770; x_wconf 80' lang='lat' dir='ltr'><strong>de</strong></span> <span class='ocrx_word' id='word_1_810' title='bbox 747 5719 961 5784; x_wconf 69' lang='lat' dir='ltr'><strong>Ofﬁciis,</strong></span> <span class='ocrx_word' id='word_1_811' title='bbox 988 5734 1109 5785; x_wconf 86' lang='lat' dir='ltr'><strong>cap.</strong></span> <span class='ocrx_word' id='word_1_812' title='bbox 1141 5721 1222 5784; x_wconf 84' lang='lat'><strong>39,</strong></span> <span class='ocrx_word' id='word_1_813' title='bbox 1257 5733 1409 5771; x_wconf 88' lang='lat' dir='ltr'><strong>num.</strong></span> <span class='ocrx_word' id='word_1_814' title='bbox 1441 5720 1551 5770; x_wconf 68' lang='lat'><strong>203.</strong></span> <span class='ocrx_word' id='word_1_815' title='bbox 2065 5718 2160 5780; x_wconf 83' lang='lat'><strong>(79)</strong></span> <span class='ocrx_word' id='word_1_816' title='bbox 2188 5715 2309 5767; x_wconf 89' lang='lat' dir='ltr'><strong>Lib.</strong></span> <span class='ocrx_word' id='word_1_817' title='bbox 2350 5714 2415 5766; x_wconf 77' lang='lat' dir='ltr'><strong>de</strong></span> <span class='ocrx_word' id='word_1_818' title='bbox 2449 5711 2712 5764; x_wconf 75' lang='lat' dir='ltr'><strong>Bmdict.</strong></span> <span class='ocrx_word' id='word_1_819' title='bbox 2749 5711 3072 5785; x_wconf 60' lang='lat' dir='ltr'><strong>patriarch,</strong></span> <span class='ocrx_word' id='word_1_820' title='bbox 3102 5725 3224 5777; x_wconf 88' lang='lat' dir='ltr'><strong>cap.</strong></span> <span class='ocrx_word' id='word_1_821' title='bbox 3254 5713 3332 5774; x_wconf 79' lang='grc'><strong>10,</strong></span> <span class='ocrx_word' id='word_1_822' title='bbox 3367 5727 3518 5764; x_wconf 89' lang='lat' dir='ltr'><strong>num.</strong></span> <span class='ocrx_word' id='word_1_823' title='bbox 3556 5715 3633 5764; x_wconf 77' lang='grc'><strong>41.</strong></span> 
     </span>
    </p>
   </div>
   <div class='ocr_carea' id='block_1_110' title="bbox 327 5783 3025 5852">
    <p class='ocr_par' dir='ltr' id='par_1_110' title="bbox 327 5783 3025 5852">
     <span class='ocr_line' id='line_1_110' title="bbox 327 5783 3025 5852; baseline -0.001 -16"><span class='ocrx_word' id='word_1_824' title='bbox 327 5787 425 5849; x_wconf 83' lang='grc'><strong>(78)</strong></span> <span class='ocrx_word' id='word_1_825' title='bbox 454 5787 555 5852; x_wconf 82' lang='lat' dir='ltr'><strong>Ep.</strong></span> <span class='ocrx_word' id='word_1_826' title='bbox 586 5789 657 5840; x_wconf 82' lang='lat' dir='ltr'><strong>ad</strong></span> <span class='ocrx_word' id='word_1_827' title='bbox 687 5783 1097 5842; x_wconf 75' lang='lat' dir='ltr'><strong>Horontianuni.</strong></span> <span class='ocrx_word' id='word_1_828' title='bbox 1211 5783 1214 5784; x_wconf 19' lang='grc' dir='ltr'><em>ν</em></span> <span class='ocrx_word' id='word_1_829' title='bbox 2064 5789 2159 5852; x_wconf 60' lang='grc'><strong>(80)</strong></span> <span class='ocrx_word' id='word_1_830' title='bbox 2192 5787 2310 5837; x_wconf 79' lang='lat' dir='ltr'><strong>Lib.</strong></span> <span class='ocrx_word' id='word_1_831' title='bbox 2345 5799 2382 5836; x_wconf 71' lang='grc' dir='ltr'><strong><em>ι</em></strong></span> <span class='ocrx_word' id='word_1_832' title='bbox 2416 5786 2470 5834; x_wconf 86' lang='lat' dir='ltr'><strong>in</strong></span> <span class='ocrx_word' id='word_1_833' title='bbox 2507 5785 2664 5846; x_wconf 88' lang='lat' dir='ltr'><strong>Luc.,</strong></span> <span class='ocrx_word' id='word_1_834' title='bbox 2697 5783 2763 5834; x_wconf 87' lang='lat' dir='ltr'><strong>ad</strong></span> <span class='ocrx_word' id='word_1_835' title='bbox 2796 5797 2915 5848; x_wconf 87' lang='lat' dir='ltr'><strong>cap.</strong></span> <span class='ocrx_word' id='word_1_836' title='bbox 2947 5783 3025 5834; x_wconf 58' lang='grc' dir='ltr'><strong>ἓξ.</strong></span> 
     </span>
    </p>
   </div>
   <div class='ocr_carea' id='block_1_111' title="bbox 593 5878 1870 5962">
    <p class='ocr_par' dir='ltr' id='par_1_111' title="bbox 593 5878 1635 5962">
     <span class='ocr_line' id='line_1_111' title="bbox 593 5878 1635 5962; baseline 0 -19"><span class='ocrx_word' id='word_1_837' title='bbox 593 5878 873 5944; x_wconf 71' lang='grc' dir='ltr'><strong>ΡΑτειοι..</strong></span> <span class='ocrx_word' id='word_1_838' title='bbox 922 5880 1050 5945; x_wconf 78' lang='lat' dir='ltr'><strong>XV.</strong></span> <span class='ocrx_word' id='word_1_839' title='bbox 1097 5881 1279 5962; x_wconf 83' lang='lat' dir='ltr'><strong>(XIV,</strong></span> <span class='ocrx_word' id='word_1_840' title='bbox 1331 5901 1484 5945; x_wconf 66' lang='lat' dir='ltr'><strong>rans</strong></span> <span class='ocrx_word' id='word_1_841' title='bbox 1531 5881 1635 5961; x_wconf 91' lang='lat' dir='ltr'><strong>Il.)</strong></span> 
     </span>
    </p>
   </div>
   <div class='ocr_carea' id='block_1_112' title="bbox 1976 5878 3318 5962">
    <p class='ocr_par' dir='ltr' id='par_1_112' title="bbox 3244 5881 3318 5937">
     <span class='ocr_line' id='line_1_112' title="bbox 3244 5881 3318 5937; baseline 0.014 -1"><span class='ocrx_word' id='word_1_842' title='bbox 3244 5881 3318 5937; x_wconf 83' lang='lat'><strong>63</strong></span> 
     </span>
    </p>
   </div>
  </div>
