4022 6176
520 237 650 285 1995

1653 233 1992 289 COMMENT.
2034 234 2100 286 ΙΝ
2141 231 2427 287 CANTICA
2472 229 2736 286 CANTIC.

3696 236 3807 284 1996

516 377 541 403 ‹‹
588 355 842 422 Domine,
887 371 1015 410 ecce
1063 355 1173 409 duo
1217 356 1391 426 gladii
1435 355 1527 410 hic
1569 359 1739 426 (Lua,
1783 373 1911 420 xxu,
1955 358 2065 426 38),
2113 377 2136 402 η
2162 354 2382 439 Aforte
2429 353 2718 423 perturbet
2767 352 3076 422 legentem,
3121 351 3271 421 quod
3320 351 3573 405 Dominus
3615 369 3807 423 corpore

509 448 904 504 ecclesiasticae
934 448 1149 503 scilicet
1177 448 1467 519 potestatis
1495 455 1552 504 et
1577 449 1906 517 mundanae,
1936 448 2139 521 quibus

510 541 651 618 falsa
684 547 968 615 repugnat
998 541 1403 597 misericordia.

579 638 668 690 28.
717 635 826 704 (81)
875 637 967 690 Est
1009 636 1167 706 justa
1214 635 1639 701 misericordia;
1691 636 1786 691 sed
1839 640 1924 690 est
1970 637 2137 692 etiam

508 728 718 799 injuste
754 727 1162 784 misericordia.
1199 729 1451 801 Denique
1491 730 1547 784 in
1584 730 1707 800 lege
1745 729 2012 800 scriptum
2057 733 2140 786 est

511 822 582 876 de
625 822 867 893 quodam
913 839 926 877 :
968 823 1146 876 «Non
1187 822 1555 878 misereberis
1597 823 1745 876 illius
1778 824 1976 894 (Deut.,
2021 840 2135 890 x1x,

515 915 620 984 13).
653 937 679 964 »
707 917 775 970 Et
803 918 861 971 in
897 916 1055 971 libris
1091 917 1418 987 Regnorum
1457 914 1598 986 legis
1636 917 1771 986 quia
1797 917 1928 972 Saul
1965 933 2132 989 prop-

509 1013 666 1064 terea
701 1011 982 1064 contraxit
1016 1009 1313 1078 offensam,
1349 1010 1484 1081 quia
1529 1009 1822 1064 miseratus
1859 1015 1944 1064 est
1980 1014 2138 1082 Agag

509 1102 758 1157 hostium
803 1119 996 1174 regem
1037 1104 1082 1172 (Ι
1123 1105 1276 1173 Reg.,
1315 1119 1402 1168 xv,
1441 1105 1517 1172 9),
1557 1119 1726 1173 quem
1767 1103 2138 1174 prohibuerat

510 1195 790 1251 sententia
811 1196 999 1250 divina
1019 1196 1231 1250 servari
1248 1196 1430 1267 (Ibid.,
1455 1195 1530 1264 3).
1555 1198 1624 1250 Ut
1644 1196 1688 1250 si
1709 1197 1834 1267 quis
1859 1197 2136 1251 latronem

507 1287 636 1343 filiis
663 1289 1091 1361 deprecantibus
1114 1292 1325 1355 motus,
1357 1291 1414 1342 et
1440 1289 1700 1360 lacrymis
1727 1290 1986 1360 conjugis
2013 1291 2136 1360 ejus

506 1377 769 1445 inﬂexus,
789 1377 1196 1432 absolvendum
1227 1383 1409 1448 putet,
1432 1379 1520 1432 cui
1547 1379 1733 1433 adhuc
1760 1379 2134 1434 latrocinandi

507 1470 717 1542 aspiret
758 1471 990 1525 affectus
1033 1491 1046 1525 :
1091 1487 1283 1525 nonne
1329 1471 1659 1526 innocentes
1700 1472 1887 1526 tradet
1935 1472 2131 1542 exitio,

505 1562 601 1635 qui
644 1564 843 1618 liberat
886 1565 1199 1619 multorum
1248 1563 1410 1618 exitia
1453 1565 1845 1636 cogitantem?
1884 1566 2045 1620 Certe
2087 1567 2134 1620 si

505 1657 754 1728 gladium
785 1658 1064 1728 reprimit,
1097 1657 1317 1711 vincula
1352 1656 1625 1725 dissolvit,
1656 1660 1812 1714 laxat
1838 1659 2131 1727 exsilium;

2240 448 2491 519 suscepit
2528 446 2754 513 doloris,
2781 444 3112 500 recordetur
3143 444 3281 516 quia
3316 444 3497 499 Lazari
3522 449 3742 501 mortem
3767 453 3812 503 et

2240 541 2422 597 doluit
2466 545 2522 596 et
2568 537 2725 595 ﬂevit
2765 540 2964 609 (Joan.,
3004 555 3080 604 x1,
3129 538 3240 604 35),
3284 543 3341 592 et
3377 537 3434 592 in
3476 539 3707 608 passione
3744 545 3812 595 est

2238 634 2585 703 vulneratus,
2612 636 2781 704 atque
2812 647 2880 686 ex
2911 631 3144 685 vulnere
3178 629 3401 702 sanguis
3428 633 3484 684 et
3511 647 3648 701 aqua
3676 631 3814 687 exivit

2241 728 2426 798 (Ibid.,
2468 743 2577 794 XIX,
2617 725 2729 795 34),
2769 725 3150 797 spiritumque
3199 723 3478 778 exhalavit
3515 725 3684 795 (Ibid,
3722 725 3813 794 30).

2239 824 2397 892 Aqua
2438 821 2512 876 ad
2551 821 2855 888 lavacrum,
2888 818 3124 889 sanguis
3162 816 3234 871 ad
3271 820 3482 888 potum,
3517 817 3726 888 spiritus
3759 818 3817 873 ad

2238 915 2729 970 resurrectionem.
2760 914 2916 968 Unus
2943 912 3098 966 enim
3127 914 3215 965 est
3247 910 3495 968 Christus
3518 910 3668 965 nobis
3692 927 3816 982 spes,

2238 1008 2395 1076 fides,
2428 1007 2678 1062 charitas
2711 1024 2724 1060 :
2756 1022 2884 1077 spes
2910 1006 2968 1060 in
2993 1003 3427 1071 resurrectione,
3457 1003 3588 1059 ﬁdes
3611 1004 3666 1057 in
3693 1005 3816 1058 lava-

2237 1117 2366 1169 cro,
2423 1100 2671 1156 charitas
2724 1100 2784 1155 in
2847 1103 3226 1154 sacramento.
3281 1098 3491 1153 Tamen
3541 1103 3602 1151 ut
3647 1113 3821 1169 corpus

2239 1195 2483 1265 suscepit
2527 1193 2756 1264 doloris,
2803 1194 2882 1247 ita
2928 1192 3099 1246 etiam
3151 1196 3391 1246 stratum
3431 1191 3489 1244 in
3532 1189 3821 1246 infirmitate

2236 1288 2516 1354 versavit,
2584 1287 2717 1359 quia
2784 1286 3059 1341 convertit
3122 1285 3179 1339 in
3247 1285 3609 1340 commodum
3669 1285 3822 1339 carnis

2237 1383 2504 1437 humanae
2517 1399 2533 1450 ;
2568 1397 2701 1435 nam
2734 1381 2997 1451 passione
3033 1379 3334 1433 inﬁrmitas
3366 1382 3449 1433 est
3486 1379 3660 1432 soluta
3694 1393 3822 1432 mors

2236 1475 2667 1532 resurrectione.
2703 1475 2769 1528 Et
2803 1477 2999 1528 tamen
3041 1489 3279 1527 moerere
3318 1488 3421 1543 pro
3461 1471 3673 1541 saeculo,
3704 1487 3820 1543 gau-

2237 1569 2371 1624 dere
2413 1568 2627 1624 debetis
2663 1568 2723 1622 in
2767 1566 3010 1622 Domino
3057 1584 3068 1621 :
3109 1565 3298 1620 tristes
3338 1565 3407 1620 ad
3446 1564 3822 1637 pomitentiam,

2235 1663 2442 1717 alacres
2481 1663 2550 1716 ad
2590 1662 2857 1733 gratiam,
2887 1660 3021 1715 licet
3057 1663 3116 1714 et
3151 1660 3287 1715 ﬂere
3324 1674 3455 1714 cum
3497 1658 3758 1726 ﬂentibus,
3781 1661 3826 1712 et

503 1767 604 1805 cur
649 1750 1024 1806 latrocinandi
1074 1767 1187 1822 qua
1233 1753 1418 1820 potest
1467 1751 1833 1807 clementiore
1882 1753 1970 1806 via
2020 1769 2132 1807 non
2155 1731 2210 1802 Β
2235 1755 2488 1826 gaudere
2515 1731 2645 1810 cum
2674 1755 3057 1827 gaudentibus
3084 1758 3347 1825 oportere
3377 1752 3626 1824 gentium
3655 1752 3826 1806 Doctor

504 1843 675 1914 eripit
714 1844 1058 1912 facultatem,
1104 1844 1202 1914 qui
1253 1845 1600 1899 voluntatem
1647 1847 1981 1916 extorquere
2019 1861 2131 1900 non

485 1937 730 2008 ‘potuit?
778 1937 987 1991 Deinde
1035 1937 1182 1992 inter
1235 1939 1394 2004 duos,
1447 1939 1549 1992 hoc
1604 1941 1704 2006 est,
1749 1942 2130 1994 accusatorem

506 2036 561 2084 et
587 2045 772 2096 reum,
799 2031 926 2099 pari
961 2029 1210 2100 periculo
1249 2030 1319 2084 de
1346 2030 1530 2102 capite
1573 2031 1963 2099 decernentes,
1989 2035 2128 2087 alte-

503 2138 631 2176 rum
659 2122 706 2176 si
735 2138 848 2177 non
878 2122 1188 2193 probasset,
1217 2124 1457 2178 alterum
1487 2123 1531 2177 si
1561 2141 1672 2178 non
1704 2131 1850 2180 esset
1877 2126 1946 2179 ab
1975 2142 2131 2181 accu-

501 2219 688 2270 satore
718 2216 1026 2283 convictus,
1061 2233 1172 2270 non
1203 2217 1260 2270 id
1295 2215 1553 2289 1578
1585 2217 1735 2288 quod
1759 2219 1991 2289 justitim
2024 2225 2127 2288 est,

493 2309 668 2378 judex
715 2315 1002 2380 sequatur,
1056 2311 1153 2364 sed
1206 2311 1341 2364 dum
1400 2311 1703 2366 miseretur
1747 2312 1849 2380 rei,
1897 2313 2132 2367 damnet

500 2402 832 2472 probantem
869 2420 884 2456 :
919 2409 1016 2458 aut
1051 2403 1185 2457 dum
1228 2404 1540 2459 accusatori
1581 2405 1728 2459 favet
1759 2406 1854 2476 qui
1889 2405 2128 2476 probare

501 2511 617 2550 non
669 2497 866 2567 possit,
913 2496 1136 2551 abdicat
1185 2497 1506 2552 innoxium.
1553 2499 1674 2552 Non
1727 2503 1910 2568 potest
1954 2500 2130 2571 igitur

499 2590 620 2643 haec
649 2587 758 2644 dici
781 2591 937 2660 justa
969 2590 1382 2645 misericordia.

567 2685 655 2737 29.
688 2684 745 2736 ln
787 2682 910 2753 ipsa
948 2682 1194 2738 Ecclesia
1235 2683 1329 2736 ubi
1366 2683 1614 2739 maxime
1656 2685 1911 2740 misereri
1946 2685 2125 2755 decet,

2234 1849 2468 1904 salutari
2512 1848 2894 1920 praeceptione
2935 1846 3344 1918 prasscripserit
3385 1847 3573 1915 (Rom,
3611 1861 3701 1912 xu,
3741 1845 3824 1914 15).

2305 1947 2391 1998 32.
2451 1944 2559 2014 (83)
2614 1964 2639 1992 ‹‹
2695 1942 2871 1996 Media
2925 1941 3196 1996 charitatc
3251 1937 3579 2006 constravit,
3630 1944 3828 2009 propter

2232 2035 2374 2091 tilias
2413 2035 2743 2091 Jerusalem.
2781 2057 2806 2085 »
2839 2035 2978 2098 Quae
3020 2036 3154 2088 sunt
3191 2034 3312 2088 istas
3341 2031 3516 2088 tilias?
3542 2033 3655 2086 Non
3688 2030 3829 2085 debet

2232 2146 2355 2184 esse
2392 2131 2696 2196 occultum,
2727 2128 2882 2200 quod
2925 2127 3241 2199 superiores
3271 2127 3572 2182 videantur
3601 2125 3689 2196 qui
3718 2127 3827 2178 ante

2235 2223 2491 2293 generati
2516 2226 2666 2286 sunt,
2697 2220 3040 2276 inﬁrmiores
3069 2220 3169 2292 qui
3198 2223 3418 2291 postea.
3452 2219 3829 2290 Comparantur

2231 2316 2386 2371 enim
2421 2321 2582 2370 utero
2615 2315 2872 2370 mulieris
2907 2317 3101 2385 partus
3139 2313 3328 2368 saeculi
3367 2313 3556 2383 hujus,
3585 2310 3824 2382 quoniam

2230 2411 2492 2465 fortiores
2533 2412 2666 2464 sunt
2706 2408 2803 2480 qui
2844 2409 2901 2462 in
2943 2409 3148 2462 virtute
3191 2406 3510 2475 juventutis
3553 2404 3665 2459 nati
3701 2408 3827 2472 sunt,

2229 2503 2576 2558 inﬁrmiores
2622 2502 2720 2574 qui
2765 2508 3022 2572 tempore
3070 2500 3400 2555 senectutis.
3447 2498 3658 2554 Defecit
3701 2497 3828 2552 enim

2229 2596 2593 2651 multitudine
2635 2594 3019 2667 generationis
3057 2594 3162 2648 hoc
3199 2593 3476 2647 saeculum
3521 2593 3658 2646 sicut
3695 2589 3831 2643 vulva

2231 2690 2578 2762 generantis,
2621 2692 2679 2744 et
2717 2693 2991 2760 tanquam
3038 2703 3344 2742 senescens
3391 2689 3646 2742 creatura
3687 2682 3833 2737 robur

500 2775 680 2830 teneri
713 2792 884 2847 quam
917 2776 1159 2831 maxime
1196 2776 1363 2831 debet
1389 2777 1574 2831 forma
1598 2777 1857 2848 justitiaa,
1889 2795 1962 2833 ne
1999 2780 2128 2850 quis
2220 2783 2537 2854 juventutis
2569 2799 2704 2850 sum,
2731 2783 2883 2836 velut
2915 2780 3189 2836 marcenti
3217 2780 3346 2850 jam
3386 2779 3591 2834 virium
3627 2791 3831 2832 suarum

497 2887 528 2922 a
573 2869 856 2924 consortio
903 2869 1323 2924 communionis
1372 2870 1682 2938 abstentus,
1734 2871 1891 2926 brevi
1942 2873 2124 2943 lacry-

497 2963 672 3031 mula,
700 2967 874 3034 atque
911 2963 978 3017 ad
1006 2968 1228 3034 tempus
1251 2967 1470 3035 parata,
1503 2964 1590 3018 vel
1634 2965 1808 3019 etiam
1843 2965 2125 3021 uberiori-

496 3056 603 3110 bus
649 3055 873 3111 ﬂetibus
916 3057 1386 3112 communionem
1432 3073 1607 3128 quam
1651 3058 1910 3128 plurimis
1959 3059 2130 3114 debet

497 3150 782 3222 postulare
834 3150 1216 3220 temporibus,
1263 3150 1526 3205 facilitate
1580 3151 1884 3207 sacerdotis
1938 3159 2122 3208 extor-

497 3246 690 3315 queat.
721 3244 918 3298 Nonne
957 3259 1086 3298 cum
1125 3244 1224 3297 uni
1266 3244 1523 3315 indulget
1560 3244 1818 3316 indigno,
1848 3246 2126 3317 plurimos

496 3336 630 3392 facit
654 3337 723 3392 ad
749 3336 1120 3407 prolapsionis
1158 3337 1482 3409 contagium
1513 3339 1846 3409 provocari?
1875 3340 2126 3395 Facilitas

497 3431 648 3484 enim
692 3430 892 3497 venia,
936 3430 1286 3485 incentivum
1331 3431 1534 3486 tribuit
1576 3432 1964 3504 delinquendi.
2013 3435 2126 3489 Hoc

496 3541 563 3578 eo
602 3524 816 3579 dictum
857 3529 957 3591 est,
992 3529 1053 3578 ut
1097 3525 1346 3580 sciamus
1385 3526 1694 3582 secundum
1733 3526 1972 3582 verbum
2008 3528 2123 3594 Dei,

494 3619 805 3674 secundum
845 3617 1127 3673 rationem
1164 3618 1604 3690 dispensandam
1643 3636 1765 3675 esse
1797 3621 2122 3676 misericor-

495 3712 651 3766 diam
692 3712 1070 3777 debitoribus;
1104 3713 1242 3766 alias
1280 3705 1469 3769 autem
1507 3713 1731 3784 gladius
1768 3715 1916 3786 quod
1957 3732 2124 3770 suum

494 3812 596 3875 est,
627 3811 986 3877 exsequatur.

565 3901 652 3956 30.
692 3900 868 3971 (Vers.
915 3903 968 3966 9,
1012 3901 1122 3969 10.)
1162 3901 1273 3971 (82)
1303 3904 1520 3957 Lectum
1556 3903 1686 3968 fecit
1732 3903 1839 3956 sibi
1873 3904 2127 3959 Salomon

491 4011 590 4050 rea:
629 4010 694 4048 ccc
729 3995 896 4064 lignis
937 3995 1157 4058 Libani,
1189 3996 1465 4050 columnas
1503 3995 1617 4063 ejus
1652 3997 1780 4062 fecit
1821 4002 2124 4066 argenteas,

495 4089 907 4143 ncclinutorium
963 4104 1207 4152 aureum,
1271 4104 1546 4144 ascensum
1599 4090 1714 4159 ejus
1762 4106 2124 4161 purpureum,

496 4183 714 4237 dorsum
757 4181 872 4249 ejus
916 4184 1136 4251 gemmis
1180 4188 1432 4237 stratum.
1481 4183 1614 4246 Quis
1656 4189 1739 4238 est
1783 4184 1886 4238 iste
1929 4185 2124 4252 lectus,

496 4275 602 4330 nisi
649 4275 900 4346 corporis
953 4275 1130 4329 nostri
1184 4274 1435 4346 species?
1481 4277 1734 4348 Namque
1779 4277 1835 4331 in
1884 4277 2128 4348 gemmis

497 4384 595 4424 aer
624 4369 805 4439 specie
841 4369 1082 4439 fulgoris
1119 4368 1458 4436 ostenditur,
1495 4369 1554 4424 in
1593 4386 1732 4424 auro
1770 4369 1939 4441 ignis,
1977 4387 2128 4442 aqua

2228 2876 2422 2949 vigore
2463 2877 2721 2949 deponit.
2757 2876 2879 2930 Istae
2924 2891 3062 2946 ergo
3101 2877 3234 2928 sunt
3270 2872 3406 2928 filias
3444 2871 3761 2938 Jerusalem,
3787 2865 3832 2921 id

2229 2974 2331 3040 est,
2360 2971 2671 3027 teneriores
2707 2973 2765 3024 et
2793 2968 3132 3023 inﬁrmiores
3167 2967 3377 3021 animae
3406 2983 3419 3020 :
3450 2966 3569 3020 istis
3607 2980 3663 3018 se
3701 2961 3832 3017 exhi-

2227 3065 2340 3130 bet,
2383 3069 2446 3119 ut
2493 3065 2679 3119 luceat
2717 3064 2910 3134 imago
2950 3062 3075 3132 ejus
3123 3061 3180 3115 in
3229 3059 3588 3115 confessione
3639 3071 3831 3118 earum,

2228 3159 2410 3212 luceat
2441 3157 2497 3211 in
2535 3157 2858 3223 dilectione,
2892 3156 3078 3210 luceat
3113 3155 3170 3208 iu
3212 3154 3486 3225 operibus
3522 3175 3532 3206 :
3565 3157 3619 3207 et
3657 3150 3697 3205 si
3732 3146 3834 3203 ﬁeri

2229 3254 2434 3323 potest,
2463 3255 2584 3305 tota
2608 3251 2730 3320 ejus
2755 3250 2968 3320 species
2997 3248 3351 3320 exprimatur
3377 3247 3438 3302 in
3467 3246 3622 3318 ipsis.

2297 3346 2386 3400 33.
2421 3343 2530 3415 (84)
2561 3343 2656 3397 Ha:
2681 3342 2858 3414 igitur
2882 3342 3012 3396 ﬁlias
3037 3341 3349 3397 Jerusalem
3377 3355 3644 3412 sponsam
3675 3351 3835 3391 ascen-

2228 3439 2479 3504 dentem,
2512 3442 2709 3492 etnon
2737 3436 3099 3491 resistentem
3125 3433 3404 3500 videntes,
3439 3437 3498 3487 et
3532 3431 3832 3487 meritorum

2229 3533 2350 3602 ejus
2385 3531 2648 3586 odoribus
2683 3531 2998 3598 delectatae,
3029 3530 3410 3600 agnoscentes
3436 3541 3657 3599 quoque
3695 3523 3832 3580 Salo-

2229 3625 2416 3680 monis
2469 3625 2618 3680 illius
2673 3640 2793 3679 esse
2845 3621 3061 3694 paciﬁci
3115 3637 3411 3692 sponsam,
3461 3620 3631 3676 etiam
3680 3615 3832 3671 comi-

2229 3723 2350 3774 tatu
2391 3719 2584 3774 sedulo
2633 3721 3054 3789 persequuntur
3098 3731 3273 3786 usque
3322 3715 3400 3769 ad
3443 3715 3653 3769 lectum
3700 3709 3832 3766 Salo-

2229 3814 2439 3881 monis;
2472 3829 2540 3868 eo
2570 3811 2722 3884 quod
2760 3811 2811 3866 ei
2847 3827 2979 3865 vera
3017 3811 3076 3864 in
3115 3809 3339 3866 Christo
3385 3809 3615 3880 requies
3649 3804 3831 3861 debea-

2227 3911 2337 3962 tur.
2383 3907 2579 3960 Lectus
2621 3904 2776 3960 enim
2820 3908 3144 3958 sanctorum
3189 3902 3453 3958 Christus
3497 3907 3598 3968 est,
3641 3899 3695 3953 in
3737 3910 3832 3967 quo

2231 4000 2627 4055 universorum
2678 3997 2823 4052 fessa
2869 3996 3232 4051 saecularibus
3282 3995 3499 4066 praeliis
3546 3993 3707 4049 corda
3751 4004 3828 4042 re-

2229 4093 2548 4165 quiescunt.
2585 4094 2646 4147 ln
2675 4091 2784 4146 hoc
2809 4091 2950 4146 lecto
2983 4088 3261 4161 requievit
3284 4089 3460 4155 Isaac,
3493 4092 3550 4142 et
3573 4079 3832 4141 benedixit

2227 4187 2406 4242 ﬁlium
2449 4186 2758 4257 juniorem,
2803 4183 2994 4239 dicens
3041 4200 3054 4237 :
3103 4203 3130 4232 «
3176 4182 3352 4252 Major
3402 4181 3610 4237 serviet
3649 4172 3831 4232 minori

2227 4282 2402 4352 (Gen,
2452 4297 2574 4346 xxv,
2625 4280 2746 4348 '23);
2797 4300 2823 4327 ››
2873 4277 2930 4331 in
2981 4276 3087 4331 hoc
3140 4277 3283 4331 lecto
3340 4275 3615 4330 recubans
3661 4267 3830 4331 Jacob,

2227 4374 2520 4430 benedixit
2557 4372 2860 4428 duodecim
2902 4369 3247 4444 patriarchas
3282 4387 3295 4424 :
3332 4369 3388 4423 in
3438 4369 3544 4422 hoc
3583 4367 3719 4420 lecto
3755 4375 3828 4415 re-

497 4462 555 4516 in
602 4468 862 4534 argento,
909 4466 1059 4517 terra
1109 4479 1212 4534 per
1258 4462 1510 4534 lignum;
1557 4480 1622 4517 ex
1666 4463 1872 4535 quibus
1920 4461 2437 4535 corpusDcubans
2484 4465 2920 4538 archisynagogi
2972 4464 3107 4534 filia,
3160 4463 3407 4518 surrexit
3459 4479 3493 4515 a
3541 4462 3740 4524 morte;
3785 4454 3830 4507 in

496 4556 810 4611 humanum
839 4562 1088 4628 quatuor
1115 4559 1332 4612 constat
1355 4557 1674 4625 elementis,
1705 4558 1765 4611 in
1792 4574 1906 4629 quo
1935 4561 2127 4613 nostra

498 4648 726 4704 recubat
763 4650 975 4720 anima,
1010 4650 1056 4704 si
1089 4667 1203 4705 non
1242 4667 1446 4721 aspero
1482 4651 1787 4719 montium,
1821 4668 1936 4706 non
1966 4652 2125 4706 humi

497 4741 655 4800 arido
701 4758 898 4814 expers
939 4743 1145 4814 quietis
1187 4729 1431 4812 exsistat,
1476 4745 1572 4799 sed
1616 4745 1873 4800 sublimis
1909 4762 1943 4799 a
1978 4745 2126 4800 vitiis

493 4837 652 4909 ligno
687 4837 825 4891 fulta
856 4837 1192 4908 requiescat.
1231 4837 1389 4892 Unde
1426 4840 1484 4892 et
1521 4839 1690 4893 David
1736 4837 1872 4893 dicit
1905 4856 1918 4893 :
1953 4859 1980 4886 ‹‹
2011 4840 2122 4894 Do-

493 4930 682 4986 minus
725 4946 895 5001 opem
941 4931 1087 4985 ferat
1133 4929 1214 4985 illi
1265 4946 1438 5001 super
1483 4932 1693 4986 lectum
1742 4933 1952 4987 doloris
2003 4933 2126 5004 ejus

492 5026 660 5096 (Psal.
692 5041 776 5091 xL,
805 5024 888 5096 4);
922 5047 946 5072 ››
987 5040 1123 5079 nam
1160 5023 1341 5079 lectus
1379 5024 1586 5078 doloris
1625 5041 1744 5080 esse
1786 5027 1880 5097 qui
1919 5032 2123 5097 potest,

492 5134 622 5174 cum
671 5119 862 5173 dolere
910 5135 1025 5174 non
1078 5118 1276 5189 possit,
1327 5118 1424 5190 qui
1473 5135 1584 5172 non
1635 5118 1808 5174 habet
1856 5121 2127 5174 sensum?

493 5213 708 5285 Corpus
756 5216 948 5268 autem
1000 5213 1226 5274 doloris,
1275 5213 1418 5267 sicut
1465 5228 1672 5283 corpus
1723 5217 1809 5268 est
1859 5215 2058 5269 mortis
2109 5231 2120 5268 :

493 5327 521 5355 «
566 5307 759 5362 Infelix
799 5324 906 5379 ego
944 5306 1144 5362 homo!
1180 5307 1306 5378 quis
1344 5322 1437 5360 me
1479 5307 1748 5360 liberabit
1789 5307 1857 5362 de
1890 5323 2124 5378 corpore

492 5401 694 5456 mortis
722 5401 844 5472 ejus
873 5403 1070 5471 (Rom.,
1108 5417 1201 5470 vu,
1231 5399 1364 5468 '24)?
1391 5421 1418 5449 η

563 5496 649 5549 31.
693 5495 761 5549 Et
804 5495 1077 5566 quoniam
1121 5494 1464 5550 versiculum
1509 5493 1860 5562 induximus,
1904 5496 1962 5549 iu
2013 5511 2124 5566 quo

495 5587 776 5640 Dominici
825 5588 1080 5657 corporis
1122 5589 1361 5642 fecimus
1409 5589 1781 5656 mentionem,
1828 5605 1899 5644 ne
1949 5604 2122 5659 quem

557 5703 652 5773 (81)
683 5705 908 5773 I_n_psal.
937 5717 1136 5767 cxvm,
1165 5721 1327 5759 serm.
1355 5710 1404 5770 8,
1434 5723 1587 5760 num.
1615 5709 1678 5760 25
1707 5721 1822 5773 seq.

560 5771 654 5833 (82)
687 5771 804 5819 Ltb.
843 5784 899 5820 ιιι
929 5775 990 5823 de
1020 5777 1184 5839 νίνου
1211 5792 1329 5842 cap.
1361 5781 1410 5842 5,
1443 5795 1597 5831 num.
1625 5781 1704 5831 2|.

2227 4563 2334 4616 hoc
2391 4561 2534 4616 lecto
2579 4561 2772 4631 jacens
2825 4557 3022 4613 unicus
3079 4557 3265 4611 viduae
3315 4555 3620 4609 defunctus
3671 4548 3826 4610 ﬁlius,

2228 4654 2424 4710 mortis
2464 4653 2690 4708 vincula
2731 4651 2939 4710 Christi
2980 4666 3112 4706 voce
3147 4654 3377 4704 vocatus
3417 4645 3681 4702 dissolvit.
3718 4643 3827 4696 Per-

2228 4749 2395 4803 ducta
2447 4748 2621 4819 igitur
2681 4762 2883 4818 sponsa
2948 4760 3123 4816 usque
3186 4743 3255 4798 ad
3317 4742 3510 4814 sponsi
3570 4735 3827 4809 requiem,

2229 4842 2477 4914 nuptiale
2532 4845 2743 4896 canunt
2796 4855 3060 4906 carmen,
3116 4837 3370 4892 dicentes
3425 4833 3642 4889 ﬁliabus
3690 4829 3829 4883 Jeru-

2229 4936 2404 4991 salem
2437 4955 2448 4990 :

2301 5033 2387 5086 54.
2423 5031 2596 5100 (Vers.
2634 5029 2743 5098 11.)
2779 5026 3116 5096 Egredimini
3151 5031 3202 5080 et
3237 5022 3415 5078 videte
3452 5025 3513 5076 in
3547 5033 3662 5088 rege
3693 5013 3826 5072 Salo-

2229 5139 2376 5178 mone
2431 5137 2703 5184 coronam,
2755 5137 2865 5191 qua
2916 5119 3191 5176 coronavit
3241 5132 3360 5171 eum
3412 5118 3582 5169 mater
3625 5111 3747 5179 ejus,
3782 5107 3827 5156 in

2226 5217 2313 5271 die
2354 5217 2687 5286 sponsalium
2731 5214 2862 5283 ejus.
2913 5216 3134 5269 Canunt
3171 5207 3624 5281 epithalamium,
3656 5208 3705 5255 et
3744 5212 3822 5286 vo-

2227 5284 2395 5364 cant—
2425 5312 2656 5364 caeteras
2732 5309 3038 5378 potestates
3103 5303 3373 5359 caelorum
3442 5300 3532 5366 vel
3593 5284 3820 5367 1579

2225 5403 2466 5470 animas,
2517 5406 2578 5455 ut
2633 5401 2864 5456 videant
2904 5399 3242 5455 cbaritatem
3289 5410 3463 5466 quam
3512 5391 3652 5446 circa
3702 5381 3824 5438 ﬁlias

2223 5495 2533 5552 Jerusalem
2585 5494 2752 5549 habet
2802 5493 3077 5550 Christus.
3127 5489 3285 5546 Unde
3335 5491 3394 5542 et
3441 5483 3644 5542 meruit
3685 5488 3817 5532 coro-

2227 5590 2345 5646 nari
2394 5606 2427 5643 a
2477 5592 2656 5643 matre
2706 5588 2866 5659 quasi
2919 5586 3067 5641 ﬁlius
3113 5581 3422 5648 charitatis,
3469 5579 3603 5633 sicut
3647 5567 3818 5628 Paulus

2289 5711 2386 5771 (83)
2417 5709 2532 5759 Lib.
2573 5712 2647 5760 De
2671 5706 2804 5758 bono
2833 5708 3034 5764 mortis,
3065 5720 3113 5756 c.
3145 5707 3222 5755 10.

2288 5783 2384 5844 (84)
2415 5781 2531 5830 Lib.
2566 5781 2629 5832 de
2658 5781 2824 5843 Isaac,
2856 5793 2974 5842 cap.
3003 5779 3054 5841 5,
3080 5790 3234 5829 num.
3271 5777 3343 5826 45.
